None,ticker,dimension,calendardate,datekey,reportperiod,lastupdated,accoci,assets,assetsavg,assetsc,assetsnc,assetturnover,bvps,capex,cashneq,cashnequsd,cor,consolinc,currentratio,de,debt,debtc,debtnc,debtusd,deferredrev,depamor,deposits,divyield,dps,ebit,ebitda,ebitdamargin,ebitdausd,ebitusd,ebt,eps,epsdil,epsusd,equity,equityavg,equityusd,ev,evebit,evebitda,fcf,fcfps,fxusd,gp,grossmargin,intangibles,intexp,invcap,invcapavg,inventory,investments,investmentsc,investmentsnc,liabilities,liabilitiesc,liabilitiesnc,marketcap,ncf,ncfbus,ncfcommon,ncfdebt,ncfdiv,ncff,ncfi,ncfinv,ncfo,ncfx,netinc,netinccmn,netinccmnusd,netincdis,netincnci,netmargin,opex,opinc,payables,payoutratio,pb,pe,pe1,ppnenet,prefdivis,price,ps,ps1,receivables,retearn,revenue,revenueusd,rnd,roa,roe,roic,ros,sbcomp,sgna,sharefactor,sharesbas,shareswa,shareswadil,sps,tangibles,taxassets,taxexp,taxliabilities,tbvps,workingcapital
0,CMCSA,ARY,2020-12-31,2021-02-04,2020-12-31,2021-07-29,1884000000,273869000000,267802000000.0,26741000000,247128000000,0.387,19.718,-13591000000.0,11740000000,11740000000,0.0,10701000000.0,0.929,2.016,108928000000,3146000000,105782000000,108928000000,2963000000,13100000000.0,0,0.018,0.92,18486000000.0,31586000000.0,0.305,31586000000.0,18486000000.0,13898000000.0,2.3,2.28,2.3,90323000000,85404750000.0,90323000000,332862760049,18.0,10.538,11146000000.0,2.433,1.0,103564000000.0,1.0,165423000000,4588000000.0,176838000000,173966500000.0,0,8267000000,0,8267000000,182131000000,28796000000,153335000000,235674760049,6179000000.0,2106000000.0,-534000000.0,-133000000.0,-4140000000.0,-6513000000.0,-12047000000.0,-812000000.0,24737000000.0,2000000.0,10534000000.0,10534000000.0,10534000000.0,0.0,167000000.0,0.102,86071000000.0,17493000000.0,11364000000,0.4,2.609,22.373,22.37,51995000000,0.0,51.45,2.276,2.276,11466000000,56438000000,103564000000.0,103564000000.0,0.0,0.039,0.123,0.106,0.178,1193000000.0,72971000000.0,1.0,4580656172,4580656172,,22.609,108446000000,0,3364000000.0,28051000000,23.675,-2055000000
1,CMCSA,ARY,2019-12-31,2020-01-30,2019-12-31,2021-07-29,1047000000,263414000000,258133000000.0,25392000000,238022000000,0.422,18.169,-13598000000.0,5500000000,5500000000,0.0,13323000000.0,0.838,2.17,107383000000,4452000000,102931000000,107383000000,2768000000,12953000000.0,0,0.019,0.84,21297000000.0,34250000000.0,0.314,34250000000.0,21297000000.0,16730000000.0,2.87,2.83,2.87,82726000000,78169750000.0,82726000000,302853949230,14.0,8.842,12099000000.0,2.657,1.0,108942000000.0,1.0,168095000000,4567000000.0,166910000000,166358250000.0,0,7683000000,0,7683000000,179540000000,30292000000,149248000000,200970949230,1680000000.0,516000000.0,-504000000.0,-4988000000.0,-3735000000.0,-9181000000.0,-14841000000.0,-1899000000.0,25697000000.0,5000000.0,13057000000.0,13057000000.0,13057000000.0,0.0,266000000.0,0.12,87817000000.0,21125000000.0,10826000000,0.293,2.429,15.392,15.38,48322000000,0.0,44.14,1.845,1.845,11292000000,50695000000,108942000000.0,108942000000.0,0.0,0.051,0.167,0.128,0.195,1021000000.0,74864000000.0,1.0,4553034645,4553034645,,23.927,95319000000,0,3673000000.0,28180000000,20.935,-4900000000
2,CMCSA,ARY,2018-12-31,2019-01-31,2018-12-31,2021-07-29,-368000000,251684000000,208610750000.0,21848000000,229836000000,0.453,15.823,-12312000000.0,3814000000,3814000000,0.0,11862000000.0,0.792,2.502,111743000000,4398000000,107345000000,111743000000,2182000000,10676000000.0,0,0.021,0.76,18653000000.0,29329000000.0,0.31,29329000000.0,18653000000.0,15111000000.0,2.56,2.53,2.56,71613000000,70828000000.0,71613000000,273443449430,15.0,9.323,11985000000.0,2.648,1.0,94507000000.0,1.0,167623000000,3542000000.0,164387000000,130673250000.0,0,7883000000,0,7883000000,179182000000,27603000000,151579000000,165514449430,338000000.0,-38078000000.0,-5320000000.0,36362000000.0,-3352000000.0,27140000000.0,-50854000000.0,-1257000000.0,24297000000.0,-245000000.0,11731000000.0,11731000000.0,11731000000.0,0.0,131000000.0,0.124,75498000000.0,19009000000.0,8494000000,0.297,2.311,14.109,14.285,44437000000,0.0,36.57,1.751,1.751,11104000000,41983000000,94507000000.0,94507000000.0,0.0,0.056,0.166,0.143,0.197,826000000.0,64822000000.0,1.0,4525962522,4525962522,,20.881,84061000000,0,3380000000.0,27589000000,18.573,-5755000000
3,CMCSA,ARY,2017-12-31,2018-01-31,2017-12-31,2021-07-29,379000000,186949000000,184440000000.0,16060000000,170889000000,0.458,14.771,-11715000000.0,3437000000,3437000000,0.0,22900000000.0,0.745,1.713,64556000000,5134000000,59422000000,64556000000,1552000000,9825000000.0,0,0.015,0.63,18222000000.0,28047000000.0,0.332,28047000000.0,18222000000.0,15136000000.0,4.82,4.75,4.82,68606000000,58524250000.0,68606000000,258649925963,14.0,9.222,9688000000.0,2.086,1.0,84526000000.0,1.0,116536000000,3086000000.0,109971000000,106936250000.0,0,6931000000,0,6931000000,117500000000,21561000000,95939000000,197530925963,127000000.0,-382000000.0,-5435000000.0,3197000000.0,-2883000000.0,-7572000000.0,-13704000000.0,-2292000000.0,21403000000.0,0.0,22714000000.0,22714000000.0,22714000000.0,0.0,186000000.0,0.269,66539000000.0,17987000000.0,6926000000,0.131,2.879,8.696,8.824,38470000000,0.0,42.53,2.337,2.337,8546000000,38192000000,84526000000.0,84526000000.0,0.0,0.123,0.388,0.17,0.216,751000000.0,56714000000.0,1.0,4644508017,4644508017,,18.199,70413000000,0,-7578000000.0,24256000000,15.16,-5501000000
4,CMCSA,ARY,2016-12-31,2017-02-03,2016-12-31,2021-07-29,98000000,180500000000,175252000000.0,16361000000,164139000000,0.459,11.353,-11249000000.0,5073000000,5073000000,0.0,9045000000.0,0.76,2.305,61046000000,5480000000,55566000000,61046000000,1132000000,9558000000.0,0,0.015,0.55,16945000000.0,26503000000.0,0.33,26503000000.0,16945000000.0,14003000000.0,1.805,1.785,1.805,53943000000,53291000000.0,53943000000,234775835415,14.0,8.858,7991000000.0,1.682,1.0,80403000000.0,1.0,113868000000,2942000000.0,101070000000,96950000000.0,0,5247000000,0,5247000000,124326000000,21535000000,102791000000,178802835415,1006000000.0,-3711000000.0,-4977000000.0,7969000000.0,-2601000000.0,151000000.0,-18385000000.0,-3446000000.0,19240000000.0,0.0,8695000000.0,8695000000.0,8695000000.0,0.0,350000000.0,0.108,63544000000.0,16859000000.0,6915000000,0.305,3.315,20.564,20.848,36253000000,0.0,37.63,2.224,2.224,7955000000,23076000000,80403000000.0,80403000000.0,0.0,0.05,0.163,0.175,0.211,640000000.0,53986000000.0,1.0,4751603386,4751603386,,16.921,66632000000,0,5308000000.0,34854000000,14.023,-5174000000
5,CMCSA,ARY,2015-12-31,2016-02-05,2015-12-31,2021-07-29,-174000000,166574000000,160990750000.0,12303000000,154271000000,0.463,10.7,-10047000000.0,2295000000,2295000000,0.0,8413000000.0,0.677,2.154,52621000000,3627000000,48994000000,52621000000,1302000000,8680000000.0,0,0.017,0.5,15824000000.0,24504000000.0,0.329,24504000000.0,15824000000.0,13122000000.0,1.64,1.62,1.64,52269000000,52139000000.0,52269000000,195428886746,12.0,7.975,8731000000.0,1.787,1.0,74510000000.0,1.0,110468000000,2702000000.0,88254000000,83133500000.0,0,3330000000,106000000,3224000000,112596000000,18178000000,94418000000,145102886746,-1615000000.0,-1353000000.0,-6714000000.0,1243000000.0,-2437000000.0,-8429000000.0,-11964000000.0,-784000000.0,18778000000.0,0.0,8163000000.0,8163000000.0,8163000000.0,0.0,250000000.0,0.11,58512000000.0,15998000000.0,6215000000,0.305,2.776,17.776,18.113,33665000000,0.0,29.705,1.947,1.947,6896000000,21413000000,74510000000.0,74510000000.0,0.0,0.051,0.157,0.19,0.212,567000000.0,49832000000.0,1.0,4884796726,4884796726,,15.253,56106000000,0,4959000000.0,33566000000,11.486,-5875000000
6,CMCSA,ARY,2014-12-31,2015-02-27,2014-12-31,2021-07-29,-146000000,159339000000,158452000000.0,13531000000,145808000000,0.434,10.372,-8585000000.0,3910000000,3910000000,0.0,8592000000.0,0.777,2.016,48234000000,4217000000,44017000000,48234000000,915000000,8019000000.0,0,0.015,0.45,14870000000.0,22889000000.0,0.333,22889000000.0,14870000000.0,12253000000.0,1.62,1.6,1.62,52711000000,52312000000.0,52711000000,195212562854,13.0,8.529,8360000000.0,1.645,1.0,68775000000.0,1.0,104499000000,2617000000.0,81754000000,80765500000.0,0,3737000000,602000000,3135000000,106271000000,17410000000,88861000000,150888562854,2192000000.0,189000000.0,-4216000000.0,503000000.0,-2254000000.0,-6020000000.0,-8733000000.0,-166000000.0,16945000000.0,0.0,8380000000.0,8380000000.0,8380000000.0,0.0,212000000.0,0.122,53871000000.0,14904000000.0,5638000000,0.278,2.863,18.006,18.327,30953000000,0.0,29.69,2.194,2.194,6321000000,21539000000,68775000000.0,68775000000.0,0.0,0.053,0.16,0.184,0.216,513000000.0,45852000000.0,1.0,5082134148,5082134148,,13.533,54840000000,0,3873000000.0,32959000000,10.791,-3879000000
7,CMCSA,ARY,2013-12-31,2014-02-12,2013-12-31,2021-07-29,56000000,158813000000,157147750000.0,14075000000,144738000000,0.411,9.724,-7605000000.0,1718000000,1718000000,0.0,7135000000.0,0.744,2.126,47847000000,3280000000,44567000000,47847000000,898000000,7871000000.0,0,0.014,0.39,13370000000.0,21241000000.0,0.329,21241000000.0,13370000000.0,10796000000.0,1.3,1.28,1.3,50694000000,49423250000.0,50694000000,190114804765,14.0,8.95,6555000000.0,1.257,1.0,64657000000.0,1.0,104719000000,2574000000.0,81311000000,79263250000.0,0,7343000000,3573000000,3770000000,107755000000,18912000000,88843000000,143985804765,-9233000000.0,984000000.0,-1960000000.0,1834000000.0,-1964000000.0,-13879000000.0,-9514000000.0,-1074000000.0,14160000000.0,0.0,6816000000.0,6816000000.0,6816000000.0,0.0,319000000.0,0.105,51094000000.0,13563000000.0,5528000000,0.3,2.84,21.125,21.246,29840000000,0.0,27.62,2.227,2.227,6376000000,19235000000,64657000000.0,64657000000.0,0.0,0.043,0.138,0.169,0.207,419000000.0,43223000000.0,1.0,5213099376,5213099376,,12.403,54094000000,0,3980000000.0,31935000000,10.377,-4837000000
8,CMCSA,ARY,2012-12-31,2013-02-21,2012-12-31,2021-07-29,15000000,164971000000,160765500000.0,19991000000,144980000000,0.389,9.383,-6637000000.0,10951000000,10951000000,0.0,7865000000.0,1.196,2.334,40458000000,2376000000,38082000000,40458000000,851000000,7798000000.0,0,0.016,0.325,12468000000.0,20266000000.0,0.324,20266000000.0,12468000000.0,9947000000.0,1.16,1.14,1.16,49356000000,48363750000.0,49356000000,134919327768,11.0,6.657,8217000000.0,1.562,1.0,62570000000.0,1.0,105098000000,2521000000.0,72666000000,71633000000.0,0,7789000000,1464000000,6325000000,115175000000,16714000000,98461000000,105412327768,9331000000.0,3012000000.0,-2767000000.0,1119000000.0,-1608000000.0,-4037000000.0,-1486000000.0,2065000000.0,14854000000.0,0.0,6203000000.0,6203000000.0,6203000000.0,0.0,1662000000.0,0.099,50391000000.0,12179000000.0,6206000000,0.28,2.136,16.994,17.276,27232000000,0.0,20.04,1.685,1.685,5521000000,16280000000,62570000000.0,62570000000.0,0.0,0.039,0.128,0.174,0.199,371000000.0,42593000000.0,1.0,5260096196,5260096196,,11.895,59873000000,0,3744000000.0,30110000000,11.382,3277000000
9,CMCSA,ARY,2011-12-31,2012-02-23,2011-12-31,2021-07-29,-152000000,157818000000,155921500000.0,8573000000,149245000000,0.358,8.766,-6261000000.0,1620000000,1620000000,0.0,5157000000.0,0.647,2.33,39309000000,1367000000,37942000000,39309000000,790000000,7636000000.0,0,0.015,0.225,9715000000.0,17351000000.0,0.311,17351000000.0,9715000000.0,7210000000.0,0.755,0.75,0.755,47274000000,46732000000.0,47274000000,118071346510,12.0,6.805,8084000000.0,1.499,1.0,55842000000.0,1.0,105402000000,2505000000.0,76864000000,75776750000.0,0,9854000000,0,9854000000,110163000000,13241000000,96922000000,80382346510,-4364000000.0,-6130000000.0,-1858000000.0,-2672000000.0,-1187000000.0,-6201000000.0,-12508000000.0,-135000000.0,14345000000.0,0.0,4160000000.0,4160000000.0,4160000000.0,0.0,997000000.0,0.074,45121000000.0,10721000000.0,5705000000,0.298,1.7,19.323,19.742,27559000000,0.0,14.905,1.439,1.439,4351000000,13971000000,55842000000.0,55842000000.0,0.0,0.027,0.089,0.128,0.174,344000000.0,37485000000.0,1.0,5392978632,5392978632,,10.355,52416000000,0,3050000000.0,29932000000,9.719,-4668000000
10,CMCSA,ARY,2010-12-31,2011-02-25,2010-12-31,2021-07-29,-99000000,118534000000,116526500000.0,8886000000,109648000000,0.326,8.015,-5497000000.0,5984000000,5984000000,0.0,3668000000.0,1.079,1.671,31415000000,1800000000,29615000000,31415000000,0,6616000000.0,0,0.015,0.189,8227000000.0,14843000000.0,0.391,14843000000.0,8227000000.0,6071000000.0,0.645,0.645,0.645,44354000000,43664250000.0,44354000000,95326804122,12.0,6.422,5682000000.0,1.027,1.0,37937000000.0,1.0,78002000000,2156000000.0,57729000000,56248500000.0,0,6751000000,81000000,6670000000,74100000000,8234000000,65866000000,69895804122,5313000000.0,-183000000.0,-1166000000.0,2267000000.0,-1064000000.0,-155000000.0,-5711000000.0,-161000000.0,11179000000.0,0.0,3635000000.0,3635000000.0,3635000000.0,0.0,33000000.0,0.096,29957000000.0,7980000000.0,3291000000,0.293,1.576,19.229,19.581,23515000000,0.0,12.63,1.842,1.842,1855000000,12158000000,37937000000.0,37937000000.0,0.0,0.031,0.083,0.146,0.217,300000000.0,23341000000.0,1.0,5534109590,5534109590,,6.855,40532000000,174000000,2436000000.0,28246000000,7.324,652000000
11,CMCSA,ARY,2009-12-31,2010-02-23,2009-12-31,2021-07-29,-46000000,112733000000,113376000000.0,3223000000,109510000000,0.315,7.553,-5639000000.0,671000000,671000000,0.0,3628000000.0,0.445,1.637,29096000000,1156000000,27940000000,29096000000,0,6500000000.0,0,0.018,0.149,7464000000.0,13964000000.0,0.391,13964000000.0,7464000000.0,5116000000.0,0.635,0.63,0.635,42721000000,41965000000.0,42721000000,74071009016,10.0,5.304,4642000000.0,0.821,1.0,35756000000.0,1.0,78490000000,2348000000.0,55419000000,55357250000.0,0,5997000000,50000000,5947000000,69922000000,7249000000,62673000000,45646009016,-524000000.0,-88000000.0,-764000000.0,-3174000000.0,-761000000.0,-4908000000.0,-5897000000.0,-244000000.0,10281000000.0,0.0,3638000000.0,3638000000.0,3638000000.0,0.0,-10000000.0,0.102,28542000000.0,7214000000.0,3094000000,0.235,1.068,12.547,12.709,23855000000,0.0,8.07,1.277,1.277,1711000000,10005000000,35756000000.0,35756000000.0,0.0,0.032,0.087,0.135,0.209,257000000.0,22042000000.0,1.0,5656258862,5656258862,,6.321,34243000000,240000000,1478000000.0,27800000000,6.054,-4026000000
12,CMCSA,ARY,2008-12-31,2009-02-20,2008-12-31,2021-07-29,-113000000,113017000000,113558500000.0,3716000000,109301000000,0.302,7.044,-6277000000.0,1195000000,1195000000,0.0,2547000000.0,0.416,1.794,32456000000,2278000000,30178000000,32456000000,0,6400000000.0,0,0.019,0.125,6519000000.0,12919000000.0,0.377,12919000000.0,6519000000.0,4080000000.0,0.435,0.43,0.435,40450000000,40447250000.0,40450000000,68127129984,10.0,5.273,3954000000.0,0.689,1.0,34256000000.0,1.0,78896000000,2439000000.0,56443000000,57070250000.0,0,4842000000,59000000,4783000000,72567000000,8939000000,63628000000,36866129984,232000000.0,-738000000.0,-2747000000.0,925000000.0,-547000000.0,-2522000000.0,-7477000000.0,-430000000.0,10231000000.0,0.0,2547000000.0,2547000000.0,2547000000.0,0.0,0.0,0.074,27524000000.0,6732000000.0,3393000000,0.287,0.911,14.474,14.759,24444000000,0.0,6.42,1.076,1.076,1626000000,7427000000,34256000000.0,34256000000.0,0.0,0.022,0.063,0.114,0.19,258000000.0,21124000000.0,1.0,5742387848,5742387848,,5.965,34121000000,292000000,1533000000.0,26982000000,5.942,-5223000000
13,CMCSA,ARY,2007-12-31,2008-02-20,2007-12-31,2021-07-29,-56000000,113417000000,111920250000.0,3667000000,109750000000,0.276,6.886,-6564000000.0,963000000,963000000,0.0,2587000000.0,0.461,1.744,31323000000,1495000000,29828000000,31323000000,0,6208000000.0,0,0.0,0.0,6676000000.0,12884000000.0,0.417,12884000000.0,6676000000.0,4387000000.0,0.42,0.415,0.42,41340000000,41722750000.0,41340000000,90842050751,14.0,7.051,2228000000.0,0.371,1.0,30895000000.0,1.0,77521000000,2289000000.0,58304000000,55578000000.0,0,8061000000,98000000,7963000000,72077000000,7952000000,64125000000,60482050751,-276000000.0,-1319000000.0,-2690000000.0,2312000000.0,0.0,-316000000.0,-8752000000.0,-931000000.0,8792000000.0,0.0,2587000000.0,2587000000.0,2587000000.0,0.0,0.0,0.084,25317000000.0,5578000000.0,3336000000,0.0,1.463,23.379,23.988,23624000000,0.0,10.075,1.958,1.958,1645000000,7191000000,30895000000.0,30895000000.0,0.0,0.023,0.062,0.12,0.216,212000000.0,19109000000.0,1.0,6003181216,6003181216,,5.146,35896000000,214000000,1800000000.0,26880000000,5.979,-4285000000
14,CMCSA,ARY,2006-12-31,2007-02-26,2006-12-31,2021-07-29,34000000,110405000000,106111750000.0,5202000000,105203000000,0.235,6.598,-4701000000.0,1239000000,1239000000,0.0,2533000000.0,0.699,1.682,28975000000,983000000,27992000000,28975000000,0,4962000000.0,0,0.0,0.0,5944000000.0,10906000000.0,0.437,10906000000.0,5944000000.0,3880000000.0,0.4,0.395,0.4,41167000000,40455500000.0,41167000000,110309888743,19.0,10.115,1917000000.0,0.307,1.0,24966000000.0,1.0,74576000000,2064000000.0,56125000000,53140000000.0,0,10582000000,1735000000,8847000000,69238000000,7440000000,61798000000,82573888743,292000000.0,-5110000000.0,-1937000000.0,5458000000.0,0.0,3546000000.0,-9872000000.0,-59000000.0,6618000000.0,0.0,2533000000.0,2533000000.0,2533000000.0,-298000000.0,0.0,0.101,20347000000.0,4619000000.0,2862000000,0.0,2.006,32.599,33.087,21248000000,0.0,13.235,3.307,3.307,1450000000,6214000000,24966000000.0,24966000000.0,0.0,0.024,0.063,0.112,0.238,190000000.0,15524000000.0,1.0,6239054684,6239054684,,4.002,35829000000,0,1347000000.0,27652000000,5.743,-2238000000
15,CMCSA,ARY,2005-12-31,2006-02-22,2005-12-31,2021-07-29,-114000000,103146000000,104032000000.0,2594000000,100552000000,0.214,6.296,-3902000000.0,693000000,693000000,0.0,928000000.0,0.414,1.565,23371000000,1689000000,21682000000,23371000000,0,4803000000.0,0,0.0,0.0,3657000000.0,8460000000.0,0.38,8460000000.0,3657000000.0,1861000000.0,0.14,0.14,0.14,40219000000,40999500000.0,40219000000,79143727153,22.0,9.355,1020000000.0,0.16,1.0,22255000000.0,1.0,68468000000,1796000000.0,51087000000,49973000000.0,0,12830000000,148000000,12682000000,62927000000,6269000000,56658000000,56465727153,241000000.0,-199000000.0,-2220000000.0,1272000000.0,0.0,-933000000.0,-3748000000.0,469000000.0,4922000000.0,0.0,928000000.0,928000000.0,928000000.0,0.0,0.0,0.042,18565000000.0,3690000000.0,2033000000,0.0,1.404,60.847,63.143,18769000000,0.0,8.84,2.537,2.537,1060000000,4825000000,22255000000.0,22255000000.0,0.0,0.009,0.023,0.073,0.164,0.0,13762000000.0,1.0,6387525696,6387525696,,3.484,34678000000,0,933000000.0,27372000000,5.429,-3675000000
16,CMCSA,ARY,2004-12-31,2005-02-23,2004-12-31,2021-07-29,-119000000,104694000000,106946500000.0,3535000000,101159000000,0.19,6.269,-3660000000.0,452000000,452000000,0.0,970000000.0,0.409,1.527,23592000000,3499000000,20093000000,23592000000,0,4623000000.0,0,0.0,0.0,3672000000.0,8295000000.0,0.408,8295000000.0,3672000000.0,1796000000.0,0.143,0.143,0.143,41422000000,41468250000.0,41422000000,95452176583,26.0,11.507,2270000000.0,0.344,1.0,20307000000.0,1.0,68942000000,1876000000.0,50257000000,53074250000.0,0,14367000000,1555000000,12812000000,63272000000,8635000000,54637000000,72312176583,-1098000000.0,-296000000.0,-1248000000.0,-1293000000.0,0.0,-2516000000.0,-4512000000.0,85000000.0,5930000000.0,0.0,970000000.0,970000000.0,970000000.0,0.0,0.0,0.048,17399000000.0,2908000000.0,2041000000,0.0,1.746,74.549,76.527,18711000000,0.0,10.943,3.561,3.561,959000000,4891000000,20307000000.0,20307000000.0,0.0,0.009,0.023,0.069,0.181,0.0,12776000000.0,1.0,6607874802,6607874802,,3.073,35752000000,0,826000000.0,27175000000,5.411,-5100000000
17,CMCSA,ARY,2003-12-31,2004-03-12,2003-12-31,2021-07-29,-140000000,109159000000,109627250000.0,5403000000,103756000000,0.167,6.194,-4161000000.0,1550000000,1550000000,0.0,3240000000.0,0.56,1.62,26996000000,3161000000,23835000000,26996000000,0,4438000000.0,0,0.0,0.0,5242000000.0,9680000000.0,0.528,9680000000.0,5242000000.0,3224000000.0,0.48,0.48,0.48,41662000000,39758750000.0,41662000000,91561506269,17.0,9.459,-1307000000.0,-0.194,1.0,18348000000.0,1.0,69750000000,2018000000.0,55201000000,58976250000.0,0,17311000000,2493000000,14818000000,67497000000,9654000000,57843000000,66115506269,1045000000.0,1723000000.0,53000000.0,-7067000000.0,0.0,-7048000000.0,5239000000.0,7832000000.0,2854000000.0,0.0,3240000000.0,3240000000.0,3240000000.0,-3458000000.0,0.0,0.177,16394000000.0,1954000000.0,1251000000,0.0,1.587,20.406,20.479,18473000000,0.0,9.83,3.603,3.603,907000000,4552000000,18348000000.0,18348000000.0,0.0,0.03,0.081,0.089,0.286,0.0,11956000000.0,1.0,6725890770,6725890770,,2.728,39409000000,0,-16000000.0,26579000000,5.859,-4251000000
18,CMCSA,ARY,2002-12-31,2003-03-20,2002-12-31,2021-07-29,-139000000,113105000000,55536625000.0,7076000000,106029000000,0.224,5.707,-1975000000.0,781000000,781000000,0.0,-274000000.0,0.46,1.951,34910000000,6953000000,27957000000,34910000000,0,2032000000.0,0,0.0,0.0,744000000.0,2776000000.0,0.223,2776000000.0,744000000.0,-140000000.0,-0.083,,-0.083,38329000000,20137850000.0,38329000000,100977096727,136.0,36.375,1020000000.0,0.152,1.0,12460000000.0,1.0,71218000000,884000000.0,60633000000,29752025000.0,479000000,18473000000,3266000000,15207000000,74776000000,15383000000,59393000000,66848096727,431000000.0,-251000000.0,19000000.0,-1049000000.0,0.0,-1292000000.0,-1272000000.0,1175000000.0,2995000000.0,0.0,-274000000.0,-274000000.0,-274000000.0,-2000000.0,0.0,-0.022,10801000000.0,1659000000.0,1663000000,0.0,1.744,-243.971,-119.92,18866000000,0.0,9.953,5.365,5.365,1383000000,1340000000,12460000000.0,12460000000.0,0.0,-0.005,-0.014,0.025,0.06,0.0,5976000000.0,1.0,6716151714,6716151714,,1.855,41887000000,129000000,134000000.0,24215000000,6.237,-8307000000
19,CMCSA,ARY,2001-12-31,2002-03-29,2001-12-31,2021-07-29,144400000,38131800000,38192525000.0,4548800000,33583000000,0.253,5.08,-2181700000.0,350000000,350000000,0.0,608600000.0,1.454,1.635,12201800000,460200000,11741600000,12201800000,0,3448000000.0,0,0.0,0.0,1810600000.0,5258600000.0,0.544,5258600000.0,1810600000.0,1078800000.0,0.213,0.21,0.213,14473000000,14842325000.0,14473000000,43468918991,24.0,8.266,-952200000.0,-0.334,1.0,9674200000.0,1.0,24509300000,731800000.0,22345000000,39346675000.0,454500000,4302400000,2623200000,1679200000,23658800000,3129300000,20529500000,31617118991,-301500000.0,-1329000000.0,100000.0,1498700000.0,0.0,1476300000.0,-3007300000.0,849600000.0,1229500000.0,0.0,608600000.0,608600000.0,608600000.0,0.0,0.0,0.063,10420400000.0,-746200000.0,698200000,0.0,2.185,51.951,52.347,7011100000,0.0,11.15,3.268,3.284,967400000,1631500000,9674200000.0,9674200000.0,0.0,0.016,0.041,0.046,0.187,0.0,4458400000.0,1.0,2835616053,2849100000,2893500000.0,3.396,13622500000,0,470200000.0,6651100000,4.781,1419500000
20,CMCSA,ARY,2000-12-31,2001-03-02,2000-12-31,2021-07-29,432400000,35744500000,36188150000.0,5144400000,30600100000,0.227,5.272,-1636800000.0,651500000,651500000,0.0,2021500000.0,1.273,1.538,10811300000,293900000,10517400000,10811300000,0,2631300000.0,0,0.0,0.0,3488200000.0,6119500000.0,0.745,6119500000.0,3488200000.0,3462800000.0,0.747,0.71,0.747,14086400000,15056200000.0,14086400000,50370882686,14.0,8.231,-417500000.0,-0.156,1.0,8218600000.0,1.0,26865900000,25400000.0,14996200000,34847175000.0,438500000,5721600000,3059700000,2661900000,21658100000,4042200000,17615900000,40211082686,-270700000.0,-187300000.0,-294400000.0,78800000.0,0.0,-271400000.0,-1218600000.0,605500000.0,1219300000.0,0.0,2021500000.0,1998000000.0,1998000000.0,0.0,0.0,0.243,8379600000.0,-161000000.0,2852900000,0.0,2.855,20.126,19.103,5202700000,23500000.0,14.27,4.893,4.64,891900000,1056500000,8218600000.0,8218600000.0,0.0,0.055,0.133,0.1,0.424,0.0,3463400000.0,1.0,2817875451,2672100000,2846100000.0,3.076,8878600000,0,1441300000.0,6576600000,3.323,1102200000
21,CMCSA,ARY,1999-12-31,2000-03-01,1999-12-31,2021-07-29,6112700000,28685600000,22528100000.0,9758600000,18927000000,0.276,4.602,-893800000.0,922200000,922200000,0.0,1065700000.0,1.766,1.774,9224700000,517500000,8707200000,9224700000,0,1216000000.0,0,0.0,0.008,2993700000.0,4209700000.0,0.678,4209700000.0,2993700000.0,1789400000.0,0.46,0.433,0.46,10341300000,7437000000.0,10341300000,38851394029,13.0,9.229,355600000.0,0.158,1.0,6209200000.0,1.0,12722100000,1204300000.0,18738900000,21105675000.0,457000000,13154800000,7606000000,5548800000,18344300000,5527100000,12817200000,30548894029,51500000.0,-394100000.0,-13600000.0,1418400000.0,-9400000.0,1341400000.0,-2539300000.0,-2711400000.0,1249400000.0,0.0,1065700000.0,1036000000.0,1036000000.0,-335800000.0,0.0,0.167,5545200000.0,664000000.0,2786500000,0.0,2.954,29.487,29.442,3398100000,29700000.0,13.543,4.92,4.902,673300000,-619800000,6209200000.0,6209200000.0,0.0,0.046,0.139,0.142,0.482,0.0,2589100000.0,1.0,2255640711,2247300000,2459700000.0,2.763,15963500000,0,723700000.0,5269100000,7.103,4231500000
22,CMCSA,ARY,1998-12-31,1999-02-26,1998-12-31,2021-07-29,1049700000,14817400000,13956950000.0,5624300000,9193100000,0.369,1.735,-898900000.0,870700000,870700000,0.0,972100000.0,1.819,2.884,5577700000,113500000,5464200000,5577700000,0,939600000.0,0,0.001,0.023,2032800000.0,2972400000.0,0.578,2972400000.0,2032800000.0,1566100000.0,0.428,0.402,0.428,3815300000,2621475000.0,3815300000,54906269791,27.0,18.472,180800000.0,0.082,1.0,5145300000.0,1.0,8214500000,466700000.0,8217300000,15789500000.0,343800000,4255800000,3653400000,602400000,11002100000,3092600000,7909500000,50199269791,461600000.0,-450100000.0,28900000.0,824600000.0,-36000000.0,809200000.0,-1427300000.0,-66300000.0,1079700000.0,0.0,972100000.0,943000000.0,943000000.0,31400000.0,0.0,0.183,4588200000.0,557100000.0,1600300000,0.072,13.157,53.234,52.866,2524400000,29100000.0,22.627,9.756,9.67,549300000,-1488200000,5145300000.0,5145300000.0,0.0,0.068,0.36,0.129,0.395,0.0,2186600000.0,1.0,2218588824,2199000000,2418000000.0,2.34,6602900000,0,594000000.0,2640200000,3.003,2531700000
23,CMCSA,ARY,1997-12-31,1998-03-11,1997-12-31,2021-07-29,0,6897009000,,456823000,6440186000,,0.858,-2157591000.0,117164000,117164000,0.0,-1563387000.0,0.609,2.739,4273796000,34562000,4239234000,4273796000,0,307930000.0,0,0.003,0.031,-1441543000.0,-1133613000.0,-4.56,-1133613000.0,-1441543000.0,-1563387000.0,,,,1844532000,,1844532000,30298558559,-21.0,-26.727,-3012710000.0,-1.402,1.0,248607000.0,1.0,2303398000,121844000.0,7999697000,,101366000,273541000,0,273541000,5052477000,750546000,4301931000,26141926559,47176000.0,-62733000.0,0.0,2177236000.0,-11735000.0,3122619000.0,-2220324000.0,0.0,-855119000.0,0.0,-1563387000.0,-1563387000.0,-1563387000.0,0.0,0.0,-6.289,1559341000.0,-1310734000.0,427877000,,14.173,-16.721,,3429238000,0.0,12.167,105.154,105.154,209798000,-2120218000,248607000.0,248607000.0,0.0,,,,-5.798,0.0,696911000.0,1.0,2148651498,2148651498,,0.116,4593611000,0,0.0,0,2.138,-293723000
24,CMCSA,ARY,1997-12-31,1998-03-03,1997-12-31,2021-07-29,129100000,12804200000,,1559500000,11244700000,,0.809,-925500000.0,413700000,413700000,0.0,-238700000.0,1.1,6.777,6691300000,132700000,6558600000,6691300000,0,936400000.0,0,0.003,0.039,381800000.0,1318200000.0,0.268,1318200000.0,381800000.0,-183100000.0,-0.125,,-0.125,1646500000,,1646500000,31746282423,83.0,24.083,-9500000.0,-0.005,1.0,4912600000.0,1.0,9213300000,564900000.0,8450700000,,324000000,1428200000,163900000,1264300000,11157700000,1417800000,9739900000,25468682423,82400000.0,-267700000.0,470200000.0,-535800000.0,-34000000.0,355600000.0,-1189200000.0,14700000.0,916000000.0,0.0,-238700000.0,-253500000.0,-253500000.0,0.0,0.0,-0.052,4380500000.0,532100000.0,1195500000,-0.312,15.468,-100.468,-94.827,2896900000,14800000.0,11.853,5.184,4.908,498800000,-2415900000,4912600000.0,4912600000.0,0.0,,,,0.078,0.0,2173900000.0,1.0,2148651498,2034000000,,2.415,3590900000,0,55600000.0,2112200000,1.765,141700000
0,CMCSA,ARQ,2021-06-30,2021-07-29,2021-06-30,2021-07-29,1992000000,277004000000,,27046000000,249958000000,,20.684,-3091000000.0,12378000000,12378000000,0.0,3630000000.0,0.923,1.901,103751000000,3407000000,100344000000,103751000000,3566000000,3383000000.0,0,0.017,0.25,6831000000.0,10214000000.0,0.358,10214000000.0,6831000000.0,5738000000.0,0.81,0.8,0.81,94935000000,,94935000000,358082630377,17.0,10.232,4515000000.0,0.984,1.0,28546000000.0,1.0,164115000000,1093000000.0,174948000000,,0,9467000000,0,9467000000,180488000000,29314000000,151174000000,266709630377,-2558000000.0,-13000000.0,-648000000.0,-5470000000.0,-1150000000.0,-7166000000.0,-3019000000.0,-34000000.0,7606000000.0,21000000.0,3738000000.0,3738000000.0,3738000000.0,0.0,-108000000.0,0.131,23039000000.0,5507000000.0,11672000000,0.309,2.809,21.395,21.443,52769000000,0.0,58.11,2.447,2.447,11110000000,60359000000,28546000000.0,28546000000.0,0.0,,,,,338000000.0,19656000000.0,1.0,4589737229,4589737229,,6.22,112889000000,0,2000000000.0,29525000000,24.596,-2268000000
1,CMCSA,ARQ,2021-03-31,2021-04-29,2021-03-31,2021-07-29,1972000000,278511000000,,29438000000,249073000000,,20.151,-2899000000.0,14950000000,14950000000,0.0,3292000000.0,0.955,1.992,108881000000,4777000000,104104000000,108881000000,3376000000,3362000000.0,0,0.017,0.25,5466000000.0,8828000000.0,0.324,8828000000.0,5466000000.0,4448000000.0,0.73,0.71,0.73,92575000000,,92575000000,353033519376,18.0,10.669,4852000000.0,1.056,1.0,27205000000.0,1.0,164332000000,1018000000.0,177299000000,,0,8376000000,0,8376000000,184411000000,30811000000,153600000000,259102519376,3208000000.0,241000000.0,-309000000.0,68000000.0,-1080000000.0,-1898000000.0,-2612000000.0,-52000000.0,7751000000.0,-33000000.0,3329000000.0,3329000000.0,3329000000.0,0.0,-37000000.0,0.122,22166000000.0,5039000000.0,11148000000,0.342,2.799,22.115,22.118,52317000000,0.0,56.4,2.488,2.488,10986000000,58321000000,27205000000.0,27205000000.0,0.0,,,,,373000000.0,18804000000.0,1.0,4594016301,4594016301,,5.922,114179000000,0,1119000000.0,28260000000,24.854,-1373000000
2,CMCSA,ARQ,2020-12-31,2021-02-04,2020-12-31,2021-07-29,1884000000,273869000000,,26741000000,247128000000,,19.718,-4358000000.0,11740000000,11740000000,0.0,3437000000.0,0.929,2.016,108928000000,3146000000,105782000000,108928000000,2963000000,3252000000.0,0,0.018,0.23,5403000000.0,8655000000.0,0.312,8655000000.0,5403000000.0,4359000000.0,0.73,0.73,0.73,90323000000,,90323000000,332862760049,18.0,10.538,684000000.0,0.149,1.0,27708000000.0,1.0,165423000000,1044000000.0,176838000000,,0,8267000000,0,8267000000,182131000000,28796000000,153335000000,235674760049,-1969000000.0,200000000.0,-105000000.0,-1701000000.0,-1054000000.0,-2922000000.0,-4074000000.0,-267000000.0,5042000000.0,-15000000.0,3380000000.0,3380000000.0,3380000000.0,0.0,57000000.0,0.122,23790000000.0,3918000000.0,11364000000,0.315,2.609,22.373,22.37,51995000000,0.0,51.45,2.276,2.276,11466000000,56438000000,27708000000.0,27708000000.0,0.0,,,,,271000000.0,20538000000.0,1.0,4580656172,4580656172,,6.049,108446000000,0,979000000.0,28051000000,23.675,-2055000000
3,CMCSA,ARQ,2020-09-30,2020-10-29,2020-09-30,2021-07-29,212000000,268940000000,,27369000000,241571000000,,18.835,-3349000000.0,13707000000,13707000000,0.0,2031000000.0,0.927,2.105,109591000000,4429000000,105162000000,109591000000,2888000000,3320000000.0,0,0.021,0.23,3978000000.0,7298000000.0,0.286,7298000000.0,3978000000.0,2758000000.0,0.44,0.44,0.44,86176000000,,86176000000,292897415054,16.0,9.375,1879000000.0,0.411,1.0,25532000000.0,1.0,162748000000,1220000000.0,172565000000,,0,7131000000,0,7131000000,181369000000,29511000000,151858000000,197013415054,-239000000.0,62000000.0,-160000000.0,-1332000000.0,-1058000000.0,-2066000000.0,-3495000000.0,-74000000.0,5228000000.0,94000000.0,2019000000.0,2019000000.0,2019000000.0,0.0,12000000.0,0.079,21456000000.0,4076000000.0,10979000000,0.523,2.286,19.098,19.138,50466000000,0.0,43.06,1.89,1.89,10310000000,54254000000,25532000000.0,25532000000.0,0.0,,,,,301000000.0,18136000000.0,1.0,4575323155,4575323155,,5.58,106192000000,0,739000000.0,27905000000,23.21,-2142000000
4,CMCSA,ARQ,2020-06-30,2020-07-30,2020-06-30,2021-07-29,-1279000000,265978000000,,27485000000,238493000000,,18.304,-3014000000.0,13935000000,13935000000,0.0,3009000000.0,0.966,2.167,109977000000,4046000000,105931000000,109977000000,2403000000,3264000000.0,0,0.02,0.23,5046000000.0,8310000000.0,0.35,8310000000.0,5046000000.0,3934000000.0,0.65,0.65,0.65,83614000000,,83614000000,295530953813,15.0,9.154,5629000000.0,1.232,1.0,23715000000.0,1.0,160905000000,1112000000.0,172670000000,,0,7378000000,0,7378000000,181187000000,28445000000,152742000000,199488953813,5367000000.0,2021000000.0,-36000000.0,1058000000.0,-1051000000.0,-1899000000.0,-1377000000.0,-402000000.0,8643000000.0,0.0,2988000000.0,2988000000.0,2988000000.0,0.0,21000000.0,0.126,19068000000.0,4647000000.0,10426000000,0.354,2.386,17.326,17.329,48985000000,0.0,43.67,1.89,1.89,10227000000,53420000000,23715000000.0,23715000000.0,0.0,,,,,323000000.0,15804000000.0,1.0,4568100614,4568100614,,5.191,105073000000,0,946000000.0,27947000000,23.001,-960000000
5,CMCSA,ARQ,2020-03-31,2020-04-30,2020-03-31,2021-07-29,-1144000000,262421000000,,24084000000,238337000000,,17.858,-2870000000.0,8516000000,8516000000,0.0,2224000000.0,0.873,2.204,108743000000,2973000000,105770000000,108743000000,2634000000,3264000000.0,0,0.023,0.23,4059000000.0,7323000000.0,0.275,7323000000.0,4059000000.0,2847000000.0,0.47,0.46,0.47,81506000000,,81506000000,271973827116,14.0,8.375,2954000000.0,0.647,1.0,26609000000.0,1.0,161255000000,1212000000.0,173793000000,,0,7080000000,0,7080000000,179638000000,27600000000,152038000000,171746827116,3020000000.0,-177000000.0,-233000000.0,1842000000.0,-977000000.0,374000000.0,-3101000000.0,-69000000.0,5824000000.0,-77000000.0,2147000000.0,2147000000.0,2147000000.0,0.0,77000000.0,0.081,21757000000.0,4852000000.0,9963000000,0.489,2.107,14.741,14.699,48442000000,0.0,37.63,1.58,1.58,10800000000,51516000000,26609000000.0,26609000000.0,0.0,,,,,298000000.0,18493000000.0,1.0,4564093200,4564093200,,5.83,101166000000,0,700000000.0,27865000000,22.166,-3516000000
6,CMCSA,ARQ,2019-12-31,2020-01-30,2019-12-31,2021-07-29,1047000000,263414000000,,25392000000,238022000000,,18.169,-4270000000.0,5500000000,5500000000,0.0,3200000000.0,0.838,2.17,107383000000,4452000000,102931000000,107383000000,2768000000,3177000000.0,0,0.019,0.21,5136000000.0,8313000000.0,0.293,8313000000.0,5136000000.0,4023000000.0,0.69,0.68,0.69,82726000000,,82726000000,302853949230,14.0,8.842,1965000000.0,0.432,1.0,28398000000.0,1.0,168095000000,1113000000.0,166910000000,,0,7683000000,0,7683000000,179540000000,30292000000,149248000000,200970949230,1987000000.0,489000000.0,-72000000.0,584000000.0,-957000000.0,-355000000.0,-3929000000.0,-202000000.0,6235000000.0,36000000.0,3162000000.0,3162000000.0,3162000000.0,0.0,38000000.0,0.111,23151000000.0,5247000000.0,10826000000,0.304,2.429,15.392,15.38,48322000000,0.0,44.14,1.845,1.845,11292000000,50695000000,28398000000.0,28398000000.0,0.0,,,,,231000000.0,19974000000.0,1.0,4553034645,4553034645,,6.237,95319000000,0,861000000.0,28180000000,20.935,-4900000000
7,CMCSA,ARQ,2019-09-30,2019-10-24,2019-09-30,2021-07-29,-1159000000,256374000000,,22323000000,234051000000,,17.177,-3409000000.0,3507000000,3507000000,0.0,3288000000.0,0.859,2.268,106051000000,1039000000,105012000000,106051000000,2944000000,3180000000.0,0,0.018,0.21,5159000000.0,8339000000.0,0.311,8339000000.0,5159000000.0,3992000000.0,0.71,0.7,0.71,78144000000,,78144000000,306532381389,15.0,9.216,1782000000.0,0.392,1.0,26827000000.0,1.0,164899000000,1167000000.0,168030000000,,0,8289000000,0,8289000000,177214000000,25989000000,151225000000,203988381389,-417000000.0,-9000000.0,-82000000.0,-978000000.0,-955000000.0,-2094000000.0,-3498000000.0,-92000000.0,5191000000.0,-16000000.0,3217000000.0,3217000000.0,3217000000.0,0.0,71000000.0,0.12,21487000000.0,5340000000.0,10198000000,0.296,2.61,16.443,16.365,46790000000,0.0,44.84,1.882,1.882,10684000000,48570000000,26827000000.0,26827000000.0,0.0,,,,,257000000.0,18307000000.0,1.0,4549250254,4549250254,,5.897,91475000000,0,775000000.0,27992000000,20.108,-3666000000
8,CMCSA,ARQ,2019-06-30,2019-07-25,2019-06-30,2021-07-29,-62000000,256555000000,,21361000000,235194000000,,16.909,-3044000000.0,3919000000,3919000000,0.0,3203000000.0,0.689,2.326,107613000000,6365000000,101248000000,107613000000,2642000000,3276000000.0,0,0.018,0.21,5223000000.0,8499000000.0,0.316,8499000000.0,5223000000.0,4086000000.0,0.69,0.68,0.69,76850000000,,76850000000,306445797266,15.0,9.543,3996000000.0,0.879,1.0,26858000000.0,1.0,165333000000,1137000000.0,163908000000,,0,8438000000,0,8438000000,178725000000,31008000000,147717000000,202751797266,422000000.0,84000000.0,-103000000.0,-1444000000.0,-954000000.0,-2407000000.0,-4188000000.0,-1203000000.0,7040000000.0,-23000000.0,3125000000.0,3125000000.0,3125000000.0,0.0,78000000.0,0.116,21502000000.0,5356000000.0,10014000000,0.304,2.638,16.791,16.771,46047000000,0.0,44.61,1.955,1.955,10835000000,46425000000,26858000000.0,26858000000.0,0.0,,,,,288000000.0,18226000000.0,1.0,4544985368,4544985368,,5.909,91222000000,0,961000000.0,27996000000,20.071,-9647000000
9,CMCSA,ARQ,2019-03-31,2019-04-25,2019-03-31,2021-07-29,422000000,256189000000,,20273000000,235916000000,,16.516,-2875000000.0,3498000000,3498000000,0.0,3632000000.0,0.726,2.406,109093000000,4629000000,104464000000,109093000000,2485000000,3320000000.0,0,0.018,0.21,5779000000.0,9099000000.0,0.339,9099000000.0,5779000000.0,4629000000.0,0.78,0.77,0.78,74959000000,,74959000000,300433457879,15.0,9.655,4356000000.0,0.96,1.0,26859000000.0,1.0,167282000000,1150000000.0,166585000000,,0,9159000000,0,9159000000,180327000000,27917000000,152410000000,194838457879,-312000000.0,-48000000.0,-247000000.0,-3150000000.0,-869000000.0,-4325000000.0,-3226000000.0,-402000000.0,7231000000.0,8000000.0,3553000000.0,3553000000.0,3553000000.0,0.0,79000000.0,0.132,21677000000.0,5182000000.0,10232000000,0.269,2.599,16.015,16.079,45721000000,0.0,42.93,1.977,1.977,10736000000,44379000000,26859000000.0,26859000000.0,0.0,,,,,245000000.0,18357000000.0,1.0,4538515208,4538515208,,5.918,88907000000,0,1076000000.0,27819000000,19.589,-7644000000
10,CMCSA,ARQ,2018-12-31,2019-01-31,2018-12-31,2021-07-29,-368000000,251684000000,,21848000000,229836000000,,15.823,-3944000000.0,3814000000,3814000000,0.0,2582000000.0,0.792,2.502,111743000000,4398000000,107345000000,111743000000,2182000000,3197000000.0,0,0.021,0.19,4126000000.0,7323000000.0,0.263,7323000000.0,4126000000.0,2997000000.0,0.56,0.55,0.56,71613000000,,71613000000,273443449430,15.0,9.323,1846000000.0,0.408,1.0,27846000000.0,1.0,167623000000,1129000000.0,164387000000,,0,7883000000,0,7883000000,179182000000,27603000000,151579000000,165514449430,-10713000000.0,-37990000000.0,-1038000000.0,28008000000.0,-865000000.0,26006000000.0,-42264000000.0,-544000000.0,5790000000.0,-245000000.0,2511000000.0,2511000000.0,2511000000.0,0.0,71000000.0,0.09,23332000000.0,4514000000.0,8494000000,0.339,2.311,14.109,14.285,44437000000,0.0,36.57,1.751,1.751,11104000000,41983000000,27846000000.0,27846000000.0,0.0,,,,,219000000.0,20135000000.0,1.0,4525962522,4525962522,,6.153,84061000000,0,486000000.0,27589000000,18.573,-5755000000
11,CMCSA,ARQ,2018-09-30,2018-10-25,2018-09-30,2021-07-29,374000000,200635000000,,23206000000,177429000000,,15.721,-2995000000.0,10616000000,10616000000,0.0,2896000000.0,1.182,1.794,72884000000,3173000000,69711000000,72884000000,1633000000,2477000000.0,0,0.02,0.19,4715000000.0,7192000000.0,0.325,7192000000.0,4715000000.0,3885000000.0,0.63,0.62,0.63,71523000000,,71523000000,225322250921,12.0,6.257,2975000000.0,0.654,1.0,22135000000.0,1.0,115940000000,830000000.0,127336000000,,0,7724000000,0,7724000000,128290000000,19627000000,108663000000,163054250921,8780000000.0,0.0,-1284000000.0,8399000000.0,-871000000.0,6094000000.0,-3284000000.0,-288000000.0,5970000000.0,0.0,2886000000.0,2886000000.0,2886000000.0,0.0,10000000.0,0.13,17299000000.0,4836000000.0,7036000000,0.302,2.28,6.736,6.919,39855000000,0.0,35.84,1.841,1.841,8983000000,41218000000,22135000000.0,22135000000.0,0.0,,,,,197000000.0,14822000000.0,1.0,4549504769,4549504769,,4.865,84695000000,0,999000000.0,25167000000,18.616,3579000000
12,CMCSA,ARQ,2018-06-30,2018-07-26,2018-06-30,2021-07-29,461000000,191248000000,,18215000000,173033000000,,15.429,-2922000000.0,5726000000,5726000000,0.0,3208000000.0,0.958,1.69,64580000000,2634000000,61946000000,64580000000,1746000000,2403000000.0,0,0.02,0.19,5099000000.0,7502000000.0,0.345,7502000000.0,5099000000.0,4293000000.0,0.7,0.69,0.7,70694000000,,70694000000,218076185024,12.0,6.481,4141000000.0,0.904,1.0,21735000000.0,1.0,116304000000,806000000.0,114791000000,,0,7438000000,0,7438000000,119505000000,19007000000,100498000000,159222185024,-335000000.0,1000000.0,-1269000000.0,-1921000000.0,-878000000.0,-4384000000.0,-3014000000.0,-286000000.0,7063000000.0,0.0,3216000000.0,3216000000.0,3216000000.0,0.0,-8000000.0,0.148,16721000000.0,5014000000.0,6940000000,0.271,2.252,6.643,6.8,39355000000,0.0,34.75,1.821,1.821,8847000000,40269000000,21735000000.0,21735000000.0,0.0,,,,,211000000.0,14318000000.0,1.0,4581933382,4581933382,,4.744,74944000000,0,1077000000.0,25140000000,16.356,-792000000
13,CMCSA,ARQ,2018-03-31,2018-04-25,2018-03-31,2021-07-29,608000000,190876000000,,18753000000,172123000000,,15.049,-2451000000.0,6030000000,6030000000,0.0,3176000000.0,0.978,1.729,66717000000,3039000000,63678000000,66717000000,1578000000,2599000000.0,0,0.019,0.19,4713000000.0,7312000000.0,0.321,7312000000.0,4713000000.0,3936000000.0,0.67,0.66,0.67,69482000000,,69482000000,218869403307,12.0,7.111,3023000000.0,0.655,1.0,22791000000.0,1.0,116205000000,777000000.0,116179000000,,0,7095000000,0,7095000000,120166000000,19179000000,100987000000,158182403307,2606000000.0,-89000000.0,-1729000000.0,1876000000.0,-738000000.0,-576000000.0,-2292000000.0,-139000000.0,5474000000.0,0.0,3118000000.0,3118000000.0,3118000000.0,0.0,58000000.0,0.137,18146000000.0,4645000000.0,7349000000,0.284,2.277,6.799,6.935,39068000000,0.0,34.26,1.821,1.821,8759000000,38961000000,22791000000.0,22791000000.0,0.0,,,,,199000000.0,15547000000.0,1.0,4617116267,4617116267,,4.936,74671000000,0,818000000.0,24702000000,16.173,-426000000
14,CMCSA,ARQ,2017-12-31,2018-01-31,2017-12-31,2021-07-29,379000000,186949000000,,16060000000,170889000000,,14.771,-3311000000.0,3437000000,3437000000,0.0,15035000000.0,0.745,1.713,64556000000,5134000000,59422000000,64556000000,1552000000,9825000000.0,0,0.015,0.158,4179000000.0,14004000000.0,0.639,14004000000.0,4179000000.0,3372000000.0,3.18,3.14,3.18,68606000000,,68606000000,258649925963,14.0,9.222,2131000000.0,0.459,1.0,21915000000.0,1.0,116536000000,807000000.0,109971000000,,0,6931000000,0,6931000000,117500000000,21561000000,95939000000,197530925963,-686000000.0,47000000.0,-1223000000.0,-435000000.0,-736000000.0,-2451000000.0,-3677000000.0,-348000000.0,5442000000.0,0.0,14985000000.0,14985000000.0,14985000000.0,0.0,50000000.0,0.684,17808000000.0,4107000000.0,6926000000,0.05,2.879,8.696,8.824,38470000000,0.0,42.53,2.337,2.337,8546000000,38192000000,21915000000.0,21915000000.0,0.0,,,,,751000000.0,15164000000.0,1.0,4644508017,4644508017,,4.718,70413000000,0,-11613000000.0,24256000000,15.16,-5501000000
15,CMCSA,ARQ,2017-09-30,2017-10-26,2017-09-30,2021-07-29,381000000,185301000000,,15960000000,169341000000,,11.859,-2913000000.0,4114000000,4114000000,0.0,2683000000.0,0.744,2.328,64961000000,5241000000,59720000000,64961000000,1572000000,0.0,0,0.017,0.158,4829000000.0,4829000000.0,0.23,4829000000.0,4829000000.0,4063000000.0,0.56,0.55,0.56,55427000000,,55427000000,230364704274,13.0,8.236,2234000000.0,0.478,1.0,20983000000.0,1.0,116628000000,766000000.0,108071000000,,0,6695000000,0,6695000000,129038000000,21449000000,107589000000,169517704274,1421000000.0,-31000000.0,-1736000000.0,1331000000.0,-743000000.0,-1186000000.0,-2540000000.0,-176000000.0,5147000000.0,0.0,2650000000.0,2650000000.0,2650000000.0,0.0,33000000.0,0.126,16191000000.0,4792000000.0,6976000000,0.282,3.058,16.909,17.19,37856000000,0.0,36.27,2.027,2.027,7915000000,24979000000,20983000000.0,20983000000.0,0.0,,,,,0.0,14053000000.0,1.0,4673771830,4673771830,,4.49,68673000000,0,1413000000.0,35602000000,14.693,-5489000000
16,CMCSA,ARQ,2017-06-30,2017-07-27,2017-06-30,2021-07-29,428000000,183031000000,,14832000000,168199000000,,11.67,-2867000000.0,2693000000,2693000000,0.0,2535000000.0,0.666,2.312,63568000000,6358000000,57210000000,63568000000,1448000000,0.0,0,0.015,0.158,4635000000.0,4635000000.0,0.219,4635000000.0,4635000000.0,3877000000.0,0.53,0.52,0.53,55005000000,,55005000000,246723273141,14.0,8.962,2291000000.0,0.486,1.0,21165000000.0,1.0,116646000000,758000000.0,104984000000,,0,6521000000,0,6521000000,127183000000,22276000000,104907000000,185848273141,-1329000000.0,-182000000.0,-1480000000.0,1753000000.0,-747000000.0,-2794000000.0,-3693000000.0,-757000000.0,5158000000.0,0.0,2513000000.0,2513000000.0,2513000000.0,0.0,22000000.0,0.119,16607000000.0,4558000000.0,6730000000,0.298,3.379,19.335,19.568,37171000000,0.0,39.43,2.213,2.213,7849000000,24560000000,21165000000.0,21165000000.0,0.0,,,,,0.0,14066000000.0,1.0,4713372385,4713372385,,4.49,66385000000,0,1364000000.0,35409000000,14.084,-7444000000
17,CMCSA,ARQ,2017-03-31,2017-04-27,2017-03-31,2021-07-29,342000000,182479000000,,15245000000,167234000000,,11.609,-2624000000.0,4022000000,4022000000,0.0,2647000000.0,0.799,2.267,61785000000,3509000000,58276000000,61785000000,1234000000,0.0,0,0.014,0.158,4579000000.0,4579000000.0,0.224,4579000000.0,4579000000.0,3824000000.0,0.54,0.53,0.54,55059000000,,55059000000,245536662444,14.0,9.116,3032000000.0,0.639,1.0,20463000000.0,1.0,116449000000,755000000.0,104719000000,,0,5938000000,0,5938000000,124831000000,19074000000,105757000000,187773662444,721000000.0,-216000000.0,-996000000.0,548000000.0,-657000000.0,-1141000000.0,-3794000000.0,-1011000000.0,5656000000.0,0.0,2566000000.0,2566000000.0,2566000000.0,0.0,81000000.0,0.125,15933000000.0,4530000000.0,6658000000,0.293,3.41,20.573,20.782,36626000000,0.0,39.59,2.288,2.288,7525000000,24063000000,20463000000.0,20463000000.0,0.0,,,,,0.0,13431000000.0,1.0,4742956869,4742956869,,4.314,66030000000,0,1258000000.0,35348000000,13.922,-3829000000
18,CMCSA,ARQ,2016-12-31,2017-02-03,2016-12-31,2021-07-29,98000000,180500000000,,16361000000,164139000000,,11.353,-3221000000.0,5073000000,5073000000,0.0,2417000000.0,0.76,2.305,61046000000,5480000000,55566000000,61046000000,1132000000,9558000000.0,0,0.015,0.138,4371000000.0,13929000000.0,0.662,13929000000.0,4371000000.0,3615000000.0,0.48,0.475,0.48,53943000000,,53943000000,234775835415,14.0,8.858,2522000000.0,0.531,1.0,21025000000.0,1.0,113868000000,756000000.0,101070000000,,0,5247000000,0,5247000000,124326000000,21535000000,102791000000,178802835415,494000000.0,5000000.0,-1238000000.0,1122000000.0,-657000000.0,-1016000000.0,-4233000000.0,-1067000000.0,5743000000.0,0.0,2296000000.0,2296000000.0,2296000000.0,0.0,121000000.0,0.109,16761000000.0,4264000000.0,6915000000,0.287,3.315,20.564,20.848,36253000000,0.0,37.63,2.224,2.224,7955000000,23076000000,21025000000.0,21025000000.0,0.0,,,,,640000000.0,14265000000.0,1.0,4751603386,4751603386,,4.425,66632000000,0,1319000000.0,34854000000,14.023,-5174000000
19,CMCSA,ARQ,2016-09-30,2016-10-26,2016-09-30,2021-07-29,34000000,177924000000,,15228000000,162696000000,,11.175,-2924000000.0,2807000000,2807000000,0.0,2324000000.0,0.844,2.283,60428000000,3333000000,57095000000,60428000000,1340000000,0.0,0,0.017,0.138,4388000000.0,4388000000.0,0.206,4388000000.0,4388000000.0,3637000000.0,0.465,0.46,0.465,53481000000,,53481000000,207316594569,13.0,8.272,1190000000.0,0.249,1.0,21319000000.0,1.0,114741000000,751000000.0,102766000000,,0,3857000000,0,3857000000,122101000000,18038000000,104063000000,149695594569,-1858000000.0,-3728000000.0,-1373000000.0,4440000000.0,-663000000.0,2352000000.0,-8324000000.0,-1799000000.0,4114000000.0,0.0,2237000000.0,2237000000.0,2237000000.0,0.0,87000000.0,0.105,16879000000.0,4440000000.0,6594000000,0.297,2.799,17.885,18.133,35656000000,0.0,31.28,1.904,1.904,7533000000,22510000000,21319000000.0,21319000000.0,0.0,,,,,0.0,14484000000.0,1.0,4785664788,4785664788,,4.455,63183000000,0,1400000000.0,34523000000,13.203,-2810000000
20,CMCSA,ARQ,2016-06-30,2016-07-27,2016-06-30,2021-07-29,1000000,171985000000,,14777000000,157208000000,,11.008,-2701000000.0,4665000000,4665000000,0.0,2080000000.0,0.84,2.198,55563000000,2934000000,52629000000,55563000000,1611000000,0.0,0,0.015,0.138,4038000000.0,4038000000.0,0.21,4038000000.0,4038000000.0,3306000000.0,0.42,0.415,0.42,53098000000,,53098000000,214709200593,14.0,8.745,1572000000.0,0.326,1.0,19269000000.0,1.0,111795000000,732000000.0,93487000000,,0,3679000000,0,3679000000,116709000000,17601000000,99108000000,163811200593,-963000000.0,-74000000.0,-1129000000.0,-330000000.0,-670000000.0,-2117000000.0,-3119000000.0,-132000000.0,4273000000.0,0.0,2028000000.0,2028000000.0,2028000000.0,0.0,52000000.0,0.105,15203000000.0,4066000000.0,6359000000,0.329,3.085,20.151,20.396,34896000000,0.0,33.96,2.156,2.156,6708000000,22117000000,19269000000.0,19269000000.0,0.0,,,,,0.0,12814000000.0,1.0,4823651372,4823651372,,3.995,60190000000,0,1278000000.0,34512000000,12.478,-2824000000
21,CMCSA,ARQ,2016-03-31,2016-04-27,2016-03-31,2021-07-29,-84000000,170599000000,,15180000000,155419000000,,10.844,-2403000000.0,5628000000,5628000000,0.0,2224000000.0,0.795,2.205,55634000000,4119000000,51515000000,55634000000,1393000000,0.0,0,0.017,0.138,4148000000.0,4148000000.0,0.221,4148000000.0,4148000000.0,3445000000.0,0.44,0.435,0.44,52642000000,,52642000000,198793089851,12.0,8.056,2707000000.0,0.558,1.0,18790000000.0,1.0,111044000000,703000000.0,90477000000,,0,3638000000,0,3638000000,116087000000,19084000000,97003000000,148787089851,3333000000.0,86000000.0,-1237000000.0,2737000000.0,-611000000.0,932000000.0,-2709000000.0,-448000000.0,5110000000.0,0.0,2134000000.0,2134000000.0,2134000000.0,0.0,90000000.0,0.114,14701000000.0,4089000000.0,6333000000,0.314,2.826,18.061,18.353,34122000000,0.0,30.65,1.972,1.972,6375000000,21750000000,18790000000.0,18790000000.0,0.0,,,,,0.0,12423000000.0,1.0,4854391186,4854391186,,3.871,59555000000,0,1311000000.0,33821000000,12.268,-3904000000
22,CMCSA,ARQ,2015-12-31,2016-02-05,2015-12-31,2021-07-29,-174000000,166574000000,,12303000000,154271000000,,10.7,-3153000000.0,2295000000,2295000000,0.0,2056000000.0,0.677,2.154,52621000000,3627000000,48994000000,52621000000,1302000000,8680000000.0,0,0.017,0.125,3807000000.0,12487000000.0,0.649,12487000000.0,3807000000.0,3133000000.0,0.4,0.395,0.4,52269000000,,52269000000,195428886746,12.0,7.975,1812000000.0,0.371,1.0,19245000000.0,1.0,110468000000,674000000.0,88254000000,,0,3330000000,106000000,3224000000,112596000000,18178000000,94418000000,145102886746,402000000.0,-1487000000.0,-979000000.0,1820000000.0,-614000000.0,197000000.0,-4760000000.0,-72000000.0,4965000000.0,0.0,1971000000.0,1971000000.0,1971000000.0,0.0,85000000.0,0.102,15243000000.0,4002000000.0,6215000000,0.312,2.776,17.776,18.113,33665000000,0.0,29.705,1.947,1.947,6896000000,21413000000,19245000000.0,19245000000.0,0.0,,,,,567000000.0,12973000000.0,1.0,4884796726,4884796726,,3.94,56106000000,0,1162000000.0,33566000000,11.486,-5875000000
23,CMCSA,ARQ,2015-09-30,2015-10-27,2015-09-30,2021-07-29,-195000000,158958000000,,11501000000,147457000000,,10.523,-2532000000.0,1893000000,1893000000,0.0,2041000000.0,0.663,2.069,47757000000,3152000000,44605000000,47757000000,1265000000,0.0,0,0.016,0.125,3878000000.0,3878000000.0,0.208,3878000000.0,3878000000.0,3219000000.0,0.405,0.4,0.405,51716000000,,51716000000,197081904845,13.0,8.302,2447000000.0,0.498,1.0,18669000000.0,1.0,104882000000,659000000.0,82581000000,,0,3460000000,137000000,3323000000,106993000000,17359000000,89634000000,151217904845,-1593000000.0,-82000000.0,-2182000000.0,-770000000.0,-623000000.0,-3604000000.0,-2968000000.0,-440000000.0,4979000000.0,0.0,1996000000.0,1996000000.0,1996000000.0,0.0,45000000.0,0.107,14668000000.0,4001000000.0,5996000000,0.309,2.924,18.63,19.053,32170000000,0.0,30.77,2.072,2.072,6527000000,20883000000,18669000000.0,18669000000.0,0.0,,,,,0.0,12485000000.0,1.0,4914459046,4914459046,,3.799,54076000000,0,1223000000.0,33131000000,11.003,-5858000000
24,CMCSA,ARQ,2015-06-30,2015-07-23,2015-06-30,2021-07-29,-166000000,159674000000,,13319000000,146355000000,,10.512,-2339000000.0,3486000000,3486000000,0.0,2175000000.0,0.758,2.041,48523000000,3887000000,44636000000,48523000000,1122000000,0.0,0,0.015,0.125,4163000000.0,4163000000.0,0.222,4163000000.0,4163000000.0,3450000000.0,0.425,0.42,0.425,52400000000,,52400000000,200738993777,13.0,8.534,1250000000.0,0.251,1.0,18743000000.0,1.0,104435000000,713000000.0,82711000000,,0,3143000000,144000000,2999000000,106945000000,17565000000,89380000000,155701993777,-451000000.0,36000000.0,-1581000000.0,1252000000.0,-628000000.0,-1498000000.0,-2542000000.0,-240000000.0,3589000000.0,0.0,2137000000.0,2137000000.0,2137000000.0,0.0,38000000.0,0.114,14638000000.0,4105000000.0,5880000000,0.294,2.971,17.87,18.266,31572000000,0.0,31.235,2.189,2.189,7016000000,21313000000,18743000000.0,18743000000.0,0.0,,,,,0.0,12477000000.0,1.0,4984856532,4984856532,,3.76,55239000000,0,1313000000.0,33198000000,11.081,-4246000000
25,CMCSA,ARQ,2015-03-31,2015-05-04,2015-03-31,2021-07-29,-188000000,158757000000,,12921000000,145836000000,,10.378,-2023000000.0,3937000000,3937000000,0.0,2141000000.0,0.698,2.036,47133000000,4180000000,42953000000,47133000000,970000000,0.0,0,0.016,0.125,3976000000.0,3976000000.0,0.223,3976000000.0,3976000000.0,3320000000.0,0.41,0.405,0.41,52171000000,,52171000000,190942067062,13.0,8.218,3222000000.0,0.641,1.0,17853000000.0,1.0,104463000000,656000000.0,78988000000,,0,3393000000,158000000,3235000000,106246000000,18502000000,87744000000,147746067062,27000000.0,180000000.0,-1972000000.0,-1059000000.0,-572000000.0,-3524000000.0,-1694000000.0,-32000000.0,5245000000.0,0.0,2059000000.0,2059000000.0,2059000000.0,0.0,82000000.0,0.115,13963000000.0,3890000000.0,6157000000,0.305,2.832,17.244,17.599,31127000000,0.0,29.39,2.134,2.134,6144000000,21186000000,17853000000.0,17853000000.0,0.0,,,,,0.0,11897000000.0,1.0,5027086324,5027086324,,3.551,54294000000,0,1261000000.0,32855000000,10.8,-5581000000
26,CMCSA,ARQ,2014-12-31,2015-02-27,2014-12-31,2021-07-29,-146000000,159339000000,,13531000000,145808000000,,10.372,-2626000000.0,3910000000,3910000000,0.0,1996000000.0,0.777,2.016,48234000000,4217000000,44017000000,48234000000,915000000,8019000000.0,0,0.015,0.113,3703000000.0,11722000000.0,0.661,11722000000.0,3703000000.0,3039000000.0,0.375,0.37,0.375,52711000000,,52711000000,195212562854,13.0,8.529,2017000000.0,0.397,1.0,17732000000.0,1.0,104499000000,664000000.0,81754000000,,0,3737000000,602000000,3135000000,106271000000,17410000000,88861000000,150888562854,-637000000.0,44000000.0,-1999000000.0,-70000000.0,-578000000.0,-2627000000.0,-2653000000.0,-27000000.0,4643000000.0,0.0,1925000000.0,1925000000.0,1925000000.0,0.0,71000000.0,0.109,13945000000.0,3787000000.0,5638000000,0.301,2.863,18.006,18.327,30953000000,0.0,29.69,2.194,2.194,6321000000,21539000000,17732000000.0,17732000000.0,0.0,,,,,513000000.0,11855000000.0,1.0,5082134148,5082134148,,3.489,54840000000,0,1114000000.0,32959000000,10.791,-3879000000
27,CMCSA,ARQ,2014-09-30,2014-10-23,2014-09-30,2021-07-29,3000000,159237000000,,13936000000,145301000000,,10.344,-2226000000.0,4547000000,4547000000,0.0,2633000000.0,0.816,1.981,48350000000,3523000000,44827000000,48350000000,976000000,0.0,0,0.016,0.113,3662000000.0,3662000000.0,0.218,3662000000.0,3662000000.0,2999000000.0,0.5,0.495,0.5,53298000000,,53298000000,180913545552,12.0,8.011,2529000000.0,0.491,1.0,16791000000.0,1.0,104768000000,663000000.0,81188000000,,0,3660000000,531000000,3129000000,105584000000,17084000000,88500000000,137110545552,3018000000.0,70000000.0,-746000000.0,1892000000.0,-584000000.0,455000000.0,-2192000000.0,-68000000.0,4755000000.0,0.0,2592000000.0,2592000000.0,2592000000.0,0.0,41000000.0,0.154,13046000000.0,3745000000.0,5680000000,0.226,2.573,16.385,16.477,30362000000,0.0,26.61,2.017,2.017,6172000000,21805000000,16791000000.0,16791000000.0,0.0,,,,,0.0,11087000000.0,1.0,5152594722,5152594722,,3.259,54469000000,0,407000000.0,32227000000,10.571,-3148000000
28,CMCSA,ARQ,2014-06-30,2014-07-24,2014-06-30,2021-07-29,-14000000,157459000000,,12772000000,144687000000,,10.04,-2068000000.0,1529000000,1529000000,0.0,2025000000.0,0.735,2.023,46549000000,2947000000,43602000000,46549000000,847000000,0.0,0,0.015,0.113,3874000000.0,3874000000.0,0.23,3874000000.0,3874000000.0,3226000000.0,0.385,0.38,0.385,51971000000,,51971000000,187702120320,13.0,8.412,993000000.0,0.192,1.0,16844000000.0,1.0,104825000000,648000000.0,80279000000,,0,5397000000,2325000000,3072000000,105127000000,17375000000,87752000000,142682120320,-1525000000.0,-225000000.0,-741000000.0,-882000000.0,-584000000.0,-2203000000.0,-2383000000.0,-34000000.0,3061000000.0,0.0,1992000000.0,1992000000.0,1992000000.0,0.0,33000000.0,0.118,13040000000.0,3804000000.0,5432000000,0.294,2.745,19.004,19.076,29970000000,0.0,27.565,2.119,2.119,6232000000,20432000000,16844000000.0,16844000000.0,0.0,,,,,0.0,11040000000.0,1.0,5176206070,5176206070,,3.254,52634000000,0,1234000000.0,31854000000,10.168,-4603000000
29,CMCSA,ARQ,2014-03-31,2014-04-22,2014-03-31,2021-07-29,33000000,157773000000,,14043000000,143730000000,,9.86,-1665000000.0,3054000000,3054000000,0.0,1938000000.0,0.789,2.07,47400000000,2819000000,44581000000,47400000000,776000000,0.0,0,0.016,0.113,3631000000.0,3631000000.0,0.209,3631000000.0,3631000000.0,2989000000.0,0.36,0.355,0.36,51268000000,,51268000000,176494049468,13.0,8.075,2821000000.0,0.543,1.0,17408000000.0,1.0,104475000000,642000000.0,79841000000,,0,5479000000,2389000000,3090000000,106141000000,17803000000,88338000000,132148049468,1336000000.0,300000000.0,-730000000.0,-437000000.0,-508000000.0,-1645000000.0,-1505000000.0,-37000000.0,4486000000.0,0.0,1871000000.0,1871000000.0,1871000000.0,0.0,67000000.0,0.107,13840000000.0,3568000000.0,5534000000,0.314,2.578,18.227,18.284,29588000000,0.0,25.415,1.98,1.98,6151000000,19737000000,17408000000.0,17408000000.0,0.0,,,,,0.0,11870000000.0,1.0,5199608478,5199608478,,3.348,53298000000,0,1118000000.0,31595000000,10.25,-3760000000
30,CMCSA,ARQ,2013-12-31,2014-02-12,2013-12-31,2021-07-29,56000000,158813000000,,14075000000,144738000000,,9.724,-2318000000.0,1718000000,1718000000,0.0,1968000000.0,0.744,2.126,47847000000,3280000000,44567000000,47847000000,898000000,7871000000.0,0,0.014,0.098,3545000000.0,11416000000.0,0.674,11416000000.0,3545000000.0,2899000000.0,0.37,0.36,0.37,50694000000,,50694000000,190114804765,14.0,8.95,163000000.0,0.031,1.0,16926000000.0,1.0,104719000000,646000000.0,81311000000,,0,7343000000,3573000000,3770000000,107755000000,18912000000,88843000000,143985804765,115000000.0,371000000.0,-495000000.0,948000000.0,-510000000.0,-179000000.0,-2187000000.0,-43000000.0,2481000000.0,0.0,1913000000.0,1913000000.0,1913000000.0,0.0,55000000.0,0.113,13279000000.0,3647000000.0,5528000000,0.265,2.84,21.125,21.246,29840000000,0.0,27.62,2.227,2.227,6376000000,19235000000,16926000000.0,16926000000.0,0.0,,,,,419000000.0,11281000000.0,1.0,5213099376,5213099376,,3.247,54094000000,0,986000000.0,31935000000,10.377,-4837000000
31,CMCSA,ARQ,2013-09-30,2013-10-30,2013-09-30,2021-07-29,-110000000,156595000000,,13407000000,143188000000,,9.505,-665000000.0,1603000000,1603000000,0.0,1778000000.0,0.718,2.141,46525000000,2337000000,44188000000,46525000000,1001000000,0.0,0,0.016,0.098,3392000000.0,3392000000.0,0.21,3392000000.0,3392000000.0,2753000000.0,0.33,0.325,0.33,49718000000,,49718000000,168082471039,13.0,8.182,3329000000.0,0.636,1.0,16151000000.0,1.0,104736000000,639000000.0,78115000000,,0,7804000000,4132000000,3672000000,106461000000,18666000000,87795000000,123160471039,214000000.0,522000000.0,-489000000.0,-200000000.0,-512000000.0,-1413000000.0,-2367000000.0,-536000000.0,3994000000.0,0.0,1732000000.0,1732000000.0,1732000000.0,0.0,46000000.0,0.107,12737000000.0,3414000000.0,6032000000,0.297,2.477,19.181,19.22,28806000000,0.0,23.545,1.934,1.934,5501000000,18324000000,16151000000.0,16151000000.0,0.0,,,,,0.0,10821000000.0,1.0,5230854578,5230854578,,3.088,51859000000,0,1021000000.0,31261000000,9.914,-5259000000
32,CMCSA,ARQ,2013-06-30,2013-07-31,2013-06-30,2021-07-29,77000000,156819000000,,12735000000,144084000000,,9.351,-1768000000.0,1389000000,1389000000,0.0,1744000000.0,0.685,2.186,46649000000,2535000000,44114000000,46649000000,946000000,0.0,0,0.016,0.098,3418000000.0,3418000000.0,0.21,3418000000.0,3418000000.0,2782000000.0,0.33,0.325,0.33,49091000000,,49091000000,163591012404,12.0,7.68,1548000000.0,0.295,1.0,16270000000.0,1.0,104738000000,636000000.0,78739000000,,0,9064000000,3765000000,5299000000,107333000000,18602000000,88731000000,118331012404,-450000000.0,17000000.0,-489000000.0,-527000000.0,-513000000.0,-1569000000.0,-2197000000.0,-423000000.0,3316000000.0,0.0,1734000000.0,1734000000.0,1734000000.0,0.0,10000000.0,0.107,12835000000.0,3435000000.0,6077000000,0.297,2.41,17.397,17.473,28255000000,0.0,22.54,1.847,1.847,5507000000,17509000000,16270000000.0,16270000000.0,0.0,,,,,0.0,10845000000.0,1.0,5249823088,5249823088,,3.099,52081000000,0,1048000000.0,31303000000,9.921,-5867000000
33,CMCSA,ARQ,2013-03-31,2013-05-01,2013-03-31,2021-07-29,-11000000,156364000000,,11783000000,144581000000,,9.15,-2854000000.0,1839000000,1839000000,0.0,1645000000.0,0.654,2.235,47226000000,2177000000,45049000000,47226000000,903000000,0.0,0,0.016,0.098,3015000000.0,3015000000.0,0.197,3015000000.0,3015000000.0,2362000000.0,0.275,0.27,0.275,48190000000,,48190000000,155621753072,12.0,7.53,1515000000.0,0.288,1.0,15310000000.0,1.0,104845000000,653000000.0,78888000000,,0,8274000000,2841000000,5433000000,107713000000,18018000000,89695000000,110234753072,-9112000000.0,74000000.0,-487000000.0,1613000000.0,-429000000.0,-10718000000.0,-2763000000.0,-72000000.0,4369000000.0,0.0,1437000000.0,1437000000.0,1437000000.0,0.0,208000000.0,0.094,12243000000.0,3067000000.0,5750000000,0.356,2.288,17.181,17.298,28219000000,0.0,20.93,1.75,1.75,5063000000,16730000000,15310000000.0,15310000000.0,0.0,,,,,0.0,10276000000.0,1.0,5266830056,5266830056,,2.907,51519000000,0,925000000.0,31152000000,9.782,-6235000000
34,CMCSA,ARQ,2012-12-31,2013-02-21,2012-12-31,2021-07-29,15000000,164971000000,,19991000000,144980000000,,9.383,-1989000000.0,10951000000,10951000000,0.0,1807000000.0,1.196,2.334,40458000000,2376000000,38082000000,40458000000,851000000,7798000000.0,0,0.016,0.081,2919000000.0,10717000000.0,0.672,10717000000.0,2919000000.0,2296000000.0,0.29,0.28,0.29,49356000000,,49356000000,134919327768,11.0,6.657,1626000000.0,0.309,1.0,15937000000.0,1.0,105098000000,623000000.0,72666000000,,0,7789000000,1464000000,6325000000,115175000000,16714000000,98461000000,105412327768,2052000000.0,12000000.0,-732000000.0,1931000000.0,-432000000.0,433000000.0,-1996000000.0,-25000000.0,3615000000.0,0.0,1518000000.0,1518000000.0,1518000000.0,0.0,289000000.0,0.095,12643000000.0,3294000000.0,6206000000,0.279,2.136,16.994,17.276,27232000000,0.0,20.04,1.685,1.685,5521000000,16280000000,15937000000.0,15937000000.0,0.0,,,,,371000000.0,10660000000.0,1.0,5260096196,5260096196,,3.03,59873000000,0,778000000.0,30110000000,11.382,3277000000
35,CMCSA,ARQ,2012-09-30,2012-10-26,2012-09-30,2021-07-29,-48000000,162454000000,,18066000000,144388000000,,9.2,-1773000000.0,8899000000,8899000000,0.0,2978000000.0,1.042,2.314,38590000000,2799000000,35791000000,38590000000,887000000,0.0,0,0.016,0.081,4151000000.0,4151000000.0,0.251,4151000000.0,4151000000.0,3518000000.0,0.395,0.39,0.395,48892000000,,48892000000,129497797228,11.0,6.503,1651000000.0,0.311,1.0,16544000000.0,1.0,105360000000,633000000.0,69450000000,,0,7352000000,1401000000,5951000000,113113000000,17335000000,95778000000,99806797228,6798000000.0,2936000000.0,-719000000.0,1434000000.0,-435000000.0,35000000.0,3339000000.0,2198000000.0,3424000000.0,0.0,2113000000.0,2113000000.0,2113000000.0,0.0,865000000.0,0.128,13496000000.0,3048000000.0,6250000000,0.205,2.041,16.712,16.995,26984000000,0.0,18.78,1.618,1.618,5123000000,15774000000,16544000000.0,16544000000.0,0.0,,,,,0.0,11536000000.0,1.0,5314525944,5314525944,,3.113,57094000000,0,1405000000.0,30231000000,10.743,731000000
36,CMCSA,ARQ,2012-06-30,2012-08-01,2012-06-30,2021-07-29,-170000000,157688000000,,11354000000,146334000000,,8.919,-1517000000.0,2101000000,2101000000,0.0,1633000000.0,0.721,2.294,37129000000,2954000000,34175000000,37129000000,1027000000,0.0,0,0.016,0.081,2784000000.0,2784000000.0,0.183,2784000000.0,2784000000.0,2159000000.0,0.25,0.25,0.25,47731000000,,47731000000,124801966997,12.0,6.954,1905000000.0,0.356,1.0,15211000000.0,1.0,105274000000,625000000.0,71700000000,,0,10249000000,2231000000,8018000000,109509000000,15742000000,93767000000,89773966997,-106000000.0,29000000.0,-716000000.0,-714000000.0,-437000000.0,-2048000000.0,-1480000000.0,-46000000.0,3422000000.0,0.0,1348000000.0,1348000000.0,1348000000.0,0.0,285000000.0,0.089,12132000000.0,3079000000.0,5730000000,0.324,1.881,18.832,19.171,26891000000,0.0,16.775,1.51,1.51,4387000000,14626000000,15211000000.0,15211000000.0,0.0,,,,,0.0,10207000000.0,1.0,5351652280,5351652280,,2.842,52414000000,0,811000000.0,29881000000,9.794,-4388000000
37,CMCSA,ARQ,2012-03-31,2012-05-02,2012-03-31,2021-07-29,-148000000,157949000000,,9355000000,148594000000,,8.804,-1358000000.0,2207000000,2207000000,0.0,1447000000.0,0.598,2.32,37785000000,2705000000,35080000000,37785000000,0,0.0,0,0.016,0.081,2614000000.0,2614000000.0,0.176,2614000000.0,2614000000.0,1974000000.0,0.225,0.225,0.225,47476000000,,47476000000,117582007052,12.0,6.598,3035000000.0,0.563,1.0,14878000000.0,1.0,105179000000,640000000.0,72716000000,,0,10149000000,0,10149000000,110128000000,15632000000,94496000000,82004007052,587000000.0,35000000.0,-600000000.0,-1532000000.0,-304000000.0,-2457000000.0,-1349000000.0,-62000000.0,4393000000.0,0.0,1224000000.0,1224000000.0,1224000000.0,0.0,223000000.0,0.082,12120000000.0,2758000000.0,5763000000,0.36,1.727,18.465,18.775,26962000000,0.0,15.207,1.4,1.4,4379000000,14217000000,14878000000.0,14878000000.0,0.0,,,,,0.0,10190000000.0,1.0,5392339770,5392339770,,2.759,52770000000,0,750000000.0,29812000000,9.786,-6277000000
38,CMCSA,ARQ,2011-12-31,2012-02-23,2011-12-31,2021-07-29,-152000000,157818000000,,8573000000,149245000000,,8.766,-1971000000.0,1620000000,1620000000,0.0,1585000000.0,0.647,2.33,39309000000,1367000000,37942000000,39309000000,790000000,7636000000.0,0,0.015,0.056,2730000000.0,10366000000.0,0.689,10366000000.0,2730000000.0,2088000000.0,0.235,0.235,0.235,47274000000,,47274000000,118071346510,12.0,6.805,2168000000.0,0.402,1.0,15042000000.0,1.0,105402000000,642000000.0,76864000000,,0,9854000000,0,9854000000,110163000000,13241000000,96922000000,80382346510,-186000000.0,277000000.0,-208000000.0,-1501000000.0,-306000000.0,-2478000000.0,-1847000000.0,-204000000.0,4139000000.0,0.0,1287000000.0,1287000000.0,1287000000.0,0.0,298000000.0,0.086,12124000000.0,2918000000.0,5705000000,0.238,1.7,19.323,19.742,27559000000,0.0,14.905,1.439,1.439,4351000000,13971000000,15042000000.0,15042000000.0,0.0,,,,,344000000.0,10126000000.0,1.0,5392978632,5392978632,,2.789,52416000000,0,801000000.0,29932000000,9.719,-4668000000
39,CMCSA,ARQ,2011-09-30,2011-11-02,2011-09-30,2021-07-29,-147000000,156827000000,,8582000000,148245000000,,8.566,-1617000000.0,1806000000,1806000000,0.0,1166000000.0,0.607,2.352,40970000000,2448000000,38522000000,40970000000,0,0.0,0,0.019,0.056,2184000000.0,2184000000.0,0.152,2184000000.0,2184000000.0,1547000000.0,0.165,0.165,0.165,46683000000,,46683000000,101889839682,11.0,6.434,1633000000.0,0.3,1.0,14339000000.0,1.0,104714000000,637000000.0,77131000000,,0,9575000000,0,9575000000,109815000000,14146000000,95669000000,62725839682,-191000000.0,-747000000.0,-600000000.0,-148000000.0,-309000000.0,-1066000000.0,-2375000000.0,-1000000.0,3250000000.0,0.0,908000000.0,908000000.0,908000000.0,0.0,258000000.0,0.063,11698000000.0,2641000000.0,5455000000,0.339,1.344,16.121,16.443,27441000000,0.0,11.51,1.242,1.242,4096000000,13236000000,14339000000.0,14339000000.0,0.0,,,,,0.0,9765000000.0,1.0,5449681988,5449681988,,2.631,52113000000,0,639000000.0,29663000000,9.563,-5564000000
40,CMCSA,ARQ,2011-06-30,2011-08-03,2011-06-30,2021-07-29,-105000000,154782000000,,8350000000,146432000000,,8.483,-1444000000.0,1997000000,1997000000,0.0,1367000000.0,0.658,2.313,39559000000,1350000000,38209000000,39559000000,0,0.0,0,0.018,0.056,2657000000.0,2657000000.0,0.185,2657000000.0,2657000000.0,2036000000.0,0.185,0.185,0.185,46643000000,,46643000000,100159304945,11.0,6.401,2044000000.0,0.372,1.0,14333000000.0,1.0,104707000000,621000000.0,74940000000,,0,10829000000,0,10829000000,107877000000,12697000000,95180000000,62597304945,175000000.0,-2000000.0,-525000000.0,-941000000.0,-311000000.0,-1914000000.0,-1399000000.0,68000000.0,3488000000.0,0.0,1022000000.0,1022000000.0,1022000000.0,0.0,345000000.0,0.071,11395000000.0,2938000000.0,4838000000,0.303,1.342,16.259,16.5,24619000000,0.0,11.385,1.371,1.371,4156000000,12932000000,14333000000.0,14333000000.0,0.0,,,,,0.0,9532000000.0,1.0,5498226170,5498226170,,2.607,50075000000,0,1014000000.0,29477000000,9.107,-4347000000
41,CMCSA,ARQ,2011-03-31,2011-05-05,2011-03-31,2021-07-29,-97000000,154259000000,,7547000000,146712000000,,8.374,-1229000000.0,1822000000,1822000000,0.0,1039000000.0,0.549,2.324,40426000000,2296000000,38130000000,40426000000,0,0.0,0,0.015,0.056,2144000000.0,2144000000.0,0.177,2144000000.0,2144000000.0,1539000000.0,0.17,0.17,0.17,46328000000,,46328000000,109307943075,13.0,7.284,2239000000.0,0.405,1.0,12128000000.0,1.0,104944000000,605000000.0,74172000000,,0,10785000000,74000000,10711000000,107652000000,13747000000,93905000000,70703943075,-4162000000.0,-5658000000.0,-525000000.0,-82000000.0,-261000000.0,-743000000.0,-6887000000.0,2000000.0,3468000000.0,0.0,943000000.0,943000000.0,943000000.0,0.0,96000000.0,0.078,9904000000.0,2224000000.0,4858000000,0.329,1.526,19.047,19.364,24911000000,0.0,12.78,1.73,1.73,3708000000,12504000000,12128000000.0,12128000000.0,0.0,,,,,0.0,8062000000.0,1.0,5532389912,5532389912,,2.192,49315000000,0,596000000.0,28919000000,8.914,-6200000000
42,CMCSA,ARQ,2010-12-31,2011-02-25,2010-12-31,2021-07-29,-99000000,118534000000,,8886000000,109648000000,,8.015,-1696000000.0,5984000000,5984000000,0.0,1033000000.0,1.079,1.671,31415000000,1800000000,29615000000,31415000000,0,6616000000.0,0,0.015,0.047,2235000000.0,8851000000.0,0.911,8851000000.0,2235000000.0,1691000000.0,0.18,0.18,0.18,44354000000,,44354000000,95326804122,12.0,6.422,1751000000.0,0.316,1.0,9721000000.0,1.0,78002000000,544000000.0,57729000000,,0,6751000000,81000000,6670000000,74100000000,8234000000,65866000000,69895804122,1442000000.0,0.0,-274000000.0,496000000.0,-264000000.0,-162000000.0,-1843000000.0,-128000000.0,3447000000.0,0.0,1018000000.0,1018000000.0,1018000000.0,0.0,15000000.0,0.105,7708000000.0,2013000000.0,3291000000,0.261,1.576,19.229,19.581,23515000000,0.0,12.63,1.842,1.842,1855000000,12158000000,9721000000.0,9721000000.0,0.0,,,,,300000000.0,6005000000.0,1.0,5534109590,5534109590,,1.757,40532000000,174000000,673000000.0,28246000000,7.324,652000000
43,CMCSA,ARQ,2010-09-30,2010-10-27,2010-09-30,2021-07-29,-116000000,116525000000,,7172000000,109353000000,,7.846,-1501000000.0,4542000000,4542000000,0.0,870000000.0,0.81,1.659,31038000000,2300000000,28738000000,31038000000,0,0.0,0,0.019,0.047,1996000000.0,1996000000.0,0.21,1996000000.0,1996000000.0,1451000000.0,0.155,0.155,0.155,43784000000,,43784000000,83051599814,11.0,5.785,899000000.0,0.161,1.0,9489000000.0,1.0,78231000000,545000000.0,55933000000,,0,6453000000,72000000,6381000000,72657000000,8857000000,63800000000,56555599814,514000000.0,0.0,-292000000.0,-12000000.0,-265000000.0,-573000000.0,-1313000000.0,-16000000.0,2400000000.0,0.0,867000000.0,867000000.0,867000000.0,0.0,3000000.0,0.091,7535000000.0,1954000000.0,3297000000,0.303,1.292,15.833,15.961,23328000000,0.0,10.135,1.512,1.512,1868000000,11525000000,9489000000.0,9489000000.0,0.0,,,,,0.0,5911000000.0,1.0,5580226918,5580226918,,1.7,38294000000,0,584000000.0,27347000000,6.862,-1685000000
44,CMCSA,ARQ,2010-06-30,2010-07-28,2010-06-30,2021-07-29,-86000000,115627000000,,6591000000,109036000000,,7.738,-1258000000.0,4028000000,4028000000,0.0,886000000.0,0.758,1.66,30992000000,2308000000,28684000000,30992000000,0,0.0,0,0.018,0.047,2015000000.0,2015000000.0,0.212,2015000000.0,2015000000.0,1472000000.0,0.155,0.155,0.155,43437000000,,43437000000,81860555186,11.0,5.759,1171000000.0,0.209,1.0,9525000000.0,1.0,78353000000,543000000.0,55548000000,,0,6151000000,53000000,6098000000,72103000000,8690000000,63413000000,54896555186,545000000.0,-11000000.0,-300000000.0,-13000000.0,-267000000.0,-585000000.0,-1299000000.0,6000000.0,2429000000.0,0.0,884000000.0,884000000.0,884000000.0,0.0,2000000.0,0.093,7447000000.0,2078000000.0,3126000000,0.303,1.264,15.044,15.163,23217000000,0.0,9.78,1.495,1.495,1845000000,11026000000,9525000000.0,9525000000.0,0.0,,,,,0.0,5788000000.0,1.0,5613144702,5613144702,,1.697,37274000000,0,588000000.0,27575000000,6.64,-2099000000
45,CMCSA,ARQ,2010-03-31,2010-04-28,2010-03-31,2021-07-29,-47000000,115420000000,,5968000000,109452000000,,7.634,-1042000000.0,3483000000,3483000000,0.0,879000000.0,0.693,1.677,30919000000,2337000000,28582000000,30919000000,0,0.0,0,0.017,0.047,1981000000.0,1981000000.0,0.215,1981000000.0,1981000000.0,1457000000.0,0.155,0.155,0.155,43082000000,,43082000000,80510628749,11.0,5.693,1861000000.0,0.33,1.0,9202000000.0,1.0,78457000000,524000000.0,55784000000,,0,6308000000,41000000,6267000000,72241000000,8615000000,63626000000,53074628749,2812000000.0,-172000000.0,-300000000.0,1796000000.0,-268000000.0,1165000000.0,-1256000000.0,-23000000.0,2903000000.0,0.0,866000000.0,866000000.0,866000000.0,0.0,13000000.0,0.094,7267000000.0,1935000000.0,3006000000,0.303,1.232,14.221,14.359,23441000000,0.0,9.405,1.469,1.469,1581000000,10517000000,9202000000.0,9202000000.0,0.0,,,,,0.0,5637000000.0,1.0,5643235380,5643235380,,1.631,36963000000,0,591000000.0,27756000000,6.55,-2647000000
46,CMCSA,ARQ,2009-12-31,2010-02-23,2009-12-31,2021-07-29,-46000000,112733000000,,3223000000,109510000000,,7.553,-1748000000.0,671000000,671000000,0.0,960000000.0,0.445,1.637,29096000000,1156000000,27940000000,29096000000,0,6500000000.0,0,0.018,0.047,1865000000.0,8365000000.0,0.911,8365000000.0,1865000000.0,1345000000.0,0.17,0.165,0.17,42721000000,,42721000000,74071009016,10.0,5.304,808000000.0,0.143,1.0,9181000000.0,1.0,78490000000,520000000.0,55419000000,,0,5997000000,50000000,5947000000,69922000000,7249000000,62673000000,45646009016,-191000000.0,-52000000.0,-327000000.0,-308000000.0,-193000000.0,-851000000.0,-1896000000.0,-133000000.0,2556000000.0,0.0,955000000.0,955000000.0,955000000.0,0.0,5000000.0,0.104,7364000000.0,1817000000.0,3094000000,0.276,1.068,12.547,12.709,23855000000,0.0,8.07,1.277,1.277,1711000000,10005000000,9181000000.0,9181000000.0,0.0,,,,,257000000.0,5772000000.0,1.0,5656258862,5656258862,,1.623,34243000000,240000000,390000000.0,27800000000,6.054,-4026000000
47,CMCSA,ARQ,2009-09-30,2009-11-04,2009-09-30,2021-07-29,-72000000,112463000000,,3406000000,109057000000,,7.411,-1369000000.0,862000000,862000000,0.0,934000000.0,0.48,1.656,29447000000,954000000,28493000000,29447000000,0,0.0,0,0.019,0.034,1854000000.0,1854000000.0,0.211,1854000000.0,1854000000.0,1147000000.0,0.165,0.165,0.165,42311000000,,42311000000,68721849757,10.0,5.214,1243000000.0,0.218,1.0,8802000000.0,1.0,78585000000,707000000.0,55371000000,,0,5755000000,56000000,5699000000,70082000000,7092000000,62990000000,40136849757,-3127000000.0,-9000000.0,-330000000.0,-3621000000.0,-193000000.0,-4308000000.0,-1431000000.0,-60000000.0,2612000000.0,0.0,944000000.0,944000000.0,944000000.0,0.0,-10000000.0,0.107,7091000000.0,1711000000.0,3133000000,0.206,0.949,12.968,13.019,23605000000,0.0,7.03,1.136,1.136,1639000000,9416000000,8802000000.0,8802000000.0,0.0,,,,,0.0,5476000000.0,1.0,5709366964,5709366964,,1.542,33878000000,0,203000000.0,27566000000,5.934,-3686000000
48,CMCSA,ARQ,2009-06-30,2009-08-06,2009-06-30,2021-07-29,-80000000,115237000000,,6537000000,108700000000,,7.271,-1229000000.0,3989000000,3989000000,0.0,956000000.0,0.619,1.759,33037000000,4167000000,28870000000,33037000000,0,0.0,0,0.017,0.034,1942000000.0,1942000000.0,0.217,1942000000.0,1942000000.0,1391000000.0,0.165,0.165,0.165,41733000000,,41733000000,72238408143,11.0,5.515,1372000000.0,0.239,1.0,8938000000.0,1.0,78671000000,551000000.0,55057000000,,0,5252000000,62000000,5190000000,73423000000,10557000000,62866000000,43190408143,2110000000.0,-20000000.0,-107000000.0,1087000000.0,-195000000.0,763000000.0,-1254000000.0,-11000000.0,2601000000.0,0.0,967000000.0,967000000.0,967000000.0,0.0,-11000000.0,0.108,7063000000.0,1875000000.0,3070000000,0.206,1.035,14.781,14.901,23715000000,0.0,7.525,1.231,1.231,1677000000,8736000000,8938000000.0,8938000000.0,0.0,,,,,0.0,5403000000.0,1.0,5739589122,5739589122,,1.557,36566000000,0,424000000.0,27394000000,6.371,-4020000000
49,CMCSA,ARQ,2009-03-31,2009-04-30,2009-03-31,2021-07-29,-93000000,113071000000,,4250000000,108821000000,,7.126,-1293000000.0,1879000000,1879000000,0.0,778000000.0,0.478,1.749,32062000000,2647000000,29415000000,32062000000,0,0.0,0,0.017,0.034,1803000000.0,1803000000.0,0.204,1803000000.0,1803000000.0,1233000000.0,0.135,0.135,0.135,41095000000,,41095000000,74759991445,12.0,5.813,1219000000.0,0.211,1.0,8835000000.0,1.0,78785000000,570000000.0,55582000000,,0,4931000000,59000000,4872000000,71882000000,8887000000,62995000000,44576991445,684000000.0,-7000000.0,0.0,-332000000.0,-180000000.0,-512000000.0,-1316000000.0,-40000000.0,2512000000.0,0.0,772000000.0,772000000.0,772000000.0,0.0,6000000.0,0.087,7024000000.0,1811000000.0,3121000000,0.252,1.085,17.231,17.371,24038000000,0.0,7.73,1.285,1.285,1483000000,8004000000,8835000000.0,8835000000.0,0.0,,,,,0.0,5391000000.0,1.0,5766751804,5766751804,,1.532,34286000000,0,461000000.0,27188000000,5.945,-4637000000
50,CMCSA,ARQ,2008-12-31,2009-02-20,2008-12-31,2021-07-29,-113000000,113017000000,,3716000000,109301000000,,7.044,-1864000000.0,1195000000,1195000000,0.0,412000000.0,0.416,1.794,32456000000,2278000000,30178000000,32456000000,0,6400000000.0,0,0.019,0.031,1180000000.0,7580000000.0,0.865,7580000000.0,1180000000.0,581000000.0,0.075,0.07,0.075,40450000000,,40450000000,68127129984,10.0,5.273,994000000.0,0.173,1.0,8765000000.0,1.0,78896000000,599000000.0,56443000000,,0,4842000000,59000000,4783000000,72567000000,8939000000,63628000000,36866129984,-1519000000.0,-38000000.0,0.0,-1445000000.0,-180000000.0,-1630000000.0,-2747000000.0,-815000000.0,2858000000.0,0.0,412000000.0,412000000.0,412000000.0,0.0,0.0,0.047,7008000000.0,1757000000.0,3393000000,0.413,0.911,14.474,14.759,24444000000,0.0,6.42,1.076,1.076,1626000000,7427000000,8765000000.0,8765000000.0,0.0,,,,,258000000.0,5395000000.0,1.0,5742387848,5742387848,,1.526,34121000000,292000000,169000000.0,26982000000,5.942,-5223000000
51,CMCSA,ARQ,2008-09-30,2008-10-29,2008-09-30,2021-07-29,-64000000,114496000000,,5513000000,108983000000,,6.98,-1437000000.0,2714000000,2714000000,0.0,771000000.0,0.595,1.848,33688000000,3087000000,30601000000,33688000000,0,0.0,0,0.012,0.031,1773000000.0,1773000000.0,0.207,1773000000.0,1773000000.0,1172000000.0,0.13,0.13,0.13,40204000000,,40204000000,74977007611,11.0,8.754,1008000000.0,0.175,1.0,8549000000.0,1.0,78931000000,601000000.0,57280000000,,0,5406000000,203000000,5203000000,74292000000,9259000000,65033000000,44003007611,947000000.0,-369000000.0,-810000000.0,1192000000.0,-182000000.0,187000000.0,-1685000000.0,106000000.0,2445000000.0,0.0,771000000.0,771000000.0,771000000.0,0.0,0.0,0.09,6879000000.0,1670000000.0,3187000000,0.238,1.094,16.077,16.791,23910000000,0.0,7.64,1.313,1.313,1658000000,7196000000,8549000000.0,8549000000.0,0.0,,,,,0.0,5312000000.0,1.0,5759555970,5759555970,,1.484,35565000000,0,401000000.0,27209000000,6.175,-3746000000
52,CMCSA,ARQ,2008-06-30,2008-07-30,2008-06-30,2021-07-29,-59000000,113897000000,,4647000000,109250000000,,6.911,-1419000000.0,1767000000,1767000000,0.0,632000000.0,0.574,1.824,32513000000,1889000000,30624000000,32513000000,0,0.0,0,0.006,0.031,1705000000.0,1705000000.0,0.199,1705000000.0,1705000000.0,1087000000.0,0.105,0.105,0.105,40337000000,,40337000000,89313735823,13.0,9.038,1250000000.0,0.214,1.0,8553000000.0,1.0,79137000000,618000000.0,57417000000,,0,5661000000,295000000,5366000000,73560000000,8089000000,65471000000,58567735823,1132000000.0,-302000000.0,-947000000.0,1204000000.0,-185000000.0,-35000000.0,-1502000000.0,256000000.0,2669000000.0,0.0,632000000.0,632000000.0,632000000.0,0.0,0.0,0.074,6803000000.0,1750000000.0,3027000000,0.295,1.452,23.186,24.181,23833000000,0.0,10.035,1.789,1.789,1665000000,6967000000,8553000000.0,8553000000.0,0.0,,,,,0.0,5202000000.0,1.0,5836346370,5836346370,,1.465,34760000000,0,455000000.0,27292000000,5.956,-3442000000
53,CMCSA,ARQ,2008-03-31,2008-05-01,2008-03-31,2021-07-29,-57000000,112824000000,,3104000000,109720000000,,6.889,-1557000000.0,635000000,635000000,0.0,732000000.0,0.419,1.765,31359000000,1350000000,30009000000,31359000000,0,0.0,0,0.003,0.031,1861000000.0,1861000000.0,0.222,1861000000.0,1861000000.0,1240000000.0,0.12,0.12,0.12,40798000000,,40798000000,96782282062,15.0,8.556,702000000.0,0.119,1.0,8389000000.0,1.0,79004000000,621000000.0,57141000000,,0,5886000000,86000000,5800000000,72026000000,7403000000,64623000000,66058282062,-328000000.0,-29000000.0,-990000000.0,-26000000.0,0.0,-1044000000.0,-1543000000.0,23000000.0,2259000000.0,0.0,732000000.0,732000000.0,732000000.0,0.0,0.0,0.087,6834000000.0,1555000000.0,2982000000,0.258,1.619,26.615,27.543,23949000000,0.0,11.155,2.071,2.071,1497000000,7187000000,8389000000.0,8389000000.0,0.0,,,,,0.0,5215000000.0,1.0,5921854062,5921854062,,1.417,33820000000,0,508000000.0,27116000000,5.711,-4299000000
54,CMCSA,ARQ,2007-12-31,2008-02-20,2007-12-31,2021-07-29,-56000000,113417000000,,3667000000,109750000000,,6.886,-1667000000.0,963000000,963000000,0.0,602000000.0,0.461,1.744,31323000000,1495000000,29828000000,31323000000,0,1624000000.0,0,0.0,0.0,1602000000.0,3226000000.0,0.403,3226000000.0,1602000000.0,1002000000.0,0.1,0.1,0.1,41340000000,,41340000000,90842050751,14.0,7.051,1017000000.0,0.169,1.0,8014000000.0,1.0,77521000000,600000000.0,58304000000,,0,8061000000,98000000,7963000000,72077000000,7952000000,64125000000,60482050751,-1986000000.0,-42000000.0,-1242000000.0,231000000.0,0.0,-1000000000.0,-3670000000.0,-1977000000.0,2684000000.0,0.0,602000000.0,602000000.0,602000000.0,0.0,0.0,0.075,6556000000.0,1458000000.0,3336000000,0.0,1.463,23.379,23.988,23624000000,0.0,10.075,1.958,1.958,1645000000,7191000000,8014000000.0,8014000000.0,0.0,,,,,51000000.0,4932000000.0,1.0,6003181216,6003181216,,1.335,35896000000,214000000,400000000.0,26880000000,5.979,-4285000000
55,CMCSA,ARQ,2007-09-30,2007-10-26,2007-09-30,2021-07-29,-93000000,113171000000,,5397000000,107774000000,,6.815,-1610000000.0,2949000000,2949000000,0.0,560000000.0,0.805,1.702,31104000000,764000000,30340000000,31104000000,0,1538000000.0,0,0.0,0.0,1552000000.0,3090000000.0,0.397,3090000000.0,1552000000.0,981000000.0,0.09,0.09,0.09,41888000000,,41888000000,93398426274,15.0,7.651,108000000.0,0.018,1.0,7781000000.0,1.0,77721000000,571000000.0,56901000000,,0,6288000000,65000000,6223000000,71283000000,6704000000,64579000000,65243426274,2121000000.0,-507000000.0,-530000000.0,2811000000.0,0.0,2280000000.0,-1877000000.0,237000000.0,1718000000.0,0.0,560000000.0,560000000.0,560000000.0,0.0,0.0,0.072,6390000000.0,1391000000.0,3014000000,0.0,1.558,27.471,27.715,23213000000,0.0,10.615,2.181,2.181,1598000000,7145000000,7781000000.0,7781000000.0,0.0,,,,,83000000.0,4852000000.0,1.0,6146342560,6146342560,,1.266,35450000000,0,421000000.0,26570000000,5.768,-1307000000
56,CMCSA,ARQ,2007-06-30,2007-07-27,2007-06-30,2021-07-29,-52000000,110756000000,,3542000000,107214000000,,6.766,-1715000000.0,828000000,828000000,0.0,588000000.0,0.518,1.648,28252000000,458000000,27794000000,28252000000,0,1544000000.0,0,0.0,0.0,1591000000.0,3135000000.0,0.407,3135000000.0,1591000000.0,1041000000.0,0.095,0.095,0.095,41825000000,,41825000000,109819646844,16.0,8.643,710000000.0,0.115,1.0,7712000000.0,1.0,77495000000,550000000.0,53846000000,,0,6606000000,395000000,6211000000,68931000000,6839000000,62092000000,82395646844,-209000000.0,-761000000.0,-636000000.0,-29000000.0,0.0,-617000000.0,-2017000000.0,460000000.0,2425000000.0,0.0,588000000.0,588000000.0,588000000.0,0.0,0.0,0.076,6244000000.0,1468000000.0,2978000000,0.0,1.97,27.175,27.372,22900000000,0.0,13.33,2.885,2.885,1441000000,6951000000,7712000000.0,7712000000.0,0.0,,,,,48000000.0,4700000000.0,1.0,6181218818,6181218818,,1.248,33261000000,0,453000000.0,26635000000,5.381,-3297000000
57,CMCSA,ARQ,2007-03-31,2007-04-27,2007-03-31,2021-07-29,-41000000,110337000000,,4255000000,106082000000,,6.722,-1572000000.0,1037000000,1037000000,0.0,837000000.0,0.577,1.637,28271000000,1049000000,27222000000,28271000000,0,1502000000.0,0,0.0,0.0,1931000000.0,3433000000.0,0.465,3433000000.0,1931000000.0,1363000000.0,0.135,0.13,0.135,41838000000,,41838000000,111041378098,16.0,9.183,393000000.0,0.063,1.0,7388000000.0,1.0,76936000000,568000000.0,53261000000,,0,7325000000,1248000000,6077000000,68499000000,7374000000,61125000000,83807378098,-202000000.0,-9000000.0,-282000000.0,-701000000.0,0.0,-979000000.0,-1188000000.0,349000000.0,1965000000.0,0.0,837000000.0,837000000.0,837000000.0,0.0,0.0,0.113,6127000000.0,1261000000.0,2980000000,0.0,2.003,28.859,28.957,22513000000,0.0,13.465,3.095,3.095,1282000000,6814000000,7388000000.0,7388000000.0,0.0,,,,,30000000.0,4625000000.0,1.0,6224090464,6224090464,,1.187,33401000000,0,526000000.0,26585000000,5.366,-3119000000
58,CMCSA,ARQ,2006-12-31,2007-02-26,2006-12-31,2021-07-29,34000000,110405000000,,5202000000,105203000000,,6.598,-1423000000.0,1239000000,1239000000,0.0,390000000.0,0.699,1.682,28975000000,983000000,27992000000,28975000000,0,1376000000.0,0,0.0,0.0,1173000000.0,2549000000.0,0.363,2549000000.0,1173000000.0,611000000.0,0.063,0.058,0.063,41167000000,,41167000000,110309888743,19.0,10.115,63000000.0,0.01,1.0,7031000000.0,1.0,74576000000,562000000.0,56125000000,,0,10582000000,1735000000,8847000000,69238000000,7440000000,61798000000,82573888743,-1789000000.0,-1271000000.0,-188000000.0,1710000000.0,0.0,1540000000.0,-4815000000.0,-2122000000.0,1486000000.0,0.0,390000000.0,390000000.0,390000000.0,39000000.0,0.0,0.055,5813000000.0,1218000000.0,2862000000,0.0,2.006,32.599,33.087,21248000000,0.0,13.235,3.307,3.307,1450000000,6214000000,7031000000.0,7031000000.0,0.0,,,,,45000000.0,4437000000.0,1.0,6239054684,6239054684,,1.127,35829000000,0,221000000.0,27652000000,5.743,-2238000000
59,CMCSA,ARQ,2006-09-30,2006-10-31,2006-09-30,2021-07-29,-94000000,107972000000,,5481000000,102491000000,,6.522,-1283000000.0,2774000000,2774000000,0.0,1217000000.0,0.887,1.651,27219000000,773000000,26446000000,27219000000,0,1232000000.0,0,0.0,0.0,2357000000.0,3589000000.0,0.558,3589000000.0,2357000000.0,1827000000.0,0.193,0.193,0.193,40722000000,,40722000000,109085232019,19.0,10.347,606000000.0,0.097,1.0,6432000000.0,1.0,74044000000,530000000.0,52197000000,,0,7901000000,656000000,7245000000,67250000000,6176000000,61074000000,84640232019,1801000000.0,-3289000000.0,-421000000.0,3066000000.0,0.0,2650000000.0,-2738000000.0,1834000000.0,1889000000.0,0.0,1217000000.0,1217000000.0,1217000000.0,-248000000.0,0.0,0.189,5208000000.0,1224000000.0,2351000000,0.0,2.078,37.188,37.657,20671000000,0.0,13.557,3.486,3.486,1228000000,6088000000,6432000000.0,6432000000.0,0.0,,,,,49000000.0,3995000000.0,1.0,6243439785,6243439785,,1.03,33928000000,0,610000000.0,27684000000,5.434,-695000000
60,CMCSA,ARQ,2006-06-30,2006-07-28,2006-06-30,2021-07-29,-94000000,103088000000,,3540000000,99548000000,,6.356,-1048000000.0,973000000,973000000,0.0,460000000.0,0.614,1.583,24123000000,763000000,23360000000,24123000000,0,1203000000.0,0,0.0,0.0,1318000000.0,2521000000.0,0.405,2521000000.0,1318000000.0,822000000.0,0.073,0.073,0.073,39907000000,,39907000000,95267716975,23.0,10.635,473000000.0,0.075,1.0,6228000000.0,1.0,68250000000,496000000.0,52224000000,,0,12651000000,813000000,11838000000,63181000000,5764000000,57417000000,72117716975,-720000000.0,-550000000.0,-630000000.0,-103000000.0,0.0,-722000000.0,-1519000000.0,84000000.0,1521000000.0,0.0,460000000.0,460000000.0,460000000.0,0.0,0.0,0.074,4999000000.0,1229000000.0,2068000000,0.0,1.807,56.298,57.433,18945000000,0.0,11.487,3.079,3.079,1125000000,5152000000,6228000000.0,6228000000.0,0.0,,,,,50000000.0,3796000000.0,1.0,6278385111,6278385111,,0.992,34838000000,0,362000000.0,27103000000,5.549,-2224000000
61,CMCSA,ARQ,2006-03-31,2006-04-28,2006-03-31,2021-07-29,-115000000,102982000000,,3998000000,98984000000,,6.315,-947000000.0,1693000000,1693000000,0.0,466000000.0,0.701,1.573,24130000000,881000000,23249000000,24130000000,0,1151000000.0,0,0.0,0.0,1106000000.0,2257000000.0,0.382,2257000000.0,1106000000.0,630000000.0,0.073,0.073,0.073,40026000000,,40026000000,87829927059,22.0,9.951,775000000.0,0.122,1.0,5901000000.0,1.0,67705000000,476000000.0,52014000000,,0,12837000000,819000000,12018000000,62956000000,5700000000,57256000000,65392927059,1000000000.0,0.0,-698000000.0,785000000.0,0.0,78000000.0,-800000000.0,145000000.0,1722000000.0,0.0,466000000.0,466000000.0,466000000.0,0.0,0.0,0.079,4851000000.0,1050000000.0,1940000000,0.0,1.634,52.273,54.298,18709000000,0.0,10.317,2.869,2.869,910000000,5012000000,5901000000.0,5901000000.0,0.0,,,,,46000000.0,3700000000.0,1.0,6338571282,6338571282,,0.931,35277000000,0,164000000.0,27157000000,5.565,-1702000000
62,CMCSA,ARQ,2005-12-31,2006-02-22,2005-12-31,2021-07-29,-114000000,103146000000,,2594000000,100552000000,,6.296,-1149000000.0,693000000,693000000,0.0,133000000.0,0.414,1.565,23371000000,1689000000,21682000000,23371000000,0,1262000000.0,0,0.0,0.0,914000000.0,2176000000.0,0.381,2176000000.0,914000000.0,452000000.0,0.02,0.02,0.02,40219000000,,40219000000,79143727153,22.0,9.355,-167000000.0,-0.026,1.0,5716000000.0,1.0,68468000000,462000000.0,51087000000,,0,12830000000,148000000,12682000000,62927000000,6269000000,56658000000,56465727153,114000000.0,-3000000.0,-1005000000.0,881000000.0,0.0,-136000000.0,-732000000.0,219000000.0,982000000.0,0.0,133000000.0,133000000.0,133000000.0,0.0,0.0,0.023,4823000000.0,893000000.0,2033000000,0.0,1.404,60.847,63.143,18769000000,0.0,8.84,2.537,2.537,1060000000,4825000000,5716000000.0,5716000000.0,0.0,,,,,0.0,3561000000.0,1.0,6387525696,6387525696,,0.895,34678000000,0,319000000.0,27372000000,5.429,-3675000000
63,CMCSA,ARQ,2005-09-30,2005-11-03,2005-09-30,2021-07-29,-65000000,103397000000,,2363000000,101034000000,,6.294,-911000000.0,579000000,579000000,0.0,222000000.0,0.33,1.522,22605000000,2498000000,20107000000,22605000000,0,1216000000.0,0,0.0,0.0,788000000.0,2004000000.0,0.359,2004000000.0,788000000.0,365000000.0,0.033,0.033,0.033,41005000000,,41005000000,81438268810,20.0,9.255,512000000.0,0.079,1.0,5578000000.0,1.0,68600000000,423000000.0,49661000000,,0,13225000000,207000000,13018000000,62392000000,7162000000,55230000000,59412268810,-756000000.0,-62000000.0,-614000000.0,-825000000.0,0.0,-1495000000.0,-684000000.0,301000000.0,1423000000.0,0.0,222000000.0,222000000.0,222000000.0,0.0,0.0,0.04,4695000000.0,883000000.0,1980000000,0.0,1.449,48.779,50.667,18781000000,0.0,9.12,2.729,2.729,990000000,5046000000,5578000000.0,5578000000.0,0.0,,,,,0.0,3479000000.0,1.0,6514503159,6514503159,,0.856,34797000000,0,143000000.0,27147000000,5.341,-4799000000
64,CMCSA,ARQ,2005-06-30,2005-08-02,2005-06-30,2021-07-29,-154000000,105347000000,,3784000000,101563000000,,6.287,-950000000.0,1335000000,1335000000,0.0,430000000.0,0.411,1.544,24130000000,4384000000,19746000000,24130000000,0,1161000000.0,0,0.0,0.0,1228000000.0,2389000000.0,0.427,2389000000.0,1228000000.0,761000000.0,0.063,0.063,0.063,41418000000,,41418000000,90870234393,23.0,10.35,235000000.0,0.036,1.0,5598000000.0,1.0,68851000000,467000000.0,50092000000,,0,14056000000,848000000,13208000000,63929000000,9199000000,54730000000,68075234393,699000000.0,-134000000.0,-315000000.0,1103000000.0,0.0,833000000.0,-1319000000.0,-110000000.0,1185000000.0,0.0,430000000.0,430000000.0,430000000.0,0.0,0.0,0.077,4550000000.0,1048000000.0,2042000000,0.0,1.644,55.983,57.407,18797000000,0.0,10.333,3.197,3.197,1031000000,5160000000,5598000000.0,5598000000.0,0.0,,,,,0.0,3389000000.0,1.0,6587925909,6587925909,,0.85,36496000000,0,331000000.0,27105000000,5.54,-5415000000
65,CMCSA,ARQ,2005-03-31,2005-05-05,2005-03-31,2021-07-29,-106000000,104238000000,,2930000000,101308000000,,6.251,-892000000.0,636000000,636000000,0.0,143000000.0,0.333,1.521,23172000000,3855000000,19317000000,23172000000,0,1164000000.0,0,0.0,0.0,727000000.0,1891000000.0,0.353,1891000000.0,727000000.0,283000000.0,0.02,0.02,0.02,41356000000,,41356000000,93662372476,25.0,11.057,440000000.0,0.067,1.0,5363000000.0,1.0,68926000000,444000000.0,49052000000,,0,13895000000,950000000,12945000000,62882000000,8796000000,54086000000,71126372476,184000000.0,0.0,-286000000.0,113000000.0,0.0,-135000000.0,-1013000000.0,59000000.0,1332000000.0,0.0,143000000.0,143000000.0,143000000.0,0.0,0.0,0.027,4497000000.0,866000000.0,1998000000,0.0,1.72,67.869,68.471,18738000000,0.0,10.75,3.426,3.426,883000000,4899000000,5363000000.0,5363000000.0,0.0,,,,,0.0,3333000000.0,1.0,6616406742,6616406742,,0.811,35312000000,0,140000000.0,27096000000,5.337,-5866000000
66,CMCSA,ARQ,2004-12-31,2005-02-23,2004-12-31,2021-07-29,-119000000,104694000000,,3535000000,101159000000,,6.269,-1050000000.0,452000000,452000000,0.0,423000000.0,0.409,1.527,23592000000,3499000000,20093000000,23592000000,0,1275000000.0,0,0.0,0.0,1240000000.0,2515000000.0,0.48,2515000000.0,1240000000.0,783000000.0,0.063,0.063,0.063,41422000000,,41422000000,95452176583,26.0,11.507,445000000.0,0.067,1.0,5235000000.0,1.0,68942000000,457000000.0,50257000000,,0,14367000000,1555000000,12812000000,63272000000,8635000000,54637000000,72312176583,-265000000.0,0.0,-241000000.0,-358000000.0,0.0,-638000000.0,-1122000000.0,-3000000.0,1495000000.0,0.0,423000000.0,423000000.0,423000000.0,0.0,0.0,0.081,4524000000.0,711000000.0,2041000000,0.0,1.746,74.549,76.527,18711000000,0.0,10.943,3.561,3.561,959000000,4891000000,5235000000.0,5235000000.0,0.0,,,,,0.0,3249000000.0,1.0,6607874802,6607874802,,0.792,35752000000,0,360000000.0,27175000000,5.411,-5100000000
67,CMCSA,ARQ,2004-09-30,2004-10-29,2004-09-30,2021-07-29,-135000000,106444000000,,4382000000,102062000000,,6.186,-878000000.0,717000000,717000000,0.0,220000000.0,0.491,1.584,25231000000,3128000000,22103000000,25231000000,0,1174000000.0,0,0.0,0.0,811000000.0,1985000000.0,0.389,1985000000.0,811000000.0,376000000.0,0.033,0.033,0.033,41198000000,,41198000000,90000789574,26.0,21.202,924000000.0,0.139,1.0,5098000000.0,1.0,69601000000,435000000.0,52440000000,,0,15352000000,2256000000,13096000000,65246000000,8917000000,56329000000,65486789574,123000000.0,40000000.0,-496000000.0,-376000000.0,0.0,-854000000.0,-825000000.0,132000000.0,1802000000.0,0.0,220000000.0,220000000.0,220000000.0,0.0,0.0,0.043,4412000000.0,686000000.0,1023000000,0.0,1.59,70.416,70.238,18656000000,0.0,9.833,3.305,3.305,940000000,4621000000,5098000000.0,5098000000.0,0.0,,,,,0.0,3238000000.0,1.0,6659673516,6659673516,,0.766,36843000000,0,156000000.0,27028000000,5.532,-4535000000
68,CMCSA,ARQ,2004-06-30,2004-07-30,2004-06-30,2021-07-29,-130000000,108081000000,,4418000000,103663000000,,6.192,-904000000.0,594000000,594000000,0.0,262000000.0,0.512,1.603,25777000000,2792000000,22985000000,25777000000,0,1100000000.0,0,0.0,0.0,980000000.0,2080000000.0,0.411,2080000000.0,980000000.0,496000000.0,0.04,0.04,0.04,41515000000,,41515000000,86417582051,14.0,9.235,955000000.0,0.142,1.0,5066000000.0,1.0,70208000000,484000000.0,54425000000,,0,16685000000,2481000000,14204000000,66566000000,8631000000,57935000000,61234582051,-281000000.0,-295000000.0,-511000000.0,-290000000.0,0.0,-773000000.0,-1367000000.0,-20000000.0,1859000000.0,0.0,262000000.0,262000000.0,262000000.0,0.0,0.0,0.052,4214000000.0,852000000.0,988000000,0.0,1.475,15.758,15.829,18615000000,0.0,9.133,3.179,3.179,925000000,4653000000,5066000000.0,5066000000.0,0.0,,,,,0.0,3114000000.0,1.0,6704516283,6704516283,,0.756,37873000000,0,234000000.0,27301000000,5.649,-4213000000
69,CMCSA,ARQ,2004-03-31,2004-05-05,2004-03-31,2021-07-29,-130000000,108567000000,,5260000000,103307000000,,6.178,-828000000.0,875000000,875000000,0.0,65000000.0,0.566,1.601,26626000000,3386000000,23240000000,26626000000,0,1074000000.0,0,0.0,0.0,641000000.0,1715000000.0,0.349,1715000000.0,641000000.0,141000000.0,0.01,0.01,0.01,41738000000,,41738000000,91641050583,16.0,8.976,-54000000.0,-0.008,1.0,4908000000.0,1.0,69851000000,500000000.0,55175000000,,0,17052000000,2782000000,14270000000,66829000000,9292000000,57537000000,65890050583,-675000000.0,-41000000.0,0.0,-269000000.0,0.0,-251000000.0,-1198000000.0,-24000000.0,774000000.0,0.0,65000000.0,65000000.0,65000000.0,0.0,0.0,0.013,4249000000.0,659000000.0,1024000000,0.0,1.579,18.293,18.299,18495000000,0.0,9.753,3.314,3.314,776000000,4598000000,4908000000.0,4908000000.0,0.0,,,,,0.0,3175000000.0,1.0,6755644284,6755644284,,0.727,38716000000,0,76000000.0,27024000000,5.731,-4032000000
70,CMCSA,ARQ,2003-12-31,2004-03-12,2003-12-31,2021-07-29,-140000000,109159000000,,5403000000,103756000000,,6.194,1944000000.0,1550000000,1550000000,0.0,383000000.0,0.56,1.62,26996000000,3161000000,23835000000,26996000000,0,-2572000000.0,0,0.0,0.0,1037000000.0,-1535000000.0,-0.324,-1535000000.0,1037000000.0,598000000.0,0.057,0.057,0.057,41662000000,,41662000000,91561506269,17.0,9.459,-515000000.0,-0.077,1.0,4742000000.0,1.0,69750000000,439000000.0,55201000000,,0,17311000000,2493000000,14818000000,67497000000,9654000000,57843000000,66115506269,-2481000000.0,-91000000.0,53000000.0,2107000000.0,0.0,2148000000.0,-2170000000.0,-4215000000.0,-2459000000.0,0.0,383000000.0,383000000.0,383000000.0,0.0,0.0,0.081,4000000000.0,742000000.0,1251000000,0.0,1.587,20.406,20.479,18473000000,0.0,9.83,3.603,3.603,907000000,4552000000,4742000000.0,4742000000.0,0.0,,,,,0.0,3022000000.0,1.0,6725890770,6725890770,,0.705,39409000000,0,215000000.0,26579000000,5.859,-4251000000
71,CMCSA,ARQ,2003-09-30,2003-10-31,2003-09-30,2021-07-29,-160000000,109816000000,,7614000000,102202000000,,6.133,-3093000000.0,3245000000,3245000000,0.0,3176000000.0,0.753,1.663,30381000000,3065000000,27316000000,30381000000,0,3460000000.0,0,0.0,0.0,3638000000.0,7098000000.0,1.561,7098000000.0,3638000000.0,3073000000.0,0.47,0.47,0.47,41238000000,,41238000000,103055191278,22.0,9.02,-574000000.0,-0.085,1.0,4546000000.0,1.0,67802000000,565000000.0,59035000000,,0,18445000000,2982000000,15463000000,68578000000,10115000000,58463000000,75919191278,2740000000.0,1836000000.0,0.0,-4298000000.0,0.0,-4301000000.0,4522000000.0,5918000000.0,2519000000.0,0.0,3176000000.0,3176000000.0,3176000000.0,-3329000000.0,0.0,0.699,4053000000.0,493000000.0,1188000000,0.0,1.841,27.057,27.074,18194000000,0.0,11.29,3.773,3.773,850000000,4181000000,4546000000.0,4546000000.0,0.0,,,,,0.0,2914000000.0,1.0,6724463355,6724463355,,0.676,42014000000,0,-103000000.0,25164000000,6.248,-2501000000
72,CMCSA,ARQ,2003-06-30,2003-08-01,2003-06-30,2021-07-29,-125000000,109522000000,,5893000000,103629000000,,5.664,-2041000000.0,1324000000,1324000000,0.0,-22000000.0,0.618,1.876,32339000000,2416000000,29923000000,32339000000,0,2385000000.0,0,0.0,0.0,547000000.0,2932000000.0,0.516,2932000000.0,547000000.0,55000000.0,-0.003,-0.003,-0.003,38081000000,,38081000000,99140993339,70.0,17.005,-47000000.0,-0.007,1.0,5685000000.0,1.0,70378000000,492000000.0,60619000000,,506000000,15547000000,2161000000,13386000000,71441000000,9540000000,61901000000,68125993339,543000000.0,-22000000.0,0.0,-2697000000.0,0.0,-2700000000.0,1249000000.0,3442000000.0,1994000000.0,0.0,-22000000.0,-22000000.0,-22000000.0,0.0,0.0,-0.004,5074000000.0,611000000.0,1507000000,0.0,1.789,-231.328,-375.309,19079000000,0.0,10.133,3.726,3.726,1376000000,1004000000,5685000000.0,5685000000.0,0.0,,,,,0.0,3157000000.0,1.0,6722959869,6722959869,,0.846,39144000000,137000000,77000000.0,24179000000,5.822,-3647000000
73,CMCSA,ARQ,2003-03-31,2003-05-09,2003-03-31,2021-07-29,-140000000,110012000000,,6488000000,103524000000,,5.664,-971000000.0,1024000000,1024000000,0.0,-297000000.0,0.633,1.891,32910000000,2652000000,30258000000,32910000000,0,1165000000.0,0,0.0,0.0,160000000.0,1325000000.0,0.24,1325000000.0,160000000.0,-365000000.0,-0.043,-0.043,-0.043,38054000000,,38054000000,101554949001,126.0,28.105,-171000000.0,-0.025,1.0,5518000000.0,1.0,70602000000,525000000.0,61050000000,,482000000,16341000000,3153000000,13188000000,71958000000,10246000000,61712000000,69668949001,243000000.0,0.0,0.0,-2179000000.0,0.0,-2195000000.0,1638000000.0,2687000000.0,800000000.0,0.0,-297000000.0,-297000000.0,-297000000.0,0.0,0.0,-0.054,5045000000.0,473000000.0,1631000000,0.0,1.831,-144.511,-106.907,18961000000,0.0,10.37,4.552,4.552,1323000000,1043000000,5518000000.0,5518000000.0,0.0,,,,,0.0,3207000000.0,1.0,6718317165,6718317165,,0.821,39410000000,129000000,-68000000.0,24218000000,5.866,-3758000000
74,CMCSA,ARQ,2002-12-31,2003-03-20,2002-12-31,2021-07-29,-139000000,113105000000,,7076000000,106029000000,,5.707,358800000.0,781000000,781000000,0.0,-51100000.0,0.46,1.951,34910000000,6953000000,27957000000,34910000000,0,-301000000.0,0,0.0,0.0,371100000.0,70100000.0,0.016,70100000.0,371100000.0,30600000.0,-0.007,,-0.007,38329000000,,38329000000,100977096727,136.0,36.375,-216200000.0,-0.032,1.0,4373900000.0,1.0,71218000000,340500000.0,60633000000,,479000000,18473000000,3266000000,15207000000,74776000000,15383000000,59393000000,66848096727,-189700000.0,-207000000.0,-12200000.0,552100000.0,0.0,101200000.0,284100000.0,-91600000.0,-575000000.0,0.0,-51100000.0,-51100000.0,-51100000.0,-2000000.0,0.0,-0.012,4044900000.0,329000000.0,1663000000,0.0,1.744,-243.971,-119.92,18866000000,0.0,9.953,5.365,5.365,1383000000,1340000000,4373900000.0,4373900000.0,0.0,,,,,0.0,2293600000.0,1.0,6716151714,6716151714,,0.651,41887000000,129000000,81700000.0,24215000000,6.237,-8307000000
75,CMCSA,ARQ,2002-09-30,2002-10-30,2002-09-30,2021-07-29,-197700000,35777300000,,3195600000,32581700000,,4.908,-1145800000.0,569800000,569800000,0.0,75600000.0,1.143,1.566,10041800000,113900000,9927900000,10041800000,0,1170600000.0,0,0.0,0.0,332300000.0,1502900000.0,0.556,1502900000.0,332300000.0,158100000.0,0.027,0.027,0.027,13941600000,,13941600000,32046263881,315.0,28.944,854400000.0,0.301,1.0,2704700000.0,1.0,24462400000,174200000.0,17991400000,,482700000,1491500000,905900000,585600000,21835700000,2795500000,19040200000,22574263881,219800000.0,-15800000.0,15000000.0,-1132800000.0,0.0,-1052400000.0,-728000000.0,689200000.0,2000200000.0,0.0,75600000.0,75600000.0,75600000.0,0.0,0.0,0.028,2274200000.0,430500000.0,806100000,0.0,1.619,-41.504,-41.825,7035600000,0.0,7.947,2.069,2.069,932800000,1391600000,2704700000.0,2704700000.0,0.0,,,,,0.0,1235800000.0,1.0,2840721126,2840721126,,0.952,11314900000,132900000,82500000.0,6734700000,3.983,400100000
76,CMCSA,ARQ,2002-06-30,2002-08-14,2002-06-30,2021-07-29,-23700000,36118800000,,3460000000,32658800000,,4.912,-788900000.0,557800000,557800000,0.0,-209600000.0,1.453,1.574,10750400000,206900000,10543500000,10750400000,0,775300000.0,0,0.0,0.0,-59900000.0,715400000.0,0.264,715400000.0,-59900000.0,-242500000.0,-0.073,-0.073,-0.073,14031800000,,14031800000,28824511509,-217.0,13.34,261600000.0,0.092,1.0,2708900000.0,1.0,24517400000,182600000.0,19413500000,,414000000,1785200000,1057600000,727600000,22087000000,2380500000,19706500000,18631911509,207800000.0,-16100000.0,11200000.0,-537200000.0,0.0,-471500000.0,-371200000.0,567300000.0,1050500000.0,0.0,-209600000.0,-209600000.0,-209600000.0,0.0,0.0,-0.077,2230500000.0,478400000.0,680100000,0.0,1.328,-25.653,-25.929,7023100000,0.0,6.56,1.764,1.775,957000000,1317300000,2708900000.0,2708900000.0,0.0,,,,,0.0,1213500000.0,1.0,2840230413,2856900000,2856900000.0,0.948,11601400000,135900000,-32900000.0,6877000000,4.061,1079500000
77,CMCSA,ARQ,2002-03-31,2002-05-15,2002-03-31,2021-07-29,-8000000,37145400000,,4229800000,32915600000,,4.992,-399100000.0,543100000,543100000,0.0,-88900000.0,1.517,1.607,11623500000,267500000,11356000000,11623500000,0,387100000.0,0,0.0,0.0,100500000.0,487600000.0,0.182,487600000.0,100500000.0,-86200000.0,-0.03,-0.03,-0.03,14249000000,,14249000000,41392588554,171.0,12.409,120200000.0,0.042,1.0,2672500000.0,1.0,24466500000,186700000.0,20970200000,,426100000,3152700000,2087400000,1065300000,22896400000,2789100000,20107300000,30312188554,193100000.0,-12100000.0,5000000.0,68900000.0,0.0,130700000.0,-456900000.0,10100000.0,519300000.0,0.0,-88900000.0,-88900000.0,-88900000.0,0.0,0.0,-0.033,2251400000.0,421100000.0,794700000,0.0,2.127,-62.954,-63.972,7034000000,0.0,10.683,2.986,3.004,979900000,1541400000,2672500000.0,2672500000.0,0.0,,,,,0.0,1233100000.0,1.0,2837334342,2854200000,2854200000.0,0.936,12678900000,0,2700000.0,6496600000,4.442,1440700000
78,CMCSA,ARQ,2001-12-31,2002-03-29,2001-12-31,2021-07-29,144400000,38131800000,,4548800000,33583000000,,5.073,1190300000.0,350000000,350000000,0.0,-321000000.0,1.454,1.635,12201800000,460200000,11741600000,12201800000,0,-1327600000.0,0,0.0,0.0,-271100000.0,-1598700000.0,-0.566,-1598700000.0,-271100000.0,-453700000.0,-0.113,-0.11,-0.113,14473000000,,14473000000,43468918991,24.0,8.266,197600000.0,0.069,1.0,2824100000.0,1.0,24509300000,182600000.0,22345000000,,454500000,4302400000,2623200000,1679200000,23658800000,3129300000,20529500000,31617118991,-419600000.0,487700000.0,-29700000.0,-1478000000.0,0.0,-1485200000.0,2058300000.0,726500000.0,-992700000.0,0.0,-321000000.0,-321000000.0,-321000000.0,0.0,0.0,-0.114,3158300000.0,-334200000.0,698200000,0.0,2.185,51.951,52.347,7011100000,0.0,11.15,3.268,3.284,967400000,1631500000,2824100000.0,2824100000.0,0.0,,,,,0.0,1341000000.0,1.0,2835616053,2852700000,2891700000.0,0.99,13622500000,0,-132700000.0,6651100000,4.775,1419500000
79,CMCSA,ARQ,2001-09-30,2001-11-02,2001-09-30,2021-07-29,199300000,38781400000,,3429800000,35351600000,,5.198,-1691200000.0,658400000,658400000,0.0,-106800000.0,0.81,1.614,12049200000,554400000,11494800000,12049200000,0,2459100000.0,0,0.0,0.0,97400000.0,2556500000.0,1.085,2556500000.0,97400000.0,-93300000.0,-0.037,-0.037,-0.037,14838800000,,14838800000,45748416695,16.0,6.774,-436500000.0,-0.153,1.0,2355500000.0,1.0,0,190700000.0,45937700000,,504300000,4574200000,1271900000,3302300000,23942600000,4234500000,19708100000,34357616695,6900000.0,-917500000.0,-3900000.0,1239800000.0,0.0,1213400000.0,-2461200000.0,147500000.0,1254700000.0,0.0,-106800000.0,-106800000.0,-106800000.0,0.0,0.0,-0.045,2533700000.0,-178200000.0,3294000000,0.0,2.315,20.124,19.643,6782100000,0.0,12.12,3.711,3.737,829700000,1952000000,2355500000.0,2355500000.0,0.0,,,,,0.0,1075900000.0,1.0,2834786856,2854500000,2854500000.0,0.825,38781400000,0,13500000.0,6647700000,13.586,-804700000
80,CMCSA,ARQ,2001-06-30,2001-08-07,2001-06-30,2021-07-29,291800000,38640700000,,4161500000,34479200000,,5.278,-1158900000.0,745900000,745900000,0.0,35200000.0,1.032,1.566,11998700000,548000000,11450700000,11998700000,0,1575100000.0,0,0.0,0.0,315200000.0,1890300000.0,0.822,1890300000.0,315200000.0,139000000.0,0.013,0.013,0.013,15060500000,,15060500000,47134646744,9.0,5.739,-449400000.0,-0.158,1.0,2298500000.0,1.0,0,176200000.0,45860400000,,471800000,4773300000,1928700000,2844600000,23580200000,4033100000,19547100000,35881846744,94400000.0,-872800000.0,20200000.0,1348300000.0,0.0,1346000000.0,-1961100000.0,70600000.0,709500000.0,0.0,35200000.0,35200000.0,35200000.0,0.0,0.0,0.015,2431800000.0,-133300000.0,3116000000,0.0,2.383,11.752,11.396,6472300000,0.0,12.65,4.049,4.073,828800000,2075800000,2298500000.0,2298500000.0,0.0,,,,,0.0,1042900000.0,1.0,2836509624,2853300000,2896800000.0,0.806,38640700000,0,103800000.0,6652000000,13.542,128400000
81,CMCSA,ARQ,2001-03-31,2001-05-08,2001-03-31,2021-07-29,272700000,37216200000,,5023200000,32193000000,,5.288,-521900000.0,668300000,668300000,0.0,1001200000.0,1.228,1.482,10786000000,523000000,10263000000,10786000000,0,741400000.0,0,0.0,0.0,1669100000.0,2410500000.0,1.098,2410500000.0,1669100000.0,1486800000.0,0.353,0.347,0.353,14997000000,,14997000000,51367540017,10.0,6.628,-263900000.0,-0.093,1.0,2196100000.0,1.0,0,182300000.0,43243600000,,448300000,5843900000,2950800000,2893100000,22219200000,4090300000,18128900000,41249840017,16800000.0,-26400000.0,13500000.0,388600000.0,0.0,402100000.0,-643300000.0,-95000000.0,258000000.0,0.0,1001200000.0,1001200000.0,1001200000.0,0.0,0.0,0.456,2296600000.0,-100500000.0,2702300000,0.0,2.751,12.898,12.511,5664700000,0.0,14.55,4.867,4.868,792500000,2040600000,2196100000.0,2196100000.0,0.0,,,,,0.0,998600000.0,1.0,2835040551,2835900000,2895000000.0,0.774,37216200000,0,485600000.0,6977500000,13.123,932900000
82,CMCSA,ARQ,2000-12-31,2001-03-02,2000-12-31,2021-07-29,432400000,35744500000,,5144400000,30600100000,,5.174,316300000.0,651500000,651500000,0.0,778500000.0,1.273,1.538,10811300000,293900000,10517400000,10811300000,0,-936700000.0,0,0.0,0.0,832600000.0,-104100000.0,-0.043,-104100000.0,832600000.0,1314200000.0,0.287,0.27,0.287,14086400000,,14086400000,50370882686,14.0,8.231,690700000.0,0.254,1.0,2407600000.0,1.0,26865900000,-481600000.0,14996200000,,438500000,5721600000,3059700000,2661900000,21658100000,4042200000,17615900000,40211082686,517100000.0,132800000.0,279300000.0,2383100000.0,0.0,2641000000.0,-2498300000.0,-2947400000.0,374400000.0,0.0,778500000.0,777700000.0,777700000.0,0.0,0.0,0.323,2521800000.0,-114200000.0,2852900000,0.0,2.855,20.126,19.103,5202700000,800000.0,14.27,4.893,4.64,891900000,1056500000,2407600000.0,2407600000.0,0.0,,,,,0.0,992200000.0,1.0,2817875451,2722500000,2896500000.0,0.884,8878600000,0,535700000.0,6576600000,3.261,1102200000
83,CMCSA,ARQ,2000-09-30,2000-11-14,2000-09-30,2021-07-29,1727500000,35031600000,,5720600000,29311000000,,5.363,-1056000000.0,575900000,575900000,0.0,1246800000.0,1.024,1.396,9923900000,1312500000,8611400000,9923900000,0,1842200000.0,0,0.0,0.0,2174300000.0,4016500000.0,2.049,4016500000.0,2174300000.0,1999100000.0,0.457,0.43,0.457,14622300000,,14622300000,43257977756,12.0,6.43,-241300000.0,-0.089,1.0,1960000000.0,1.0,0,175200000.0,38792300000,,413500000,7277300000,3872100000,3405200000,20409300000,5587300000,14822000000,33909977756,-346300000.0,-161000000.0,-266500000.0,-802300000.0,0.0,-1103200000.0,-57800000.0,1159200000.0,814700000.0,0.0,1246800000.0,1239200000.0,1239200000.0,0.0,0.0,0.632,2016400000.0,-56400000.0,2711400000,0.0,2.319,32.643,34.778,5121600000,7600000.0,12.52,4.484,4.513,722000000,308400000,1960000000.0,1960000000.0,0.0,,,,,0.0,825100000.0,1.0,2708464677,2726400000,2896800000.0,0.719,35031600000,0,752300000.0,6314600000,12.849,133300000
84,CMCSA,ARQ,2000-06-30,2000-08-11,2000-06-30,2021-07-29,3049000000,35331700000,,4827800000,30503900000,,5.414,-608000000.0,652300000,652300000,0.0,187700000.0,1.178,1.391,10365500000,146900000,10218600000,10365500000,0,1180100000.0,0,0.0,0.0,246500000.0,1426600000.0,0.746,1426600000.0,246500000.0,372800000.0,0.067,0.063,0.067,14777900000,,14777900000,39343405656,20.0,9.487,-434300000.0,-0.159,1.0,1912100000.0,1.0,0,-126300000.0,40947600000,,373300000,8167500000,2975000000,5192500000,20553800000,4097300000,16456500000,29630205656,-269900000.0,-83800000.0,-198100000.0,-889500000.0,0.0,-1087600000.0,644000000.0,1335800000.0,173700000.0,0.0,187700000.0,180100000.0,180100000.0,0.0,0.0,0.094,1943700000.0,-31600000.0,2492100000,0.0,2.005,232.576,218.333,4665800000,7600000.0,10.917,4.157,4.18,706500000,-878200000,1912100000.0,1912100000.0,0.0,,,,,0.0,821100000.0,1.0,2714217312,2729400000,2924100000.0,0.701,35331700000,0,185100000.0,6297300000,12.945,730500000
85,CMCSA,ARQ,2000-03-31,2000-05-05,2000-03-31,2021-07-29,5121100000,38644800000,,6715100000,31929700000,,6.669,-289100000.0,750600000,750600000,0.0,-191500000.0,1.608,1.309,10934400000,128800000,10805600000,10934400000,0,545700000.0,0,0.0,0.0,632800000.0,1178500000.0,0.634,1178500000.0,632800000.0,-223300000.0,-0.08,-0.08,-0.08,16738200000,,16738200000,41371119178,12.0,8.495,-432600000.0,-0.172,1.0,1859200000.0,1.0,0,856100000.0,44652600000,,374800000,11384800000,4841900000,6542900000,21906600000,4176000000,17730600000,31187319178,-171600000.0,-75300000.0,-109100000.0,-612500000.0,0.0,-721600000.0,693500000.0,1057900000.0,-143500000.0,0.0,-191500000.0,-199000000.0,-199000000.0,0.0,0.0,-0.107,1818000000.0,41200000.0,2516500000,0.0,1.863,40.837,32.743,4764600000,7500000.0,11.46,4.659,4.296,654600000,-975900000,1859200000.0,1859200000.0,0.0,,,,,0.0,824900000.0,1.0,2721406560,2509800000,2509800000.0,0.741,38644800000,0,-31800000.0,7329400000,15.398,2539100000
86,CMCSA,ARQ,1999-12-31,2000-03-01,1999-12-31,2021-07-29,6112700000,28685600000,,9758600000,18927000000,,4.563,100300000.0,922200000,922200000,0.0,-174200000.0,1.766,1.774,9224700000,517500000,8707200000,9224700000,0,-427500000.0,0,0.0,0.0,533100000.0,105600000.0,0.058,105600000.0,533100000.0,-278400000.0,-0.083,-0.073,-0.083,10341300000,,10341300000,38851394029,13.0,9.229,-3309700000.0,-1.46,1.0,1831600000.0,1.0,12722100000,811500000.0,18738900000,,457000000,13154800000,7606000000,5548800000,18344300000,5527100000,12817200000,30548894029,-1960700000.0,708000000.0,5100000.0,120500000.0,18400000.0,139600000.0,1309700000.0,-958600000.0,-3410000000.0,0.0,-174200000.0,-181500000.0,-181500000.0,0.0,0.0,-0.099,1655000000.0,176600000.0,2786500000,0.0,2.954,29.487,29.442,3398100000,7300000.0,13.543,4.92,4.902,673300000,-619800000,1831600000.0,1831600000.0,0.0,,,,,0.0,738900000.0,1.0,2255640711,2266200000,2500200000.0,0.808,15963500000,0,-104200000.0,5269100000,7.044,4231500000
87,CMCSA,ARQ,1999-09-30,1999-11-15,1999-09-30,2021-07-29,3245600000,22264900000,,7341300000,14923600000,,3.37,-545300000.0,881900000,881900000,0.0,335100000.0,1.794,1.916,6956400000,178400000,6778000000,6956400000,0,858900000.0,0,0.001,0.0,577400000.0,1436300000.0,0.942,1436300000.0,577400000.0,439300000.0,0.147,0.137,0.147,7635900000,,7635900000,37126801672,12.0,8.864,1842500000.0,0.813,1.0,1525100000.0,1.0,0,138100000.0,24247500000,,468400000,8037300000,5354100000,2683200000,14629000000,4091900000,10537100000,31052301672,11200000.0,-394100000.0,-15400000.0,-173800000.0,-9400000.0,-216200000.0,-2160400000.0,-1221000000.0,2387800000.0,0.0,335100000.0,327800000.0,327800000.0,-355900000.0,0.0,0.215,1373900000.0,151200000.0,2197300000,0.0,4.067,19.026,18.786,3209800000,7300000.0,13.77,5.66,5.686,541600000,-371900000,1525100000.0,1525100000.0,0.0,,,,,0.0,649400000.0,1.0,2255069112,2265600000,2471700000.0,0.673,22264900000,0,104200000.0,4459000000,9.827,3249400000
88,CMCSA,ARQ,1999-06-30,1999-08-16,1999-06-30,2021-07-29,2717900000,21885000000,,8972400000,12912600000,,3.019,-326400000.0,2193700000,2193700000,0.0,824000000.0,1.915,2.246,7842500000,838400000,7004100000,7842500000,0,546100000.0,0,0.002,0.0,1603800000.0,2149900000.0,1.454,2149900000.0,1603800000.0,1460300000.0,0.367,0.337,0.367,6742100000,,6742100000,29541014722,8.0,6.261,1644900000.0,0.737,1.0,1478600000.0,1.0,0,143500000.0,22848300000,,383900000,7099900000,5735700000,1364200000,15142900000,4685500000,10457400000,23892214722,1323000000.0,-708000000.0,200000.0,759800000.0,-9400000.0,733000000.0,-1381300000.0,-346900000.0,1971300000.0,0.0,824000000.0,816400000.0,816400000.0,0.0,0.0,0.552,1328800000.0,149800000.0,1851600000,0.0,3.544,11.881,11.742,3149300000,7600000.0,10.627,4.494,4.464,548300000,-592800000,1478600000.0,1478600000.0,0.0,,,,,0.0,642500000.0,1.0,2248326354,2233200000,2445900000.0,0.662,21885000000,0,636300000.0,4244000000,9.8,4286900000
89,CMCSA,ARQ,1999-03-31,1999-05-14,1999-03-31,2021-07-29,2184000000,17276900000,,7539100000,9737800000,,2.261,-122400000.0,1548700000,1548700000,0.0,81000000.0,2.197,2.436,6290700000,122000000,6168700000,6290700000,0,238500000.0,0,0.003,0.008,279600000.0,518100000.0,0.377,518100000.0,279600000.0,168400000.0,0.033,0.033,0.033,5028700000,,5028700000,31997130459,14.0,10.145,177900000.0,0.08,1.0,1374000000.0,1.0,0,111200000.0,18588000000,,321400000,6156900000,4978400000,1178500000,12248200000,3430900000,8817300000,27255130459,678000000.0,0.0,-3500000.0,711900000.0,-9000000.0,685000000.0,-307300000.0,-184900000.0,300300000.0,0.0,81000000.0,73500000.0,73500000.0,20100000.0,0.0,0.053,1187400000.0,186600000.0,1399700000,0.242,5.42,24.721,24.688,2483300000,7500000.0,12.27,5.283,5.289,487800000,-1416800000,1374000000.0,1374000000.0,0.0,,,,,0.0,558400000.0,1.0,2221282026,2224200000,2444700000.0,0.618,17276900000,0,87400000.0,3289200000,7.768,4108200000
90,CMCSA,ARQ,1998-12-31,1999-02-26,1998-12-31,2021-07-29,1049700000,14817400000,,5624300000,9193100000,,1.721,404600000.0,870700000,870700000,0.0,421800000.0,1.819,2.884,5577700000,113500000,5464200000,5577700000,0,-651500000.0,0,0.001,0.008,735900000.0,84400000.0,0.076,84400000.0,735900000.0,706500000.0,0.187,0.182,0.187,3815300000,,3815300000,54906269791,27.0,18.472,-75500000.0,-0.034,1.0,1108900000.0,1.0,8214500000,29400000.0,8217300000,,343800000,4255800000,3653400000,602400000,11002100000,3092600000,7909500000,50199269791,80000000.0,454200000.0,-16500000.0,256900000.0,17900000.0,252800000.0,307300000.0,-555200000.0,-480100000.0,0.0,421800000.0,414400000.0,414400000.0,31400000.0,0.0,0.374,965900000.0,143000000.0,1600300000,0.043,13.157,53.234,52.866,2524400000,7400000.0,22.627,9.756,9.67,549300000,-1488200000,1108900000.0,1108900000.0,0.0,,,,,0.0,359300000.0,1.0,2218588824,2217000000,2434200000.0,0.5,6602900000,0,284700000.0,2640200000,2.978,2531700000
91,CMCSA,ARQ,1998-09-30,1998-11-16,1998-09-30,2021-07-29,328300000,14365600000,,3199500000,11166100000,,1.197,-684800000.0,435000000,435000000,0.0,714000000.0,1.907,4.418,6703800000,106400000,6597400000,6703800000,0,797400000.0,0,0.002,0.008,1168400000.0,1965800000.0,1.451,1965800000.0,1168400000.0,1023000000.0,0.318,0.292,0.318,2651400000,,2651400000,41011268634,,,133800000.0,0.06,1.0,1354900000.0,1.0,0,145400000.0,18956900000,,368200000,2467100000,1702500000,764600000,11714200000,1677500000,10036700000,34742468634,21300000.0,-406300000.0,25700000.0,135800000.0,-27100000.0,134200000.0,-931500000.0,173600000.0,818600000.0,0.0,714000000.0,706600000.0,706600000.0,0.0,0.0,0.522,1205200000.0,149700000.0,1418500000,0.025,13.103,,,3308700000,7400000.0,15.687,,,502700000,-1898700000,1354900000.0,1354900000.0,0.0,,,,,0.0,589000000.0,1.0,2214777006,2215800000,2425800000.0,0.611,14365600000,0,309000000.0,2301600000,6.483,1522000000
92,CMCSA,ARQ,1998-06-30,1998-08-14,1998-06-30,2021-07-29,282300000,13289700000,,1537100000,11752600000,,0.914,-419600000.0,516600000,516600000,0.0,-84800000.0,1.055,5.569,6762800000,103900000,6658900000,6762800000,0,526400000.0,0,0.002,0.008,59200000.0,585600000.0,0.443,585600000.0,59200000.0,-85100000.0,-0.042,,-0.042,2023200000,,2023200000,38877722722,,,18500000.0,0.008,1.0,1321700000.0,1.0,0,144300000.0,18078300000,,314000000,1362600000,48500000,1314100000,11266500000,1457600000,9808900000,32631522722,102900000.0,-302800000.0,13900000.0,213500000.0,-17900000.0,207200000.0,-542400000.0,181500000.0,438100000.0,0.0,-84800000.0,-92000000.0,-92000000.0,0.0,0.0,-0.07,1178300000.0,143400000.0,1262900000,-0.19,16.129,,,3177800000,7200000.0,14.73,,,485000000,-2596700000,1321700000.0,1321700000.0,0.0,,,,,0.0,599200000.0,1.0,2215310436,2214000000,,0.597,13289700000,0,-300000.0,2129000000,6.003,79500000
93,CMCSA,ARQ,1998-03-31,1998-05-14,1998-03-31,2021-07-29,201300000,13355100000,,1663700000,11691400000,,0.929,-199100000.0,671100000,671100000,0.0,-78900000.0,1.084,5.691,6756300000,129400000,6626900000,6756300000,0,267300000.0,0,0.003,0.0,69300000.0,336600000.0,0.248,336600000.0,69300000.0,-78300000.0,-0.04,-0.04,-0.04,1996000000,,1996000000,31441678741,,,104000000.0,0.048,1.0,1359800000.0,1.0,0,147600000.0,17905500000,,297100000,1229100000,31900000,1197200000,11359100000,1534800000,9824300000,25356478741,257400000.0,-195200000.0,5800000.0,218400000.0,-8900000.0,215000000.0,-260700000.0,133800000.0,303100000.0,0.0,-78900000.0,-86000000.0,-86000000.0,0.0,0.0,-0.063,1238800000.0,121000000.0,1248800000,0.0,12.704,,,3170100000,7100000.0,11.46,,,485100000,-2503300000,1359800000.0,1359800000.0,0.0,,,,,0.0,639100000.0,1.0,2212607220,2148600000,2148600000.0,0.633,13355100000,0,600000.0,2115000000,6.216,128900000
94,CMCSA,ARQ,1997-12-31,1998-03-11,1997-12-31,2021-07-29,0,6897009000,,456823000,6440186000,,0.858,,117164000,117164000,,,0.609,2.739,4273796000,34562000,4239234000,4273796000,0,,0,0.003,0.008,,,,,,,,,,1844532000,,1844532000,30298558559,-21.0,-26.727,,,1.0,,,2303398000,,7999697000,,101366000,273541000,0,273541000,5052477000,750546000,4301931000,26141926559,,,,,,,,,,,,,,,,,,,427877000,,14.173,-16.721,,3429238000,,12.167,105.154,105.154,209798000,-2120218000,,,,,,,,,,1.0,2148651498,2148651498,,,4593611000,0,,0,2.138,-293723000
95,CMCSA,ARQ,1997-12-31,1998-03-03,1997-12-31,2021-07-29,129100000,12804200000,,1559500000,11244700000,,0.809,,413700000,413700000,,,1.1,6.777,6691300000,132700000,6558600000,6691300000,0,,0,0.003,0.008,,,,,,,,,,1646500000,,1646500000,31746282423,83.0,24.083,,,1.0,,,9213300000,,8450700000,,324000000,1428200000,163900000,1264300000,11157700000,1417800000,9739900000,25468682423,,,,,,,,,,,,,,,,,,,1195500000,,15.468,-100.468,-94.827,2896900000,,11.853,5.184,4.908,498800000,-2415900000,,,,,,,,,,1.0,2148651498,2034000000,,,3590900000,0,,2112200000,1.765,141700000
0,CMCSA,ART,2021-06-30,2021-07-29,2021-06-30,2021-07-29,1992000000,277004000000,274581000000.0,27046000000,249958000000,0.397,20.684,-13697000000.0,12378000000,12378000000,0.0,12390000000.0,0.923,1.901,103751000000,3407000000,100344000000,103751000000,3566000000,13317000000.0,0,0.017,0.96,21678000000.0,34995000000.0,0.321,34995000000.0,21678000000.0,17303000000.0,2.71,2.68,2.71,94935000000,91002250000.0,94935000000,358082630377,17.0,10.232,11930000000.0,2.599,1.0,108991000000.0,1.0,164115000000,4375000000.0,174948000000,175412500000.0,0,9467000000,0,9467000000,180488000000,29314000000,151174000000,266709630377,-1558000000.0,490000000.0,-1222000000.0,-8435000000.0,-4342000000.0,-14052000000.0,-13200000000.0,-427000000.0,25627000000.0,67000000.0,12466000000.0,12466000000.0,12466000000.0,0.0,-76000000.0,0.114,90451000000.0,18540000000.0,11672000000,0.354,2.809,21.395,21.443,52769000000,0.0,58.11,2.447,2.447,11110000000,60359000000,108991000000.0,108991000000.0,0.0,0.045,0.137,0.124,0.199,1283000000.0,77134000000.0,1.0,4589737229,4589737229,,23.747,112889000000,0,4837000000.0,29525000000,24.596,-2268000000
1,CMCSA,ART,2021-03-31,2021-04-29,2021-03-31,2021-07-29,1972000000,278511000000,271824500000.0,29438000000,249073000000,0.383,20.151,-13620000000.0,14950000000,14950000000,0.0,11769000000.0,0.955,1.992,108881000000,4777000000,104104000000,108881000000,3376000000,13198000000.0,0,0.017,0.94,19893000000.0,33091000000.0,0.318,33091000000.0,19893000000.0,15499000000.0,2.55,2.53,2.55,92575000000,88172000000.0,92575000000,353033519376,18.0,10.669,13044000000.0,2.839,1.0,104160000000.0,1.0,164332000000,4394000000.0,177299000000,174843000000.0,0,8376000000,0,8376000000,184411000000,30811000000,153600000000,259102519376,6367000000.0,2524000000.0,-610000000.0,-1907000000.0,-4243000000.0,-8785000000.0,-11558000000.0,-795000000.0,26664000000.0,46000000.0,11716000000.0,11716000000.0,11716000000.0,0.0,53000000.0,0.112,86480000000.0,17680000000.0,11148000000,0.369,2.799,22.115,22.118,52317000000,0.0,56.4,2.488,2.488,10986000000,58321000000,104160000000.0,104160000000.0,0.0,0.043,0.133,0.114,0.191,1268000000.0,73282000000.0,1.0,4594016301,4594016301,,22.673,114179000000,0,3783000000.0,28260000000,24.854,-1373000000
2,CMCSA,ART,2020-12-31,2021-02-04,2020-12-31,2021-07-29,1884000000,273869000000,267802000000.0,26741000000,247128000000,0.387,19.718,-13591000000.0,11740000000,11740000000,0.0,10701000000.0,0.929,2.016,108928000000,3146000000,105782000000,108928000000,2963000000,13100000000.0,0,0.018,0.92,18486000000.0,31586000000.0,0.305,31586000000.0,18486000000.0,13898000000.0,2.3,2.28,2.3,90323000000,85404750000.0,90323000000,332862760049,18.0,10.538,11146000000.0,2.433,1.0,103564000000.0,1.0,165423000000,4588000000.0,176838000000,173966500000.0,0,8267000000,0,8267000000,182131000000,28796000000,153335000000,235674760049,6179000000.0,2106000000.0,-534000000.0,-133000000.0,-4140000000.0,-6513000000.0,-12047000000.0,-812000000.0,24737000000.0,2000000.0,10534000000.0,10534000000.0,10534000000.0,0.0,167000000.0,0.102,86071000000.0,17493000000.0,11364000000,0.4,2.609,22.373,22.37,51995000000,0.0,51.45,2.276,2.276,11466000000,56438000000,103564000000.0,103564000000.0,0.0,0.039,0.123,0.106,0.178,1193000000.0,72971000000.0,1.0,4580656172,4580656172,,22.609,108446000000,0,3364000000.0,28051000000,23.675,-2055000000
3,CMCSA,ART,2020-09-30,2020-10-29,2020-09-30,2021-07-29,212000000,268940000000,265188250000.0,27369000000,241571000000,0.393,18.835,-13503000000.0,13707000000,13707000000,0.0,10464000000.0,0.927,2.105,109591000000,4429000000,105162000000,109591000000,2888000000,13025000000.0,0,0.021,0.9,18219000000.0,31244000000.0,0.3,31244000000.0,18219000000.0,13562000000.0,2.25,2.23,2.25,86176000000,83505500000.0,86176000000,292897415054,16.0,9.375,12427000000.0,2.716,1.0,104254000000.0,1.0,162748000000,4657000000.0,172565000000,171484500000.0,0,7131000000,0,7131000000,181369000000,29511000000,151858000000,197013415054,10135000000.0,2395000000.0,-501000000.0,2152000000.0,-4043000000.0,-3946000000.0,-11902000000.0,-747000000.0,25930000000.0,53000000.0,10316000000.0,10316000000.0,10316000000.0,0.0,148000000.0,0.099,85432000000.0,18822000000.0,10979000000,0.4,2.286,19.098,19.138,50466000000,0.0,43.06,1.89,1.89,10310000000,54254000000,104254000000.0,104254000000.0,0.0,0.039,0.124,0.106,0.175,1153000000.0,72407000000.0,1.0,4575323155,4575323155,,22.786,106192000000,0,3246000000.0,27905000000,23.21,-2142000000
4,CMCSA,ART,2020-06-30,2020-07-30,2020-06-30,2021-07-29,-1279000000,265978000000,262046750000.0,27485000000,238493000000,0.403,18.304,-13563000000.0,13935000000,13935000000,0.0,11721000000.0,0.966,2.167,109977000000,4046000000,105931000000,109977000000,2403000000,12885000000.0,0,0.02,0.88,19400000000.0,32285000000.0,0.306,32285000000.0,19400000000.0,14796000000.0,2.52,2.49,2.52,83614000000,81497500000.0,83614000000,295530953813,15.0,9.154,12330000000.0,2.699,1.0,105549000000.0,1.0,160905000000,4604000000.0,172670000000,170350750000.0,0,7378000000,0,7378000000,181187000000,28445000000,152742000000,199488953813,9957000000.0,2324000000.0,-423000000.0,2506000000.0,-3940000000.0,-3974000000.0,-11905000000.0,-765000000.0,25893000000.0,-57000000.0,11514000000.0,11514000000.0,11514000000.0,0.0,207000000.0,0.109,85463000000.0,20086000000.0,10426000000,0.349,2.386,17.326,17.329,48985000000,0.0,43.67,1.89,1.89,10227000000,53420000000,105549000000.0,105549000000.0,0.0,0.044,0.141,0.114,0.184,1109000000.0,72578000000.0,1.0,4568100614,4568100614,,23.106,105073000000,0,3282000000.0,27947000000,23.001,-960000000
5,CMCSA,ART,2020-03-31,2020-04-30,2020-03-31,2021-07-29,-1144000000,262421000000,259691000000.0,24084000000,238337000000,0.419,17.858,-13593000000.0,8516000000,8516000000,0.0,11915000000.0,0.873,2.204,108743000000,2973000000,105770000000,108743000000,2634000000,12897000000.0,0,0.023,0.86,19577000000.0,32474000000.0,0.299,32474000000.0,19577000000.0,14948000000.0,2.56,2.52,2.56,81506000000,79806500000.0,81506000000,271973827116,14.0,8.375,10697000000.0,2.344,1.0,108692000000.0,1.0,161255000000,4629000000.0,173793000000,168160250000.0,0,7080000000,0,7080000000,179638000000,27600000000,152038000000,171746827116,5012000000.0,387000000.0,-490000000.0,4000000.0,-3843000000.0,-4482000000.0,-14716000000.0,-1566000000.0,24290000000.0,-80000000.0,11651000000.0,11651000000.0,11651000000.0,0.0,264000000.0,0.107,87897000000.0,20795000000.0,9963000000,0.336,2.107,14.741,14.699,48442000000,0.0,37.63,1.58,1.58,10800000000,51516000000,108692000000.0,108692000000.0,0.0,0.045,0.146,0.116,0.18,1074000000.0,75000000000.0,1.0,4564093200,4564093200,,23.815,101166000000,0,3297000000.0,27865000000,22.166,-3516000000
6,CMCSA,ART,2019-12-31,2020-01-30,2019-12-31,2021-07-29,1047000000,263414000000,258133000000.0,25392000000,238022000000,0.422,18.169,-13598000000.0,5500000000,5500000000,0.0,13323000000.0,0.838,2.17,107383000000,4452000000,102931000000,107383000000,2768000000,12953000000.0,0,0.019,0.84,21297000000.0,34250000000.0,0.314,34250000000.0,21297000000.0,16730000000.0,2.87,2.83,2.87,82726000000,78169750000.0,82726000000,302853949230,14.0,8.842,12099000000.0,2.657,1.0,108942000000.0,1.0,168095000000,4567000000.0,166910000000,166358250000.0,0,7683000000,0,7683000000,179540000000,30292000000,149248000000,200970949230,1680000000.0,516000000.0,-504000000.0,-4988000000.0,-3735000000.0,-9181000000.0,-14841000000.0,-1899000000.0,25697000000.0,5000000.0,13057000000.0,13057000000.0,13057000000.0,0.0,266000000.0,0.12,87817000000.0,21125000000.0,10826000000,0.293,2.429,15.392,15.38,48322000000,0.0,44.14,1.845,1.845,11292000000,50695000000,108942000000.0,108942000000.0,0.0,0.051,0.167,0.128,0.195,1021000000.0,74864000000.0,1.0,4553034645,4553034645,,23.927,95319000000,0,3673000000.0,28180000000,20.935,-4900000000
7,CMCSA,ART,2019-09-30,2019-10-24,2019-09-30,2021-07-29,-1159000000,256374000000,255200500000.0,22323000000,234051000000,0.425,17.177,-13272000000.0,3507000000,3507000000,0.0,12705000000.0,0.859,2.268,106051000000,1039000000,105012000000,106051000000,2944000000,12973000000.0,0,0.018,0.82,20287000000.0,33260000000.0,0.307,33260000000.0,20287000000.0,15704000000.0,2.74,2.7,2.74,78144000000,75391500000.0,78144000000,306532381389,15.0,9.216,11980000000.0,2.633,1.0,108390000000.0,1.0,164899000000,4583000000.0,168030000000,165727500000.0,0,8289000000,0,8289000000,177214000000,25989000000,151225000000,203988381389,-11020000000.0,-37963000000.0,-1470000000.0,22436000000.0,-3643000000.0,17180000000.0,-53176000000.0,-2241000000.0,25252000000.0,-276000000.0,12406000000.0,12406000000.0,12406000000.0,0.0,299000000.0,0.114,87998000000.0,20392000000.0,10198000000,0.299,2.61,16.443,16.365,46790000000,0.0,44.84,1.882,1.882,10684000000,48570000000,108390000000.0,108390000000.0,0.0,0.049,0.165,0.122,0.187,1009000000.0,75025000000.0,1.0,4549250254,4549250254,,23.826,91475000000,0,3298000000.0,27992000000,20.108,-3666000000
8,CMCSA,ART,2019-06-30,2019-07-25,2019-06-30,2021-07-29,-62000000,256555000000,241265750000.0,21361000000,235194000000,0.43,16.909,-12858000000.0,3919000000,3919000000,0.0,12313000000.0,0.689,2.326,107613000000,6365000000,101248000000,107613000000,2642000000,12270000000.0,0,0.018,0.8,19843000000.0,32113000000.0,0.31,32113000000.0,19843000000.0,15597000000.0,2.66,2.62,2.66,76850000000,73736250000.0,76850000000,306445797266,15.0,9.543,13173000000.0,2.898,1.0,103698000000.0,1.0,165333000000,4246000000.0,163908000000,155554000000.0,0,8438000000,0,8438000000,178725000000,31008000000,147717000000,202751797266,-1823000000.0,-37954000000.0,-2672000000.0,31813000000.0,-3559000000.0,25368000000.0,-52962000000.0,-2437000000.0,26031000000.0,-260000000.0,12075000000.0,12075000000.0,12075000000.0,0.0,238000000.0,0.116,83810000000.0,19888000000.0,10014000000,0.301,2.638,16.791,16.771,46047000000,0.0,44.61,1.955,1.955,10835000000,46425000000,103698000000.0,103698000000.0,0.0,0.05,0.164,0.128,0.191,949000000.0,71540000000.0,1.0,4544985368,4544985368,,22.816,91222000000,0,3522000000.0,27996000000,20.071,-9647000000
9,CMCSA,ART,2019-03-31,2019-04-25,2019-03-31,2021-07-29,422000000,256189000000,224939000000.0,20273000000,235916000000,0.438,16.516,-12736000000.0,3498000000,3498000000,0.0,12318000000.0,0.726,2.406,109093000000,4629000000,104464000000,109093000000,2485000000,11397000000.0,0,0.018,0.78,19719000000.0,31116000000.0,0.316,31116000000.0,19719000000.0,15804000000.0,2.67,2.63,2.67,74959000000,72197250000.0,74959000000,300433457879,15.0,9.655,13318000000.0,2.934,1.0,98575000000.0,1.0,167282000000,3915000000.0,166585000000,143274750000.0,0,9159000000,0,9159000000,180327000000,27917000000,152410000000,194838457879,-2580000000.0,-38037000000.0,-3838000000.0,31336000000.0,-3483000000.0,23391000000.0,-51788000000.0,-1520000000.0,26054000000.0,-237000000.0,12166000000.0,12166000000.0,12166000000.0,0.0,152000000.0,0.123,79029000000.0,19546000000.0,10232000000,0.292,2.599,16.015,16.079,45721000000,0.0,42.93,1.977,1.977,10736000000,44379000000,98575000000.0,98575000000.0,0.0,0.054,0.169,0.138,0.2,872000000.0,67632000000.0,1.0,4538515208,4538515208,,21.72,88907000000,0,3638000000.0,27819000000,19.589,-7644000000
10,CMCSA,ART,2018-12-31,2019-01-31,2018-12-31,2021-07-29,-368000000,251684000000,208610750000.0,21848000000,229836000000,0.453,15.823,-12312000000.0,3814000000,3814000000,0.0,11862000000.0,0.792,2.502,111743000000,4398000000,107345000000,111743000000,2182000000,10676000000.0,0,0.021,0.76,18653000000.0,29329000000.0,0.31,29329000000.0,18653000000.0,15111000000.0,2.56,2.53,2.56,71613000000,70828000000.0,71613000000,273443449430,15.0,9.323,11985000000.0,2.648,1.0,94507000000.0,1.0,167623000000,3542000000.0,164387000000,130673250000.0,0,7883000000,0,7883000000,179182000000,27603000000,151579000000,165514449430,338000000.0,-38078000000.0,-5320000000.0,36362000000.0,-3352000000.0,27140000000.0,-50854000000.0,-1257000000.0,24297000000.0,-245000000.0,11731000000.0,11731000000.0,11731000000.0,0.0,131000000.0,0.124,75498000000.0,19009000000.0,8494000000,0.297,2.311,14.109,14.285,44437000000,0.0,36.57,1.751,1.751,11104000000,41983000000,94507000000.0,94507000000.0,0.0,0.056,0.166,0.143,0.197,826000000.0,64822000000.0,1.0,4525962522,4525962522,,20.881,84061000000,0,3380000000.0,27589000000,18.573,-5755000000
11,CMCSA,ART,2018-09-30,2018-10-25,2018-09-30,2021-07-29,374000000,200635000000,192427000000.0,23206000000,177429000000,0.46,15.721,-11679000000.0,10616000000,10616000000,0.0,24315000000.0,1.182,1.794,72884000000,3173000000,69711000000,72884000000,1633000000,17304000000.0,0,0.02,0.728,18706000000.0,36010000000.0,0.407,36010000000.0,18706000000.0,15486000000.0,5.18,5.11,5.18,71523000000,70076250000.0,71523000000,225322250921,12.0,6.257,12270000000.0,2.697,1.0,88576000000.0,1.0,115940000000,3220000000.0,127336000000,117069250000.0,0,7724000000,0,7724000000,128290000000,19627000000,108663000000,163054250921,10365000000.0,-41000000.0,-5505000000.0,7919000000.0,-3223000000.0,-1317000000.0,-12267000000.0,-1061000000.0,23949000000.0,0.0,24205000000.0,24205000000.0,24205000000.0,0.0,110000000.0,0.273,69974000000.0,18602000000.0,7036000000,0.141,2.28,6.736,6.919,39855000000,0.0,35.84,1.841,1.841,8983000000,41218000000,88576000000.0,88576000000.0,0.0,0.126,0.345,0.16,0.211,1358000000.0,59851000000.0,1.0,4549504769,4549504769,,19.469,84695000000,0,-8719000000.0,25167000000,18.616,3579000000
12,CMCSA,ART,2018-06-30,2018-07-26,2018-06-30,2021-07-29,461000000,191248000000,188593500000.0,18215000000,173033000000,0.464,15.429,-11597000000.0,5726000000,5726000000,0.0,24102000000.0,0.958,1.69,64580000000,2634000000,61946000000,64580000000,1746000000,14827000000.0,0,0.02,0.695,18820000000.0,33647000000.0,0.385,33647000000.0,18820000000.0,15664000000.0,5.11,5.04,5.11,70694000000,66052250000.0,70694000000,218076185024,12.0,6.481,11529000000.0,2.516,1.0,87424000000.0,1.0,116304000000,3156000000.0,114791000000,112253000000.0,0,7438000000,0,7438000000,119505000000,19007000000,100498000000,159222185024,3006000000.0,-72000000.0,-5957000000.0,851000000.0,-3095000000.0,-8597000000.0,-11523000000.0,-949000000.0,23126000000.0,0.0,23969000000.0,23969000000.0,23969000000.0,0.0,133000000.0,0.274,68866000000.0,18558000000.0,6940000000,0.136,2.252,6.643,6.8,39355000000,0.0,34.75,1.821,1.821,8847000000,40269000000,87424000000.0,87424000000.0,0.0,0.127,0.363,0.168,0.215,1161000000.0,59082000000.0,1.0,4581933382,4581933382,,19.08,74944000000,0,-8305000000.0,25140000000,16.356,-792000000
13,CMCSA,ART,2018-03-31,2018-04-25,2018-03-31,2021-07-29,608000000,190876000000,186539250000.0,18753000000,172123000000,0.466,15.049,-11542000000.0,6030000000,6030000000,0.0,23429000000.0,0.978,1.729,66717000000,3039000000,63678000000,66717000000,1578000000,12424000000.0,0,0.019,0.662,18356000000.0,30780000000.0,0.354,30780000000.0,18356000000.0,15248000000.0,4.94,4.87,4.94,69482000000,62130000000.0,69482000000,218869403307,12.0,7.111,9679000000.0,2.096,1.0,86854000000.0,1.0,116205000000,3108000000.0,116179000000,109801250000.0,0,7095000000,0,7095000000,120166000000,19179000000,100987000000,158182403307,2012000000.0,-255000000.0,-6168000000.0,4525000000.0,-2964000000.0,-7007000000.0,-12202000000.0,-1420000000.0,21221000000.0,0.0,23266000000.0,23266000000.0,23266000000.0,0.0,163000000.0,0.268,68752000000.0,18102000000.0,7349000000,0.134,2.277,6.799,6.935,39068000000,0.0,34.26,1.821,1.821,8759000000,38961000000,86854000000.0,86854000000.0,0.0,0.125,0.374,0.167,0.211,950000000.0,58830000000.0,1.0,4617116267,4617116267,,18.811,74671000000,0,-8018000000.0,24702000000,16.173,-426000000
14,CMCSA,ART,2017-12-31,2018-01-31,2017-12-31,2021-07-29,379000000,186949000000,184440000000.0,16060000000,170889000000,0.458,14.771,-11715000000.0,3437000000,3437000000,0.0,22900000000.0,0.745,1.713,64556000000,5134000000,59422000000,64556000000,1552000000,9825000000.0,0,0.015,0.63,18222000000.0,28047000000.0,0.332,28047000000.0,18222000000.0,15136000000.0,4.82,4.75,4.82,68606000000,58524250000.0,68606000000,258649925963,14.0,9.222,9688000000.0,2.086,1.0,84526000000.0,1.0,116536000000,3086000000.0,109971000000,106936250000.0,0,6931000000,0,6931000000,117500000000,21561000000,95939000000,197530925963,127000000.0,-382000000.0,-5435000000.0,3197000000.0,-2883000000.0,-7572000000.0,-13704000000.0,-2292000000.0,21403000000.0,0.0,22714000000.0,22714000000.0,22714000000.0,0.0,186000000.0,0.269,66539000000.0,17987000000.0,6926000000,0.131,2.879,8.696,8.824,38470000000,0.0,42.53,2.337,2.337,8546000000,38192000000,84526000000.0,84526000000.0,0.0,0.123,0.388,0.17,0.216,751000000.0,56714000000.0,1.0,4644508017,4644508017,,18.199,70413000000,0,-7578000000.0,24256000000,15.16,-5501000000
15,CMCSA,ART,2017-09-30,2017-10-26,2017-09-30,2021-07-29,381000000,185301000000,182827750000.0,15960000000,169341000000,0.457,11.859,-11625000000.0,4114000000,4114000000,0.0,10282000000.0,0.744,2.328,64961000000,5241000000,59720000000,64961000000,1572000000,9558000000.0,0,0.017,0.61,18414000000.0,27972000000.0,0.334,27972000000.0,18414000000.0,15379000000.0,2.11,2.075,2.11,55427000000,54858500000.0,55427000000,230364704274,13.0,8.236,10079000000.0,2.157,1.0,83636000000.0,1.0,116628000000,3035000000.0,108071000000,104711000000.0,0,6695000000,0,6695000000,129038000000,21449000000,107589000000,169517704274,1307000000.0,-424000000.0,-5450000000.0,4754000000.0,-2804000000.0,-6137000000.0,-14260000000.0,-3011000000.0,21704000000.0,0.0,10025000000.0,10025000000.0,10025000000.0,0.0,257000000.0,0.12,65492000000.0,18144000000.0,6976000000,0.289,3.058,16.909,17.19,37856000000,0.0,36.27,2.027,2.027,7915000000,24979000000,83636000000.0,83636000000.0,0.0,0.055,0.183,0.176,0.22,640000000.0,55815000000.0,1.0,4673771830,4673771830,,17.895,68673000000,0,5354000000.0,35602000000,14.693,-5489000000
16,CMCSA,ART,2017-06-30,2017-07-27,2017-06-30,2021-07-29,428000000,183031000000,180983500000.0,14832000000,168199000000,0.464,11.67,-11636000000.0,2693000000,2693000000,0.0,9923000000.0,0.666,2.312,63568000000,6358000000,57210000000,63568000000,1448000000,9558000000.0,0,0.015,0.59,17973000000.0,27531000000.0,0.328,27531000000.0,17973000000.0,14953000000.0,2.015,1.985,2.015,55005000000,54372000000.0,55005000000,246723273141,14.0,8.962,9035000000.0,1.917,1.0,83972000000.0,1.0,116646000000,3020000000.0,104984000000,103384750000.0,0,6521000000,0,6521000000,127183000000,22276000000,104907000000,185848273141,-1972000000.0,-4121000000.0,-5087000000.0,7863000000.0,-2724000000.0,-2599000000.0,-20044000000.0,-4634000000.0,20671000000.0,0.0,9612000000.0,9612000000.0,9612000000.0,0.0,311000000.0,0.114,66180000000.0,17792000000.0,6730000000,0.293,3.379,19.335,19.568,37171000000,0.0,39.43,2.213,2.213,7849000000,24560000000,83972000000.0,83972000000.0,0.0,0.053,0.177,0.174,0.214,640000000.0,56246000000.0,1.0,4713372385,4713372385,,17.816,66385000000,0,5341000000.0,35409000000,14.084,-7444000000
17,CMCSA,ART,2017-03-31,2017-04-27,2017-03-31,2021-07-29,342000000,182479000000,178222000000.0,15245000000,167234000000,0.461,11.609,-11470000000.0,4022000000,4022000000,0.0,9468000000.0,0.799,2.267,61785000000,3509000000,58276000000,61785000000,1234000000,9558000000.0,0,0.014,0.57,17376000000.0,26934000000.0,0.328,26934000000.0,17376000000.0,14382000000.0,1.905,1.88,1.905,55059000000,53895250000.0,55059000000,245536662444,14.0,9.116,8316000000.0,1.753,1.0,82076000000.0,1.0,116449000000,2994000000.0,104719000000,100510500000.0,0,5938000000,0,5938000000,124831000000,19074000000,105757000000,187773662444,-1606000000.0,-4013000000.0,-4736000000.0,5780000000.0,-2647000000.0,-1922000000.0,-19470000000.0,-4009000000.0,19786000000.0,0.0,9127000000.0,9127000000.0,9127000000.0,0.0,341000000.0,0.111,64776000000.0,17300000000.0,6658000000,0.299,3.41,20.573,20.782,36626000000,0.0,39.59,2.288,2.288,7525000000,24063000000,82076000000.0,82076000000.0,0.0,0.051,0.169,0.173,0.212,640000000.0,54994000000.0,1.0,4742956869,4742956869,,17.305,66030000000,0,5255000000.0,35348000000,13.922,-3829000000
18,CMCSA,ART,2016-12-31,2017-02-03,2016-12-31,2021-07-29,98000000,180500000000,175252000000.0,16361000000,164139000000,0.459,11.353,-11249000000.0,5073000000,5073000000,0.0,9045000000.0,0.76,2.305,61046000000,5480000000,55566000000,61046000000,1132000000,9558000000.0,0,0.015,0.55,16945000000.0,26503000000.0,0.33,26503000000.0,16945000000.0,14003000000.0,1.805,1.785,1.805,53943000000,53291000000.0,53943000000,234775835415,14.0,8.858,7991000000.0,1.682,1.0,80403000000.0,1.0,113868000000,2942000000.0,101070000000,96950000000.0,0,5247000000,0,5247000000,124326000000,21535000000,102791000000,178802835415,1006000000.0,-3711000000.0,-4977000000.0,7969000000.0,-2601000000.0,151000000.0,-18385000000.0,-3446000000.0,19240000000.0,0.0,8695000000.0,8695000000.0,8695000000.0,0.0,350000000.0,0.108,63544000000.0,16859000000.0,6915000000,0.305,3.315,20.564,20.848,36253000000,0.0,37.63,2.224,2.224,7955000000,23076000000,80403000000.0,80403000000.0,0.0,0.05,0.163,0.175,0.211,640000000.0,53986000000.0,1.0,4751603386,4751603386,,16.921,66632000000,0,5308000000.0,34854000000,14.023,-5174000000
19,CMCSA,ART,2016-09-30,2016-10-26,2016-09-30,2021-07-29,34000000,177924000000,171770500000.0,15228000000,162696000000,0.458,11.175,-11181000000.0,2807000000,2807000000,0.0,8684000000.0,0.844,2.283,60428000000,3333000000,57095000000,60428000000,1340000000,8680000000.0,0,0.017,0.538,16381000000.0,25061000000.0,0.319,25061000000.0,16381000000.0,13521000000.0,1.725,1.705,1.725,53481000000,52872500000.0,53481000000,207316594569,13.0,8.272,7281000000.0,1.521,1.0,78623000000.0,1.0,114741000000,2860000000.0,102766000000,93746000000.0,0,3857000000,0,3857000000,122101000000,18038000000,104063000000,149695594569,914000000.0,-5203000000.0,-4718000000.0,8667000000.0,-2558000000.0,1364000000.0,-18912000000.0,-2451000000.0,18462000000.0,0.0,8370000000.0,8370000000.0,8370000000.0,0.0,314000000.0,0.106,62026000000.0,16597000000.0,6594000000,0.312,2.799,17.885,18.133,35656000000,0.0,31.28,1.904,1.904,7533000000,22510000000,78623000000.0,78623000000.0,0.0,0.049,0.158,0.175,0.208,567000000.0,52694000000.0,1.0,4785664788,4785664788,,16.429,63183000000,0,5151000000.0,34523000000,13.203,-2810000000
20,CMCSA,ART,2016-06-30,2016-07-27,2016-06-30,2021-07-29,1000000,171985000000,167029000000.0,14777000000,157208000000,0.455,11.008,-10789000000.0,4665000000,4665000000,0.0,8401000000.0,0.84,2.198,55563000000,2934000000,52629000000,55563000000,1611000000,8680000000.0,0,0.015,0.525,15871000000.0,24551000000.0,0.323,24551000000.0,15871000000.0,13103000000.0,1.665,1.645,1.665,53098000000,52431250000.0,53098000000,214709200593,14.0,8.745,8538000000.0,1.77,1.0,75973000000.0,1.0,111795000000,2768000000.0,93487000000,88699750000.0,0,3679000000,0,3679000000,116709000000,17601000000,99108000000,163811200593,1179000000.0,-1557000000.0,-5527000000.0,3457000000.0,-2518000000.0,-4592000000.0,-13556000000.0,-1092000000.0,19327000000.0,0.0,8129000000.0,8129000000.0,8129000000.0,0.0,272000000.0,0.107,59815000000.0,16158000000.0,6359000000,0.315,3.085,20.151,20.396,34896000000,0.0,33.96,2.156,2.156,6708000000,22117000000,75973000000.0,75973000000.0,0.0,0.049,0.155,0.179,0.209,567000000.0,50695000000.0,1.0,4823651372,4823651372,,15.75,60190000000,0,4974000000.0,34512000000,12.478,-2824000000
21,CMCSA,ART,2016-03-31,2016-04-27,2016-03-31,2021-07-29,-84000000,170599000000,163951250000.0,15180000000,155419000000,0.46,10.844,-10427000000.0,5628000000,5628000000,0.0,8496000000.0,0.795,2.205,55634000000,4119000000,51515000000,55634000000,1393000000,8680000000.0,0,0.017,0.512,15996000000.0,24676000000.0,0.327,24676000000.0,15996000000.0,13247000000.0,1.67,1.65,1.67,52642000000,52256750000.0,52642000000,198793089851,12.0,8.056,8216000000.0,1.692,1.0,75447000000.0,1.0,111044000000,2749000000.0,90477000000,86005750000.0,0,3638000000,0,3638000000,116087000000,19084000000,97003000000,148787089851,1691000000.0,-1447000000.0,-5979000000.0,5039000000.0,-2476000000.0,-3973000000.0,-12979000000.0,-1200000000.0,18643000000.0,0.0,8238000000.0,8238000000.0,8238000000.0,0.0,258000000.0,0.109,59250000000.0,16197000000.0,6333000000,0.307,2.826,18.061,18.353,34122000000,0.0,30.65,1.972,1.972,6375000000,21750000000,75447000000.0,75447000000.0,0.0,0.05,0.158,0.186,0.212,567000000.0,50358000000.0,1.0,4854391186,4854391186,,15.542,59555000000,0,5009000000.0,33821000000,12.268,-3904000000
22,CMCSA,ART,2015-12-31,2016-02-05,2015-12-31,2021-07-29,-174000000,166574000000,160990750000.0,12303000000,154271000000,0.463,10.7,-10047000000.0,2295000000,2295000000,0.0,8413000000.0,0.677,2.154,52621000000,3627000000,48994000000,52621000000,1302000000,8680000000.0,0,0.017,0.5,15824000000.0,24504000000.0,0.329,24504000000.0,15824000000.0,13122000000.0,1.64,1.62,1.64,52269000000,52139000000.0,52269000000,195428886746,12.0,7.975,8731000000.0,1.787,1.0,74510000000.0,1.0,110468000000,2702000000.0,88254000000,83133500000.0,0,3330000000,106000000,3224000000,112596000000,18178000000,94418000000,145102886746,-1615000000.0,-1353000000.0,-6714000000.0,1243000000.0,-2437000000.0,-8429000000.0,-11964000000.0,-784000000.0,18778000000.0,0.0,8163000000.0,8163000000.0,8163000000.0,0.0,250000000.0,0.11,58512000000.0,15998000000.0,6215000000,0.305,2.776,17.776,18.113,33665000000,0.0,29.705,1.947,1.947,6896000000,21413000000,74510000000.0,74510000000.0,0.0,0.051,0.157,0.19,0.212,567000000.0,49832000000.0,1.0,4884796726,4884796726,,15.253,56106000000,0,4959000000.0,33566000000,11.486,-5875000000
23,CMCSA,ART,2015-09-30,2015-10-27,2015-09-30,2021-07-29,-195000000,158958000000,159182000000.0,11501000000,147457000000,0.459,10.523,-9520000000.0,1893000000,1893000000,0.0,8353000000.0,0.663,2.069,47757000000,3152000000,44605000000,47757000000,1265000000,8019000000.0,0,0.016,0.487,15720000000.0,23739000000.0,0.325,23739000000.0,15720000000.0,13028000000.0,1.615,1.595,1.615,51716000000,52249500000.0,51716000000,197081904845,13.0,8.302,8936000000.0,1.818,1.0,72997000000.0,1.0,104882000000,2692000000.0,82581000000,81508500000.0,0,3460000000,137000000,3323000000,106993000000,17359000000,89634000000,151217904845,-2654000000.0,178000000.0,-7734000000.0,-647000000.0,-2401000000.0,-11253000000.0,-9857000000.0,-739000000.0,18456000000.0,0.0,8117000000.0,8117000000.0,8117000000.0,0.0,236000000.0,0.111,57214000000.0,15783000000.0,5996000000,0.302,2.924,18.63,19.053,32170000000,0.0,30.77,2.072,2.072,6527000000,20883000000,72997000000.0,72997000000.0,0.0,0.051,0.155,0.193,0.215,513000000.0,48714000000.0,1.0,4914459046,4914459046,,14.854,54076000000,0,4911000000.0,33131000000,11.003,-5858000000
24,CMCSA,ART,2015-06-30,2015-07-23,2015-06-30,2021-07-29,-166000000,159674000000,159251750000.0,13319000000,146355000000,0.447,10.512,-9214000000.0,3486000000,3486000000,0.0,8945000000.0,0.758,2.041,48523000000,3887000000,44636000000,48523000000,1122000000,8019000000.0,0,0.015,0.475,15504000000.0,23523000000.0,0.331,23523000000.0,15504000000.0,12808000000.0,1.71,1.69,1.71,52400000000,52645000000.0,52400000000,200738993777,13.0,8.534,9018000000.0,1.809,1.0,71119000000.0,1.0,104435000000,2696000000.0,82711000000,81160250000.0,0,3143000000,144000000,2999000000,106945000000,17565000000,89380000000,155701993777,1957000000.0,330000000.0,-6298000000.0,2015000000.0,-2362000000.0,-7194000000.0,-9081000000.0,-367000000.0,18232000000.0,0.0,8713000000.0,8713000000.0,8713000000.0,0.0,232000000.0,0.123,55592000000.0,15527000000.0,5880000000,0.278,2.971,17.87,18.266,31572000000,0.0,31.235,2.189,2.189,7016000000,21313000000,71119000000.0,71119000000.0,0.0,0.055,0.166,0.191,0.218,513000000.0,47316000000.0,1.0,4984856532,4984856532,,14.267,55239000000,0,4095000000.0,33198000000,11.081,-4246000000
25,CMCSA,ART,2015-03-31,2015-05-04,2015-03-31,2021-07-29,-188000000,158757000000,158698000000.0,12921000000,145836000000,0.436,10.378,-8943000000.0,3937000000,3937000000,0.0,8795000000.0,0.698,2.036,47133000000,4180000000,42953000000,47133000000,970000000,8019000000.0,0,0.016,0.462,15215000000.0,23234000000.0,0.336,23234000000.0,15215000000.0,12584000000.0,1.67,1.65,1.67,52171000000,52537750000.0,52171000000,190942067062,13.0,8.218,8761000000.0,1.743,1.0,69220000000.0,1.0,104463000000,2631000000.0,78988000000,80552250000.0,0,3393000000,158000000,3235000000,106246000000,18502000000,87744000000,147746067062,883000000.0,69000000.0,-5458000000.0,-119000000.0,-2318000000.0,-7899000000.0,-8922000000.0,-161000000.0,17704000000.0,0.0,8568000000.0,8568000000.0,8568000000.0,0.0,227000000.0,0.124,53994000000.0,15226000000.0,6157000000,0.277,2.832,17.244,17.599,31127000000,0.0,29.39,2.134,2.134,6144000000,21186000000,69220000000.0,69220000000.0,0.0,0.054,0.163,0.189,0.22,513000000.0,45879000000.0,1.0,5027086324,5027086324,,13.769,54294000000,0,4016000000.0,32855000000,10.8,-5581000000
26,CMCSA,ART,2014-12-31,2015-02-27,2014-12-31,2021-07-29,-146000000,159339000000,158452000000.0,13531000000,145808000000,0.434,10.372,-8585000000.0,3910000000,3910000000,0.0,8592000000.0,0.777,2.016,48234000000,4217000000,44017000000,48234000000,915000000,8019000000.0,0,0.015,0.45,14870000000.0,22889000000.0,0.333,22889000000.0,14870000000.0,12253000000.0,1.62,1.6,1.62,52711000000,52312000000.0,52711000000,195212562854,13.0,8.529,8360000000.0,1.645,1.0,68775000000.0,1.0,104499000000,2617000000.0,81754000000,80765500000.0,0,3737000000,602000000,3135000000,106271000000,17410000000,88861000000,150888562854,2192000000.0,189000000.0,-4216000000.0,503000000.0,-2254000000.0,-6020000000.0,-8733000000.0,-166000000.0,16945000000.0,0.0,8380000000.0,8380000000.0,8380000000.0,0.0,212000000.0,0.122,53871000000.0,14904000000.0,5638000000,0.278,2.863,18.006,18.327,30953000000,0.0,29.69,2.194,2.194,6321000000,21539000000,68775000000.0,68775000000.0,0.0,0.053,0.16,0.184,0.216,513000000.0,45852000000.0,1.0,5082134148,5082134148,,13.533,54840000000,0,3873000000.0,32959000000,10.791,-3879000000
27,CMCSA,ART,2014-09-30,2014-10-23,2014-09-30,2021-07-29,3000000,159237000000,158320500000.0,13936000000,145301000000,0.429,10.344,-8277000000.0,4547000000,4547000000,0.0,8564000000.0,0.816,1.981,48350000000,3523000000,44827000000,48350000000,976000000,7871000000.0,0,0.016,0.435,14712000000.0,22583000000.0,0.332,22583000000.0,14712000000.0,12113000000.0,1.615,1.59,1.615,53298000000,51807750000.0,53298000000,180913545552,12.0,8.011,6506000000.0,1.263,1.0,67969000000.0,1.0,104768000000,2599000000.0,81188000000,80654750000.0,0,3660000000,531000000,3129000000,105584000000,17084000000,88500000000,137110545552,2944000000.0,516000000.0,-2712000000.0,1521000000.0,-2186000000.0,-3572000000.0,-8267000000.0,-182000000.0,14783000000.0,0.0,8368000000.0,8368000000.0,8368000000.0,0.0,196000000.0,0.123,53205000000.0,14764000000.0,5680000000,0.269,2.573,16.385,16.477,30362000000,0.0,26.61,2.017,2.017,6172000000,21805000000,67969000000.0,67969000000.0,0.0,0.053,0.162,0.182,0.216,419000000.0,45278000000.0,1.0,5152594722,5152594722,,13.191,54469000000,0,3745000000.0,32227000000,10.571,-3148000000
28,CMCSA,ART,2014-06-30,2014-07-24,2014-06-30,2021-07-29,-14000000,157459000000,157660000000.0,12772000000,144687000000,0.427,10.04,-6716000000.0,1529000000,1529000000,0.0,7709000000.0,0.735,2.023,46549000000,2947000000,43602000000,46549000000,847000000,7871000000.0,0,0.015,0.42,14442000000.0,22313000000.0,0.331,22313000000.0,14442000000.0,11867000000.0,1.445,1.42,1.445,51971000000,50912750000.0,51971000000,187702120320,13.0,8.412,7306000000.0,1.411,1.0,67329000000.0,1.0,104825000000,2575000000.0,80279000000,79886500000.0,0,5397000000,2325000000,3072000000,105127000000,17375000000,87752000000,142682120320,140000000.0,968000000.0,-2455000000.0,-571000000.0,-2114000000.0,-5440000000.0,-8442000000.0,-650000000.0,14022000000.0,0.0,7508000000.0,7508000000.0,7508000000.0,0.0,201000000.0,0.112,52896000000.0,14433000000.0,5432000000,0.291,2.745,19.004,19.076,29970000000,0.0,27.565,2.119,2.119,6232000000,20432000000,67329000000.0,67329000000.0,0.0,0.048,0.147,0.181,0.214,419000000.0,45012000000.0,1.0,5176206070,5176206070,,13.007,52634000000,0,4359000000.0,31854000000,10.168,-4603000000
29,CMCSA,ART,2014-03-31,2014-04-22,2014-03-31,2021-07-29,33000000,157773000000,157500000000.0,14043000000,143730000000,0.424,9.86,-6416000000.0,3054000000,3054000000,0.0,7428000000.0,0.789,2.07,47400000000,2819000000,44581000000,47400000000,776000000,7871000000.0,0,0.016,0.405,13986000000.0,21857000000.0,0.327,21857000000.0,13986000000.0,11423000000.0,1.39,1.365,1.39,51268000000,50192750000.0,51268000000,176494049468,13.0,8.075,7861000000.0,1.512,1.0,66755000000.0,1.0,104475000000,2563000000.0,79841000000,79501500000.0,0,5479000000,2389000000,3090000000,106141000000,17803000000,88338000000,132148049468,1215000000.0,1210000000.0,-2203000000.0,-216000000.0,-2043000000.0,-4806000000.0,-8256000000.0,-1039000000.0,14277000000.0,0.0,7250000000.0,7250000000.0,7250000000.0,0.0,178000000.0,0.109,52691000000.0,14064000000.0,5534000000,0.291,2.578,18.227,18.284,29588000000,0.0,25.415,1.98,1.98,6151000000,19737000000,66755000000.0,66755000000.0,0.0,0.046,0.144,0.176,0.21,419000000.0,44817000000.0,1.0,5199608478,5199608478,,12.838,53298000000,0,4173000000.0,31595000000,10.25,-3760000000
30,CMCSA,ART,2013-12-31,2014-02-12,2013-12-31,2021-07-29,56000000,158813000000,157147750000.0,14075000000,144738000000,0.411,9.724,-7605000000.0,1718000000,1718000000,0.0,7135000000.0,0.744,2.126,47847000000,3280000000,44567000000,47847000000,898000000,7871000000.0,0,0.014,0.39,13370000000.0,21241000000.0,0.329,21241000000.0,13370000000.0,10796000000.0,1.3,1.28,1.3,50694000000,49423250000.0,50694000000,190114804765,14.0,8.95,6555000000.0,1.257,1.0,64657000000.0,1.0,104719000000,2574000000.0,81311000000,79263250000.0,0,7343000000,3573000000,3770000000,107755000000,18912000000,88843000000,143985804765,-9233000000.0,984000000.0,-1960000000.0,1834000000.0,-1964000000.0,-13879000000.0,-9514000000.0,-1074000000.0,14160000000.0,0.0,6816000000.0,6816000000.0,6816000000.0,0.0,319000000.0,0.105,51094000000.0,13563000000.0,5528000000,0.3,2.84,21.125,21.246,29840000000,0.0,27.62,2.227,2.227,6376000000,19235000000,64657000000.0,64657000000.0,0.0,0.043,0.138,0.169,0.207,419000000.0,43223000000.0,1.0,5213099376,5213099376,,12.403,54094000000,0,3980000000.0,31935000000,10.377,-4837000000
31,CMCSA,ART,2013-09-30,2013-10-30,2013-09-30,2021-07-29,-110000000,156595000000,158687250000.0,13407000000,143188000000,0.401,9.505,-7276000000.0,1603000000,1603000000,0.0,6974000000.0,0.718,2.141,46525000000,2337000000,44188000000,46525000000,1001000000,7798000000.0,0,0.016,0.374,12744000000.0,20542000000.0,0.323,20542000000.0,12744000000.0,10193000000.0,1.225,1.2,1.225,49718000000,49088750000.0,49718000000,168082471039,13.0,8.182,8018000000.0,1.533,1.0,63668000000.0,1.0,104736000000,2551000000.0,78115000000,77102000000.0,0,7804000000,4132000000,3672000000,106461000000,18666000000,87795000000,123160471039,-7296000000.0,625000000.0,-2197000000.0,2817000000.0,-1886000000.0,-13267000000.0,-9323000000.0,-1056000000.0,15294000000.0,0.0,6421000000.0,6421000000.0,6421000000.0,0.0,553000000.0,0.101,50458000000.0,13210000000.0,6032000000,0.305,2.477,19.181,19.22,28806000000,0.0,23.545,1.934,1.934,5501000000,18324000000,63668000000.0,63668000000.0,0.0,0.04,0.131,0.165,0.2,371000000.0,42602000000.0,1.0,5230854578,5230854578,,12.172,51859000000,0,3772000000.0,31261000000,9.914,-5259000000
32,CMCSA,ART,2013-06-30,2013-07-31,2013-06-30,2021-07-29,77000000,156819000000,160152000000.0,12735000000,144084000000,0.4,9.351,-8384000000.0,1389000000,1389000000,0.0,8174000000.0,0.685,2.186,46649000000,2535000000,44114000000,46649000000,946000000,7798000000.0,0,0.016,0.357,13503000000.0,21301000000.0,0.333,21301000000.0,13503000000.0,10958000000.0,1.29,1.265,1.29,49091000000,48882250000.0,49091000000,163591012404,12.0,7.68,6340000000.0,1.208,1.0,64061000000.0,1.0,104738000000,2545000000.0,78739000000,74935750000.0,0,9064000000,3765000000,5299000000,107333000000,18602000000,88731000000,118331012404,-712000000.0,3039000000.0,-2427000000.0,4451000000.0,-1809000000.0,-11819000000.0,-3617000000.0,1678000000.0,14724000000.0,0.0,6802000000.0,6802000000.0,6802000000.0,0.0,1372000000.0,0.106,51217000000.0,12844000000.0,6077000000,0.277,2.41,17.397,17.473,28255000000,0.0,22.54,1.847,1.847,5507000000,17509000000,64061000000.0,64061000000.0,0.0,0.042,0.139,0.18,0.211,371000000.0,43317000000.0,1.0,5249823088,5249823088,,12.203,52081000000,0,4156000000.0,31303000000,9.921,-5867000000
33,CMCSA,ART,2013-03-31,2013-05-01,2013-03-31,2021-07-29,-11000000,156364000000,160369250000.0,11783000000,144581000000,0.393,9.15,-8133000000.0,1839000000,1839000000,0.0,8063000000.0,0.654,2.235,47226000000,2177000000,45049000000,47226000000,903000000,7798000000.0,0,0.016,0.341,12869000000.0,20667000000.0,0.328,20667000000.0,12869000000.0,10335000000.0,1.21,1.19,1.21,48190000000,48542250000.0,48190000000,155621753072,12.0,7.53,6697000000.0,1.272,1.0,63002000000.0,1.0,104845000000,2534000000.0,78888000000,73176000000.0,0,8274000000,2841000000,5433000000,107713000000,18018000000,89695000000,110234753072,-368000000.0,3051000000.0,-2654000000.0,4264000000.0,-1733000000.0,-12298000000.0,-2900000000.0,2055000000.0,14830000000.0,0.0,6416000000.0,6416000000.0,6416000000.0,0.0,1647000000.0,0.102,50514000000.0,12488000000.0,5750000000,0.282,2.288,17.181,17.298,28219000000,0.0,20.93,1.75,1.75,5063000000,16730000000,63002000000.0,63002000000.0,0.0,0.04,0.132,0.176,0.204,371000000.0,42679000000.0,1.0,5266830056,5266830056,,11.962,51519000000,0,3919000000.0,31152000000,9.782,-6235000000
34,CMCSA,ART,2012-12-31,2013-02-21,2012-12-31,2021-07-29,15000000,164971000000,160765500000.0,19991000000,144980000000,0.389,9.383,-6637000000.0,10951000000,10951000000,0.0,7865000000.0,1.196,2.334,40458000000,2376000000,38082000000,40458000000,851000000,7798000000.0,0,0.016,0.325,12468000000.0,20266000000.0,0.324,20266000000.0,12468000000.0,9947000000.0,1.16,1.14,1.16,49356000000,48363750000.0,49356000000,134919327768,11.0,6.657,8217000000.0,1.562,1.0,62570000000.0,1.0,105098000000,2521000000.0,72666000000,71633000000.0,0,7789000000,1464000000,6325000000,115175000000,16714000000,98461000000,105412327768,9331000000.0,3012000000.0,-2767000000.0,1119000000.0,-1608000000.0,-4037000000.0,-1486000000.0,2065000000.0,14854000000.0,0.0,6203000000.0,6203000000.0,6203000000.0,0.0,1662000000.0,0.099,50391000000.0,12179000000.0,6206000000,0.28,2.136,16.994,17.276,27232000000,0.0,20.04,1.685,1.685,5521000000,16280000000,62570000000.0,62570000000.0,0.0,0.039,0.128,0.174,0.199,371000000.0,42593000000.0,1.0,5260096196,5260096196,,11.895,59873000000,0,3744000000.0,30110000000,11.382,3277000000
35,CMCSA,ART,2012-09-30,2012-10-26,2012-09-30,2021-07-29,-48000000,162454000000,158977250000.0,18066000000,144388000000,0.388,9.2,-6619000000.0,8899000000,8899000000,0.0,7643000000.0,1.042,2.314,38590000000,2799000000,35791000000,38590000000,887000000,7636000000.0,0,0.016,0.3,12279000000.0,19915000000.0,0.323,19915000000.0,12279000000.0,9739000000.0,1.105,1.1,1.105,48892000000,47843250000.0,48892000000,129497797228,11.0,6.503,8759000000.0,1.648,1.0,61675000000.0,1.0,105360000000,2540000000.0,69450000000,72682500000.0,0,7352000000,1401000000,5951000000,113113000000,17335000000,95778000000,99806797228,7093000000.0,3277000000.0,-2243000000.0,-2313000000.0,-1482000000.0,-6948000000.0,-1337000000.0,1886000000.0,15378000000.0,0.0,5972000000.0,5972000000.0,5972000000.0,0.0,1671000000.0,0.097,49872000000.0,11803000000.0,6250000000,0.271,2.041,16.712,16.995,26984000000,0.0,18.78,1.618,1.618,5123000000,15774000000,61675000000.0,61675000000.0,0.0,0.038,0.125,0.169,0.199,344000000.0,42059000000.0,1.0,5314525944,5314525944,,11.605,57094000000,0,3767000000.0,30231000000,10.743,731000000
36,CMCSA,ART,2012-06-30,2012-08-01,2012-06-30,2021-07-29,-170000000,157688000000,157570500000.0,11354000000,146334000000,0.377,8.919,-6463000000.0,2101000000,2101000000,0.0,5831000000.0,0.721,2.294,37129000000,2954000000,34175000000,37129000000,1027000000,7636000000.0,0,0.016,0.275,10312000000.0,17948000000.0,0.302,17948000000.0,10312000000.0,7768000000.0,0.875,0.875,0.875,47731000000,47291000000.0,47731000000,124801966997,12.0,6.954,8741000000.0,1.633,1.0,59470000000.0,1.0,105274000000,2544000000.0,71700000000,74602750000.0,0,10249000000,2231000000,8018000000,109509000000,15742000000,93767000000,89773966997,104000000.0,-406000000.0,-2124000000.0,-3895000000.0,-1356000000.0,-8049000000.0,-7051000000.0,-313000000.0,15204000000.0,0.0,4767000000.0,4767000000.0,4767000000.0,0.0,1064000000.0,0.08,48074000000.0,11396000000.0,5730000000,0.314,1.881,18.832,19.171,26891000000,0.0,16.775,1.51,1.51,4387000000,14626000000,59470000000.0,59470000000.0,0.0,0.03,0.101,0.138,0.173,344000000.0,40288000000.0,1.0,5351652280,5351652280,,11.112,52414000000,0,3001000000.0,29881000000,9.794,-4388000000
37,CMCSA,ART,2012-03-31,2012-05-02,2012-03-31,2021-07-29,-148000000,157949000000,156844000000.0,9355000000,148594000000,0.374,8.804,-6390000000.0,2207000000,2207000000,0.0,5565000000.0,0.598,2.32,37785000000,2705000000,35080000000,37785000000,0,7636000000.0,0,0.016,0.25,10185000000.0,17821000000.0,0.304,17821000000.0,10185000000.0,7645000000.0,0.81,0.81,0.81,47476000000,47019000000.0,47476000000,117582007052,12.0,6.598,8880000000.0,1.647,1.0,58592000000.0,1.0,105179000000,2540000000.0,72716000000,75412750000.0,0,10149000000,0,10149000000,110128000000,15632000000,94496000000,82004007052,385000000.0,-437000000.0,-1933000000.0,-4122000000.0,-1230000000.0,-7915000000.0,-6970000000.0,-199000000.0,15270000000.0,0.0,4441000000.0,4441000000.0,4441000000.0,0.0,1124000000.0,0.076,47337000000.0,11255000000.0,5763000000,0.309,1.727,18.465,18.775,26962000000,0.0,15.207,1.4,1.4,4379000000,14217000000,58592000000.0,58592000000.0,0.0,0.028,0.094,0.135,0.174,344000000.0,39613000000.0,1.0,5392339770,5392339770,,10.866,52770000000,0,3204000000.0,29812000000,9.786,-6277000000
38,CMCSA,ART,2011-12-31,2012-02-23,2011-12-31,2021-07-29,-152000000,157818000000,155921500000.0,8573000000,149245000000,0.358,8.766,-6261000000.0,1620000000,1620000000,0.0,5157000000.0,0.647,2.33,39309000000,1367000000,37942000000,39309000000,790000000,7636000000.0,0,0.015,0.225,9715000000.0,17351000000.0,0.311,17351000000.0,9715000000.0,7210000000.0,0.755,0.75,0.755,47274000000,46732000000.0,47274000000,118071346510,12.0,6.805,8084000000.0,1.499,1.0,55842000000.0,1.0,105402000000,2505000000.0,76864000000,75776750000.0,0,9854000000,0,9854000000,110163000000,13241000000,96922000000,80382346510,-4364000000.0,-6130000000.0,-1858000000.0,-2672000000.0,-1187000000.0,-6201000000.0,-12508000000.0,-135000000.0,14345000000.0,0.0,4160000000.0,4160000000.0,4160000000.0,0.0,997000000.0,0.074,45121000000.0,10721000000.0,5705000000,0.298,1.7,19.323,19.742,27559000000,0.0,14.905,1.439,1.439,4351000000,13971000000,55842000000.0,55842000000.0,0.0,0.027,0.089,0.128,0.174,344000000.0,37485000000.0,1.0,5392978632,5392978632,,10.355,52416000000,0,3050000000.0,29932000000,9.719,-4668000000
39,CMCSA,ART,2011-09-30,2011-11-02,2011-09-30,2021-07-29,-147000000,156827000000,146100500000.0,8582000000,148245000000,0.346,8.566,-5986000000.0,1806000000,1806000000,0.0,4605000000.0,0.607,2.352,40970000000,2448000000,38522000000,40970000000,0,6616000000.0,0,0.019,0.216,9220000000.0,15836000000.0,0.313,15836000000.0,9220000000.0,6813000000.0,0.7,0.7,0.7,46683000000,46002000000.0,46683000000,101889839682,11.0,6.434,7667000000.0,1.407,1.0,50521000000.0,1.0,104714000000,2407000000.0,77131000000,70993000000.0,0,9575000000,0,9575000000,109815000000,14146000000,95669000000,62725839682,-2736000000.0,-6407000000.0,-1924000000.0,-675000000.0,-1145000000.0,-3885000000.0,-12504000000.0,-59000000.0,13653000000.0,0.0,3891000000.0,3891000000.0,3891000000.0,0.0,714000000.0,0.077,40705000000.0,9816000000.0,5455000000,0.309,1.344,16.121,16.443,27441000000,0.0,11.51,1.242,1.242,4096000000,13236000000,50521000000.0,50521000000.0,0.0,0.027,0.085,0.13,0.182,300000000.0,33364000000.0,1.0,5449681988,5449681988,,9.27,52113000000,0,2922000000.0,29663000000,9.563,-5564000000
40,CMCSA,ART,2011-06-30,2011-08-03,2011-06-30,2021-07-29,-105000000,154782000000,136025000000.0,8350000000,146432000000,0.336,8.483,-5870000000.0,1997000000,1997000000,0.0,4309000000.0,0.658,2.313,39559000000,1350000000,38209000000,39559000000,0,6616000000.0,0,0.018,0.207,9032000000.0,15648000000.0,0.343,15648000000.0,9032000000.0,6717000000.0,0.69,0.69,0.69,46643000000,45277250000.0,46643000000,100159304945,11.0,6.401,6933000000.0,1.261,1.0,45671000000.0,1.0,104707000000,2315000000.0,74940000000,65693500000.0,0,10829000000,0,10829000000,107877000000,12697000000,95180000000,62597304945,-2031000000.0,-5660000000.0,-1616000000.0,-539000000.0,-1101000000.0,-3392000000.0,-11442000000.0,-74000000.0,12803000000.0,0.0,3850000000.0,3850000000.0,3850000000.0,0.0,459000000.0,0.084,36542000000.0,9129000000.0,4838000000,0.3,1.342,16.259,16.5,24619000000,0.0,11.385,1.371,1.371,4156000000,12932000000,45671000000.0,45671000000.0,0.0,0.028,0.085,0.137,0.198,300000000.0,29510000000.0,1.0,5498226170,5498226170,,8.306,50075000000,0,2867000000.0,29477000000,9.107,-4347000000
41,CMCSA,ART,2011-03-31,2011-05-05,2011-03-31,2021-07-29,-97000000,154259000000,126236250000.0,7547000000,146712000000,0.324,8.374,-5684000000.0,1822000000,1822000000,0.0,3828000000.0,0.549,2.324,40426000000,2296000000,38130000000,40426000000,0,6616000000.0,0,0.015,0.198,8390000000.0,15006000000.0,0.367,15006000000.0,8390000000.0,6153000000.0,0.66,0.66,0.66,46328000000,44475750000.0,46328000000,109307943075,13.0,7.284,6060000000.0,1.095,1.0,40863000000.0,1.0,104944000000,2237000000.0,74172000000,60845500000.0,0,10785000000,74000000,10711000000,107652000000,13747000000,93905000000,70703943075,-1661000000.0,-5669000000.0,-1391000000.0,389000000.0,-1057000000.0,-2063000000.0,-11342000000.0,-136000000.0,11744000000.0,0.0,3712000000.0,3712000000.0,3712000000.0,0.0,116000000.0,0.091,32594000000.0,8269000000.0,4858000000,0.3,1.526,19.047,19.364,24911000000,0.0,12.78,1.73,1.73,3708000000,12504000000,40863000000.0,40863000000.0,0.0,0.029,0.083,0.138,0.205,300000000.0,25766000000.0,1.0,5532389912,5532389912,,7.386,49315000000,0,2441000000.0,28919000000,8.914,-6200000000
42,CMCSA,ART,2010-12-31,2011-02-25,2010-12-31,2021-07-29,-99000000,118534000000,116526500000.0,8886000000,109648000000,0.326,8.015,-5497000000.0,5984000000,5984000000,0.0,3668000000.0,1.079,1.671,31415000000,1800000000,29615000000,31415000000,0,6616000000.0,0,0.015,0.189,8227000000.0,14843000000.0,0.391,14843000000.0,8227000000.0,6071000000.0,0.645,0.645,0.645,44354000000,43664250000.0,44354000000,95326804122,12.0,6.422,5682000000.0,1.027,1.0,37937000000.0,1.0,78002000000,2156000000.0,57729000000,56248500000.0,0,6751000000,81000000,6670000000,74100000000,8234000000,65866000000,69895804122,5313000000.0,-183000000.0,-1166000000.0,2267000000.0,-1064000000.0,-155000000.0,-5711000000.0,-161000000.0,11179000000.0,0.0,3635000000.0,3635000000.0,3635000000.0,0.0,33000000.0,0.096,29957000000.0,7980000000.0,3291000000,0.293,1.576,19.229,19.581,23515000000,0.0,12.63,1.842,1.842,1855000000,12158000000,37937000000.0,37937000000.0,0.0,0.031,0.083,0.146,0.217,300000000.0,23341000000.0,1.0,5534109590,5534109590,,6.855,40532000000,174000000,2436000000.0,28246000000,7.324,652000000
43,CMCSA,ART,2010-09-30,2010-10-27,2010-09-30,2021-07-29,-116000000,116525000000,115076250000.0,7172000000,109353000000,0.325,7.846,-5549000000.0,4542000000,4542000000,0.0,3595000000.0,0.81,1.659,31038000000,2300000000,28738000000,31038000000,0,6500000000.0,0,0.019,0.189,7857000000.0,14357000000.0,0.384,14357000000.0,7857000000.0,5725000000.0,0.635,0.63,0.635,43784000000,43256000000.0,43784000000,83051599814,11.0,5.785,4739000000.0,0.849,1.0,37397000000.0,1.0,78231000000,2132000000.0,55933000000,55671000000.0,0,6453000000,72000000,6381000000,72657000000,8857000000,63800000000,56555599814,3680000000.0,-235000000.0,-1219000000.0,1463000000.0,-993000000.0,-844000000.0,-5764000000.0,-166000000.0,10288000000.0,0.0,3572000000.0,3572000000.0,3572000000.0,0.0,23000000.0,0.096,29613000000.0,7784000000.0,3297000000,0.298,1.292,15.833,15.961,23328000000,0.0,10.135,1.512,1.512,1868000000,11525000000,37397000000.0,37397000000.0,0.0,0.031,0.083,0.141,0.21,257000000.0,23108000000.0,1.0,5580226918,5580226918,,6.702,38294000000,0,2153000000.0,27347000000,6.862,-1685000000
44,CMCSA,ART,2010-06-30,2010-07-28,2010-06-30,2021-07-29,-86000000,115627000000,114060750000.0,6591000000,109036000000,0.322,7.738,-5417000000.0,4028000000,4028000000,0.0,3659000000.0,0.758,1.66,30992000000,2308000000,28684000000,30992000000,0,6500000000.0,0,0.018,0.175,7715000000.0,14215000000.0,0.387,14215000000.0,7715000000.0,5421000000.0,0.645,0.64,0.645,43437000000,42887750000.0,43437000000,81860555186,11.0,5.759,5083000000.0,0.906,1.0,36710000000.0,1.0,78353000000,2294000000.0,55548000000,55530500000.0,0,6151000000,53000000,6098000000,72103000000,8690000000,63413000000,54896555186,39000000.0,-244000000.0,-1257000000.0,-2146000000.0,-921000000.0,-4579000000.0,-5882000000.0,-210000000.0,10500000000.0,0.0,3649000000.0,3649000000.0,3649000000.0,0.0,10000000.0,0.099,29169000000.0,7541000000.0,3126000000,0.271,1.264,15.044,15.163,23217000000,0.0,9.78,1.495,1.495,1845000000,11026000000,36710000000.0,36710000000.0,0.0,0.032,0.085,0.139,0.21,257000000.0,22673000000.0,1.0,5613144702,5613144702,,6.54,37274000000,0,1772000000.0,27575000000,6.64,-2099000000
45,CMCSA,ART,2010-03-31,2010-04-28,2010-03-31,2021-07-29,-47000000,115420000000,113963250000.0,5968000000,109452000000,0.317,7.634,-5388000000.0,3483000000,3483000000,0.0,3729000000.0,0.693,1.677,30919000000,2337000000,28582000000,30919000000,0,6500000000.0,0,0.017,0.162,7642000000.0,14142000000.0,0.391,14142000000.0,7642000000.0,5340000000.0,0.655,0.65,0.655,43082000000,42461750000.0,43082000000,80510628749,11.0,5.693,5284000000.0,0.936,1.0,36123000000.0,1.0,78457000000,2302000000.0,55784000000,55407750000.0,0,6308000000,41000000,6267000000,72241000000,8615000000,63626000000,53074628749,1604000000.0,-253000000.0,-1064000000.0,-1046000000.0,-849000000.0,-3231000000.0,-5837000000.0,-227000000.0,10672000000.0,0.0,3732000000.0,3732000000.0,3732000000.0,0.0,-3000000.0,0.103,28785000000.0,7338000000.0,3006000000,0.247,1.232,14.221,14.359,23441000000,0.0,9.405,1.469,1.469,1581000000,10517000000,36123000000.0,36123000000.0,0.0,0.033,0.088,0.138,0.212,257000000.0,22288000000.0,1.0,5643235380,5643235380,,6.401,36963000000,0,1608000000.0,27756000000,6.55,-2647000000
46,CMCSA,ART,2009-12-31,2010-02-23,2009-12-31,2021-07-29,-46000000,112733000000,113376000000.0,3223000000,109510000000,0.315,7.553,-5639000000.0,671000000,671000000,0.0,3628000000.0,0.445,1.637,29096000000,1156000000,27940000000,29096000000,0,6500000000.0,0,0.018,0.149,7464000000.0,13964000000.0,0.391,13964000000.0,7464000000.0,5116000000.0,0.635,0.63,0.635,42721000000,41965000000.0,42721000000,74071009016,10.0,5.304,4642000000.0,0.821,1.0,35756000000.0,1.0,78490000000,2348000000.0,55419000000,55357250000.0,0,5997000000,50000000,5947000000,69922000000,7249000000,62673000000,45646009016,-524000000.0,-88000000.0,-764000000.0,-3174000000.0,-761000000.0,-4908000000.0,-5897000000.0,-244000000.0,10281000000.0,0.0,3638000000.0,3638000000.0,3638000000.0,0.0,-10000000.0,0.102,28542000000.0,7214000000.0,3094000000,0.235,1.068,12.547,12.709,23855000000,0.0,8.07,1.277,1.277,1711000000,10005000000,35756000000.0,35756000000.0,0.0,0.032,0.087,0.135,0.209,257000000.0,22042000000.0,1.0,5656258862,5656258862,,6.321,34243000000,240000000,1478000000.0,27800000000,6.054,-4026000000
47,CMCSA,ART,2009-09-30,2009-11-04,2009-09-30,2021-07-29,-72000000,112463000000,113447000000.0,3406000000,109057000000,0.312,7.411,-5755000000.0,862000000,862000000,0.0,3080000000.0,0.48,1.656,29447000000,954000000,28493000000,29447000000,0,6400000000.0,0,0.019,0.133,6779000000.0,13179000000.0,0.373,13179000000.0,6779000000.0,4352000000.0,0.54,0.535,0.54,42311000000,41397250000.0,42311000000,68721849757,10.0,5.214,4828000000.0,0.846,1.0,35340000000.0,1.0,78585000000,2427000000.0,55371000000,55613250000.0,0,5755000000,56000000,5699000000,70082000000,7092000000,62990000000,40136849757,-1852000000.0,-74000000.0,-437000000.0,-4311000000.0,-748000000.0,-5687000000.0,-6748000000.0,-926000000.0,10583000000.0,0.0,3095000000.0,3095000000.0,3095000000.0,0.0,-15000000.0,0.088,28186000000.0,7154000000.0,3133000000,0.246,0.949,12.968,13.019,23605000000,0.0,7.03,1.136,1.136,1639000000,9416000000,35340000000.0,35340000000.0,0.0,0.027,0.075,0.122,0.192,258000000.0,21665000000.0,1.0,5709366964,5709366964,,6.19,33878000000,0,1257000000.0,27566000000,5.934,-3686000000
48,CMCSA,ART,2009-06-30,2009-08-06,2009-06-30,2021-07-29,-80000000,115237000000,113955250000.0,6537000000,108700000000,0.308,7.271,-5823000000.0,3989000000,3989000000,0.0,2917000000.0,0.619,1.759,33037000000,4167000000,28870000000,33037000000,0,6400000000.0,0,0.017,0.13,6698000000.0,13098000000.0,0.373,13098000000.0,6698000000.0,4377000000.0,0.505,0.5,0.505,41733000000,40870500000.0,41733000000,72238408143,11.0,5.515,4593000000.0,0.8,1.0,35087000000.0,1.0,78671000000,2321000000.0,55057000000,56090500000.0,0,5252000000,62000000,5190000000,73423000000,10557000000,62866000000,43190408143,2222000000.0,-434000000.0,-917000000.0,502000000.0,-737000000.0,-1192000000.0,-7002000000.0,-760000000.0,10416000000.0,0.0,2922000000.0,2922000000.0,2922000000.0,0.0,-5000000.0,0.083,27974000000.0,7113000000.0,3070000000,0.257,1.035,14.781,14.901,23715000000,0.0,7.525,1.231,1.231,1677000000,8736000000,35087000000.0,35087000000.0,0.0,0.026,0.071,0.119,0.191,258000000.0,21501000000.0,1.0,5739589122,5739589122,,6.113,36566000000,0,1455000000.0,27394000000,6.371,-4020000000
49,CMCSA,ART,2009-03-31,2009-04-30,2009-03-31,2021-07-29,-93000000,113071000000,113620250000.0,4250000000,108821000000,0.305,7.126,-6013000000.0,1879000000,1879000000,0.0,2593000000.0,0.478,1.749,32062000000,2647000000,29415000000,32062000000,0,6400000000.0,0,0.017,0.128,6461000000.0,12861000000.0,0.371,12861000000.0,6461000000.0,4073000000.0,0.445,0.44,0.445,41095000000,40521500000.0,41095000000,74759991445,12.0,5.813,4471000000.0,0.775,1.0,34702000000.0,1.0,78785000000,2388000000.0,55582000000,56680500000.0,0,4931000000,59000000,4872000000,71882000000,8887000000,62995000000,44576991445,1244000000.0,-716000000.0,-1757000000.0,619000000.0,-727000000.0,-1990000000.0,-7250000000.0,-493000000.0,10484000000.0,0.0,2587000000.0,2587000000.0,2587000000.0,0.0,6000000.0,0.075,27714000000.0,6988000000.0,3121000000,0.288,1.085,17.231,17.371,24038000000,0.0,7.73,1.285,1.285,1483000000,8004000000,34702000000.0,34702000000.0,0.0,0.023,0.064,0.114,0.186,258000000.0,21300000000.0,1.0,5766751804,5766751804,,6.018,34286000000,0,1486000000.0,27188000000,5.945,-4637000000
50,CMCSA,ART,2008-12-31,2009-02-20,2008-12-31,2021-07-29,-113000000,113017000000,113558500000.0,3716000000,109301000000,0.302,7.044,-6277000000.0,1195000000,1195000000,0.0,2547000000.0,0.416,1.794,32456000000,2278000000,30178000000,32456000000,0,6400000000.0,0,0.019,0.125,6519000000.0,12919000000.0,0.377,12919000000.0,6519000000.0,4080000000.0,0.435,0.43,0.435,40450000000,40447250000.0,40450000000,68127129984,10.0,5.273,3954000000.0,0.689,1.0,34256000000.0,1.0,78896000000,2439000000.0,56443000000,57070250000.0,0,4842000000,59000000,4783000000,72567000000,8939000000,63628000000,36866129984,232000000.0,-738000000.0,-2747000000.0,925000000.0,-547000000.0,-2522000000.0,-7477000000.0,-430000000.0,10231000000.0,0.0,2547000000.0,2547000000.0,2547000000.0,0.0,0.0,0.074,27524000000.0,6732000000.0,3393000000,0.287,0.911,14.474,14.759,24444000000,0.0,6.42,1.076,1.076,1626000000,7427000000,34256000000.0,34256000000.0,0.0,0.022,0.063,0.114,0.19,258000000.0,21124000000.0,1.0,5742387848,5742387848,,5.965,34121000000,292000000,1533000000.0,26982000000,5.942,-5223000000
51,CMCSA,ART,2008-09-30,2008-10-29,2008-09-30,2021-07-29,-64000000,114496000000,113658500000.0,5513000000,108983000000,0.295,6.98,-6080000000.0,2714000000,2714000000,0.0,2737000000.0,0.595,1.848,33688000000,3087000000,30601000000,33688000000,0,1624000000.0,0,0.012,0.094,6941000000.0,8565000000.0,0.256,8565000000.0,6941000000.0,4501000000.0,0.455,0.455,0.455,40204000000,40669750000.0,40204000000,74977007611,11.0,8.754,3977000000.0,0.691,1.0,33505000000.0,1.0,78931000000,2440000000.0,57280000000,57535500000.0,0,5406000000,203000000,5203000000,74292000000,9259000000,65033000000,44003007611,-235000000.0,-742000000.0,-3989000000.0,2601000000.0,-367000000.0,-1892000000.0,-8400000000.0,-1592000000.0,10057000000.0,0.0,2737000000.0,2737000000.0,2737000000.0,0.0,0.0,0.082,27072000000.0,6433000000.0,3187000000,0.207,1.094,16.077,16.791,23910000000,0.0,7.64,1.313,1.313,1658000000,7196000000,33505000000.0,33505000000.0,0.0,0.024,0.067,0.121,0.207,51000000.0,20661000000.0,1.0,5759555970,5759555970,,5.817,35565000000,0,1764000000.0,27209000000,6.175,-3746000000
52,CMCSA,ART,2008-06-30,2008-07-30,2008-06-30,2021-07-29,-59000000,113897000000,113327250000.0,4647000000,109250000000,0.289,6.911,-6253000000.0,1767000000,1767000000,0.0,2526000000.0,0.574,1.824,32513000000,1889000000,30624000000,32513000000,0,3162000000.0,0,0.006,0.062,6720000000.0,9882000000.0,0.302,9882000000.0,6720000000.0,4310000000.0,0.415,0.415,0.415,40337000000,41090750000.0,40337000000,89313735823,13.0,9.038,3077000000.0,0.527,1.0,32737000000.0,1.0,79137000000,2410000000.0,57417000000,57440750000.0,0,5661000000,295000000,5366000000,73560000000,8089000000,65471000000,58567735823,939000000.0,-880000000.0,-3709000000.0,4220000000.0,-185000000.0,201000000.0,-8592000000.0,-1461000000.0,9330000000.0,0.0,2526000000.0,2526000000.0,2526000000.0,0.0,0.0,0.077,26583000000.0,6154000000.0,3027000000,0.149,1.452,23.186,24.181,23833000000,0.0,10.035,1.789,1.789,1665000000,6967000000,32737000000.0,32737000000.0,0.0,0.022,0.061,0.117,0.205,134000000.0,20201000000.0,1.0,5836346370,5836346370,,5.609,34760000000,0,1784000000.0,27292000000,5.956,-3442000000
53,CMCSA,ART,2008-03-31,2008-05-01,2008-03-31,2021-07-29,-57000000,112824000000,112542000000.0,3104000000,109720000000,0.283,6.889,-6549000000.0,635000000,635000000,0.0,2482000000.0,0.419,1.765,31359000000,1350000000,30009000000,31359000000,0,4706000000.0,0,0.003,0.031,6606000000.0,11312000000.0,0.355,11312000000.0,6606000000.0,4264000000.0,0.405,0.405,0.405,40798000000,41462750000.0,40798000000,96782282062,15.0,8.556,2537000000.0,0.428,1.0,31896000000.0,1.0,79004000000,2342000000.0,57141000000,56548000000.0,0,5886000000,86000000,5800000000,72026000000,7403000000,64623000000,66058282062,-402000000.0,-1339000000.0,-3398000000.0,2987000000.0,0.0,-381000000.0,-9107000000.0,-1257000000.0,9086000000.0,0.0,2482000000.0,2482000000.0,2482000000.0,0.0,0.0,0.078,26024000000.0,5872000000.0,2982000000,0.077,1.619,26.615,27.543,23949000000,0.0,11.155,2.071,2.071,1497000000,7187000000,31896000000.0,31896000000.0,0.0,0.022,0.06,0.117,0.207,182000000.0,19699000000.0,1.0,5921854062,5921854062,,5.386,33820000000,0,1782000000.0,27116000000,5.711,-4299000000
54,CMCSA,ART,2007-12-31,2008-02-20,2007-12-31,2021-07-29,-56000000,113417000000,111920250000.0,3667000000,109750000000,0.276,6.886,-6564000000.0,963000000,963000000,0.0,2587000000.0,0.461,1.744,31323000000,1495000000,29828000000,31323000000,0,6208000000.0,0,0.0,0.0,6676000000.0,12884000000.0,0.417,12884000000.0,6676000000.0,4387000000.0,0.42,0.415,0.42,41340000000,41722750000.0,41340000000,90842050751,14.0,7.051,2228000000.0,0.371,1.0,30895000000.0,1.0,77521000000,2289000000.0,58304000000,55578000000.0,0,8061000000,98000000,7963000000,72077000000,7952000000,64125000000,60482050751,-276000000.0,-1319000000.0,-2690000000.0,2312000000.0,0.0,-316000000.0,-8752000000.0,-931000000.0,8792000000.0,0.0,2587000000.0,2587000000.0,2587000000.0,0.0,0.0,0.084,25317000000.0,5578000000.0,3336000000,0.0,1.463,23.379,23.988,23624000000,0.0,10.075,1.958,1.958,1645000000,7191000000,30895000000.0,30895000000.0,0.0,0.023,0.062,0.12,0.216,212000000.0,19109000000.0,1.0,6003181216,6003181216,,5.146,35896000000,214000000,1800000000.0,26880000000,5.979,-4285000000
55,CMCSA,ART,2007-09-30,2007-10-26,2007-09-30,2021-07-29,-93000000,113171000000,111167250000.0,5397000000,107774000000,0.269,6.815,-6320000000.0,2949000000,2949000000,0.0,2375000000.0,0.805,1.702,31104000000,764000000,30340000000,31104000000,0,5960000000.0,0,0.0,0.0,6247000000.0,12207000000.0,0.408,12207000000.0,6247000000.0,3996000000.0,0.383,0.373,0.383,41888000000,41679500000.0,41888000000,93398426274,15.0,7.651,1274000000.0,0.207,1.0,29912000000.0,1.0,77721000000,2251000000.0,56901000000,55033250000.0,0,6288000000,65000000,6223000000,71283000000,6704000000,64579000000,65243426274,-79000000.0,-2548000000.0,-1636000000.0,3791000000.0,0.0,2224000000.0,-9897000000.0,-1076000000.0,7594000000.0,0.0,2375000000.0,2375000000.0,2375000000.0,39000000.0,0.0,0.079,24574000000.0,5338000000.0,3014000000,0.0,1.558,27.471,27.715,23213000000,0.0,10.615,2.181,2.181,1598000000,7145000000,29912000000.0,29912000000.0,0.0,0.021,0.057,0.114,0.209,206000000.0,18614000000.0,1.0,6146342560,6146342560,,4.867,35450000000,0,1621000000.0,26570000000,5.768,-1307000000
56,CMCSA,ART,2007-06-30,2007-07-27,2007-06-30,2021-07-29,-52000000,110756000000,109867500000.0,3542000000,107214000000,0.26,6.766,-5993000000.0,828000000,828000000,0.0,3032000000.0,0.518,1.648,28252000000,458000000,27794000000,28252000000,0,5654000000.0,0,0.0,0.0,7052000000.0,12706000000.0,0.445,12706000000.0,7052000000.0,4842000000.0,0.487,0.477,0.487,41825000000,41388000000.0,41825000000,109819646844,16.0,8.643,1772000000.0,0.287,1.0,28563000000.0,1.0,77495000000,2210000000.0,53846000000,53857250000.0,0,6606000000,395000000,6211000000,68931000000,6839000000,62092000000,82395646844,-399000000.0,-5330000000.0,-1527000000.0,4046000000.0,0.0,2594000000.0,-10758000000.0,521000000.0,7765000000.0,0.0,3032000000.0,3032000000.0,3032000000.0,-209000000.0,0.0,0.106,23392000000.0,5171000000.0,2978000000,0.0,1.97,27.175,27.372,22900000000,0.0,13.33,2.885,2.885,1441000000,6951000000,28563000000.0,28563000000.0,0.0,0.028,0.073,0.131,0.247,172000000.0,17757000000.0,1.0,6181218818,6181218818,,4.621,33261000000,0,1810000000.0,26635000000,5.381,-3297000000
57,CMCSA,ART,2007-03-31,2007-04-27,2007-03-31,2021-07-29,-41000000,110337000000,107950500000.0,4255000000,106082000000,0.251,6.722,-5326000000.0,1037000000,1037000000,0.0,2904000000.0,0.577,1.637,28271000000,1049000000,27222000000,28271000000,0,5313000000.0,0,0.0,0.0,6779000000.0,12092000000.0,0.447,12092000000.0,6779000000.0,4623000000.0,0.465,0.455,0.465,41838000000,40908500000.0,41838000000,111041378098,16.0,9.183,1535000000.0,0.247,1.0,27079000000.0,1.0,76936000000,2156000000.0,53261000000,53451750000.0,0,7325000000,1248000000,6077000000,68499000000,7374000000,61125000000,83807378098,-910000000.0,-5119000000.0,-1521000000.0,3972000000.0,0.0,2489000000.0,-10260000000.0,145000000.0,6861000000.0,0.0,2904000000.0,2904000000.0,2904000000.0,-209000000.0,0.0,0.107,22147000000.0,4932000000.0,2980000000,0.0,2.003,28.859,28.957,22513000000,0.0,13.465,3.095,3.095,1282000000,6814000000,27079000000.0,27079000000.0,0.0,0.027,0.071,0.127,0.25,174000000.0,16853000000.0,1.0,6224090464,6224090464,,4.351,33401000000,0,1719000000.0,26585000000,5.366,-3119000000
58,CMCSA,ART,2006-12-31,2007-02-26,2006-12-31,2021-07-29,34000000,110405000000,106111750000.0,5202000000,105203000000,0.235,6.598,-4701000000.0,1239000000,1239000000,0.0,2533000000.0,0.699,1.682,28975000000,983000000,27992000000,28975000000,0,4962000000.0,0,0.0,0.0,5944000000.0,10906000000.0,0.437,10906000000.0,5944000000.0,3880000000.0,0.4,0.395,0.4,41167000000,40455500000.0,41167000000,110309888743,19.0,10.115,1917000000.0,0.307,1.0,24966000000.0,1.0,74576000000,2064000000.0,56125000000,53140000000.0,0,10582000000,1735000000,8847000000,69238000000,7440000000,61798000000,82573888743,292000000.0,-5110000000.0,-1937000000.0,5458000000.0,0.0,3546000000.0,-9872000000.0,-59000000.0,6618000000.0,0.0,2533000000.0,2533000000.0,2533000000.0,-298000000.0,0.0,0.101,20347000000.0,4619000000.0,2862000000,0.0,2.006,32.599,33.087,21248000000,0.0,13.235,3.307,3.307,1450000000,6214000000,24966000000.0,24966000000.0,0.0,0.024,0.063,0.112,0.238,190000000.0,15524000000.0,1.0,6239054684,6239054684,,4.002,35829000000,0,1347000000.0,27652000000,5.743,-2238000000
59,CMCSA,ART,2006-09-30,2006-10-31,2006-09-30,2021-07-29,-94000000,107972000000,104297000000.0,5481000000,102491000000,0.233,6.522,-4427000000.0,2774000000,2774000000,0.0,2276000000.0,0.887,1.651,27219000000,773000000,26446000000,27219000000,0,4848000000.0,0,0.0,0.0,5695000000.0,10543000000.0,0.434,10543000000.0,5695000000.0,3731000000.0,0.36,0.36,0.36,40722000000,40218500000.0,40722000000,109085232019,19.0,10.347,1687000000.0,0.27,1.0,24277000000.0,1.0,74044000000,1964000000.0,52197000000,51880500000.0,0,7901000000,656000000,7245000000,67250000000,6176000000,61074000000,84640232019,2195000000.0,-3842000000.0,-2754000000.0,4629000000.0,0.0,1870000000.0,-5789000000.0,2282000000.0,6114000000.0,0.0,2276000000.0,2276000000.0,2276000000.0,-248000000.0,0.0,0.094,19881000000.0,4396000000.0,2351000000,0.0,2.078,37.188,37.657,20671000000,0.0,13.557,3.486,3.486,1228000000,6088000000,24277000000.0,24277000000.0,0.0,0.022,0.057,0.11,0.235,145000000.0,15052000000.0,1.0,6243439785,6243439785,,3.888,33928000000,0,1455000000.0,27684000000,5.434,-695000000
60,CMCSA,ART,2006-06-30,2006-07-28,2006-06-30,2021-07-29,-94000000,103088000000,103153250000.0,3540000000,99548000000,0.227,6.356,-4055000000.0,973000000,973000000,0.0,1281000000.0,0.614,1.583,24123000000,763000000,23360000000,24123000000,0,4832000000.0,0,0.0,0.0,4126000000.0,8958000000.0,0.382,8958000000.0,4126000000.0,2269000000.0,0.2,0.2,0.2,39907000000,40289250000.0,39907000000,95267716975,23.0,10.635,1593000000.0,0.254,1.0,23423000000.0,1.0,68250000000,1857000000.0,52224000000,51246500000.0,0,12651000000,813000000,11838000000,63181000000,5764000000,57417000000,72117716975,-362000000.0,-615000000.0,-2947000000.0,738000000.0,0.0,-2275000000.0,-3735000000.0,749000000.0,5648000000.0,0.0,1281000000.0,1281000000.0,1281000000.0,0.0,0.0,0.055,19368000000.0,4055000000.0,2068000000,0.0,1.807,56.298,57.433,18945000000,0.0,11.487,3.079,3.079,1125000000,5152000000,23423000000.0,23423000000.0,0.0,0.012,0.032,0.081,0.176,96000000.0,14536000000.0,1.0,6278385111,6278385111,,3.731,34838000000,0,988000000.0,27103000000,5.549,-2224000000
61,CMCSA,ART,2006-03-31,2006-04-28,2006-03-31,2021-07-29,-115000000,102982000000,103718000000.0,3998000000,98984000000,0.22,6.315,-3957000000.0,1693000000,1693000000,0.0,1251000000.0,0.701,1.573,24130000000,881000000,23249000000,24130000000,0,4790000000.0,0,0.0,0.0,4036000000.0,8826000000.0,0.387,8826000000.0,4036000000.0,2208000000.0,0.19,0.19,0.19,40026000000,40667000000.0,40026000000,87829927059,22.0,9.951,1355000000.0,0.214,1.0,22793000000.0,1.0,67705000000,1828000000.0,52014000000,50713500000.0,0,12837000000,819000000,12018000000,62956000000,5700000000,57256000000,65392927059,1057000000.0,-199000000.0,-2632000000.0,1944000000.0,0.0,-720000000.0,-3535000000.0,555000000.0,5312000000.0,0.0,1251000000.0,1251000000.0,1251000000.0,0.0,0.0,0.055,18919000000.0,3874000000.0,1940000000,0.0,1.634,52.273,54.298,18709000000,0.0,10.317,2.869,2.869,910000000,5012000000,22793000000.0,22793000000.0,0.0,0.012,0.031,0.08,0.177,46000000.0,14129000000.0,1.0,6338571282,6338571282,,3.596,35277000000,0,957000000.0,27157000000,5.565,-1702000000
62,CMCSA,ART,2005-12-31,2006-02-22,2005-12-31,2021-07-29,-114000000,103146000000,104032000000.0,2594000000,100552000000,0.214,6.296,-3902000000.0,693000000,693000000,0.0,928000000.0,0.414,1.565,23371000000,1689000000,21682000000,23371000000,0,4803000000.0,0,0.0,0.0,3657000000.0,8460000000.0,0.38,8460000000.0,3657000000.0,1861000000.0,0.14,0.14,0.14,40219000000,40999500000.0,40219000000,79143727153,22.0,9.355,1020000000.0,0.16,1.0,22255000000.0,1.0,68468000000,1796000000.0,51087000000,49973000000.0,0,12830000000,148000000,12682000000,62927000000,6269000000,56658000000,56465727153,241000000.0,-199000000.0,-2220000000.0,1272000000.0,0.0,-933000000.0,-3748000000.0,469000000.0,4922000000.0,0.0,928000000.0,928000000.0,928000000.0,0.0,0.0,0.042,18565000000.0,3690000000.0,2033000000,0.0,1.404,60.847,63.143,18769000000,0.0,8.84,2.537,2.537,1060000000,4825000000,22255000000.0,22255000000.0,0.0,0.009,0.023,0.073,0.164,0.0,13762000000.0,1.0,6387525696,6387525696,,3.484,34678000000,0,933000000.0,27372000000,5.429,-3675000000
63,CMCSA,ART,2005-09-30,2005-11-03,2005-09-30,2021-07-29,-65000000,103397000000,104419000000.0,2363000000,101034000000,0.209,6.294,-3803000000.0,579000000,579000000,0.0,1218000000.0,0.33,1.522,22605000000,2498000000,20107000000,22605000000,0,4816000000.0,0,0.0,0.0,3983000000.0,8799000000.0,0.404,8799000000.0,3983000000.0,2192000000.0,0.18,0.18,0.18,41005000000,41300250000.0,41005000000,81438268810,20.0,9.255,1632000000.0,0.251,1.0,21774000000.0,1.0,68600000000,1791000000.0,49661000000,49765500000.0,0,13225000000,207000000,13018000000,62392000000,7162000000,55230000000,59412268810,-138000000.0,-196000000.0,-1456000000.0,33000000.0,0.0,-1435000000.0,-4138000000.0,247000000.0,5435000000.0,0.0,1218000000.0,1218000000.0,1218000000.0,0.0,0.0,0.056,18266000000.0,3508000000.0,1980000000,0.0,1.449,48.779,50.667,18781000000,0.0,9.12,2.729,2.729,990000000,5046000000,21774000000.0,21774000000.0,0.0,0.012,0.029,0.08,0.183,0.0,13450000000.0,1.0,6514503159,6514503159,,3.342,34797000000,0,974000000.0,27147000000,5.341,-4799000000
64,CMCSA,ART,2005-06-30,2005-08-02,2005-06-30,2021-07-29,-154000000,105347000000,105180750000.0,3784000000,101563000000,0.202,6.287,-3770000000.0,1335000000,1335000000,0.0,1216000000.0,0.411,1.544,24130000000,4384000000,19746000000,24130000000,0,4774000000.0,0,0.0,0.0,4006000000.0,8780000000.0,0.412,8780000000.0,4006000000.0,2203000000.0,0.18,0.18,0.18,41418000000,41348500000.0,41418000000,90870234393,23.0,10.35,2044000000.0,0.31,1.0,21294000000.0,1.0,68851000000,1803000000.0,50092000000,50460250000.0,0,14056000000,848000000,13208000000,63929000000,9199000000,54730000000,68075234393,741000000.0,-94000000.0,-1338000000.0,482000000.0,0.0,-794000000.0,-4279000000.0,78000000.0,5814000000.0,0.0,1216000000.0,1216000000.0,1216000000.0,0.0,0.0,0.057,17983000000.0,3311000000.0,2042000000,0.0,1.644,55.983,57.407,18797000000,0.0,10.333,3.197,3.197,1031000000,5160000000,21294000000.0,21294000000.0,0.0,0.012,0.029,0.079,0.188,0.0,13209000000.0,1.0,6587925909,6587925909,,3.232,36496000000,0,987000000.0,27105000000,5.54,-5415000000
65,CMCSA,ART,2005-03-31,2005-05-05,2005-03-31,2021-07-29,-106000000,104238000000,105864250000.0,2930000000,101308000000,0.196,6.251,-3724000000.0,636000000,636000000,0.0,1048000000.0,0.333,1.521,23172000000,3855000000,19317000000,23172000000,0,4713000000.0,0,0.0,0.0,3758000000.0,8471000000.0,0.408,8471000000.0,3758000000.0,1938000000.0,0.157,0.157,0.157,41356000000,41372750000.0,41356000000,93662372476,25.0,11.057,2764000000.0,0.418,1.0,20762000000.0,1.0,68926000000,1820000000.0,49052000000,51543500000.0,0,13895000000,950000000,12945000000,62882000000,8796000000,54086000000,71126372476,-239000000.0,-255000000.0,-1534000000.0,-911000000.0,0.0,-2400000000.0,-4327000000.0,168000000.0,6488000000.0,0.0,1048000000.0,1048000000.0,1048000000.0,0.0,0.0,0.05,17647000000.0,3115000000.0,1998000000,0.0,1.72,67.869,68.471,18738000000,0.0,10.75,3.426,3.426,883000000,4899000000,20762000000.0,20762000000.0,0.0,0.01,0.025,0.073,0.181,0.0,12934000000.0,1.0,6616406742,6616406742,,3.138,35312000000,0,890000000.0,27096000000,5.337,-5866000000
66,CMCSA,ART,2004-12-31,2005-02-23,2004-12-31,2021-07-29,-119000000,104694000000,106946500000.0,3535000000,101159000000,0.19,6.269,-3660000000.0,452000000,452000000,0.0,970000000.0,0.409,1.527,23592000000,3499000000,20093000000,23592000000,0,4623000000.0,0,0.0,0.0,3672000000.0,8295000000.0,0.408,8295000000.0,3672000000.0,1796000000.0,0.143,0.143,0.143,41422000000,41468250000.0,41422000000,95452176583,26.0,11.507,2270000000.0,0.344,1.0,20307000000.0,1.0,68942000000,1876000000.0,50257000000,53074250000.0,0,14367000000,1555000000,12812000000,63272000000,8635000000,54637000000,72312176583,-1098000000.0,-296000000.0,-1248000000.0,-1293000000.0,0.0,-2516000000.0,-4512000000.0,85000000.0,5930000000.0,0.0,970000000.0,970000000.0,970000000.0,0.0,0.0,0.048,17399000000.0,2908000000.0,2041000000,0.0,1.746,74.549,76.527,18711000000,0.0,10.943,3.561,3.561,959000000,4891000000,20307000000.0,20307000000.0,0.0,0.009,0.023,0.069,0.181,0.0,12776000000.0,1.0,6607874802,6607874802,,3.073,35752000000,0,826000000.0,27175000000,5.411,-5100000000
67,CMCSA,ART,2004-09-30,2004-10-29,2004-09-30,2021-07-29,-135000000,106444000000,108062750000.0,4382000000,102062000000,0.183,6.186,-666000000.0,717000000,717000000,0.0,930000000.0,0.491,1.584,25231000000,3128000000,22103000000,25231000000,0,776000000.0,0,0.0,0.0,3469000000.0,4245000000.0,0.214,4245000000.0,3469000000.0,1611000000.0,0.14,0.14,0.14,41198000000,41528250000.0,41198000000,90000789574,26.0,21.202,1310000000.0,0.197,1.0,19814000000.0,1.0,69601000000,1858000000.0,52440000000,54310250000.0,0,15352000000,2256000000,13096000000,65246000000,8917000000,56329000000,65486789574,-3314000000.0,-387000000.0,-954000000.0,1172000000.0,0.0,270000000.0,-5560000000.0,-4127000000.0,1976000000.0,0.0,930000000.0,930000000.0,930000000.0,0.0,0.0,0.047,16875000000.0,2939000000.0,1023000000,0.0,1.59,70.416,70.238,18656000000,0.0,9.833,3.305,3.305,940000000,4621000000,19814000000.0,19814000000.0,0.0,0.009,0.022,0.064,0.175,0.0,12549000000.0,1.0,6659673516,6659673516,,2.975,36843000000,0,681000000.0,27028000000,5.532,-4535000000
68,CMCSA,ART,2004-06-30,2004-07-30,2004-06-30,2021-07-29,-130000000,108081000000,108905750000.0,4418000000,103663000000,0.177,6.192,-2881000000.0,594000000,594000000,0.0,3886000000.0,0.512,1.603,25777000000,2792000000,22985000000,25777000000,0,3062000000.0,0,0.0,0.0,6296000000.0,9358000000.0,0.486,9358000000.0,6296000000.0,4308000000.0,0.577,0.577,0.577,41515000000,41538250000.0,41515000000,86417582051,14.0,9.235,-188000000.0,-0.028,1.0,19262000000.0,1.0,70208000000,1988000000.0,54425000000,55959000000.0,0,16685000000,2481000000,14204000000,66566000000,8631000000,57935000000,61234582051,-697000000.0,1409000000.0,-458000000.0,-2750000000.0,0.0,-3177000000.0,-213000000.0,1659000000.0,2693000000.0,0.0,3886000000.0,3886000000.0,3886000000.0,-3329000000.0,0.0,0.202,16516000000.0,2746000000.0,988000000,0.0,1.475,15.758,15.829,18615000000,0.0,9.133,3.179,3.179,925000000,4653000000,19262000000.0,19262000000.0,0.0,0.036,0.094,0.113,0.327,0.0,12225000000.0,1.0,6704516283,6704516283,,2.873,37873000000,0,422000000.0,27301000000,5.649,-4213000000
69,CMCSA,ART,2004-03-31,2004-05-05,2004-03-31,2021-07-29,-130000000,108567000000,109266000000.0,5260000000,103307000000,0.182,6.178,-4018000000.0,875000000,875000000,0.0,3602000000.0,0.566,1.601,26626000000,3386000000,23240000000,26626000000,0,4347000000.0,0,0.0,0.0,5863000000.0,10210000000.0,0.514,10210000000.0,5863000000.0,3867000000.0,0.533,0.533,0.533,41738000000,40679750000.0,41738000000,91641050583,16.0,8.976,-1190000000.0,-0.176,1.0,19881000000.0,1.0,69851000000,1996000000.0,55175000000,57507500000.0,0,17052000000,2782000000,14270000000,66829000000,9292000000,57537000000,65890050583,127000000.0,1682000000.0,53000000.0,-5157000000.0,0.0,-5104000000.0,2403000000.0,5121000000.0,2828000000.0,0.0,3602000000.0,3602000000.0,3602000000.0,-3329000000.0,0.0,0.181,17376000000.0,2505000000.0,1024000000,0.0,1.579,18.293,18.299,18495000000,0.0,9.753,3.314,3.314,776000000,4598000000,19881000000.0,19881000000.0,0.0,0.033,0.089,0.102,0.295,0.0,12268000000.0,1.0,6755644284,6755644284,,2.943,38716000000,0,265000000.0,27024000000,5.731,-4032000000
70,CMCSA,ART,2003-12-31,2004-03-12,2003-12-31,2021-07-29,-140000000,109159000000,109627250000.0,5403000000,103756000000,0.167,6.194,-4161000000.0,1550000000,1550000000,0.0,3240000000.0,0.56,1.62,26996000000,3161000000,23835000000,26996000000,0,4438000000.0,0,0.0,0.0,5242000000.0,9680000000.0,0.528,9680000000.0,5242000000.0,3224000000.0,0.48,0.48,0.48,41662000000,39758750000.0,41662000000,91561506269,17.0,9.459,-1307000000.0,-0.194,1.0,18348000000.0,1.0,69750000000,2018000000.0,55201000000,58976250000.0,0,17311000000,2493000000,14818000000,67497000000,9654000000,57843000000,66115506269,1045000000.0,1723000000.0,53000000.0,-7067000000.0,0.0,-7048000000.0,5239000000.0,7832000000.0,2854000000.0,0.0,3240000000.0,3240000000.0,3240000000.0,-3458000000.0,0.0,0.177,16394000000.0,1954000000.0,1251000000,0.0,1.587,20.406,20.479,18473000000,0.0,9.83,3.603,3.603,907000000,4552000000,18348000000.0,18348000000.0,0.0,0.03,0.081,0.089,0.286,0.0,11956000000.0,1.0,6725890770,6725890770,,2.728,39409000000,0,-16000000.0,26579000000,5.859,-4251000000
71,CMCSA,ART,2003-09-30,2003-10-31,2003-09-30,2021-07-29,-160000000,109816000000,110613750000.0,7614000000,102202000000,0.182,6.133,-5746200000.0,3245000000,3245000000,0.0,2805900000.0,0.753,1.663,30381000000,3065000000,27316000000,30381000000,0,6709000000.0,0,0.0,0.0,4716100000.0,11425100000.0,0.568,11425100000.0,4716100000.0,2793600000.0,0.417,,0.417,41238000000,38925500000.0,41238000000,103055191278,22.0,9.02,-1008200000.0,-0.15,1.0,20122900000.0,1.0,67802000000,1922500000.0,59035000000,60334250000.0,0,18445000000,2982000000,15463000000,68578000000,10115000000,58463000000,75919191278,3336300000.0,1607000000.0,-12200000.0,-8621900000.0,0.0,-9094800000.0,7693100000.0,11955400000.0,4738000000.0,0.0,2805900000.0,2805900000.0,2805900000.0,-3331000000.0,0.0,0.139,18216900000.0,1906000000.0,1188000000,0.0,1.841,27.057,27.074,18194000000,0.0,11.29,3.773,3.773,850000000,4181000000,20122900000.0,20122900000.0,0.0,0.025,0.072,0.078,0.234,0.0,11571600000.0,1.0,6724463355,6724463355,,2.992,42014000000,0,-12300000.0,25164000000,6.248,-2501000000
72,CMCSA,ART,2003-06-30,2003-08-01,2003-06-30,2021-07-29,-125000000,109522000000,92104075000.0,5893000000,103629000000,0.198,5.664,-3799000000.0,1324000000,1324000000,0.0,-294500000.0,0.618,1.876,32339000000,2416000000,29923000000,32339000000,0,4419600000.0,0,0.0,0.0,1410400000.0,5830000000.0,0.319,5830000000.0,1410400000.0,-121300000.0,-0.027,,-0.027,38081000000,32101400000.0,38081000000,99140993339,70.0,17.005,420200000.0,0.063,1.0,18281600000.0,1.0,70378000000,1531700000.0,60619000000,50073350000.0,506000000,15547000000,2161000000,13386000000,71441000000,9540000000,61901000000,68125993339,816100000.0,-244800000.0,2800000.0,-5456700000.0,0.0,-5846200000.0,2443100000.0,6726600000.0,4219200000.0,0.0,-294500000.0,-294500000.0,-294500000.0,-2000000.0,0.0,-0.016,16438100000.0,1843500000.0,1507000000,0.0,1.789,-231.328,-375.309,19079000000,0.0,10.133,3.726,3.726,1376000000,1004000000,18281600000.0,18281600000.0,0.0,-0.003,-0.009,0.028,0.077,0.0,9893400000.0,1.0,6722959869,6722959869,,2.719,39144000000,137000000,173200000.0,24179000000,5.822,-3647000000
73,CMCSA,ART,2003-03-31,2003-05-09,2003-03-31,2021-07-29,-140000000,110012000000,73753275000.0,6488000000,103524000000,0.208,5.664,-2546900000.0,1024000000,1024000000,0.0,-482100000.0,0.633,1.891,32910000000,2652000000,30258000000,32910000000,0,2809900000.0,0,0.0,0.0,803500000.0,3613400000.0,0.236,3613400000.0,803500000.0,-418800000.0,-0.097,,-0.097,38054000000,26089100000.0,38054000000,101554949001,126.0,28.105,728800000.0,0.108,1.0,15305500000.0,1.0,70602000000,1222300000.0,61050000000,39771975000.0,482000000,16341000000,3153000000,13188000000,71958000000,10246000000,61712000000,69668949001,480900000.0,-238900000.0,14000000.0,-3296900000.0,0.0,-3617700000.0,822900000.0,3851900000.0,3275700000.0,0.0,-482100000.0,-482100000.0,-482100000.0,-2000000.0,0.0,-0.031,13594600000.0,1710900000.0,1631000000,0.0,1.831,-144.511,-106.907,18961000000,0.0,10.37,4.552,4.552,1323000000,1043000000,15305500000.0,15305500000.0,0.0,-0.007,-0.018,0.02,0.052,0.0,7949900000.0,1.0,6718317165,6718317165,,2.278,39410000000,129000000,63300000.0,24218000000,5.866,-3758000000
74,CMCSA,ART,2002-12-31,2003-03-20,2002-12-31,2021-07-29,-139000000,113105000000,55536625000.0,7076000000,106029000000,0.224,5.707,-1975000000.0,781000000,781000000,0.0,-274000000.0,0.46,1.951,34910000000,6953000000,27957000000,34910000000,0,2032000000.0,0,0.0,0.0,744000000.0,2776000000.0,0.223,2776000000.0,744000000.0,-140000000.0,-0.083,,-0.083,38329000000,20137850000.0,38329000000,100977096727,136.0,36.375,1020000000.0,0.152,1.0,12460000000.0,1.0,71218000000,884000000.0,60633000000,29752025000.0,479000000,18473000000,3266000000,15207000000,74776000000,15383000000,59393000000,66848096727,431000000.0,-251000000.0,19000000.0,-1049000000.0,0.0,-1292000000.0,-1272000000.0,1175000000.0,2995000000.0,0.0,-274000000.0,-274000000.0,-274000000.0,-2000000.0,0.0,-0.022,10801000000.0,1659000000.0,1663000000,0.0,1.744,-243.971,-119.92,18866000000,0.0,9.953,5.365,5.365,1383000000,1340000000,12460000000.0,12460000000.0,0.0,-0.005,-0.014,0.025,0.06,0.0,5976000000.0,1.0,6716151714,6716151714,,1.855,41887000000,129000000,134000000.0,24215000000,6.237,-8307000000
75,CMCSA,ART,2002-09-30,2002-10-30,2002-09-30,2021-07-29,-197700000,35777300000,36793325000.0,3195600000,32581700000,0.297,4.908,-1143500000.0,569800000,569800000,0.0,-543900000.0,1.143,1.566,10041800000,113900000,9927900000,10041800000,0,1005400000.0,0,0.0,0.0,101800000.0,1107200000.0,0.101,1107200000.0,101800000.0,-624300000.0,-0.19,-0.187,-0.19,13941600000,14173850000.0,13941600000,32046263881,315.0,28.944,1433800000.0,0.505,1.0,10910200000.0,1.0,24462400000,726100000.0,17991400000,20180025000.0,482700000,1491500000,905900000,585600000,21835700000,2795500000,19040200000,22574263881,201100000.0,443700000.0,1500000.0,-3079100000.0,0.0,-2878400000.0,502200000.0,1993100000.0,2577300000.0,0.0,-543900000.0,-543900000.0,-543900000.0,0.0,0.0,-0.05,9914400000.0,995800000.0,806100000,0.0,1.619,-41.504,-41.825,7035600000,0.0,7.947,2.069,2.069,932800000,1391600000,10910200000.0,10910200000.0,0.0,-0.015,-0.038,0.005,0.009,0.0,5023400000.0,1.0,2840721126,2840721126,,3.841,11314900000,132900000,-80400000.0,6734700000,3.983,400100000
76,CMCSA,ART,2002-06-30,2002-08-14,2002-06-30,2021-07-29,-23700000,36118800000,37544350000.0,3460000000,32658800000,0.281,4.912,-1688900000.0,557800000,557800000,0.0,-726300000.0,1.453,1.574,10750400000,206900000,10543500000,10750400000,0,2293900000.0,0,0.0,0.0,-133100000.0,2160800000.0,0.205,2160800000.0,-133100000.0,-875700000.0,-0.253,-0.25,-0.253,14031800000,14398150000.0,14031800000,28824511509,-217.0,13.34,142900000.0,0.05,1.0,10561000000.0,1.0,24517400000,742600000.0,19413500000,27166600000.0,414000000,1785200000,1057600000,727600000,22087000000,2380500000,19706500000,18631911509,-11800000.0,-458000000.0,-17400000.0,-706500000.0,0.0,-612600000.0,-1231000000.0,1451400000.0,1831800000.0,0.0,-726300000.0,-726300000.0,-726300000.0,0.0,0.0,-0.069,10173900000.0,387100000.0,680100000,0.0,1.328,-25.653,-25.929,7023100000,0.0,6.56,1.764,1.775,957000000,1317300000,10561000000.0,10561000000.0,0.0,-0.019,-0.05,-0.005,-0.013,0.0,4863500000.0,1.0,2840230413,2856900000,2856900000.0,3.697,11601400000,135900000,-149400000.0,6877000000,4.061,1079500000
77,CMCSA,ART,2002-03-31,2002-05-15,2002-03-31,2021-07-29,-8000000,37145400000,38174825000.0,4229800000,32915600000,0.266,4.992,-2058900000.0,543100000,543100000,0.0,-481500000.0,1.517,1.607,11623500000,267500000,11356000000,11623500000,0,3093700000.0,0,0.0,0.0,242000000.0,3335700000.0,0.329,3335700000.0,242000000.0,-494200000.0,-0.167,-0.163,-0.167,14249000000,14655325000.0,14249000000,41392588554,171.0,12.409,-568100000.0,-0.199,1.0,10150600000.0,1.0,24466500000,736200000.0,20970200000,33778325000.0,426100000,3152700000,2087400000,1065300000,22896400000,2789100000,20107300000,30312188554,-125200000.0,-1314700000.0,-8400000.0,1179000000.0,0.0,1204900000.0,-2820900000.0,954700000.0,1490800000.0,0.0,-481500000.0,-481500000.0,-481500000.0,0.0,0.0,-0.047,10375200000.0,-224600000.0,794700000,0.0,2.127,-62.954,-63.972,7034000000,0.0,10.683,2.986,3.004,979900000,1541400000,10150600000.0,10150600000.0,0.0,-0.013,-0.033,0.007,0.024,0.0,4692900000.0,1.0,2837334342,2854200000,2854200000.0,3.556,12678900000,0,-12700000.0,6496600000,4.442,1440700000
78,CMCSA,ART,2001-12-31,2002-03-29,2001-12-31,2021-07-29,144400000,38131800000,38192525000.0,4548800000,33583000000,0.253,5.08,-2181700000.0,350000000,350000000,0.0,608600000.0,1.454,1.635,12201800000,460200000,11741600000,12201800000,0,3448000000.0,0,0.0,0.0,1810600000.0,5258600000.0,0.544,5258600000.0,1810600000.0,1078800000.0,0.213,0.21,0.213,14473000000,14842325000.0,14473000000,43468918991,24.0,8.266,-952200000.0,-0.334,1.0,9674200000.0,1.0,24509300000,731800000.0,22345000000,39346675000.0,454500000,4302400000,2623200000,1679200000,23658800000,3129300000,20529500000,31617118991,-301500000.0,-1329000000.0,100000.0,1498700000.0,0.0,1476300000.0,-3007300000.0,849600000.0,1229500000.0,0.0,608600000.0,608600000.0,608600000.0,0.0,0.0,0.063,10420400000.0,-746200000.0,698200000,0.0,2.185,51.951,52.347,7011100000,0.0,11.15,3.268,3.284,967400000,1631500000,9674200000.0,9674200000.0,0.0,0.016,0.041,0.046,0.187,0.0,4458400000.0,1.0,2835616053,2849100000,2893500000.0,3.396,13622500000,0,470200000.0,6651100000,4.781,1419500000
79,CMCSA,ART,2001-09-30,2001-11-02,2001-09-30,2021-07-29,199300000,38781400000,37595700000.0,3429800000,35351600000,0.246,5.198,-3055700000.0,658400000,658400000,0.0,1708100000.0,0.81,1.614,12049200000,554400000,11494800000,12049200000,0,3838900000.0,0,0.0,0.0,2914300000.0,6753200000.0,0.729,6753200000.0,2914300000.0,2846700000.0,0.617,0.593,0.617,14838800000,14745675000.0,14838800000,45748416695,16.0,6.774,-459100000.0,-0.161,1.0,9257700000.0,1.0,0,67600000.0,45937700000,37509475000.0,504300000,4574200000,1271900000,3302300000,23942600000,4234500000,19708100000,34357616695,635200000.0,-1683900000.0,309100000.0,5359800000.0,0.0,5602500000.0,-7563900000.0,-2824300000.0,2596600000.0,0.0,1708100000.0,1707300000.0,1707300000.0,0.0,0.0,0.184,9783900000.0,-526200000.0,3294000000,0.0,2.315,20.124,19.643,6782100000,800000.0,12.12,3.711,3.737,829700000,1952000000,9257700000.0,9257700000.0,0.0,0.045,0.116,0.078,0.315,0.0,4109600000.0,1.0,2834786856,2854500000,2854500000.0,3.243,38781400000,0,1138600000.0,6647700000,13.586,-804700000
80,CMCSA,ART,2001-06-30,2001-08-07,2001-06-30,2021-07-29,291800000,38640700000,36658250000.0,4161500000,34479200000,0.242,5.278,-2420500000.0,745900000,745900000,0.0,3061700000.0,1.032,1.566,11998700000,548000000,11450700000,11998700000,0,3222000000.0,0,0.0,0.0,4991200000.0,8213200000.0,0.927,8213200000.0,4991200000.0,4939100000.0,1.11,1.06,1.11,15060500000,14691550000.0,15060500000,47134646744,9.0,5.739,-263900000.0,-0.092,1.0,8862200000.0,1.0,0,52100000.0,45860400000,35723125000.0,471800000,4773300000,1928700000,2844600000,23580200000,4033100000,19547100000,35881846744,282000000.0,-927400000.0,46500000.0,3317700000.0,0.0,3285900000.0,-5160500000.0,-1812600000.0,2156600000.0,0.0,3061700000.0,3053300000.0,3053300000.0,0.0,0.0,0.345,9266600000.0,-404400000.0,3116000000,0.0,2.383,11.752,11.396,6472300000,8400000.0,12.65,4.049,4.073,828800000,2075800000,8862200000.0,8862200000.0,0.0,0.083,0.208,0.14,0.563,0.0,3858800000.0,1.0,2836509624,2853300000,2896800000.0,3.106,38640700000,0,1877400000.0,6652000000,13.542,128400000
81,CMCSA,ART,2001-03-31,2001-05-08,2001-03-31,2021-07-29,272700000,37216200000,35831000000.0,5023200000,32193000000,0.237,5.288,-1869600000.0,668300000,668300000,0.0,3214200000.0,1.228,1.482,10786000000,523000000,10263000000,10786000000,0,2827000000.0,0,0.0,0.0,4922500000.0,7749500000.0,0.914,7749500000.0,4922500000.0,5172900000.0,1.163,1.11,1.163,14997000000,14620900000.0,14997000000,51367540017,10.0,6.628,-248800000.0,-0.088,1.0,8475800000.0,1.0,0,-250400000.0,43243600000,34494925000.0,448300000,5843900000,2950800000,2893100000,22219200000,4090300000,18128900000,41249840017,-82300000.0,-138400000.0,-171800000.0,1079900000.0,0.0,852300000.0,-2555400000.0,-547400000.0,1620800000.0,0.0,3214200000.0,3198200000.0,3198200000.0,0.0,0.0,0.377,8778500000.0,-302700000.0,2702300000,0.0,2.751,12.898,12.511,5664700000,16000000.0,14.55,4.867,4.868,792500000,2040600000,8475800000.0,8475800000.0,0.0,0.089,0.219,0.143,0.581,0.0,3637000000.0,1.0,2835040551,2835900000,2895000000.0,2.989,37216200000,0,1958700000.0,6977500000,13.123,932900000
82,CMCSA,ART,2000-12-31,2001-03-02,2000-12-31,2021-07-29,432400000,35744500000,36188150000.0,5144400000,30600100000,0.227,5.272,-1636800000.0,651500000,651500000,0.0,2021500000.0,1.273,1.538,10811300000,293900000,10517400000,10811300000,0,2631300000.0,0,0.0,0.0,3488200000.0,6119500000.0,0.745,6119500000.0,3488200000.0,3462800000.0,0.747,0.71,0.747,14086400000,15056200000.0,14086400000,50370882686,14.0,8.231,-417500000.0,-0.156,1.0,8218600000.0,1.0,26865900000,25400000.0,14996200000,34847175000.0,438500000,5721600000,3059700000,2661900000,21658100000,4042200000,17615900000,40211082686,-270700000.0,-187300000.0,-294400000.0,78800000.0,0.0,-271400000.0,-1218600000.0,605500000.0,1219300000.0,0.0,2021500000.0,1998000000.0,1998000000.0,0.0,0.0,0.243,8379600000.0,-161000000.0,2852900000,0.0,2.855,20.126,19.103,5202700000,23500000.0,14.27,4.893,4.64,891900000,1056500000,8218600000.0,8218600000.0,0.0,0.055,0.133,0.1,0.424,0.0,3463400000.0,1.0,2817875451,2672100000,2846100000.0,3.076,8878600000,0,1441300000.0,6576600000,3.323,1102200000
83,CMCSA,ART,2000-09-30,2000-11-14,2000-09-30,2021-07-29,1727500000,35031600000,34423425000.0,5720600000,29311000000,0.22,5.363,-1852800000.0,575900000,575900000,0.0,1068800000.0,1.024,1.396,9923900000,1312500000,8611400000,9923900000,0,3140500000.0,0,0.0,0.0,3586700000.0,6727200000.0,0.89,6727200000.0,3586700000.0,1870200000.0,0.36,0.34,0.36,14622300000,14119925000.0,14622300000,43257977756,12.0,6.43,-4417900000.0,-1.62,1.0,7562900000.0,1.0,0,1716500000.0,38792300000,35782850000.0,413500000,7277300000,3872100000,3405200000,20409300000,5587300000,14822000000,33909977756,-2748500000.0,387900000.0,-568600000.0,-2183800000.0,18400000.0,-2772800000.0,2589400000.0,2594300000.0,-2565100000.0,0.0,1068800000.0,1038800000.0,1038800000.0,0.0,0.0,0.137,7433100000.0,129800000.0,2711400000,0.0,2.319,32.643,34.778,5121600000,30000000.0,12.52,4.484,4.513,722000000,308400000,7562900000.0,7562900000.0,0.0,0.03,0.074,0.1,0.474,0.0,3210000000.0,1.0,2708464677,2726400000,2896800000.0,2.774,35031600000,0,801400000.0,6314600000,12.849,133300000
84,CMCSA,ART,2000-06-30,2000-08-11,2000-06-30,2021-07-29,3049000000,35331700000,31231750000.0,4827800000,30503900000,0.228,5.414,-1342100000.0,652300000,652300000,0.0,157100000.0,1.178,1.391,10365500000,146900000,10218600000,10365500000,0,2157200000.0,0,0.0,0.0,1989800000.0,4147000000.0,0.582,4147000000.0,1989800000.0,310400000.0,0.05,0.047,0.05,14777900000,12373325000.0,14777900000,39343405656,20.0,9.487,-2334100000.0,-0.855,1.0,7128000000.0,1.0,0,1679400000.0,40947600000,32146650000.0,373300000,8167500000,2975000000,5192500000,20553800000,4097300000,16456500000,29630205656,-2391000000.0,154800000.0,-317500000.0,-1555300000.0,9000000.0,-1885800000.0,486800000.0,214100000.0,-992000000.0,0.0,157100000.0,127400000.0,127400000.0,-355900000.0,0.0,0.018,6790600000.0,337400000.0,2492100000,0.0,2.005,232.576,218.333,4665800000,29700000.0,10.917,4.157,4.18,706500000,-878200000,7128000000.0,7128000000.0,0.0,0.004,0.01,0.062,0.279,0.0,3034300000.0,1.0,2714217312,2729400000,2924100000.0,2.612,35331700000,0,153300000.0,6297300000,12.945,730500000
85,CMCSA,ART,2000-03-31,2000-05-05,2000-03-31,2021-07-29,5121100000,38644800000,27870075000.0,6715100000,31929700000,0.24,6.669,-1060500000.0,750600000,750600000,0.0,793400000.0,1.608,1.309,10934400000,128800000,10805600000,10934400000,0,1523200000.0,0,0.0,0.0,3347100000.0,4870300000.0,0.728,4870300000.0,3347100000.0,1397900000.0,0.35,0.32,0.35,16738200000,10364375000.0,16738200000,41371119178,12.0,8.495,-254900000.0,-0.102,1.0,6694500000.0,1.0,0,1949200000.0,44652600000,27621825000.0,374800000,11384800000,4841900000,6542900000,21906600000,4176000000,17730600000,31187319178,-798100000.0,-469400000.0,-119200000.0,94000000.0,-400000.0,-65200000.0,-1538500000.0,-1468600000.0,805600000.0,0.0,793400000.0,763700000.0,763700000.0,-355900000.0,0.0,0.114,6175700000.0,518800000.0,2516500000,0.0,1.863,40.837,32.743,4764600000,29700000.0,11.46,4.659,4.296,654600000,-975900000,6694500000.0,6694500000.0,0.0,0.027,0.074,0.121,0.5,0.0,2855700000.0,1.0,2721406560,2509800000,2509800000.0,2.667,38644800000,0,604500000.0,7329400000,15.398,2539100000
86,CMCSA,ART,1999-12-31,2000-03-01,1999-12-31,2021-07-29,6112700000,28685600000,22528100000.0,9758600000,18927000000,0.276,4.602,-893800000.0,922200000,922200000,0.0,1065700000.0,1.766,1.774,9224700000,517500000,8707200000,9224700000,0,1216000000.0,0,0.0,0.0,2993700000.0,4209700000.0,0.678,4209700000.0,2993700000.0,1789400000.0,0.46,0.433,0.46,10341300000,7437000000.0,10341300000,38851394029,13.0,9.229,355600000.0,0.158,1.0,6209200000.0,1.0,12722100000,1204300000.0,18738900000,21105675000.0,457000000,13154800000,7606000000,5548800000,18344300000,5527100000,12817200000,30548894029,51500000.0,-394100000.0,-13600000.0,1418400000.0,-9400000.0,1341400000.0,-2539300000.0,-2711400000.0,1249400000.0,0.0,1065700000.0,1036000000.0,1036000000.0,-335800000.0,0.0,0.167,5545200000.0,664000000.0,2786500000,0.0,2.954,29.487,29.442,3398100000,29700000.0,13.543,4.92,4.902,673300000,-619800000,6209200000.0,6209200000.0,0.0,0.046,0.139,0.142,0.482,0.0,2589100000.0,1.0,2255640711,2247300000,2459700000.0,2.763,15963500000,0,723700000.0,5269100000,7.103,4231500000
87,CMCSA,ART,1999-09-30,1999-11-15,1999-09-30,2021-07-29,3245600000,22264900000,19061050000.0,7341300000,14923600000,0.288,3.37,-589500000.0,881900000,881900000,0.0,1661900000.0,1.794,1.916,6956400000,178400000,6778000000,6956400000,0,992000000.0,0,0.001,0.015,3196700000.0,4188700000.0,0.763,4188700000.0,3196700000.0,2774500000.0,0.733,0.688,0.733,7635900000,5805500000.0,7635900000,37126801672,12.0,8.864,3589800000.0,1.584,1.0,5486600000.0,1.0,0,422200000.0,24247500000,18475275000.0,468400000,8037300000,5354100000,2683200000,14629000000,4091900000,10537100000,31052301672,2092200000.0,-647900000.0,-35200000.0,1554800000.0,-9900000.0,1454600000.0,-3541700000.0,-2308000000.0,4179300000.0,0.0,1661900000.0,1632100000.0,1632100000.0,-304400000.0,0.0,0.297,4856000000.0,630600000.0,2197300000,0.02,4.067,19.026,18.786,3209800000,29800000.0,13.77,5.66,5.686,541600000,-371900000,5486600000.0,5486600000.0,0.0,0.086,0.281,0.173,0.583,0.0,2209600000.0,1.0,2255069112,2265600000,2471700000.0,2.422,22264900000,0,1112600000.0,4459000000,9.827,3249400000
88,CMCSA,ART,1999-06-30,1999-08-16,1999-06-30,2021-07-29,2717900000,21885000000,17086225000.0,8972400000,12912600000,0.311,3.019,-729000000.0,2193700000,2193700000,0.0,2040800000.0,1.915,2.246,7842500000,838400000,7004100000,7842500000,0,930500000.0,0,0.002,0.023,3787700000.0,4718200000.0,0.887,4718200000.0,3787700000.0,3358200000.0,0.905,0.843,0.905,6742100000,4559375000.0,6742100000,29541014722,8.0,6.261,1881100000.0,0.842,1.0,5316400000.0,1.0,0,429500000.0,22848300000,17152625000.0,383900000,7099900000,5735700000,1364200000,15142900000,4685500000,10457400000,23892214722,2102300000.0,-660100000.0,5900000.0,1864400000.0,-27600000.0,1805000000.0,-2312800000.0,-913400000.0,2610100000.0,0.0,2040800000.0,2010900000.0,2010900000.0,51500000.0,0.0,0.378,4687300000.0,629100000.0,1851600000,0.025,3.544,11.881,11.742,3149300000,29900000.0,10.627,4.494,4.464,548300000,-592800000,5316400000.0,5316400000.0,0.0,0.118,0.441,0.221,0.712,0.0,2149200000.0,1.0,2248326354,2233200000,2445900000.0,2.381,21885000000,0,1317400000.0,4244000000,9.8,4286900000
89,CMCSA,ART,1999-03-31,1999-05-14,1999-03-31,2021-07-29,2184000000,17276900000,14937400000.0,7539100000,9737800000,0.345,2.261,-822200000.0,1548700000,1548700000,0.0,1132000000.0,2.197,2.436,6290700000,122000000,6168700000,6290700000,0,910800000.0,0,0.003,0.031,2243100000.0,3153900000.0,0.611,3153900000.0,2243100000.0,1812800000.0,0.497,,0.497,5028700000,3379650000.0,5028700000,31997130459,14.0,10.145,254700000.0,0.115,1.0,5159500000.0,1.0,0,430300000.0,18588000000,15960125000.0,321400000,6156900000,4978400000,1178500000,12248200000,3430900000,8817300000,27255130459,882200000.0,-254900000.0,19600000.0,1318100000.0,-36100000.0,1279200000.0,-1473900000.0,-385000000.0,1076900000.0,0.0,1132000000.0,1102500000.0,1102500000.0,51500000.0,0.0,0.214,4536800000.0,622700000.0,1399700000,0.062,5.42,24.721,24.688,2483300000,29500000.0,12.27,5.283,5.289,487800000,-1416800000,5159500000.0,5159500000.0,0.0,0.074,0.326,0.141,0.435,0.0,2105900000.0,1.0,2221282026,2224200000,,2.32,17276900000,0,680800000.0,3289200000,7.768,4108200000
90,CMCSA,ART,1998-12-31,1999-02-26,1998-12-31,2021-07-29,1049700000,14817400000,13956950000.0,5624300000,9193100000,0.369,1.735,-898900000.0,870700000,870700000,0.0,972100000.0,1.819,2.884,5577700000,113500000,5464200000,5577700000,0,939600000.0,0,0.001,0.031,2032800000.0,2972400000.0,0.578,2972400000.0,2032800000.0,1566100000.0,0.428,0.402,0.428,3815300000,2621475000.0,3815300000,54906269791,27.0,18.472,180800000.0,0.082,1.0,5145300000.0,1.0,8214500000,466700000.0,8217300000,15789500000.0,343800000,4255800000,3653400000,602400000,11002100000,3092600000,7909500000,50199269791,461600000.0,-450100000.0,28900000.0,824600000.0,-36000000.0,809200000.0,-1427300000.0,-66300000.0,1079700000.0,0.0,972100000.0,943000000.0,943000000.0,31400000.0,0.0,0.183,4588200000.0,557100000.0,1600300000,0.072,13.157,53.234,52.866,2524400000,29100000.0,22.627,9.756,9.67,549300000,-1488200000,5145300000.0,5145300000.0,0.0,0.068,0.36,0.129,0.395,0.0,2186600000.0,1.0,2218588824,2199000000,2418000000.0,2.34,6602900000,0,594000000.0,2640200000,3.003,2531700000
91,CMCSA,ART,1998-09-30,1998-11-16,1998-09-30,2021-07-29,328300000,14365600000,13453650000.0,3199500000,11166100000,,1.197,,435000000,435000000,,,1.907,4.418,6703800000,106400000,6597400000,6703800000,0,,0,0.002,0.031,,,,,,,,,,2651400000,2079275000.0,2651400000,41011268634,,,,,1.0,,,0,,18956900000,15847850000.0,368200000,2467100000,1702500000,764600000,11714200000,1677500000,10036700000,34742468634,,,,,,,,,,,,,,,,,,,1418500000,,13.103,,,3308700000,,15.687,,,502700000,-1898700000,,,,,,,,,,1.0,2214777006,2215800000,,,14365600000,0,,2301600000,6.483,1522000000
92,CMCSA,ART,1998-06-30,1998-08-14,1998-06-30,2021-07-29,282300000,13289700000,,1537100000,11752600000,,0.914,,516600000,516600000,,,1.055,5.569,6762800000,103900000,6658900000,6762800000,0,,0,0.002,0.031,,,,,,,,,,2023200000,,2023200000,38877722722,,,,,1.0,,,0,,18078300000,,314000000,1362600000,48500000,1314100000,11266500000,1457600000,9808900000,32631522722,,,,,,,,,,,,,,,,,,,1262900000,,16.129,,,3177800000,,14.73,,,485000000,-2596700000,,,,,,,,,,1.0,2215310436,2214000000,,,13289700000,0,,2129000000,6.003,79500000
93,CMCSA,ART,1998-03-31,1998-05-14,1998-03-31,2021-07-29,201300000,13355100000,,1663700000,11691400000,,0.929,,671100000,671100000,,,1.084,5.691,6756300000,129400000,6626900000,6756300000,0,,0,0.003,0.031,,,,,,,,,,1996000000,,1996000000,31441678741,,,,,1.0,,,0,,17905500000,,297100000,1229100000,31900000,1197200000,11359100000,1534800000,9824300000,25356478741,,,,,,,,,,,,,,,,,,,1248800000,,12.704,,,3170100000,,11.46,,,485100000,-2503300000,,,,,,,,,,1.0,2212607220,2148600000,,,13355100000,0,,2115000000,6.216,128900000
94,CMCSA,ART,1997-12-31,1998-03-11,1997-12-31,2021-07-29,0,6897009000,,456823000,6440186000,,0.858,-2157591000.0,117164000,117164000,0.0,-1563387000.0,0.609,2.739,4273796000,34562000,4239234000,4273796000,0,307930000.0,0,0.003,0.031,-1441543000.0,-1133613000.0,-4.56,-1133613000.0,-1441543000.0,-1563387000.0,,,,1844532000,,1844532000,30298558559,-21.0,-26.727,-3012710000.0,-1.402,1.0,248607000.0,1.0,2303398000,121844000.0,7999697000,,101366000,273541000,0,273541000,5052477000,750546000,4301931000,26141926559,47176000.0,-62733000.0,0.0,2177236000.0,-11735000.0,3122619000.0,-2220324000.0,0.0,-855119000.0,0.0,-1563387000.0,-1563387000.0,-1563387000.0,0.0,0.0,-6.289,1559341000.0,-1310734000.0,427877000,,14.173,-16.721,,3429238000,0.0,12.167,105.154,105.154,209798000,-2120218000,248607000.0,248607000.0,0.0,,,,-5.798,0.0,696911000.0,1.0,2148651498,2148651498,,0.116,4593611000,0,0.0,0,2.138,-293723000
95,CMCSA,ART,1997-12-31,1998-03-03,1997-12-31,2021-07-29,129100000,12804200000,,1559500000,11244700000,,0.809,-925500000.0,413700000,413700000,0.0,-238700000.0,1.1,6.777,6691300000,132700000,6558600000,6691300000,0,936400000.0,0,0.003,0.039,381800000.0,1318200000.0,0.268,1318200000.0,381800000.0,-183100000.0,-0.125,,-0.125,1646500000,,1646500000,31746282423,83.0,24.083,-9500000.0,-0.005,1.0,4912600000.0,1.0,9213300000,564900000.0,8450700000,,324000000,1428200000,163900000,1264300000,11157700000,1417800000,9739900000,25468682423,82400000.0,-267700000.0,470200000.0,-535800000.0,-34000000.0,355600000.0,-1189200000.0,14700000.0,916000000.0,0.0,-238700000.0,-253500000.0,-253500000.0,0.0,0.0,-0.052,4380500000.0,532100000.0,1195500000,-0.312,15.468,-100.468,-94.827,2896900000,14800000.0,11.853,5.184,4.908,498800000,-2415900000,4912600000.0,4912600000.0,0.0,,,,0.078,0.0,2173900000.0,1.0,2148651498,2034000000,,2.415,3590900000,0,55600000.0,2112200000,1.765,141700000
