None,ticker,dimension,calendardate,datekey,reportperiod,lastupdated,accoci,assets,assetsavg,assetsc,assetsnc,assetturnover,bvps,capex,cashneq,cashnequsd,cor,consolinc,currentratio,de,debt,debtc,debtnc,debtusd,deferredrev,depamor,deposits,divyield,dps,ebit,ebitda,ebitdamargin,ebitdausd,ebitusd,ebt,eps,epsdil,epsusd,equity,equityavg,equityusd,ev,evebit,evebitda,fcf,fcfps,fxusd,gp,grossmargin,intangibles,intexp,invcap,invcapavg,inventory,investments,investmentsc,investmentsnc,liabilities,liabilitiesc,liabilitiesnc,marketcap,ncf,ncfbus,ncfcommon,ncfdebt,ncfdiv,ncff,ncfi,ncfinv,ncfo,ncfx,netinc,netinccmn,netinccmnusd,netincdis,netincnci,netmargin,opex,opinc,payables,payoutratio,pb,pe,pe1,ppnenet,prefdivis,price,ps,ps1,receivables,retearn,revenue,revenueusd,rnd,roa,roe,roic,ros,sbcomp,sgna,sharefactor,sharesbas,shareswa,shareswadil,sps,tangibles,taxassets,taxexp,taxliabilities,tbvps,workingcapital
0,MTD,MRY,2020-12-31,2020-12-31,2020-12-31,2021-07-30,-334925000.0,2814549000.0,2786628000.0,1056904000.0,1757645000.0,1.107,11.836,-89388000.0,94254000.0,94254000.0,1284146000.0,602739000.0,1.258,8.957,1334491000.0,50317000.0,1284174000.0,1334491000.0,149106000.0,98709000.0,0.0,0.0,0.0,787359000.0,886068000.0,0.287,886068000.0,787359000.0,748743000.0,25.24,24.91,25.24,282675000.0,370558000.0,282675000.0,28188748560.0,36.0,31.813,635311000.0,26.601,1.0,1801031000.0,0.584,747055000.0,38616000.0,2467404000.0,2454673250.0,297611000.0,0.0,0.0,0.0,2531874000.0,840327000.0,1691547000.0,27118187560.0,-113531000.0,-6242000.0,-748279000.0,5171000.0,0.0,-743908000.0,-100360000.0,0.0,724699000.0,6038000.0,602739000.0,602739000.0,602739000.0,0.0,0.0,0.195,1027504000.0,773527000.0,175801000.0,0.0,95.934,44.992,45.154,798868000.0,0.0,1139.68,8.79,8.822,593809000.0,5095596000.0,3085177000.0,3085177000.0,140102000.0,0.216,1.627,0.321,0.255,18687000.0,820221000.0,1.0,23794563.0,23882648.0,24199230.0,129.181,2067494000.0,41836000.0,146004000.0,123465000.0,86.569,216577000.0
1,MTD,MRY,2019-12-31,2019-12-31,2019-12-31,2021-07-30,-323673000.0,2789321000.0,2680686250.0,1109647000.0,1679674000.0,1.122,17.127,-95919000.0,207785000.0,207785000.0,1267441000.0,561109000.0,1.471,5.629,1291218000.0,55868000.0,1235350000.0,1291218000.0,122489000.0,88681000.0,0.0,0.0,0.0,718805000.0,807486000.0,0.268,807486000.0,718805000.0,681394000.0,22.84,22.47,22.84,420780000.0,481229250.0,420780000.0,20372022569.0,28.0,25.229,507531000.0,20.659,1.0,1741211000.0,0.579,742221000.0,37411000.0,2376021000.0,2235649000.0,274285000.0,0.0,0.0,0.0,2368541000.0,754512000.0,1614029000.0,19319700569.0,29675000.0,-2004000.0,-727418000.0,258297000.0,0.0,-477368000.0,-99083000.0,0.0,603450000.0,2676000.0,561109000.0,561109000.0,561109000.0,0.0,0.0,0.186,1028583000.0,712628000.0,185592000.0,0.0,45.914,34.431,34.732,748657000.0,0.0,793.28,6.421,6.478,566256000.0,4499288000.0,3008652000.0,3008652000.0,143950000.0,0.209,1.166,0.322,0.239,18285000.0,819183000.0,1.0,24354201.0,24567609.0,24974457.0,122.464,2047100000.0,36978000.0,120285000.0,114310000.0,83.325,355135000.0
2,MTD,MRY,2018-12-31,2018-12-31,2018-12-31,2021-07-30,-302414000.0,2618847000.0,2561658500.0,1045860000.0,1572987000.0,1.146,23.401,-134536000.0,178110000.0,178110000.0,1251208000.0,512611000.0,1.424,3.438,1034691000.0,49670000.0,985021000.0,1034691000.0,105381000.0,84691000.0,0.0,0.0,0.0,686369000.0,771060000.0,0.263,771060000.0,686369000.0,651858000.0,20.33,19.88,20.33,590063000.0,553714750.0,590063000.0,15072165936.0,22.0,19.547,430469000.0,17.071,1.0,1684378000.0,0.574,752088000.0,34511000.0,1988906000.0,2000028250.0,268821000.0,0.0,0.0,0.0,2028784000.0,734434000.0,1294350000.0,14164966936.0,29423000.0,-5527000.0,-450399000.0,64291000.0,0.0,-388022000.0,-138944000.0,0.0,565005000.0,-8616000.0,512611000.0,512611000.0,512611000.0,0.0,0.0,0.175,1019817000.0,664561000.0,196641000.0,0.0,24.006,27.633,27.82,717526000.0,0.0,565.58,4.825,4.858,535528000.0,3941916000.0,2935586000.0,2935586000.0,141071000.0,0.2,0.926,0.343,0.234,17579000.0,812802000.0,1.0,25045028.0,25215674.0,25781324.0,116.419,1866759000.0,35066000.0,139247000.0,122595000.0,74.032,311426000.0
3,MTD,MRY,2017-12-31,2017-12-31,2017-12-31,2021-07-30,-265406000.0,2549805000.0,2374679500.0,1006723000.0,1543082000.0,1.148,21.284,-115453000.0,148687000.0,148687000.0,1149302000.0,375972000.0,1.46,3.659,979847000.0,19677000.0,960170000.0,979847000.0,107166000.0,76129000.0,0.0,0.0,0.0,607007000.0,683136000.0,0.251,683136000.0,607007000.0,574222000.0,14.62,14.24,14.62,547280000.0,490507500.0,547280000.0,16746906900.0,28.0,24.515,400872000.0,15.59,1.0,1575751000.0,0.578,766556000.0,32785000.0,1924736000.0,1883221250.0,255390000.0,0.0,0.0,0.0,2002525000.0,689673000.0,1312852000.0,15846778900.0,-9987000.0,-108445000.0,-371348000.0,59023000.0,0.0,-319530000.0,-217344000.0,0.0,516325000.0,10562000.0,375972000.0,375972000.0,375972000.0,0.0,0.0,0.138,968744000.0,607007000.0,167627000.0,0.0,28.956,42.149,42.375,668271000.0,0.0,619.52,5.815,5.846,528615000.0,3433282000.0,2725053000.0,2725053000.0,128308000.0,0.158,0.766,0.322,0.223,16582000.0,794861000.0,1.0,25579124.0,25713575.0,26393783.0,105.977,1783249000.0,41425000.0,198250000.0,123440000.0,69.35,317050000.0
4,MTD,MRY,2016-12-31,2016-12-31,2016-12-31,2021-07-30,-354998000.0,2166777000.0,2121194250.0,896784000.0,1269993000.0,1.182,16.402,-123534000.0,158674000.0,158674000.0,1070525000.0,384370000.0,1.526,3.982,894030000.0,18974000.0,875056000.0,894030000.0,100330000.0,68795000.0,0.0,0.0,0.0,532219000.0,601014000.0,0.24,601014000.0,532219000.0,504193000.0,14.49,14.22,14.49,434943000.0,492688750.0,434943000.0,11682823994.0,22.0,19.439,337224000.0,12.717,1.0,1437732000.0,0.573,643433000.0,28026000.0,1671185000.0,1587152500.0,222047000.0,0.0,0.0,0.0,1731834000.0,587515000.0,1144319000.0,10981155994.0,59787000.0,-111381000.0,-474521000.0,311596000.0,0.0,-163605000.0,-231456000.0,0.0,460758000.0,-5910000.0,384370000.0,384370000.0,384370000.0,0.0,0.0,0.153,905513000.0,532219000.0,146593000.0,0.0,25.247,28.569,28.886,563707000.0,0.0,418.56,4.378,4.425,454988000.0,3065708000.0,2508257000.0,2508257000.0,119196000.0,0.181,0.78,0.335,0.212,15306000.0,745358000.0,1.0,26235560.0,26517768.0,27023905.0,94.588,1523344000.0,33951000.0,119823000.0,112296000.0,57.446,309269000.0
5,MTD,MRY,2015-12-31,2015-12-31,2015-12-31,2021-07-30,-266649000.0,1959335000.0,2021373750.0,795332000.0,1164003000.0,1.185,20.97,-81557000.0,98887000.0,98887000.0,1043454000.0,352820000.0,1.425,2.376,589626000.0,14488000.0,575138000.0,589626000.0,88829000.0,64038000.0,0.0,0.0,0.0,490875000.0,554913000.0,0.232,554913000.0,490875000.0,463424000.0,12.75,12.48,12.75,580457000.0,621797000.0,580457000.0,9777017471.0,20.0,17.619,358240000.0,12.942,1.0,1351993000.0,0.564,561536000.0,27451000.0,1330326000.0,1352501000.0,214383000.0,0.0,0.0,0.0,1378878000.0,558212000.0,820666000.0,9277524471.0,13624000.0,-13779000.0,-465410000.0,147387000.0,0.0,-319961000.0,-100751000.0,0.0,439797000.0,-5461000.0,352820000.0,352820000.0,352820000.0,0.0,0.0,0.147,861118000.0,490875000.0,142075000.0,0.0,15.983,26.295,26.598,517229000.0,0.0,339.13,3.873,3.919,411420000.0,2692317000.0,2395447000.0,2395447000.0,119076000.0,0.175,0.567,0.363,0.205,14223000.0,700810000.0,1.0,27356838.0,27680918.0,28269615.0,86.538,1397799000.0,33051000.0,110604000.0,99735000.0,50.497,237120000.0
6,MTD,MRY,2014-12-31,2014-12-31,2014-12-31,2021-07-30,-212949000.0,2009110000.0,2098780500.0,849430000.0,1159680000.0,1.184,24.907,-88660000.0,85263000.0,85263000.0,1127233000.0,338241000.0,1.251,1.792,451954000.0,116164000.0,335790000.0,451954000.0,82219000.0,62802000.0,0.0,0.0,0.0,469541000.0,532343000.0,0.214,532343000.0,469541000.0,445004000.0,11.71,11.44,11.71,719595000.0,849963250.0,719595000.0,8993170931.0,19.0,16.894,330252000.0,11.431,1.0,1358750000.0,0.547,556869000.0,24537000.0,1140042000.0,1271844000.0,204531000.0,0.0,0.0,0.0,1289515000.0,678890000.0,610625000.0,8634449931.0,-26611000.0,-5784000.0,-392953000.0,42024000.0,0.0,-348231000.0,-94321000.0,0.0,418912000.0,-2971000.0,338241000.0,338241000.0,338241000.0,0.0,0.0,0.136,889209000.0,469541000.0,145896000.0,0.0,11.999,25.528,25.829,511462000.0,0.0,302.46,3.473,3.515,435648000.0,2357334000.0,2485983000.0,2485983000.0,123297000.0,0.161,0.398,0.369,0.189,10054000.0,728582000.0,1.0,28547411.0,28890771.0,29571308.0,86.048,1452241000.0,92614000.0,106763000.0,134701000.0,50.267,170540000.0
7,MTD,MRY,2013-12-31,2013-12-31,2013-12-31,2021-07-30,-35036000.0,2152819000.0,2125219500.0,913987000.0,1238832000.0,1.119,31.225,-82138000.0,111874000.0,111874000.0,1097041000.0,306094000.0,1.62,1.302,413027000.0,17067000.0,395960000.0,413027000.0,83083000.0,59304000.0,0.0,0.0,0.0,425420000.0,484724000.0,0.204,484724000.0,425420000.0,402709000.0,10.22,9.96,10.22,935052000.0,848504500.0,935052000.0,7510267274.0,18.0,15.494,263790000.0,8.809,1.0,1281931000.0,0.539,570260000.0,22711000.0,1319524000.0,1362272000.0,210414000.0,0.0,0.0,0.0,1217767000.0,564188000.0,653579000.0,7201599274.0,10172000.0,-2661000.0,-275231000.0,23492000.0,0.0,-249892000.0,-86023000.0,0.0,345928000.0,159000.0,306094000.0,306094000.0,306094000.0,0.0,0.0,0.129,856511000.0,425420000.0,145993000.0,0.0,7.702,23.527,23.737,514438000.0,0.0,242.59,3.027,3.054,466703000.0,2037420000.0,2378972000.0,2378972000.0,116346000.0,0.144,0.361,0.312,0.179,10792000.0,692693000.0,1.0,29686299.0,29945954.0,30728482.0,79.442,1582559000.0,82055000.0,96615000.0,142170000.0,52.847,349799000.0
8,MTD,MRY,2012-12-31,2012-12-31,2012-12-31,2021-07-30,-97461000.0,2022288000.0,2063190500.0,864237000.0,1158051000.0,1.135,26.646,-95162000.0,101702000.0,101702000.0,1100473000.0,290847000.0,1.538,1.445,388731000.0,41600000.0,347131000.0,388731000.0,71435000.0,54778000.0,0.0,0.0,0.0,405365000.0,460143000.0,0.197,460143000.0,405365000.0,382601000.0,9.37,9.14,9.37,827219000.0,801852500.0,827219000.0,6233708726.0,15.0,13.547,232542000.0,7.491,1.0,1241055000.0,0.53,569915000.0,22764000.0,1177408000.0,1262425750.0,198939000.0,0.0,0.0,0.0,1195069000.0,561994000.0,633075000.0,5923452726.0,-133899000.0,-2098000.0,-256745000.0,-118047000.0,0.0,-366397000.0,-97260000.0,0.0,327704000.0,2054000.0,290847000.0,290847000.0,290847000.0,0.0,0.0,0.124,835690000.0,405365000.0,142362000.0,0.0,7.161,20.366,20.63,469421000.0,0.0,193.3,2.53,2.563,437390000.0,1749451000.0,2341528000.0,2341528000.0,112530000.0,0.141,0.363,0.321,0.173,3820000.0,684026000.0,1.0,30643832.0,31044532.0,31824077.0,75.425,1452373000.0,89688000.0,91754000.0,124406000.0,46.784,302243000.0
9,MTD,MRY,2011-12-31,2011-12-31,2011-12-31,2021-07-30,-86938000.0,2203474000.0,2284759000.0,1018863000.0,1184611000.0,1.011,24.489,-96015000.0,235601000.0,235601000.0,1091054000.0,269493000.0,1.671,1.821,505015000.0,28300000.0,476715000.0,505015000.0,99584000.0,49497000.0,0.0,0.0,0.0,372403000.0,421900000.0,0.183,421900000.0,372403000.0,349177000.0,8.45,8.21,8.45,781137000.0,806982000.0,781137000.0,4984513184.0,13.0,11.814,184865000.0,5.796,1.0,1218274000.0,0.528,569153000.0,23226000.0,1293891000.0,1440942000.0,241421000.0,0.0,0.0,0.0,1422337000.0,609844000.0,812493000.0,4665289184.0,-211976000.0,-35373000.0,-183808000.0,-181239000.0,0.0,-360469000.0,-132291000.0,0.0,280880000.0,-96000.0,269493000.0,269493000.0,269493000.0,0.0,0.0,0.117,845871000.0,372403000.0,168109000.0,0.0,5.972,17.311,17.48,410007000.0,0.0,147.71,2.02,2.04,425147000.0,1476550000.0,2309328000.0,2309328000.0,116139000.0,0.118,0.334,0.258,0.161,-342000.0,703632000.0,1.0,31584112.0,31897779.0,32839365.0,72.398,1634321000.0,170024000.0,79684000.0,199424000.0,51.236,409019000.0
10,MTD,MRY,2010-12-31,2010-12-31,2010-12-31,2021-07-30,8201000.0,2283063000.0,1912972000.0,1144895000.0,1138168000.0,1.029,23.184,-73593000.0,447577000.0,447577000.0,930982000.0,232148000.0,2.112,1.959,681203000.0,10902000.0,670301000.0,681203000.0,86746000.0,44528000.0,0.0,0.0,0.0,327570000.0,372098000.0,0.189,372098000.0,327570000.0,307513000.0,6.98,6.8,6.98,771584000.0,739034000.0,771584000.0,5155744907.0,16.0,13.856,194686000.0,5.85,1.0,1037196000.0,0.527,539071000.0,20057000.0,1435432000.0,1026351500.0,217104000.0,0.0,0.0,0.0,1511479000.0,542186000.0,969293000.0,4963412907.0,362546000.0,-3314000.0,-219543000.0,385039000.0,0.0,167923000.0,-77015000.0,0.0,268279000.0,3359000.0,232148000.0,232148000.0,232148000.0,0.0,0.0,0.118,709626000.0,327570000.0,138105000.0,0.0,6.433,21.38,21.663,364472000.0,0.0,151.21,2.522,2.557,368936000.0,1223130000.0,1968178000.0,1968178000.0,97028000.0,0.121,0.314,0.319,0.166,3368000.0,588726000.0,1.0,32824634.0,33280463.0,34140097.0,59.139,1743992000.0,140544000.0,75365000.0,191805000.0,52.403,602709000.0
11,MTD,MRY,2009-12-31,2009-12-31,2009-12-31,2021-07-30,-16209000.0,1718787000.0,1669721750.0,646107000.0,1072680000.0,1.035,21.092,-57960000.0,85031000.0,85031000.0,839516000.0,172593000.0,1.306,1.417,293558000.0,89968000.0,203590000.0,293558000.0,63292000.0,41478000.0,0.0,0.0,0.0,249879000.0,291357000.0,0.169,291357000.0,249879000.0,224762000.0,5.12,5.03,5.12,711138000.0,618608250.0,711138000.0,3759011530.0,15.0,12.902,174645000.0,5.18,1.0,889337000.0,0.514,546234000.0,25117000.0,886405000.0,989212750.0,168042000.0,0.0,0.0,0.0,1007649000.0,494675000.0,512974000.0,3543522530.0,6958000.0,-14620000.0,5080000.0,-163362000.0,0.0,-157443000.0,-72580000.0,0.0,232605000.0,4376000.0,172593000.0,172593000.0,172593000.0,0.0,0.0,0.1,639458000.0,249879000.0,103160000.0,0.0,4.983,20.531,20.506,316334000.0,0.0,104.99,2.05,2.048,312998000.0,1009995000.0,1728853000.0,1728853000.0,89685000.0,0.103,0.279,0.253,0.145,9230000.0,505177000.0,1.0,33751048.0,33716353.0,34290771.0,51.276,1172553000.0,129913000.0,52169000.0,169780000.0,34.777,151432000.0
12,MTD,MRY,2008-12-31,2008-12-31,2008-12-31,2021-07-30,-31861000.0,1664056000.0,1723690500.0,670865000.0,993191000.0,1.145,14.693,-47701000.0,78073000.0,78073000.0,980263000.0,202778000.0,1.579,2.307,454080000.0,12492000.0,441588000.0,454080000.0,51665000.0,39540000.0,0.0,0.0,0.0,291459000.0,330999000.0,0.168,330999000.0,291459000.0,266069000.0,5.92,5.79,5.92,503247000.0,530392750.0,503247000.0,2668048401.0,9.0,8.061,175448000.0,5.123,1.0,993081000.0,0.503,520721000.0,25390000.0,1094470000.0,1140477750.0,170613000.0,0.0,0.0,0.0,1160809000.0,424872000.0,735937000.0,2259407401.0,-3149000.0,-999000.0,-224443000.0,43687000.0,0.0,-178532000.0,-48700000.0,0.0,223149000.0,934000.0,202778000.0,202778000.0,202778000.0,0.0,0.0,0.103,701622000.0,291459000.0,111442000.0,0.0,4.49,11.142,11.385,285008000.0,0.0,67.4,1.145,1.17,348614000.0,848489000.0,1973344000.0,1973344000.0,102282000.0,0.118,0.382,0.256,0.148,7089000.0,579806000.0,1.0,33522365.0,34250310.0,35048859.0,57.615,1143335000.0,128714000.0,63291000.0,163773000.0,33.382,245993000.0
13,MTD,MRY,2007-12-31,2007-12-31,2007-12-31,2021-07-30,42617000.0,1678214000.0,1580631500.0,683209000.0,995005000.0,1.135,15.7,-41282000.0,81222000.0,81222000.0,897567000.0,178507000.0,1.526,1.887,396642000.0,11570000.0,385072000.0,396642000.0,52703000.0,38346000.0,0.0,0.0,0.0,263870000.0,302216000.0,0.168,302216000.0,263870000.0,242867000.0,4.82,4.7,4.82,581286000.0,575358250.0,581286000.0,4399886590.0,17.0,14.559,186435000.0,5.035,1.0,896181000.0,0.5,540787000.0,21003000.0,1005074000.0,924068750.0,173725000.0,0.0,0.0,0.0,1096928000.0,447773000.0,649155000.0,4103469590.0,-70047000.0,-106000.0,-303653000.0,30099000.0,0.0,-263481000.0,-41388000.0,0.0,227717000.0,7105000.0,178507000.0,178507000.0,178507000.0,0.0,0.0,0.1,632311000.0,263870000.0,127109000.0,0.0,7.059,22.988,23.61,265665000.0,0.0,113.8,2.288,2.349,354596000.0,652236000.0,1793748000.0,1793748000.0,92378000.0,0.113,0.31,0.286,0.147,-1431000.0,529126000.0,1.0,36058608.0,37025209.0,37952923.0,48.447,1137427000.0,102772000.0,64360000.0,154090000.0,30.72,235436000.0
14,MTD,MRY,2006-12-31,2006-12-31,2006-12-31,2021-07-30,-17321000.0,1587085000.0,1591096000.0,669770000.0,917315000.0,1.002,15.746,-30148000.0,151269000.0,151269000.0,804480000.0,157532000.0,1.742,1.516,355667000.0,9962000.0,345705000.0,355667000.0,41553000.0,37572000.0,0.0,0.0,0.0,222339000.0,259911000.0,0.163,259911000.0,222339000.0,204847000.0,3.93,3.86,3.93,630862000.0,630961000.0,630862000.0,3272103880.0,15.0,12.589,161418000.0,4.029,1.0,790432000.0,0.496,535621000.0,17492000.0,871483000.0,883761000.0,148372000.0,0.0,0.0,0.0,956223000.0,384379000.0,571844000.0,3098305880.0,-173309000.0,-790000.0,-234187000.0,-114613000.0,0.0,-337464000.0,-30938000.0,0.0,191566000.0,3527000.0,157532000.0,157532000.0,157532000.0,0.0,0.0,0.099,568093000.0,222339000.0,95971000.0,0.0,4.911,19.668,20.064,229138000.0,0.0,78.85,1.943,1.981,306879000.0,493691000.0,1594912000.0,1594912000.0,82802000.0,0.099,0.25,0.252,0.139,-3097000.0,481709000.0,1.0,39293670.0,40065951.0,40785708.0,39.807,1051464000.0,102137000.0,47315000.0,137653000.0,26.243,285391000.0
15,MTD,MRY,2005-12-31,2005-12-31,2005-12-31,2021-07-30,-45325000.0,1669773000.0,1494904250.0,800659000.0,869114000.0,0.992,15.613,-31075000.0,324578000.0,324578000.0,752153000.0,108902000.0,2.265,1.534,450140000.0,6345000.0,443795000.0,450140000.0,34803000.0,37413000.0,0.0,0.0,0.0,175064000.0,212477000.0,0.143,212477000.0,175064000.0,160184000.0,2.58,2.52,2.58,659002000.0,667980250.0,659002000.0,2427988237.0,14.0,11.427,145984000.0,3.459,1.0,730319000.0,0.493,528209000.0,14880000.0,913670000.0,766186750.0,150201000.0,0.0,0.0,0.0,1010771000.0,353456000.0,657315000.0,2294006237.0,257402000.0,-4087000.0,-134825000.0,253323000.0,0.0,117738000.0,-35162000.0,0.0,177059000.0,-2233000.0,108902000.0,108902000.0,108902000.0,0.0,0.0,0.073,535031000.0,195288000.0,88553000.0,0.0,3.481,21.065,21.395,218519000.0,0.0,55.2,1.547,1.572,271915000.0,417075000.0,1482472000.0,1482472000.0,81893000.0,0.073,0.163,0.228,0.118,0.0,441702000.0,1.0,41558084.0,42207777.0,43285121.0,35.123,1141564000.0,103252000.0,51282000.0,142429000.0,27.046,447203000.0
16,MTD,MRY,2004-12-31,2004-12-31,2004-12-31,2021-07-30,2965000.0,1480072000.0,1405742750.0,552357000.0,927715000.0,0.999,16.296,-26063000.0,67176000.0,67176000.0,722047000.0,107957000.0,1.586,1.053,203203000.0,6913000.0,196290000.0,203203000.0,26176000.0,38924000.0,0.0,0.0,0.0,167112000.0,206036000.0,0.147,206036000.0,167112000.0,154224000.0,2.44,2.37,2.44,720886000.0,683577250.0,720886000.0,2383270129.0,14.0,11.567,139930000.0,3.163,1.0,682407000.0,0.486,560181000.0,12888000.0,707672000.0,663922250.0,156539000.0,0.0,0.0,0.0,759186000.0,348246000.0,410940000.0,2242483129.0,22060000.0,-2287000.0,-76830000.0,-40604000.0,0.0,-117434000.0,-28350000.0,0.0,165993000.0,1851000.0,107957000.0,107957000.0,107957000.0,0.0,0.0,0.077,515253000.0,167154000.0,85129000.0,0.0,3.111,20.772,21.029,242709000.0,0.0,51.31,1.597,1.616,271097000.0,308173000.0,1404454000.0,1404454000.0,83217000.0,0.077,0.158,0.252,0.119,0.0,419780000.0,1.0,43704602.0,44237214.0,45483969.0,31.748,919891000.0,100334000.0,46267000.0,146811000.0,20.795,204111000.0
17,MTD,MRY,2003-12-31,2003-12-31,2003-12-31,2021-07-30,-18294000.0,1387276000.0,1361299250.0,505537000.0,881739000.0,0.958,14.705,-25060000.0,45116000.0,45116000.0,686255000.0,95838000.0,1.542,1.121,241516000.0,18277000.0,223239000.0,241516000.0,20759000.0,36810000.0,0.0,0.0,0.0,151064000.0,187874000.0,0.144,187874000.0,151064000.0,136911000.0,2.15,2.11,2.15,653996000.0,609849250.0,653996000.0,2100398904.0,14.0,11.18,92171000.0,2.072,1.0,618176000.0,0.474,551346000.0,14153000.0,704421000.0,573097500.0,151764000.0,0.0,0.0,0.0,733280000.0,327909000.0,405371000.0,1877741904.0,13689000.0,-4450000.0,3577000.0,-77220000.0,0.0,-76720000.0,-29510000.0,0.0,117231000.0,2688000.0,95838000.0,95838000.0,95838000.0,0.0,0.0,0.073,467112000.0,151064000.0,68243000.0,0.0,2.871,19.593,19.633,231512000.0,0.0,42.21,1.44,1.439,249353000.0,200216000.0,1304431000.0,1304431000.0,78003000.0,0.07,0.157,0.264,0.116,0.0,372822000.0,1.0,44485712.0,44473913.0,45508847.0,29.33,835930000.0,68327000.0,41073000.0,112608000.0,18.796,177628000.0
18,MTD,MRY,2002-12-31,2002-12-31,2002-12-31,2021-07-30,-61649000.0,1303393000.0,1253343000.0,475727000.0,827666000.0,0.968,11.346,-31162000.0,31427000.0,31427000.0,645970000.0,100421000.0,1.294,1.594,312671000.0,50578000.0,262093000.0,312671000.0,18547000.0,34724000.0,0.0,0.0,0.0,127619000.0,162343000.0,0.134,162343000.0,127619000.0,110410000.0,2.27,2.21,2.27,502386000.0,459062500.0,502386000.0,1724952528.0,14.0,10.625,84248000.0,1.903,1.0,567737000.0,0.468,537792000.0,17209000.0,679181000.0,680432750.0,150441000.0,0.0,0.0,0.0,801007000.0,367664000.0,433343000.0,1422036528.0,3706000.0,-21305000.0,3532000.0,-61184000.0,0.0,-57652000.0,-52467000.0,0.0,115410000.0,-1585000.0,100421000.0,100421000.0,100421000.0,0.0,0.0,0.083,440118000.0,127619000.0,73072000.0,0.0,2.831,14.161,14.123,217754000.0,0.0,32.06,1.172,1.17,231673000.0,104378000.0,1213707000.0,1213707000.0,70625000.0,0.08,0.219,0.188,0.105,0.0,331959000.0,1.0,44355475.0,44280605.0,45370053.0,27.409,765601000.0,57930000.0,9989000.0,108577000.0,17.29,108063000.0
19,MTD,MRY,2001-12-31,2001-12-31,2001-12-31,2021-07-30,-71898000.0,1189412000.0,951888500.0,431758000.0,757654000.0,1.206,9.559,-29710000.0,27721000.0,27721000.0,619140000.0,72264000.0,1.242,2.064,359718000.0,50239000.0,309479000.0,359718000.0,0.0,36972000.0,0.0,0.0,0.0,135596000.0,172568000.0,0.15,172568000.0,135596000.0,118434000.0,1.78,1.68,1.78,388184000.0,253703750.0,388184000.0,2308542604.0,17.0,13.378,71862000.0,1.77,1.0,528882000.0,0.461,511471000.0,17162000.0,662351000.0,577274750.0,145621000.0,0.0,0.0,0.0,801228000.0,347587000.0,453641000.0,2082182604.0,5996000.0,-165471000.0,16840000.0,83386000.0,0.0,100226000.0,-195181000.0,0.0,101572000.0,-621000.0,72264000.0,72264000.0,72264000.0,0.0,0.0,0.063,393286000.0,135596000.0,66327000.0,0.0,5.364,28.814,29.129,192272000.0,0.0,51.85,1.814,1.834,227295000.0,3957000.0,1148022000.0,1148022000.0,64627000.0,0.076,0.285,0.235,0.118,0.0,299191000.0,1.0,40157813.0,40609716.0,42978895.0,28.27,677941000.0,8862000.0,46170000.0,97088000.0,16.694,84171000.0
20,MTD,MRY,2000-12-31,2000-12-31,2000-12-31,2021-07-30,-47804000.0,887582000.0,820562500.0,423339000.0,464243000.0,1.335,4.598,-27836000.0,21725000.0,21725000.0,600185000.0,70119000.0,1.212,3.963,288367000.0,50560000.0,237807000.0,288367000.0,0.0,33254000.0,0.0,0.0,0.0,128663000.0,161917000.0,0.148,161917000.0,128663000.0,108629000.0,1.8,1.66,1.8,178840000.0,143599750.0,178840000.0,2370442200.0,18.0,14.64,56878000.0,1.462,1.0,495362000.0,0.452,228035000.0,20034000.0,577036000.0,564373000.0,141677000.0,0.0,0.0,0.0,708742000.0,349153000.0,359589000.0,2107398200.0,4546000.0,-26377000.0,6473000.0,-32378000.0,0.0,-25905000.0,-54213000.0,0.0,84714000.0,-50000.0,70119000.0,70119000.0,70119000.0,0.0,0.0,0.064,366699000.0,128663000.0,80513000.0,0.0,11.784,30.055,30.211,199388000.0,0.0,54.38,1.924,1.931,212570000.0,-68307000.0,1095547000.0,1095547000.0,56334000.0,0.085,0.488,0.228,0.117,0.0,296187000.0,1.0,38753185.0,38897879.0,42141548.0,28.165,659547000.0,0.0,38510000.0,94476000.0,16.956,74186000.0
21,MTD,MRY,1999-12-31,1999-12-31,1999-12-31,2021-07-30,-38037000.0,820973000.0,801020500.0,387945000.0,433028000.0,1.33,2.908,-19037000.0,17179000.0,17179000.0,585007000.0,48101000.0,1.154,6.329,296600000.0,46879000.0,249721000.0,296600000.0,0.0,35299000.0,0.0,0.0,0.0,101479000.0,136778000.0,0.128,136778000.0,101479000.0,79499000.0,1.25,1.16,1.25,112015000.0,87648000.0,112015000.0,1788993264.0,18.0,13.08,72303000.0,1.877,1.0,480466000.0,0.451,204395000.0,21980000.0,559824000.0,612148500.0,123901000.0,0.0,0.0,0.0,708958000.0,336175000.0,372783000.0,1472371264.0,-4012000.0,-18468000.0,2592000.0,-59753000.0,0.0,-57161000.0,-37505000.0,0.0,91340000.0,-686000.0,48101000.0,48101000.0,48101000.0,0.0,0.0,0.045,378609000.0,101857000.0,81234000.0,0.0,13.144,30.61,30.552,199723000.0,0.0,38.19,1.382,1.381,203750000.0,-138426000.0,1065473000.0,1065473000.0,57393000.0,0.06,0.549,0.166,0.095,0.0,300389000.0,1.0,38553843.0,38518084.0,41295757.0,27.662,616578000.0,0.0,31398000.0,71497000.0,16.007,51770000.0
22,MTD,MRY,1998-12-31,1998-12-31,1998-12-31,2021-07-30,-45183000.0,820441000.0,762911000.0,358230000.0,462211000.0,1.226,1.404,-6133000.0,21191000.0,21191000.0,520190000.0,37625000.0,1.221,14.163,386678000.0,46432000.0,340246000.0,386678000.0,0.0,32226000.0,0.0,0.0,0.0,81262000.0,113488000.0,0.121,113488000.0,81262000.0,58624000.0,0.98,0.92,0.98,53835000.0,44484000.0,53835000.0,1439057284.0,18.0,12.68,65909000.0,1.718,1.0,415468000.0,0.444,213772000.0,22638000.0,678727000.0,656053750.0,112059000.0,0.0,0.0,0.0,762442000.0,293429000.0,469013000.0,1076267284.0,-2375000.0,-28925000.0,532000.0,-39357000.0,0.0,-38825000.0,-35943000.0,0.0,72042000.0,351000.0,37625000.0,37625000.0,37625000.0,0.0,0.0,0.04,333295000.0,82173000.0,58740000.0,0.0,19.992,28.605,28.633,230264000.0,0.0,28.06,1.15,1.15,178525000.0,-186527000.0,935658000.0,935658000.0,48977000.0,0.049,0.846,0.124,0.087,0.0,265511000.0,1.0,38355926.0,38357079.0,40682211.0,24.393,606669000.0,0.0,20999000.0,76868000.0,15.816,64801000.0
23,MTD,MRY,1997-12-31,1997-12-31,1997-12-31,2021-07-30,-35462000.0,749313000.0,760600500.0,309882000.0,439431000.0,1.155,0.803,-6338000.0,23566000.0,23566000.0,493480000.0,-65106000.0,1.176,28.362,396764000.0,56430000.0,340334000.0,396764000.0,0.0,31835000.0,0.0,0.0,0.0,-11693000.0,20142000.0,0.023,20142000.0,-11693000.0,-47617000.0,-2.06,-2.06,-2.06,25399000.0,18912500.0,25399000.0,,,,49311000.0,1.56,1.0,384935000.0,0.438,183318000.0,35924000.0,675610000.0,725123500.0,101047000.0,0.0,0.0,0.0,720365000.0,263583000.0,456782000.0,661296259.0,-37130000.0,-80469000.0,96904000.0,-88956000.0,0.0,7948000.0,-95991000.0,0.0,55649000.0,-4736000.0,-65106000.0,-65106000.0,-65106000.0,0.0,0.0,-0.074,354963000.0,29972000.0,39342000.0,0.0,26.036,-10.157,-8.374,235262000.0,0.0,17.25,0.753,0.621,153619000.0,-224152000.0,878415000.0,878415000.0,47551000.0,-0.086,-3.442,-0.016,-0.013,0.0,260397000.0,1.0,38336015.0,31617071.0,31617071.0,27.783,565995000.0,0.0,17489000.0,58704000.0,17.902,46299000.0
24,MTD,MRY,1996-12-31,1996-12-31,1996-12-31,2021-07-30,-16637000.0,771888000.0,,339216000.0,432672000.0,,0.405,-11192000.0,60696000.0,60696000.0,136820000.0,-159046000.0,1.329,60.865,454204000.0,80446000.0,373758000.0,454204000.0,0.0,8990000.0,0.0,,0.0,-151246000.0,-142256000.0,-0.761,-142256000.0,-151246000.0,-159984000.0,-5.18,-5.18,-5.18,12426000.0,,12426000.0,,,,-1608000.0,-0.052,1.0,50092000.0,0.268,135490000.0,8738000.0,774637000.0,,102526000.0,0.0,0.0,0.0,756304000.0,255269000.0,501035000.0,,24597000.0,-314962000.0,188108000.0,414170000.0,0.0,336925000.0,-321297000.0,0.0,9584000.0,-615000.0,-159046000.0,-159046000.0,-159046000.0,0.0,0.0,-0.851,201430000.0,-151338000.0,32797000.0,0.0,,,,255292000.0,0.0,,,,151161000.0,-159046000.0,186912000.0,186912000.0,9805000.0,,,,-0.809,0.0,59353000.0,1.0,,30686065.0,30686065.0,6.091,636398000.0,11481000.0,-938000.0,57179000.0,20.739,83947000.0
25,MTD,MRY,1995-12-31,1995-12-31,1995-12-31,2021-07-30,,,,,,,,-21858000.0,,,,,,,,,,,,33363000.0,,,0.0,,,,,,,,,,,,,,,,29811000.0,,1.0,,,,,,,,,,,,,,,-22400000.0,0.0,0.0,-11710000.0,0.0,-49071000.0,-29342000.0,0.0,51669000.0,4344000.0,,,,,,,,,,,,,,,,,,,,,,,,,,,,0.0,,1.0,,,,,,,,,,
0,MTD,MRQ,2021-06-30,2021-06-30,2021-06-30,2021-07-30,-302592000.0,3142904000.0,,1172611000.0,1970293000.0,,8.254,-19510000.0,142252000.0,142252000.0,387447000.0,184763000.0,1.25,15.419,1655030000.0,53025000.0,1602005000.0,1655030000.0,192199000.0,27536000.0,0.0,0.0,0.0,240823000.0,268359000.0,0.29,268359000.0,240823000.0,230384000.0,7.97,7.85,7.97,191424000.0,,191424000.0,33742964688.0,36.0,32.685,226025000.0,9.746,1.0,536904000.0,0.581,935905000.0,10439000.0,2781408000.0,,350159000.0,0.0,0.0,0.0,2951480000.0,938369000.0,2013111000.0,32236059688.0,35598000.0,-460000.0,-209715000.0,33998000.0,0.0,-177291000.0,-34592000.0,0.0,245535000.0,1946000.0,184763000.0,184763000.0,184763000.0,0.0,0.0,0.2,298742000.0,238162000.0,210811000.0,0.0,168.401,45.244,45.796,790512000.0,0.0,1385.34,9.279,9.248,600191000.0,5429085000.0,924351000.0,924351000.0,42603000.0,,,,,4581000.0,239045000.0,1.0,23269421.0,23191155.0,23521793.0,39.858,2206999000.0,41240000.0,45621000.0,155130000.0,95.166,234242000.0
1,MTD,MRQ,2021-03-31,2021-03-31,2021-03-31,2021-07-30,-311744000.0,3028368000.0,,1080208000.0,1948160000.0,,8.673,-24605000.0,106654000.0,106654000.0,332694000.0,149663000.0,1.283,13.944,1613559000.0,52505000.0,1561054000.0,1613559000.0,180330000.0,24827000.0,0.0,0.0,0.0,194885000.0,219712000.0,0.273,219712000.0,194885000.0,185414000.0,6.41,6.32,6.41,202643000.0,,202643000.0,28292686304.0,33.0,29.69,134272000.0,5.747,1.0,471696000.0,0.586,939332000.0,9471000.0,2754132000.0,,321341000.0,0.0,0.0,0.0,2825725000.0,841809000.0,1983916000.0,27052449304.0,12400000.0,-185074000.0,-257451000.0,304845000.0,0.0,46680000.0,-191453000.0,0.0,158877000.0,-1704000.0,149663000.0,149663000.0,149663000.0,0.0,0.0,0.186,276811000.0,194885000.0,189289000.0,0.0,133.498,41.346,41.918,780166000.0,0.0,1155.69,8.348,8.333,574418000.0,5244387000.0,804390000.0,804390000.0,39272000.0,,,,,4575000.0,221752000.0,1.0,23408050.0,23365077.0,23685665.0,34.427,2089036000.0,39240000.0,35751000.0,134293000.0,89.408,238399000.0
2,MTD,MRQ,2020-12-31,2020-12-31,2020-12-31,2021-07-30,-334925000.0,2814549000.0,,1056904000.0,1757645000.0,,11.836,-35006000.0,94254000.0,94254000.0,378941000.0,216295000.0,1.258,8.957,1334491000.0,50317000.0,1284174000.0,1334491000.0,149106000.0,25752000.0,0.0,0.0,0.0,278685000.0,304437000.0,0.325,304437000.0,278685000.0,269180000.0,9.11,8.98,9.11,282675000.0,,282675000.0,28188748560.0,36.0,31.813,215863000.0,9.038,1.0,559044000.0,0.596,747055000.0,9505000.0,2467404000.0,,297611000.0,0.0,0.0,0.0,2531874000.0,840327000.0,1691547000.0,27118187560.0,-59432000.0,0.0,-374474000.0,88002000.0,0.0,-286472000.0,-30315000.0,0.0,250869000.0,6486000.0,216295000.0,216295000.0,216295000.0,0.0,0.0,0.231,290359000.0,268685000.0,175801000.0,0.0,95.934,44.992,45.154,798868000.0,0.0,1139.68,8.79,8.822,593809000.0,5095596000.0,937985000.0,937985000.0,39866000.0,,,,,5439000.0,226369000.0,1.0,23794563.0,23882648.0,24199230.0,39.275,2067494000.0,41836000.0,52885000.0,123465000.0,86.569,216577000.0
3,MTD,MRQ,2020-09-30,2020-09-30,2020-09-30,2021-07-30,-327273000.0,2766536000.0,,1046320000.0,1720216000.0,,18.521,-19318000.0,153686000.0,153686000.0,337749000.0,161767000.0,1.369,5.244,1224247000.0,55111000.0,1169136000.0,1224247000.0,150476000.0,24743000.0,0.0,0.0,0.0,215119000.0,239862000.0,0.297,239862000.0,215119000.0,205809000.0,6.76,6.68,6.76,443067000.0,,443067000.0,24223147174.0,32.0,28.671,205760000.0,8.601,1.0,469608000.0,0.582,740873000.0,9310000.0,2332143000.0,,292329000.0,0.0,0.0,0.0,2323469000.0,764081000.0,1559388000.0,23150249174.0,26409000.0,0.0,-191555000.0,9196000.0,0.0,-182359000.0,-19458000.0,0.0,225078000.0,3148000.0,161767000.0,161767000.0,161767000.0,0.0,0.0,0.2,258321000.0,211287000.0,146646000.0,0.0,52.25,39.97,40.173,758010000.0,0.0,965.75,7.74,7.724,521777000.0,4882287000.0,807357000.0,807357000.0,34656000.0,,,,,4430000.0,204974000.0,1.0,23971265.0,23922272.0,24225204.0,33.749,2025663000.0,37115000.0,44042000.0,132843000.0,84.677,282239000.0
4,MTD,MRQ,2020-06-30,2020-06-30,2020-06-30,2021-07-30,-345605000.0,2679647000.0,,989808000.0,1689839000.0,,18.801,-16229000.0,127277000.0,127277000.0,292703000.0,126562000.0,1.408,4.954,1200175000.0,53585000.0,1146590000.0,1200175000.0,150742000.0,24083000.0,0.0,0.0,0.0,164837000.0,188920000.0,0.274,188920000.0,164837000.0,155255000.0,5.29,5.22,5.29,450093000.0,,450093000.0,20504542180.0,29.0,25.426,167008000.0,6.976,1.0,397970000.0,0.576,739755000.0,9582000.0,2309961000.0,,299746000.0,0.0,0.0,0.0,2229554000.0,702829000.0,1526725000.0,19258709180.0,-196308000.0,-632000.0,10615000.0,-372976000.0,0.0,-362361000.0,-16134000.0,0.0,183237000.0,-1050000.0,126562000.0,126562000.0,126562000.0,0.0,0.0,0.183,236076000.0,161894000.0,155901000.0,0.0,42.788,35.219,35.707,743393000.0,0.0,805.55,6.556,6.565,490429000.0,4720523000.0,690673000.0,690673000.0,31193000.0,,,,,4423000.0,190134000.0,1.0,23907528.0,23940278.0,24228989.0,28.85,1939892000.0,35777000.0,28693000.0,115692000.0,81.03,286979000.0
5,MTD,MRQ,2020-03-31,2020-03-31,2020-03-31,2021-07-30,-347701000.0,2885780000.0,,1200865000.0,1684915000.0,,12.752,-18835000.0,323585000.0,323585000.0,274753000.0,98115000.0,1.766,8.418,1569418000.0,56398000.0,1513020000.0,1569418000.0,144836000.0,24131000.0,0.0,0.0,0.0,128718000.0,152849000.0,0.235,152849000.0,128718000.0,118499000.0,4.08,4.03,4.08,306397000.0,,306397000.0,17692155405.0,25.0,22.017,46680000.0,1.943,1.0,374409000.0,0.577,742590000.0,10219000.0,2709185000.0,,292110000.0,0.0,0.0,0.0,2579383000.0,679838000.0,1899545000.0,16608722405.0,115800000.0,-5610000.0,-192865000.0,280949000.0,0.0,87284000.0,-34453000.0,0.0,65515000.0,-2546000.0,98115000.0,98115000.0,98115000.0,0.0,0.0,0.151,245691000.0,128718000.0,168515000.0,0.0,54.207,30.34,30.799,742651000.0,0.0,690.51,5.576,5.571,518556000.0,4595183000.0,649162000.0,649162000.0,34387000.0,,,,,4395000.0,198744000.0,1.0,24052834.0,24027833.0,24353477.0,27.017,2143190000.0,35538000.0,20384000.0,99381000.0,89.196,521027000.0
6,MTD,MRQ,2019-12-31,2019-12-31,2019-12-31,2021-07-30,-323673000.0,2789321000.0,,1109647000.0,1679674000.0,,17.127,-25540000.0,207785000.0,207785000.0,345670000.0,192749000.0,1.471,5.629,1291218000.0,55868000.0,1235350000.0,1291218000.0,122489000.0,22456000.0,0.0,0.0,0.0,240778000.0,263234000.0,0.312,263234000.0,240778000.0,231143000.0,7.91,7.79,7.91,420780000.0,,420780000.0,20372022569.0,28.0,25.229,176169000.0,7.171,1.0,498298000.0,0.59,742221000.0,9635000.0,2376021000.0,,274285000.0,0.0,0.0,0.0,2368541000.0,754512000.0,1614029000.0,19319700569.0,87251000.0,0.0,-206585000.0,111381000.0,0.0,-95204000.0,-22601000.0,0.0,201709000.0,3347000.0,192749000.0,192749000.0,192749000.0,0.0,0.0,0.228,261692000.0,236606000.0,185592000.0,0.0,45.914,34.431,34.732,748657000.0,0.0,793.28,6.421,6.478,566256000.0,4499288000.0,843968000.0,843968000.0,35300000.0,,,,,5002000.0,206717000.0,1.0,24354201.0,24567609.0,24974457.0,34.353,2047100000.0,36978000.0,38394000.0,114310000.0,83.325,355135000.0
7,MTD,MRQ,2019-09-30,2019-09-30,2019-09-30,2021-07-30,-314986000.0,2635869000.0,,963808000.0,1672061000.0,,17.899,-26896000.0,120534000.0,120534000.0,318810000.0,129395000.0,1.34,5.014,1172856000.0,48577000.0,1124279000.0,1172856000.0,126925000.0,22287000.0,0.0,0.0,0.0,179159000.0,201446000.0,0.267,201446000.0,179159000.0,169359000.0,5.28,5.2,5.28,438301000.0,,438301000.0,18350096021.0,26.0,22.801,148980000.0,6.084,1.0,435056000.0,0.577,740595000.0,9800000.0,2228341000.0,,280978000.0,0.0,0.0,0.0,2197568000.0,719255000.0,1478313000.0,17334743021.0,-3905000.0,-1500000.0,-186090000.0,40815000.0,0.0,-145275000.0,-31269000.0,0.0,175876000.0,-3237000.0,129395000.0,129395000.0,129395000.0,0.0,0.0,0.172,257902000.0,177154000.0,148220000.0,0.0,39.55,31.544,31.801,722592000.0,0.0,704.4,5.812,5.783,503247000.0,4309718000.0,753866000.0,753866000.0,36015000.0,,,,,4463000.0,202826000.0,1.0,24609232.0,24487268.0,24880179.0,30.786,1895274000.0,34599000.0,39964000.0,130179000.0,77.398,244553000.0
8,MTD,MRQ,2019-06-30,2019-06-30,2019-06-30,2021-07-30,-301433000.0,2660858000.0,,981446000.0,1679412000.0,,20.41,-21151000.0,124439000.0,124439000.0,311828000.0,127160000.0,1.388,4.279,1139792000.0,51918000.0,1087874000.0,1139792000.0,128704000.0,21949000.0,0.0,0.0,0.0,164098000.0,186047000.0,0.254,186047000.0,164098000.0,155216000.0,5.15,5.06,5.15,504086000.0,,504086000.0,21770563240.0,31.0,27.424,105919000.0,4.289,1.0,419538000.0,0.574,745768000.0,8882000.0,2223192000.0,,286347000.0,0.0,0.0,0.0,2156772000.0,707251000.0,1449521000.0,20834760240.0,-2041000.0,-504000.0,-177483000.0,75040000.0,0.0,-100690000.0,-27683000.0,0.0,127070000.0,-738000.0,127160000.0,127160000.0,127160000.0,0.0,0.0,0.174,255440000.0,164098000.0,160584000.0,0.0,41.332,38.103,38.339,728007000.0,0.0,840.0,7.03,7.0,498723000.0,4180323000.0,731366000.0,731366000.0,36582000.0,,,,,4338000.0,205215000.0,1.0,24803286.0,24698032.0,25118352.0,29.612,1915090000.0,35722000.0,28056000.0,114348000.0,77.54,274195000.0
9,MTD,MRQ,2019-03-31,2019-03-31,2019-03-31,2021-07-30,-289754000.0,2636697000.0,,969384000.0,1667313000.0,,22.604,-22332000.0,126480000.0,126480000.0,291133000.0,111805000.0,1.369,3.694,1062283000.0,53798000.0,1008485000.0,1062283000.0,128962000.0,21989000.0,0.0,0.0,0.0,134770000.0,156759000.0,0.231,156759000.0,134770000.0,125676000.0,4.5,4.42,4.5,561750000.0,,561750000.0,18783537351.0,27.0,24.047,76463000.0,3.077,1.0,388319000.0,0.572,749494000.0,9094000.0,2115042000.0,,282087000.0,0.0,0.0,0.0,2074947000.0,707964000.0,1366983000.0,17926956351.0,-51630000.0,0.0,-157260000.0,31061000.0,0.0,-136199000.0,-17530000.0,0.0,98795000.0,3304000.0,111805000.0,111805000.0,111805000.0,0.0,0.0,0.165,253549000.0,134770000.0,174639000.0,0.0,31.913,33.754,34.152,722926000.0,0.0,723.0,6.068,6.082,489281000.0,4053703000.0,679452000.0,679452000.0,36053000.0,,,,,4482000.0,204425000.0,1.0,24795237.0,24851340.0,25310525.0,27.341,1887203000.0,34495000.0,13871000.0,116361000.0,75.94,261420000.0
10,MTD,MRQ,2018-12-31,2018-12-31,2018-12-31,2021-07-30,-302414000.0,2618847000.0,,1045860000.0,1572987000.0,,23.401,-45680000.0,178110000.0,178110000.0,340357000.0,181186000.0,1.424,3.438,1034691000.0,49670000.0,985021000.0,1034691000.0,105381000.0,21241000.0,0.0,0.0,0.0,239294000.0,260535000.0,0.319,260535000.0,239294000.0,230454000.0,7.22,7.06,7.22,590063000.0,,590063000.0,15072165936.0,22.0,19.547,152892000.0,6.063,1.0,477566000.0,0.584,752088000.0,8840000.0,1988906000.0,,268821000.0,0.0,0.0,0.0,2028784000.0,734434000.0,1294350000.0,14164966936.0,40662000.0,-565000.0,-108927000.0,-4279000.0,0.0,-113456000.0,-44346000.0,0.0,198572000.0,-108000.0,181186000.0,181186000.0,181186000.0,0.0,0.0,0.222,260080000.0,217486000.0,196641000.0,0.0,24.006,27.633,27.82,717526000.0,0.0,565.58,4.825,4.858,535528000.0,3941916000.0,817923000.0,817923000.0,36205000.0,,,,,5074000.0,201653000.0,1.0,25045028.0,25215674.0,25781324.0,32.437,1866759000.0,35066000.0,49268000.0,122595000.0,74.032,311426000.0
11,MTD,MRQ,2018-09-30,2018-09-30,2018-09-30,2021-07-30,-283529000.0,2557664000.0,,971499000.0,1586165000.0,,21.158,-31800000.0,137448000.0,137448000.0,315592000.0,126653000.0,1.393,3.811,1044647000.0,55753000.0,988894000.0,1044647000.0,123526000.0,21139000.0,0.0,0.0,0.0,169366000.0,190505000.0,0.259,190505000.0,169366000.0,160363000.0,5.04,4.93,5.04,531615000.0,,531615000.0,16243998975.0,25.0,22.138,117874000.0,4.691,1.0,419254000.0,0.571,758766000.0,9003000.0,2008628000.0,,277266000.0,0.0,0.0,0.0,2026049000.0,697469000.0,1328580000.0,15354716975.0,-45742000.0,-4462000.0,-113933000.0,-32086000.0,0.0,-146048000.0,-44084000.0,0.0,149674000.0,-5284000.0,126653000.0,126653000.0,126653000.0,0.0,0.0,0.172,249888000.0,169366000.0,156447000.0,0.0,28.883,37.597,37.778,697689000.0,0.0,608.98,5.303,5.284,494887000.0,3763858000.0,734846000.0,734846000.0,34838000.0,,,,,4269000.0,202451000.0,1.0,25213828.0,25126061.0,25683365.0,29.246,1798898000.0,36423000.0,33710000.0,140699000.0,71.595,274030000.0
12,MTD,MRQ,2018-06-30,2018-06-30,2018-06-30,2021-07-30,-265721000.0,2558216000.0,,1003307000.0,1554909000.0,,21.045,-31789000.0,183190000.0,183190000.0,309371000.0,111468000.0,1.457,3.805,1072472000.0,52052000.0,1020420000.0,1072472000.0,126835000.0,21419000.0,0.0,0.0,0.0,151911000.0,173330000.0,0.24,173330000.0,151911000.0,143602000.0,4.41,4.31,4.41,532434000.0,,532434000.0,15587728261.0,25.0,21.944,108406000.0,4.285,1.0,412625000.0,0.572,756265000.0,8309000.0,2002416000.0,,270047000.0,0.0,0.0,0.0,2025782000.0,688817000.0,1336965000.0,14693079261.0,84241000.0,0.0,-114458000.0,95258000.0,0.0,-20835000.0,-28051000.0,0.0,140195000.0,-7068000.0,111468000.0,111468000.0,111468000.0,0.0,0.0,0.154,260714000.0,151911000.0,170865000.0,0.0,27.596,37.996,38.118,678706000.0,0.0,578.63,5.138,5.119,486203000.0,3637629000.0,721996000.0,721996000.0,35315000.0,,,,,3882000.0,208024000.0,1.0,25392875.0,25299414.0,25867383.0,28.538,1801951000.0,36880000.0,32134000.0,122744000.0,71.225,314490000.0
13,MTD,MRQ,2018-03-31,2018-03-31,2018-03-31,2021-07-30,-236516000.0,2511907000.0,,927372000.0,1584535000.0,,22.017,-25267000.0,98949000.0,98949000.0,285888000.0,93304000.0,1.456,3.48,993598000.0,14883000.0,978715000.0,993598000.0,130704000.0,20892000.0,0.0,0.0,0.0,125798000.0,146690000.0,0.222,146690000.0,125798000.0,117439000.0,3.66,3.58,3.66,560747000.0,,560747000.0,15478804310.0,25.0,22.426,51297000.0,2.014,1.0,374933000.0,0.567,769511000.0,8359000.0,2000163000.0,,278318000.0,0.0,0.0,0.0,1951160000.0,636882000.0,1314278000.0,14647644310.0,-49738000.0,-500000.0,-113081000.0,5398000.0,0.0,-107683000.0,-22463000.0,0.0,76564000.0,3844000.0,93304000.0,93304000.0,93304000.0,0.0,0.0,0.141,249135000.0,125798000.0,164639000.0,0.0,26.122,38.873,39.091,696890000.0,0.0,575.03,5.248,5.247,483919000.0,3526355000.0,660821000.0,660821000.0,34713000.0,,,,,4354000.0,200674000.0,1.0,25472835.0,25468323.0,26095647.0,25.947,1742396000.0,41717000.0,24135000.0,109706000.0,68.414,290490000.0
14,MTD,MRQ,2017-12-31,2017-12-31,2017-12-31,2021-07-30,-265406000.0,2549805000.0,,1006723000.0,1543082000.0,,21.284,-40064000.0,148687000.0,148687000.0,322256000.0,76976000.0,1.46,3.659,979847000.0,19677000.0,960170000.0,979847000.0,107166000.0,20698000.0,0.0,0.0,0.0,202525000.0,223223000.0,0.287,223223000.0,202525000.0,193900000.0,3.01,2.93,3.01,547280000.0,,547280000.0,16746906900.0,28.0,24.515,125026000.0,4.862,1.0,455775000.0,0.586,766556000.0,8625000.0,1924736000.0,,255390000.0,0.0,0.0,0.0,2002525000.0,689673000.0,1312852000.0,15846778900.0,-20399000.0,0.0,-59665000.0,-92610000.0,0.0,-152275000.0,-37226000.0,0.0,165090000.0,4012000.0,76976000.0,76976000.0,76976000.0,0.0,0.0,0.099,253250000.0,202525000.0,167627000.0,0.0,28.956,42.149,42.375,668271000.0,0.0,619.52,5.815,5.846,528615000.0,3433282000.0,778031000.0,778031000.0,32323000.0,,,,,4759000.0,206548000.0,1.0,25579124.0,25713575.0,26393783.0,30.258,1783249000.0,41425000.0,116924000.0,123440000.0,69.35,317050000.0
15,MTD,MRQ,2017-09-30,2017-09-30,2017-09-30,2021-07-30,-277637000.0,2497199000.0,,986564000.0,1510635000.0,,20.028,-37069000.0,169086000.0,169086000.0,297824000.0,104950000.0,1.512,3.868,1069214000.0,18533000.0,1050681000.0,1069214000.0,123730000.0,19218000.0,0.0,0.0,0.0,147875000.0,167093000.0,0.239,167093000.0,147875000.0,139627000.0,4.1,3.99,4.1,512979000.0,,512979000.0,16895363693.0,28.0,25.342,108789000.0,4.247,1.0,400975000.0,0.574,768393000.0,8248000.0,1976576000.0,,263527000.0,0.0,0.0,0.0,1984220000.0,652358000.0,1331862000.0,16072308693.0,22752000.0,-107748000.0,-78669000.0,93874000.0,0.0,15205000.0,-140068000.0,0.0,145858000.0,1757000.0,104950000.0,104950000.0,104950000.0,0.0,0.0,0.15,253100000.0,147875000.0,148521000.0,0.0,31.331,36.798,37.205,641709000.0,0.0,626.16,6.05,6.037,483167000.0,3360315000.0,698799000.0,698799000.0,32203000.0,,,,,4030000.0,207033000.0,1.0,25668054.0,25613433.0,26303529.0,27.283,1728806000.0,43103000.0,34677000.0,103172000.0,67.496,334206000.0
16,MTD,MRQ,2017-06-30,2017-06-30,2017-06-30,2021-07-30,-298386000.0,2247950000.0,,913753000.0,1334197000.0,,17.938,-27308000.0,146334000.0,146334000.0,278044000.0,101580000.0,1.552,3.867,969389000.0,21608000.0,947781000.0,969389000.0,126190000.0,18202000.0,0.0,0.0,0.0,135018000.0,153220000.0,0.234,153220000.0,135018000.0,126847000.0,3.94,3.84,3.94,461919000.0,,461919000.0,15996070937.0,27.0,24.325,110470000.0,4.29,1.0,375612000.0,0.575,647891000.0,8171000.0,1834305000.0,,253734000.0,0.0,0.0,0.0,1786031000.0,588809000.0,1197222000.0,15197276937.0,-18559000.0,-697000.0,-116218000.0,-5092000.0,0.0,-128515000.0,-29350000.0,0.0,137778000.0,1528000.0,101580000.0,101580000.0,101580000.0,0.0,0.0,0.155,240594000.0,135018000.0,143607000.0,0.0,32.9,35.085,35.518,600900000.0,0.0,588.54,5.826,5.81,448098000.0,3256684000.0,653656000.0,653656000.0,32582000.0,,,,,3971000.0,195624000.0,1.0,25821995.0,25751374.0,26439529.0,25.383,1600059000.0,39326000.0,25267000.0,90926000.0,62.135,324944000.0
17,MTD,MRQ,2017-03-31,2017-03-31,2017-03-31,2021-07-30,-331120000.0,2203764000.0,,912865000.0,1290899000.0,,16.962,-11012000.0,164893000.0,164893000.0,251178000.0,92466000.0,1.627,4.01,963687000.0,19476000.0,944211000.0,963687000.0,132930000.0,18011000.0,0.0,0.0,0.0,121589000.0,139600000.0,0.235,139600000.0,121589000.0,113848000.0,3.57,3.48,3.57,439852000.0,,439852000.0,13158285231.0,23.0,20.851,56587000.0,2.182,1.0,343389000.0,0.578,644128000.0,7741000.0,1797268000.0,,242375000.0,0.0,0.0,0.0,1763912000.0,561162000.0,1202750000.0,12422929231.0,6219000.0,0.0,-116796000.0,62851000.0,0.0,-53945000.0,-10700000.0,0.0,67599000.0,3265000.0,92466000.0,92466000.0,92466000.0,0.0,0.0,0.156,221800000.0,121589000.0,137827000.0,0.0,28.243,30.214,30.66,572058000.0,0.0,478.91,4.847,4.845,439413000.0,3157257000.0,594567000.0,594567000.0,31200000.0,,,,,3822000.0,185656000.0,1.0,25940008.0,25932112.0,26586061.0,22.928,1559636000.0,38027000.0,21382000.0,103162000.0,60.143,351703000.0
18,MTD,MRQ,2016-12-31,2016-12-31,2016-12-31,2021-07-30,-354998000.0,2166777000.0,,896784000.0,1269993000.0,,16.402,-72661000.0,158674000.0,158674000.0,288944000.0,137776000.0,1.526,3.982,894030000.0,18974000.0,875056000.0,894030000.0,100330000.0,18102000.0,0.0,0.0,0.0,188691000.0,206793000.0,0.291,206793000.0,188691000.0,181284000.0,5.22,5.12,5.22,434943000.0,,434943000.0,11682823994.0,22.0,19.439,80784000.0,3.046,1.0,420755000.0,0.593,643433000.0,7407000.0,1671185000.0,,222047000.0,0.0,0.0,0.0,1731834000.0,587515000.0,1144319000.0,10981155994.0,12541000.0,-1700000.0,-119714000.0,57521000.0,0.0,-62193000.0,-72933000.0,0.0,153445000.0,-5778000.0,137776000.0,137776000.0,137776000.0,0.0,0.0,0.194,232064000.0,188691000.0,146593000.0,0.0,25.247,28.569,28.886,563707000.0,0.0,418.56,4.378,4.425,454988000.0,3065708000.0,709699000.0,709699000.0,29383000.0,,,,,4445000.0,200959000.0,1.0,26235560.0,26517768.0,27023905.0,26.763,1523344000.0,33951000.0,43508000.0,112296000.0,57.446,309269000.0
19,MTD,MRQ,2016-09-30,2016-09-30,2016-09-30,2021-07-30,-266403000.0,2220980000.0,,946102000.0,1274878000.0,,18.977,-22233000.0,146133000.0,146133000.0,281104000.0,101332000.0,1.524,3.437,847801000.0,21779000.0,826022000.0,847801000.0,113340000.0,17498000.0,0.0,0.0,0.0,140491000.0,157989000.0,0.243,157989000.0,140491000.0,133324000.0,3.84,3.77,3.84,500517000.0,,500517000.0,11720694966.0,23.0,20.257,122703000.0,4.652,1.0,369494000.0,0.568,651261000.0,7167000.0,1650538000.0,,239985000.0,0.0,0.0,0.0,1720463000.0,620849000.0,1099614000.0,11121132966.0,31487000.0,-105352000.0,-118775000.0,131199000.0,0.0,12424000.0,-126629000.0,0.0,144936000.0,756000.0,101332000.0,101332000.0,101332000.0,0.0,0.0,0.156,229003000.0,140491000.0,129650000.0,0.0,22.219,30.062,30.511,527477000.0,0.0,419.83,4.499,4.479,414607000.0,2934167000.0,650598000.0,650598000.0,30139000.0,,,,,3612000.0,187680000.0,1.0,26489610.0,26375468.0,26888810.0,24.667,1569719000.0,94363000.0,31992000.0,159254000.0,59.514,325253000.0
20,MTD,MRQ,2016-06-30,2016-06-30,2016-06-30,2021-07-30,-282775000.0,2061747000.0,,900260000.0,1161487000.0,,18.473,-14427000.0,114646000.0,114646000.0,260710000.0,79588000.0,1.523,3.191,714208000.0,20945000.0,693263000.0,714208000.0,117906000.0,16649000.0,0.0,0.0,0.0,110044000.0,126693000.0,0.208,126693000.0,110044000.0,103172000.0,2.99,2.93,2.99,491962000.0,,491962000.0,10353589502.0,21.0,18.467,106445000.0,3.997,1.0,347576000.0,0.571,558280000.0,6872000.0,1511921000.0,,234006000.0,0.0,0.0,0.0,1569785000.0,591108000.0,978677000.0,9764931502.0,4051000.0,0.0,-116941000.0,17930000.0,0.0,-99566000.0,-15480000.0,0.0,120872000.0,-1775000.0,79588000.0,79588000.0,79588000.0,0.0,0.0,0.131,237532000.0,110044000.0,131888000.0,0.0,19.849,27.316,27.751,514312000.0,0.0,364.92,4.026,4.006,407972000.0,2834772000.0,608286000.0,608286000.0,30701000.0,,,,,3593000.0,187798000.0,1.0,26759102.0,26631015.0,27143284.0,22.841,1503467000.0,93898000.0,23584000.0,170124000.0,56.455,309152000.0
21,MTD,MRQ,2016-03-31,2016-03-31,2016-03-31,2021-07-30,-259817000.0,2035273000.0,,866699000.0,1168574000.0,,20.175,-14213000.0,110595000.0,110595000.0,239767000.0,65674000.0,1.591,2.746,699253000.0,17381000.0,681872000.0,699253000.0,102771000.0,16546000.0,0.0,0.0,0.0,92993000.0,109539000.0,0.203,109539000.0,92993000.0,86413000.0,2.44,2.4,2.44,543333000.0,,543333000.0,9794534564.0,20.0,17.524,27292000.0,1.013,1.0,299907000.0,0.556,564173000.0,6580000.0,1514966000.0,,227323000.0,0.0,0.0,0.0,1491940000.0,544792000.0,947148000.0,9301949564.0,11708000.0,-4329000.0,-119091000.0,104946000.0,0.0,-14270000.0,-16414000.0,0.0,41505000.0,887000.0,65674000.0,65674000.0,65674000.0,0.0,0.0,0.122,206914000.0,92993000.0,120536000.0,0.0,17.12,26.17,26.622,521496000.0,0.0,344.76,3.877,3.87,387296000.0,2756453000.0,539674000.0,539674000.0,28973000.0,,,,,3656000.0,168921000.0,1.0,26980942.0,26931293.0,27421019.0,20.039,1471100000.0,93314000.0,20739000.0,151899000.0,54.624,321907000.0
22,MTD,MRQ,2015-12-31,2015-12-31,2015-12-31,2021-07-30,-266649000.0,1959335000.0,,795332000.0,1164003000.0,,20.97,-25082000.0,98887000.0,98887000.0,282788000.0,123351000.0,1.425,2.376,589626000.0,14488000.0,575138000.0,589626000.0,88829000.0,16131000.0,0.0,0.0,0.0,168246000.0,184377000.0,0.274,184377000.0,168246000.0,161491000.0,4.49,4.4,4.49,580457000.0,,580457000.0,9777017471.0,20.0,17.619,124889000.0,4.512,1.0,390747000.0,0.58,561536000.0,6755000.0,1330326000.0,,214383000.0,0.0,0.0,0.0,1378878000.0,558212000.0,820666000.0,9277524471.0,-24412000.0,-2810000.0,-116021000.0,-27724000.0,0.0,-146097000.0,-27744000.0,0.0,149971000.0,-542000.0,123351000.0,123351000.0,123351000.0,0.0,0.0,0.183,222501000.0,168246000.0,142075000.0,0.0,15.983,26.295,26.598,517229000.0,0.0,339.13,3.873,3.919,411420000.0,2692317000.0,673535000.0,673535000.0,31110000.0,,,,,5293000.0,177418000.0,1.0,27356838.0,27680918.0,28269615.0,24.332,1397799000.0,33051000.0,38140000.0,99735000.0,50.497,237120000.0
23,MTD,MRQ,2015-09-30,2015-09-30,2015-09-30,2021-07-30,-238038000.0,2053546000.0,,868315000.0,1185231000.0,,21.285,-20679000.0,123299000.0,123299000.0,264625000.0,88861000.0,1.463,2.502,622792000.0,21061000.0,601731000.0,622792000.0,88547000.0,16087000.0,0.0,0.0,0.0,123952000.0,140039000.0,0.232,140039000.0,123952000.0,116923000.0,3.23,3.16,3.23,586352000.0,,586352000.0,8366298488.0,17.0,15.14,105362000.0,3.825,1.0,339529000.0,0.562,562697000.0,7029000.0,1396927000.0,,225542000.0,0.0,0.0,0.0,1467194000.0,593415000.0,873779000.0,7887113488.0,-26010000.0,-10669000.0,-119654000.0,-4416000.0,0.0,-124080000.0,-24100000.0,0.0,126041000.0,-3871000.0,88861000.0,88861000.0,88861000.0,0.0,0.0,0.147,215577000.0,123952000.0,136565000.0,0.0,13.451,22.493,22.816,513568000.0,0.0,284.74,3.26,3.242,390540000.0,2576218000.0,604154000.0,604154000.0,29711000.0,,,,,3227000.0,175546000.0,1.0,27699352.0,27547734.0,28113287.0,21.931,1490849000.0,89960000.0,28062000.0,163598000.0,54.119,274900000.0
24,MTD,MRQ,2015-06-30,2015-06-30,2015-06-30,2021-07-30,-197425000.0,2096949000.0,,912664000.0,1184285000.0,,23.497,-17299000.0,149309000.0,149309000.0,259145000.0,77557000.0,1.575,2.205,628494000.0,23353000.0,605141000.0,628494000.0,98113000.0,15991000.0,0.0,0.0,0.0,108989000.0,124980000.0,0.215,124980000.0,108989000.0,102047000.0,2.79,2.73,2.79,654251000.0,,654251000.0,9998316038.0,21.0,18.306,87890000.0,3.157,1.0,322912000.0,0.555,552138000.0,6942000.0,1444456000.0,,223275000.0,0.0,0.0,0.0,1442698000.0,579540000.0,863158000.0,9549803038.0,73950000.0,-100000.0,-115536000.0,106017000.0,0.0,-9536000.0,-21826000.0,0.0,105189000.0,123000.0,77557000.0,77557000.0,77557000.0,0.0,0.0,0.133,213923000.0,108989000.0,138589000.0,0.0,14.597,27.539,27.966,522195000.0,0.0,341.46,3.907,3.89,402404000.0,2488992000.0,582057000.0,582057000.0,29794000.0,,,,,2648000.0,174808000.0,1.0,27967560.0,27843905.0,28460336.0,20.904,1544811000.0,90275000.0,24490000.0,147923000.0,55.481,333124000.0
25,MTD,MRQ,2015-03-31,2015-03-31,2015-03-31,2021-07-30,-219205000.0,1975665000.0,,814850000.0,1160815000.0,,23.693,-18497000.0,75359000.0,75359000.0,236896000.0,63051000.0,1.278,1.966,523872000.0,114693000.0,409179000.0,523872000.0,98369000.0,15829000.0,0.0,0.0,0.0,89688000.0,105517000.0,0.197,105517000.0,89688000.0,82963000.0,2.24,2.19,2.24,666128000.0,,666128000.0,9610706783.0,20.0,17.788,40099000.0,1.426,1.0,298805000.0,0.558,548180000.0,6725000.0,1238295000.0,,218663000.0,0.0,0.0,0.0,1309537000.0,637703000.0,671834000.0,9244015783.0,-9904000.0,-200000.0,-114199000.0,73510000.0,0.0,-40248000.0,-27081000.0,0.0,58596000.0,-1171000.0,63051000.0,63051000.0,63051000.0,0.0,0.0,0.118,209117000.0,89688000.0,131667000.0,0.0,13.877,26.932,27.456,510518000.0,0.0,328.65,3.741,3.739,382385000.0,2415802000.0,535701000.0,535701000.0,28461000.0,,,,,3055000.0,173038000.0,1.0,28127235.0,28115220.0,28762935.0,19.054,1427485000.0,89427000.0,19912000.0,140995000.0,50.773,177147000.0
26,MTD,MRQ,2014-12-31,2014-12-31,2014-12-31,2021-07-30,-212949000.0,2009110000.0,,849430000.0,1159680000.0,,24.907,-27685000.0,85263000.0,85263000.0,303046000.0,121172000.0,1.251,1.792,451954000.0,116164000.0,335790000.0,451954000.0,82219000.0,15758000.0,0.0,0.0,0.0,166310000.0,182068000.0,0.261,182068000.0,166310000.0,159386000.0,4.22,4.13,4.22,719595000.0,,719595000.0,8993170931.0,19.0,16.894,112989000.0,3.911,1.0,394382000.0,0.565,556869000.0,6924000.0,1140042000.0,,204531000.0,0.0,0.0,0.0,1289515000.0,678890000.0,610625000.0,8634449931.0,-41048000.0,-2399000.0,-110522000.0,-31483000.0,0.0,-149766000.0,-30143000.0,0.0,140674000.0,-1813000.0,121172000.0,121172000.0,121172000.0,0.0,0.0,0.174,228072000.0,166310000.0,145896000.0,0.0,11.999,25.528,25.829,511462000.0,0.0,302.46,3.473,3.515,435648000.0,2357334000.0,697428000.0,697428000.0,31323000.0,,,,,10729000.0,186789000.0,1.0,28547411.0,28890771.0,29571308.0,24.14,1452241000.0,92614000.0,38214000.0,134701000.0,50.267,170540000.0
27,MTD,MRQ,2014-09-30,2014-09-30,2014-09-30,2021-07-30,-76029000.0,2107455000.0,,872912000.0,1234543000.0,,29.547,-24151000.0,126311000.0,126311000.0,285549000.0,84996000.0,1.341,1.482,485032000.0,120025000.0,365007000.0,485032000.0,93014000.0,15793000.0,0.0,0.0,0.0,117827000.0,133620000.0,0.212,133620000.0,117827000.0,111836000.0,2.96,2.89,2.96,848940000.0,,848940000.0,7754628231.0,17.0,14.997,103110000.0,3.589,1.0,343551000.0,0.546,560753000.0,5991000.0,1254539000.0,,219714000.0,0.0,0.0,0.0,1258515000.0,650884000.0,607631000.0,7398970231.0,15299000.0,-130000.0,-107485000.0,20100000.0,0.0,-86495000.0,-24018000.0,0.0,127261000.0,-1449000.0,84996000.0,84996000.0,84996000.0,0.0,0.0,0.135,225724000.0,117827000.0,129172000.0,0.0,8.716,22.611,22.869,512091000.0,0.0,256.13,2.992,2.976,410900000.0,2243022000.0,629100000.0,629100000.0,30352000.0,,,,,2391000.0,186499000.0,1.0,28887558.0,28732152.0,29408614.0,21.895,1546702000.0,80655000.0,26840000.0,130446000.0,53.832,222028000.0
28,MTD,MRQ,2014-06-30,2014-06-30,2014-06-30,2021-07-30,-35573000.0,2143420000.0,,886388000.0,1257032000.0,,31.22,-20297000.0,111012000.0,111012000.0,280658000.0,74022000.0,1.384,1.361,466670000.0,121306000.0,345364000.0,466670000.0,97782000.0,15737000.0,0.0,0.0,0.0,103354000.0,119091000.0,0.196,119091000.0,103354000.0,97398000.0,2.55,2.49,2.55,907714000.0,,907714000.0,7748035896.0,18.0,15.433,87835000.0,3.021,1.0,328176000.0,0.539,572016000.0,5956000.0,1286681000.0,,224448000.0,0.0,0.0,0.0,1235706000.0,640381000.0,595325000.0,7398002896.0,-4792000.0,-2864000.0,-95898000.0,757000.0,0.0,-90067000.0,-23007000.0,0.0,108132000.0,150000.0,74022000.0,74022000.0,74022000.0,0.0,0.0,0.122,224822000.0,103354000.0,140105000.0,0.0,8.15,23.37,23.596,521884000.0,0.0,253.18,3.038,3.023,427495000.0,2162428000.0,608834000.0,608834000.0,32125000.0,,,,,-1772000.0,183103000.0,1.0,29220329.0,29074695.0,29750815.0,20.94,1571404000.0,81120000.0,23376000.0,120196000.0,54.047,246007000.0
29,MTD,MRQ,2014-03-31,2014-03-31,2014-03-31,2021-07-30,-33183000.0,2135137000.0,,890105000.0,1245032000.0,,31.447,-16527000.0,115804000.0,115804000.0,257980000.0,58051000.0,1.748,1.312,465837000.0,16255000.0,449582000.0,465837000.0,98564000.0,15514000.0,0.0,0.0,0.0,82050000.0,97564000.0,0.177,97564000.0,82050000.0,76384000.0,1.98,1.93,1.98,923604000.0,,923604000.0,7227741535.0,17.0,14.638,26318000.0,0.896,1.0,292641000.0,0.531,569861000.0,5666000.0,1406114000.0,,224420000.0,0.0,0.0,0.0,1211533000.0,509195000.0,702338000.0,6926588535.0,3930000.0,-391000.0,-79048000.0,52650000.0,0.0,-21903000.0,-17153000.0,0.0,42845000.0,141000.0,58051000.0,58051000.0,58051000.0,0.0,0.0,0.105,210591000.0,82050000.0,119128000.0,0.0,7.5,22.229,22.51,517686000.0,0.0,235.68,2.88,2.878,425161000.0,2091943000.0,550621000.0,550621000.0,29497000.0,,,,,-1294000.0,172191000.0,1.0,29389802.0,29370232.0,30088245.0,18.748,1565276000.0,80909000.0,18333000.0,130899000.0,53.295,380910000.0
30,MTD,MRQ,2013-12-31,2013-12-31,2013-12-31,2021-07-30,-35036000.0,2152819000.0,,913987000.0,1238832000.0,,31.225,-25346000.0,111874000.0,111874000.0,308893000.0,110162000.0,1.62,1.302,413027000.0,17067000.0,395960000.0,413027000.0,83083000.0,15676000.0,0.0,0.0,0.0,151115000.0,166791000.0,0.244,166791000.0,151115000.0,144904000.0,3.71,3.6,3.71,935052000.0,,935052000.0,7510267274.0,18.0,15.494,83167000.0,2.777,1.0,375357000.0,0.549,570260000.0,6211000.0,1319524000.0,,210414000.0,0.0,0.0,0.0,1217767000.0,564188000.0,653579000.0,7201599274.0,19652000.0,-2448000.0,-73808000.0,10680000.0,0.0,-60277000.0,-29018000.0,0.0,108513000.0,434000.0,110162000.0,110162000.0,110162000.0,0.0,0.0,0.161,224242000.0,151115000.0,145993000.0,0.0,7.702,23.527,23.737,514438000.0,0.0,242.59,3.027,3.054,466703000.0,2037420000.0,684250000.0,684250000.0,30597000.0,,,,,2369000.0,179788000.0,1.0,29686299.0,29945954.0,30728482.0,22.849,1582559000.0,82055000.0,34742000.0,142170000.0,52.847,349799000.0
31,MTD,MRQ,2013-09-30,2013-09-30,2013-09-30,2021-07-30,-80535000.0,2144016000.0,,848875000.0,1295141000.0,,28.427,-20126000.0,92222000.0,92222000.0,273114000.0,74326000.0,1.575,1.529,400890000.0,16019000.0,384871000.0,400890000.0,81896000.0,15252000.0,0.0,0.0,0.0,103353000.0,118605000.0,0.2,118605000.0,103353000.0,97796000.0,2.49,2.43,2.49,847642000.0,,847642000.0,7530995592.0,18.0,15.878,102657000.0,3.443,1.0,318573000.0,0.538,566111000.0,5557000.0,1347598000.0,,219178000.0,0.0,0.0,0.0,1296374000.0,538975000.0,757399000.0,7189554592.0,-27995000.0,0.0,-69128000.0,-61970000.0,0.0,-131451000.0,-20126000.0,0.0,122783000.0,799000.0,74326000.0,74326000.0,74326000.0,0.0,0.0,0.126,215220000.0,103353000.0,120665000.0,0.0,8.482,23.92,24.227,497277000.0,0.0,240.09,3.057,3.044,402708000.0,1935087000.0,591687000.0,591687000.0,29046000.0,,,,,3090000.0,173446000.0,1.0,29945248.0,29818218.0,30579954.0,19.843,1577905000.0,186419000.0,23470000.0,225882000.0,52.917,309900000.0
32,MTD,MRQ,2013-06-30,2013-06-30,2013-06-30,2021-07-30,-108741000.0,2133437000.0,,875376000.0,1258061000.0,,26.929,-17684000.0,120217000.0,120217000.0,269837000.0,69062000.0,1.72,1.63,461658000.0,17931000.0,443727000.0,461658000.0,85142000.0,14373000.0,0.0,0.0,0.0,96416000.0,110789000.0,0.191,110789000.0,96416000.0,90873000.0,2.29,2.24,2.29,811102000.0,,811102000.0,6420068293.0,16.0,13.653,73276000.0,2.433,1.0,308843000.0,0.534,561662000.0,5543000.0,1404190000.0,,203288000.0,0.0,0.0,0.0,1322335000.0,509026000.0,813309000.0,6073405293.0,27008000.0,-213000.0,-67064000.0,22157000.0,0.0,-45331000.0,-17897000.0,0.0,90960000.0,-724000.0,69062000.0,69062000.0,69062000.0,0.0,0.0,0.119,212427000.0,96416000.0,122755000.0,0.0,7.488,20.352,20.615,474050000.0,0.0,201.2,2.597,2.591,418031000.0,1863514000.0,578680000.0,578680000.0,29003000.0,,,,,2784000.0,173434000.0,1.0,30185911.0,30119889.0,30849934.0,19.213,1571775000.0,184234000.0,21811000.0,213916000.0,52.184,366350000.0
33,MTD,MRQ,2013-03-31,2013-03-31,2013-03-31,2021-07-30,-114576000.0,2070606000.0,,828938000.0,1241668000.0,,26.41,-18982000.0,93209000.0,93209000.0,245197000.0,52544000.0,1.733,1.588,439872000.0,17959000.0,421913000.0,439872000.0,82418000.0,14003000.0,0.0,0.0,0.0,74536000.0,88539000.0,0.169,88539000.0,74536000.0,69136000.0,1.73,1.69,1.73,800222000.0,,800222000.0,6748742763.0,17.0,14.653,4690000.0,0.155,1.0,279158000.0,0.532,561198000.0,5400000.0,1377776000.0,,199574000.0,0.0,0.0,0.0,1270384000.0,478295000.0,792089000.0,6461713763.0,-8493000.0,0.0,-65231000.0,52625000.0,0.0,-12833000.0,-18982000.0,0.0,23672000.0,-350000.0,52544000.0,52544000.0,52544000.0,0.0,0.0,0.1,204622000.0,74536000.0,116678000.0,0.0,8.075,22.2,22.587,466165000.0,0.0,213.22,2.773,2.772,410650000.0,1798295000.0,524355000.0,524355000.0,27700000.0,,,,,2549000.0,166025000.0,1.0,30305383.0,30299569.0,31101979.0,17.306,1509408000.0,184359000.0,16592000.0,204384000.0,49.816,350643000.0
34,MTD,MRQ,2012-12-31,2012-12-31,2012-12-31,2021-07-30,-97461000.0,2022288000.0,,864237000.0,1158051000.0,,26.646,-31214000.0,101702000.0,101702000.0,300504000.0,104633000.0,1.538,1.445,388731000.0,41600000.0,347131000.0,388731000.0,71435000.0,14729000.0,0.0,0.0,0.0,141629000.0,156358000.0,0.238,156358000.0,141629000.0,135962000.0,3.4,3.31,3.4,827219000.0,,827219000.0,6233708726.0,15.0,13.547,80512000.0,2.593,1.0,356788000.0,0.543,569915000.0,5667000.0,1177408000.0,,198939000.0,0.0,0.0,0.0,1195069000.0,561994000.0,633075000.0,5923452726.0,-3672000.0,0.0,-65081000.0,-27896000.0,0.0,-84300000.0,-31214000.0,0.0,111726000.0,116000.0,104633000.0,104633000.0,104633000.0,0.0,0.0,0.159,215159000.0,141629000.0,142362000.0,0.0,7.161,20.366,20.63,469421000.0,0.0,193.3,2.53,2.563,437390000.0,1749451000.0,657292000.0,657292000.0,28001000.0,,,,,-4902000.0,175379000.0,1.0,30643832.0,31044532.0,31824077.0,21.173,1452373000.0,89688000.0,31329000.0,124406000.0,46.784,302243000.0
35,MTD,MRQ,2012-09-30,2012-09-30,2012-09-30,2021-07-30,-74107000.0,2061405000.0,,838363000.0,1223042000.0,,25.878,-20868000.0,105374000.0,105374000.0,270396000.0,72183000.0,1.51,1.582,415630000.0,36570000.0,379060000.0,415630000.0,84769000.0,13387000.0,0.0,0.0,0.0,101173000.0,114560000.0,0.198,114560000.0,101173000.0,95605000.0,2.34,2.28,2.34,798244000.0,,798244000.0,5621444192.0,15.0,12.758,83061000.0,2.693,1.0,308157000.0,0.533,569447000.0,5568000.0,1246976000.0,,214893000.0,0.0,0.0,0.0,1263161000.0,555238000.0,707923000.0,5297405192.0,-29392000.0,-557000.0,-69162000.0,-44352000.0,0.0,-113593000.0,-21425000.0,0.0,103929000.0,1697000.0,72183000.0,72183000.0,72183000.0,0.0,0.0,0.125,206984000.0,101173000.0,129982000.0,0.0,6.636,18.886,19.098,445024000.0,0.0,170.74,2.271,2.258,406570000.0,1653715000.0,578553000.0,578553000.0,27896000.0,,,,,3108000.0,171021000.0,1.0,31026152.0,30846062.0,31599081.0,18.756,1491958000.0,167610000.0,23422000.0,209500000.0,48.368,283125000.0
36,MTD,MRQ,2012-06-30,2012-06-30,2012-06-30,2021-07-30,-90882000.0,2055626000.0,,860976000.0,1194650000.0,,24.785,-24638000.0,134766000.0,134766000.0,271275000.0,61704000.0,1.646,1.653,458805000.0,27075000.0,431730000.0,458805000.0,95691000.0,13688000.0,0.0,0.0,0.0,87432000.0,101120000.0,0.177,101120000.0,87432000.0,81726000.0,1.97,1.93,1.97,774974000.0,,774974000.0,5218716452.0,14.0,12.072,66614000.0,2.13,1.0,299008000.0,0.524,564719000.0,5706000.0,1291944000.0,,217231000.0,0.0,0.0,0.0,1280652000.0,523002000.0,757650000.0,4901233452.0,-21426000.0,-1541000.0,-71619000.0,-12800000.0,0.0,-84734000.0,-26179000.0,0.0,91252000.0,-1765000.0,61704000.0,61704000.0,61704000.0,0.0,0.0,0.108,211576000.0,87432000.0,129988000.0,0.0,6.324,17.725,17.811,427666000.0,0.0,155.85,2.081,2.069,397238000.0,1584074000.0,570283000.0,570283000.0,27966000.0,,,,,2587000.0,169985000.0,1.0,31448402.0,31267660.0,32038928.0,18.239,1490907000.0,166142000.0,20022000.0,197170000.0,47.682,337974000.0
37,MTD,MRQ,2012-03-31,2012-03-31,2012-03-31,2021-07-30,-66147000.0,2113443000.0,,905582000.0,1207861000.0,,25.592,-18442000.0,156192000.0,156192000.0,258298000.0,52327000.0,1.724,1.619,473675000.0,28817000.0,444858000.0,473675000.0,99706000.0,12974000.0,0.0,0.0,0.0,75131000.0,88105000.0,0.165,88105000.0,75131000.0,69308000.0,1.66,1.62,1.66,806973000.0,,806973000.0,6086700434.0,16.0,14.155,2355000.0,0.075,1.0,277102000.0,0.518,572132000.0,5823000.0,1333375000.0,,238176000.0,0.0,0.0,0.0,1306470000.0,525419000.0,781051000.0,5817286434.0,-79409000.0,0.0,-50883000.0,-32999000.0,0.0,-83770000.0,-18442000.0,0.0,20797000.0,2006000.0,52327000.0,52327000.0,52327000.0,0.0,0.0,0.098,201971000.0,75131000.0,131984000.0,0.0,7.209,21.154,21.334,425746000.0,0.0,184.75,2.48,2.483,389118000.0,1523075000.0,535400000.0,535400000.0,28667000.0,,,,,3027000.0,167641000.0,1.0,31487342.0,31531915.0,32386924.0,16.98,1541311000.0,168444000.0,16981000.0,197572000.0,48.881,380163000.0
38,MTD,MRQ,2011-12-31,2011-12-31,2011-12-31,2021-07-30,-86938000.0,2203474000.0,,1018863000.0,1184611000.0,,24.489,-33911000.0,235601000.0,235601000.0,302201000.0,94282000.0,1.671,1.821,505015000.0,28300000.0,476715000.0,505015000.0,99584000.0,13385000.0,0.0,0.0,0.0,123434000.0,136819000.0,0.211,136819000.0,123434000.0,117504000.0,2.97,2.89,2.97,781137000.0,,781137000.0,4984513184.0,13.0,11.814,69305000.0,2.173,1.0,346159000.0,0.534,569153000.0,5930000.0,1293891000.0,,241421000.0,0.0,0.0,0.0,1422337000.0,609844000.0,812493000.0,4665289184.0,-26872000.0,-711000.0,-23818000.0,-76506000.0,0.0,-94144000.0,-34622000.0,0.0,103216000.0,-1322000.0,94282000.0,94282000.0,94282000.0,0.0,0.0,0.145,222725000.0,123434000.0,168109000.0,0.0,5.972,17.311,17.48,410007000.0,0.0,147.71,2.02,2.04,425147000.0,1476550000.0,648360000.0,648360000.0,30115000.0,,,,,-2918000.0,184368000.0,1.0,31584112.0,31897779.0,32839365.0,20.326,1634321000.0,170024000.0,23222000.0,199424000.0,51.236,409019000.0
39,MTD,MRQ,2011-09-30,2011-09-30,2011-09-30,2021-07-30,24597000.0,2295437000.0,,1053146000.0,1242291000.0,,25.8,-23889000.0,262473000.0,262473000.0,286697000.0,68196000.0,1.706,1.801,581697000.0,31143000.0,550554000.0,581697000.0,103169000.0,13311000.0,0.0,0.0,0.0,92951000.0,106262000.0,0.177,106262000.0,92951000.0,87058000.0,2.15,2.09,2.15,819409000.0,,819409000.0,4767725395.0,13.0,11.569,60222000.0,1.896,1.0,314417000.0,0.523,576065000.0,5893000.0,1421313000.0,,265351000.0,0.0,0.0,0.0,1476028000.0,617283000.0,858745000.0,4462503395.0,-66290000.0,-19199000.0,-52394000.0,-46976000.0,0.0,-105970000.0,-43109000.0,0.0,84111000.0,-1322000.0,68196000.0,68196000.0,68196000.0,0.0,0.0,0.113,221466000.0,92951000.0,167919000.0,0.0,5.446,17.427,17.627,408156000.0,0.0,139.96,1.98,1.972,398402000.0,1391781000.0,601114000.0,601114000.0,30068000.0,,,,,1785000.0,185832000.0,1.0,31884134.0,31760270.0,32664482.0,18.927,1719372000.0,151153000.0,18862000.0,207224000.0,54.136,435863000.0
40,MTD,MRQ,2011-06-30,2011-06-30,2011-06-30,2021-07-30,64255000.0,2341279000.0,,1098169000.0,1243110000.0,,26.202,-20704000.0,328763000.0,328763000.0,264897000.0,60188000.0,1.94,1.793,633985000.0,12626000.0,621359000.0,633985000.0,107247000.0,11796000.0,0.0,0.0,0.0,87029000.0,98825000.0,0.176,98825000.0,87029000.0,81337000.0,1.88,1.82,1.88,838405000.0,,838405000.0,5733953928.0,16.0,14.371,66325000.0,2.073,1.0,296191000.0,0.528,561285000.0,5692000.0,1519221000.0,,268154000.0,0.0,0.0,0.0,1502874000.0,565995000.0,936879000.0,5421639928.0,-59339000.0,-931000.0,-53480000.0,-75053000.0,0.0,-125795000.0,-21615000.0,0.0,87029000.0,1042000.0,60188000.0,60188000.0,60188000.0,0.0,0.0,0.107,209162000.0,87029000.0,151499000.0,0.0,6.467,21.691,22.02,416872000.0,0.0,168.67,2.53,2.519,382089000.0,1325007000.0,561088000.0,561088000.0,29605000.0,,,,,-49000.0,172054000.0,1.0,32143475.0,31997850.0,33013887.0,17.535,1779994000.0,152196000.0,21149000.0,203191000.0,55.629,532174000.0
41,MTD,MRQ,2011-03-31,2011-03-31,2011-03-31,2021-07-30,27117000.0,2298846000.0,,1117197000.0,1181649000.0,,24.434,-17511000.0,388102000.0,388102000.0,237259000.0,46827000.0,2.13,1.914,700416000.0,22583000.0,677833000.0,700416000.0,103380000.0,11005000.0,0.0,0.0,0.0,68989000.0,79994000.0,0.16,79994000.0,68989000.0,63278000.0,1.45,1.41,1.45,788977000.0,,788977000.0,5792754580.0,17.0,15.053,-10987000.0,-0.34,1.0,261507000.0,0.524,557404000.0,5711000.0,1529343000.0,,247190000.0,0.0,0.0,0.0,1509869000.0,524413000.0,985456000.0,5559128580.0,-59475000.0,-14532000.0,-54116000.0,17296000.0,0.0,-34560000.0,-32945000.0,0.0,6524000.0,1506000.0,46827000.0,46827000.0,46827000.0,0.0,0.0,0.094,192518000.0,68989000.0,134257000.0,0.0,7.046,23.057,23.529,380743000.0,0.0,172.0,2.711,2.709,365578000.0,1267325000.0,498766000.0,498766000.0,26351000.0,,,,,840000.0,161378000.0,1.0,32320515.0,32290595.0,33291632.0,15.446,1741442000.0,148756000.0,16451000.0,195745000.0,53.93,592784000.0
42,MTD,MRQ,2010-12-31,2010-12-31,2010-12-31,2021-07-30,8201000.0,2283063000.0,,1144895000.0,1138168000.0,,23.184,-35186000.0,447577000.0,447577000.0,276175000.0,80852000.0,2.112,1.959,681203000.0,10902000.0,670301000.0,681203000.0,86746000.0,11654000.0,0.0,0.0,0.0,115391000.0,127045000.0,0.214,127045000.0,115391000.0,110091000.0,2.46,2.39,2.46,771584000.0,,771584000.0,5155744907.0,16.0,13.856,27823000.0,0.836,1.0,316590000.0,0.534,539071000.0,5300000.0,1435432000.0,,217104000.0,0.0,0.0,0.0,1511479000.0,542186000.0,969293000.0,4963412907.0,304693000.0,9243000.0,-82993000.0,343457000.0,0.0,266422000.0,-26051000.0,0.0,63009000.0,1313000.0,80852000.0,80852000.0,80852000.0,0.0,0.0,0.136,201199000.0,115391000.0,138105000.0,0.0,6.433,21.38,21.663,364472000.0,0.0,151.21,2.522,2.557,368936000.0,1223130000.0,592765000.0,592765000.0,26466000.0,,,,,-2273000.0,164807000.0,1.0,32824634.0,33280463.0,34140097.0,17.811,1743992000.0,140544000.0,29239000.0,191805000.0,52.403,602709000.0
43,MTD,MRQ,2010-09-30,2010-09-30,2010-09-30,2021-07-30,-245000.0,1907627000.0,,786729000.0,1120898000.0,,22.777,-18706000.0,142884000.0,142884000.0,234158000.0,62081000.0,1.298,1.525,335216000.0,89350000.0,245866000.0,335216000.0,93783000.0,11463000.0,0.0,0.0,0.0,81654000.0,93117000.0,0.19,93117000.0,81654000.0,76862000.0,1.87,1.82,1.87,755543000.0,,755543000.0,4340653111.0,14.0,12.164,67306000.0,2.029,1.0,256055000.0,0.522,554683000.0,4792000.0,939252000.0,,215316000.0,0.0,0.0,0.0,1152084000.0,606024000.0,546060000.0,4157160111.0,31293000.0,0.0,-73140000.0,36497000.0,0.0,-39354000.0,-18706000.0,0.0,86012000.0,3341000.0,62081000.0,62081000.0,62081000.0,0.0,0.0,0.127,174401000.0,81654000.0,121339000.0,0.0,5.502,18.833,18.912,334803000.0,0.0,124.44,2.203,2.187,331954000.0,1153015000.0,490213000.0,490213000.0,24992000.0,,,,,2350000.0,145303000.0,1.0,33406944.0,33171017.0,34027191.0,14.778,1352944000.0,140976000.0,14781000.0,195066000.0,40.787,180705000.0
44,MTD,MRQ,2010-06-30,2010-06-30,2010-06-30,2021-07-30,-45773000.0,1745794000.0,,690863000.0,1054931000.0,,21.386,-9277000.0,111591000.0,111591000.0,221924000.0,51347000.0,1.306,1.434,295084000.0,90837000.0,204247000.0,295084000.0,86473000.0,10583000.0,0.0,0.0,0.0,74097000.0,84680000.0,0.181,84680000.0,74097000.0,69386000.0,1.53,1.49,1.53,717192000.0,,717192000.0,3966520461.0,13.0,11.721,65487000.0,1.953,1.0,246625000.0,0.526,546095000.0,4711000.0,854219000.0,,185173000.0,0.0,0.0,0.0,1028602000.0,528973000.0,499629000.0,3755767461.0,25708000.0,-29000.0,-37234000.0,433000.0,0.0,-38732000.0,-9306000.0,0.0,74764000.0,-1018000.0,51347000.0,51347000.0,51347000.0,0.0,0.0,0.11,172528000.0,74097000.0,110971000.0,0.0,5.237,18.76,18.793,302606000.0,0.0,111.63,2.049,2.043,310071000.0,1092977000.0,468549000.0,468549000.0,23105000.0,,,,,1196000.0,143602000.0,1.0,33644786.0,33536105.0,34395487.0,13.971,1199699000.0,128334000.0,18039000.0,173363000.0,35.773,161890000.0
45,MTD,MRQ,2010-03-31,2010-03-31,2010-03-31,2021-07-30,-31689000.0,1715404000.0,,649769000.0,1065635000.0,,21.086,-10424000.0,85883000.0,85883000.0,198725000.0,37868000.0,1.302,1.41,296636000.0,92766000.0,203870000.0,296636000.0,85392000.0,10828000.0,0.0,0.0,0.0,56428000.0,67256000.0,0.161,67256000.0,56428000.0,51174000.0,1.12,1.1,1.12,711817000.0,,711817000.0,3896841521.0,15.0,12.627,34070000.0,1.009,1.0,217926000.0,0.523,550733000.0,5254000.0,876503000.0,,177047000.0,0.0,0.0,0.0,1003587000.0,498921000.0,504666000.0,3688314521.0,852000.0,-12528000.0,-26176000.0,4652000.0,0.0,-20413000.0,-22952000.0,0.0,44494000.0,-277000.0,37868000.0,37868000.0,37868000.0,0.0,0.0,0.091,161498000.0,56428000.0,100927000.0,0.0,5.182,20.887,20.88,310631000.0,0.0,109.2,2.082,2.081,304121000.0,1045479000.0,416651000.0,416651000.0,22465000.0,,,,,2095000.0,135014000.0,1.0,33775774.0,33757175.0,34533067.0,12.343,1164671000.0,127918000.0,13306000.0,169550000.0,34.501,150848000.0
46,MTD,MRQ,2009-12-31,2009-12-31,2009-12-31,2021-07-30,-16209000.0,1718787000.0,,646107000.0,1072680000.0,,21.092,-23293000.0,85031000.0,85031000.0,241694000.0,69438000.0,1.306,1.417,293558000.0,89968000.0,203590000.0,293558000.0,63292000.0,10818000.0,0.0,0.0,0.0,100974000.0,111792000.0,0.218,111792000.0,100974000.0,94832000.0,2.06,2.01,2.06,711138000.0,,711138000.0,3759011530.0,15.0,12.902,20837000.0,0.618,1.0,269988000.0,0.528,546234000.0,6142000.0,886405000.0,,168042000.0,0.0,0.0,0.0,1007649000.0,494675000.0,512974000.0,3543522530.0,-28917000.0,-14450000.0,-993000.0,-35550000.0,0.0,-35329000.0,-37743000.0,0.0,44130000.0,25000.0,69438000.0,69438000.0,69438000.0,0.0,0.0,0.136,169014000.0,100974000.0,103160000.0,0.0,4.983,20.531,20.506,316334000.0,0.0,104.99,2.05,2.048,312998000.0,1009995000.0,511682000.0,511682000.0,23731000.0,,,,,1572000.0,138968000.0,1.0,33751048.0,33716353.0,34290771.0,15.176,1172553000.0,129913000.0,25394000.0,169780000.0,34.777,151432000.0
47,MTD,MRQ,2009-09-30,2009-09-30,2009-09-30,2021-07-30,-2690000.0,1680695000.0,,648516000.0,1032179000.0,,19.312,-12564000.0,113948000.0,113948000.0,210457000.0,41545000.0,1.528,1.58,329437000.0,10652000.0,318785000.0,329437000.0,70071000.0,10810000.0,0.0,0.0,0.0,63884000.0,74694000.0,0.171,74694000.0,63884000.0,56910000.0,1.23,1.21,1.23,651384000.0,,651384000.0,3338274537.0,14.0,11.881,67017000.0,1.987,1.0,225193000.0,0.517,526003000.0,6974000.0,945759000.0,,164761000.0,0.0,0.0,0.0,1029311000.0,424422000.0,604889000.0,3053530537.0,-5778000.0,0.0,1464000.0,-76481000.0,0.0,-74516000.0,-12564000.0,0.0,79581000.0,1721000.0,41545000.0,41545000.0,41545000.0,0.0,0.0,0.095,161309000.0,63884000.0,92010000.0,0.0,4.688,18.386,18.45,303219000.0,0.0,90.59,1.768,1.769,284965000.0,946920000.0,435650000.0,435650000.0,22309000.0,,,,,2328000.0,129686000.0,1.0,33707148.0,33728931.0,34413656.0,12.916,1154692000.0,132082000.0,15365000.0,170803000.0,34.234,224094000.0
48,MTD,MRQ,2009-06-30,2009-06-30,2009-06-30,2021-07-30,-16564000.0,1657609000.0,,643595000.0,1014014000.0,,17.551,-11519000.0,119726000.0,119726000.0,201208000.0,27731000.0,1.672,1.803,404470000.0,6006000.0,398464000.0,404470000.0,70354000.0,10118000.0,0.0,0.0,0.0,44747000.0,54865000.0,0.135,54865000.0,44747000.0,37987000.0,0.82,0.81,0.82,591288000.0,,591288000.0,2944170266.0,12.0,10.168,62504000.0,1.855,1.0,206234000.0,0.506,525248000.0,6760000.0,1032135000.0,,157849000.0,0.0,0.0,0.0,1066321000.0,384970000.0,681351000.0,2597587266.0,-11044000.0,0.0,1649000.0,-77381000.0,0.0,-76326000.0,-11519000.0,0.0,74023000.0,2778000.0,27731000.0,27731000.0,27731000.0,0.0,0.0,0.068,161487000.0,44747000.0,84553000.0,0.0,4.393,14.654,14.723,290908000.0,0.0,77.15,1.443,1.444,286296000.0,907040000.0,407442000.0,407442000.0,22075000.0,,,,,2467000.0,122488000.0,1.0,33669310.0,33690179.0,34192595.0,12.094,1132361000.0,129073000.0,10256000.0,167689000.0,33.611,258625000.0
49,MTD,MRQ,2009-03-31,2009-03-31,2009-03-31,2021-07-30,-54933000.0,1621796000.0,,651899000.0,969897000.0,,15.48,-10584000.0,130770000.0,130770000.0,186157000.0,33879000.0,1.808,2.115,477353000.0,9700000.0,467653000.0,477353000.0,67063000.0,9732000.0,0.0,0.0,0.0,40274000.0,50006000.0,0.134,50006000.0,40274000.0,35033000.0,1.01,1.0,1.01,520623000.0,,520623000.0,2100520632.0,8.0,6.625,24287000.0,0.722,1.0,187922000.0,0.502,515183000.0,5241000.0,1092552000.0,,158212000.0,0.0,0.0,0.0,1101173000.0,360644000.0,740529000.0,1724513632.0,52697000.0,-170000.0,2960000.0,26050000.0,0.0,28728000.0,-10754000.0,0.0,34871000.0,-148000.0,33879000.0,33879000.0,33879000.0,0.0,0.0,0.091,147648000.0,40274000.0,77976000.0,0.0,3.312,8.693,8.789,274754000.0,0.0,51.33,0.904,0.905,288893000.0,880357000.0,374079000.0,374079000.0,21570000.0,,,,,2863000.0,114035000.0,1.0,33596603.0,33631219.0,33996251.0,11.123,1106613000.0,122557000.0,1154000.0,156548000.0,32.904,291255000.0
50,MTD,MRQ,2008-12-31,2008-12-31,2008-12-31,2021-07-30,-31861000.0,1664056000.0,,670865000.0,993191000.0,,14.693,-23425000.0,78073000.0,78073000.0,245449000.0,62924000.0,1.579,2.307,454080000.0,12492000.0,441588000.0,454080000.0,51665000.0,9546000.0,0.0,0.0,0.0,91858000.0,101404000.0,0.199,101404000.0,91858000.0,85191000.0,1.85,1.83,1.85,503247000.0,,503247000.0,2668048401.0,9.0,8.061,39099000.0,1.142,1.0,264238000.0,0.518,520721000.0,6667000.0,1094470000.0,,170613000.0,0.0,0.0,0.0,1160809000.0,424872000.0,735937000.0,2259407401.0,-32966000.0,-392000.0,-2466000.0,-67815000.0,0.0,-69299000.0,-23817000.0,0.0,62524000.0,-2374000.0,62924000.0,62924000.0,62924000.0,0.0,0.0,0.123,172380000.0,91858000.0,111442000.0,0.0,4.49,11.142,11.385,285008000.0,0.0,67.4,1.145,1.17,348614000.0,848489000.0,509687000.0,509687000.0,24771000.0,,,,,710000.0,138495000.0,1.0,33522365.0,34250310.0,35048859.0,14.881,1143335000.0,128714000.0,22267000.0,163773000.0,33.382,245993000.0
51,MTD,MRQ,2008-09-30,2008-09-30,2008-09-30,2021-07-30,41492000.0,1743766000.0,,732154000.0,1011612000.0,,15.081,-16714000.0,111039000.0,111039000.0,260417000.0,52724000.0,1.55,2.415,519680000.0,24048000.0,495632000.0,519680000.0,65318000.0,9928000.0,0.0,0.0,0.0,73342000.0,83270000.0,0.164,83270000.0,73342000.0,66496000.0,1.56,1.52,1.56,510597000.0,,510597000.0,3747466670.0,13.0,11.276,59880000.0,1.769,1.0,248680000.0,0.488,534868000.0,6846000.0,1145225000.0,,194271000.0,0.0,0.0,0.0,1233169000.0,472314000.0,760855000.0,3349778670.0,25515000.0,-303000.0,-68207000.0,36339000.0,0.0,-32063000.0,-17017000.0,0.0,76594000.0,-1999000.0,52724000.0,52724000.0,52724000.0,0.0,0.0,0.104,175338000.0,73342000.0,107059000.0,0.0,6.561,16.491,16.867,267636000.0,0.0,98.0,1.678,1.662,340481000.0,789605000.0,509097000.0,509097000.0,26553000.0,,,,,1985000.0,145612000.0,1.0,34181415.0,33856574.0,34727806.0,15.037,1208898000.0,111020000.0,13772000.0,179564000.0,35.706,259840000.0
52,MTD,MRQ,2008-06-30,2008-06-30,2008-06-30,2021-07-30,66952000.0,1748572000.0,,725932000.0,1022640000.0,,15.918,-12659000.0,85524000.0,85524000.0,256594000.0,48851000.0,1.601,2.187,483212000.0,14701000.0,468511000.0,483212000.0,75885000.0,10357000.0,0.0,0.0,0.0,72043000.0,82400000.0,0.16,82400000.0,72043000.0,66015000.0,1.42,1.38,1.42,548719000.0,,548719000.0,3705714691.0,13.0,11.495,63218000.0,1.834,1.0,259011000.0,0.502,544484000.0,6028000.0,1148344000.0,,204482000.0,0.0,0.0,0.0,1199853000.0,453432000.0,746421000.0,3294849691.0,4840000.0,-304000.0,-56378000.0,-4147000.0,0.0,-59384000.0,-12963000.0,0.0,75877000.0,1310000.0,48851000.0,48851000.0,48851000.0,0.0,0.0,0.095,186968000.0,72043000.0,107229000.0,0.0,6.005,16.968,17.438,271445000.0,0.0,94.86,1.707,1.694,348274000.0,737619000.0,515605000.0,515605000.0,26704000.0,,,,,2087000.0,157097000.0,1.0,34733815.0,34471397.0,35320765.0,14.957,1204088000.0,109725000.0,17164000.0,177503000.0,34.93,272500000.0
53,MTD,MRQ,2008-03-31,2008-03-31,2008-03-31,2021-07-30,72211000.0,1738368000.0,,709971000.0,1028397000.0,,15.917,5097000.0,80684000.0,80684000.0,217803000.0,38279000.0,1.66,2.11,491549000.0,19694000.0,471855000.0,491549000.0,78758000.0,9709000.0,0.0,0.0,0.0,54216000.0,63925000.0,0.146,63925000.0,54216000.0,48367000.0,1.09,1.06,1.09,559008000.0,,559008000.0,3742161581.0,14.0,12.047,13251000.0,0.377,1.0,221152000.0,0.504,547733000.0,5849000.0,1173872000.0,,199872000.0,0.0,0.0,0.0,1179360000.0,427628000.0,751732000.0,3426741581.0,-538000.0,0.0,-97392000.0,79310000.0,0.0,-17786000.0,5097000.0,0.0,8154000.0,3997000.0,38279000.0,38279000.0,38279000.0,0.0,0.0,0.087,166936000.0,54216000.0,106175000.0,0.0,6.13,18.388,18.969,256259000.0,0.0,97.12,1.857,1.849,342867000.0,689841000.0,438955000.0,438955000.0,24254000.0,,,,,2307000.0,138602000.0,1.0,35283583.0,35119322.0,35993750.0,12.499,1190635000.0,105070000.0,10088000.0,164453000.0,33.903,282343000.0
54,MTD,MRQ,2007-12-31,2007-12-31,2007-12-31,2021-07-30,42617000.0,1678214000.0,,683209000.0,995005000.0,,16.178,-19854000.0,81222000.0,81222000.0,262239000.0,63274000.0,1.526,1.887,396642000.0,11570000.0,385072000.0,396642000.0,52703000.0,10137000.0,0.0,0.0,0.0,92610000.0,102747000.0,0.193,102747000.0,92610000.0,86584000.0,1.74,1.69,1.74,581286000.0,,581286000.0,4399886590.0,17.0,14.559,38777000.0,1.079,1.0,270602000.0,0.508,540787000.0,6026000.0,1005074000.0,,173725000.0,0.0,0.0,0.0,1096928000.0,447773000.0,649155000.0,4103469590.0,5837000.0,0.0,-60677000.0,20801000.0,0.0,-35026000.0,-19854000.0,0.0,58631000.0,2086000.0,63274000.0,63274000.0,63274000.0,0.0,0.0,0.119,177304000.0,93298000.0,127109000.0,0.0,7.059,22.988,23.61,265665000.0,0.0,113.8,2.288,2.349,354596000.0,652236000.0,532841000.0,532841000.0,25889000.0,,,,,-2394000.0,149316000.0,1.0,36058608.0,35930779.0,36873664.0,14.83,1137427000.0,102772000.0,23310000.0,154090000.0,31.656,235436000.0
55,MTD,MRQ,2007-09-30,2007-09-30,2007-09-30,2021-07-30,-69000.0,1557676000.0,,619104000.0,938572000.0,,14.57,-6277000.0,75385000.0,75385000.0,223591000.0,43772000.0,1.524,1.917,371802000.0,12512000.0,359290000.0,371802000.0,57733000.0,9409000.0,0.0,0.0,0.0,63907000.0,73316000.0,0.166,73316000.0,63907000.0,58392000.0,1.19,1.16,1.19,533994000.0,,533994000.0,4045582768.0,16.0,14.188,69926000.0,1.908,1.0,219009000.0,0.495,539544000.0,5515000.0,908442000.0,,171294000.0,0.0,0.0,0.0,1023682000.0,406107000.0,617575000.0,3792276768.0,-24322000.0,-106000.0,-107527000.0,10874000.0,0.0,-96073000.0,-6383000.0,0.0,76203000.0,1931000.0,43772000.0,43772000.0,43772000.0,0.0,0.0,0.099,155102000.0,63907000.0,95942000.0,0.0,7.102,22.674,23.129,237140000.0,0.0,102.0,2.201,2.169,299906000.0,595968000.0,442600000.0,442600000.0,22699000.0,,,,,1467000.0,129520000.0,1.0,37179184.0,36650215.0,37597020.0,12.076,1018132000.0,109822000.0,14620000.0,146660000.0,27.78,212997000.0
56,MTD,MRQ,2007-06-30,2007-06-30,2007-06-30,2021-07-30,-9344000.0,1552564000.0,,632373000.0,920191000.0,,15.642,-7500000.0,99707000.0,99707000.0,215451000.0,41031000.0,1.67,1.65,353013000.0,15152000.0,337861000.0,353013000.0,63903000.0,9421000.0,0.0,0.0,0.0,61209000.0,70630000.0,0.164,70630000.0,61209000.0,56207000.0,1.1,1.07,1.1,585867000.0,,585867000.0,3855419291.0,16.0,13.994,53080000.0,1.417,1.0,215093000.0,0.5,536551000.0,5002000.0,890578000.0,,163016000.0,0.0,0.0,0.0,966697000.0,378741000.0,587956000.0,3607687291.0,4177000.0,0.0,-64533000.0,11938000.0,0.0,-50407000.0,-7500000.0,0.0,60580000.0,1504000.0,41031000.0,41031000.0,41031000.0,0.0,0.0,0.095,153884000.0,61209000.0,92936000.0,0.0,6.158,21.157,21.707,229528000.0,0.0,95.51,2.15,2.132,300762000.0,553417000.0,430544000.0,430544000.0,22455000.0,,,,,-130000.0,128855000.0,1.0,37772875.0,37454360.0,38409325.0,11.495,1016013000.0,105717000.0,15176000.0,133281000.0,27.127,253632000.0
57,MTD,MRQ,2007-03-31,2007-03-31,2007-03-31,2021-07-30,-13878000.0,1534072000.0,,612945000.0,921127000.0,,15.77,-7651000.0,95530000.0,95530000.0,196285000.0,30430000.0,1.737,1.556,343262000.0,12346000.0,330916000.0,343262000.0,61823000.0,9379000.0,0.0,0.0,0.0,46144000.0,55523000.0,0.143,55523000.0,46144000.0,41684000.0,0.8,0.78,0.8,600286000.0,,600286000.0,3630402132.0,16.0,13.533,24652000.0,0.648,1.0,191479000.0,0.494,536753000.0,4460000.0,892181000.0,,160590000.0,0.0,0.0,0.0,933786000.0,352870000.0,580916000.0,3426004132.0,-55739000.0,0.0,-70916000.0,-13514000.0,0.0,-81975000.0,-7651000.0,0.0,32303000.0,1584000.0,30430000.0,30430000.0,30430000.0,0.0,0.0,0.078,145335000.0,46144000.0,90315000.0,0.0,5.707,20.859,21.531,230723000.0,0.0,89.57,2.093,2.083,290671000.0,515643000.0,387764000.0,387764000.0,21336000.0,,,,,-374000.0,121436000.0,1.0,38249460.0,38065483.0,38931681.0,10.187,997319000.0,104034000.0,11254000.0,125571000.0,26.2,260075000.0
58,MTD,MRQ,2006-12-31,2006-12-31,2006-12-31,2021-07-30,-17321000.0,1587085000.0,,669770000.0,917315000.0,,16.225,-13577000.0,151269000.0,151269000.0,228677000.0,52020000.0,1.742,1.516,355667000.0,9962000.0,345705000.0,355667000.0,41553000.0,9757000.0,0.0,0.0,0.0,75917000.0,85674000.0,0.185,85674000.0,75917000.0,71260000.0,1.32,1.3,1.32,630862000.0,,630862000.0,3272103880.0,15.0,12.589,38273000.0,0.984,1.0,233600000.0,0.505,535621000.0,4657000.0,871483000.0,,148372000.0,0.0,0.0,0.0,956223000.0,384379000.0,571844000.0,3098305880.0,-44089000.0,0.0,-70103000.0,-16881000.0,0.0,-83808000.0,-13577000.0,0.0,51850000.0,1446000.0,52020000.0,52020000.0,52020000.0,0.0,0.0,0.113,151147000.0,82453000.0,95971000.0,0.0,4.911,19.668,20.064,229138000.0,0.0,78.85,1.943,1.981,306879000.0,493691000.0,462277000.0,462277000.0,21823000.0,,,,,-1215000.0,134240000.0,1.0,39293670.0,38882115.0,39675264.0,11.889,1051464000.0,102137000.0,19240000.0,137653000.0,27.042,285391000.0
59,MTD,MRQ,2006-09-30,2006-09-30,2006-09-30,2021-07-30,-39836000.0,1562564000.0,,688442000.0,874122000.0,,15.742,-8369000.0,195358000.0,195358000.0,203261000.0,47040000.0,1.895,1.494,369156000.0,7738000.0,361418000.0,369156000.0,45445000.0,9215000.0,0.0,0.0,0.0,54465000.0,63680000.0,0.16,63680000.0,54465000.0,50056000.0,1.18,1.15,1.18,626467000.0,,626467000.0,2835332644.0,13.0,11.328,59100000.0,1.485,1.0,194057000.0,0.488,534761000.0,4409000.0,838226000.0,,160720000.0,0.0,0.0,0.0,936097000.0,363375000.0,572722000.0,2661110644.0,-51408000.0,0.0,-60207000.0,-52112000.0,0.0,-111907000.0,-8369000.0,0.0,67469000.0,1399000.0,47040000.0,47040000.0,47040000.0,0.0,0.0,0.118,146128000.0,47929000.0,82599000.0,0.0,4.248,17.776,17.976,220331000.0,0.0,66.15,1.724,1.705,270712000.0,522587000.0,397318000.0,397318000.0,20478000.0,,,,,1598000.0,117762000.0,1.0,40228430.0,39795451.0,40455688.0,9.984,1027803000.0,96645000.0,3016000.0,137915000.0,25.827,325067000.0
60,MTD,MRQ,2006-06-30,2006-06-30,2006-06-30,2021-07-30,-44945000.0,1616678000.0,,735509000.0,881169000.0,,15.586,-3836000.0,246766000.0,246766000.0,196722000.0,34757000.0,2.105,1.559,420988000.0,8201000.0,412787000.0,420988000.0,49254000.0,9391000.0,0.0,0.0,0.0,54004000.0,63395000.0,0.163,63395000.0,54004000.0,49654000.0,0.86,0.84,0.86,631765000.0,,631765000.0,2639371272.0,13.0,10.812,49278000.0,1.216,1.0,192435000.0,0.494,533264000.0,4350000.0,908261000.0,,162609000.0,0.0,0.0,0.0,984913000.0,349375000.0,635538000.0,2469272272.0,-16631000.0,-218000.0,-41515000.0,-26532000.0,0.0,-65870000.0,-4054000.0,0.0,53114000.0,179000.0,34757000.0,34757000.0,34757000.0,0.0,0.0,0.089,140988000.0,51447000.0,79818000.0,0.0,3.909,19.249,19.476,219566000.0,0.0,60.57,1.633,1.624,265586000.0,475547000.0,389157000.0,389157000.0,20562000.0,,,,,-68000.0,117576000.0,1.0,40767249.0,40535389.0,41237812.0,9.6,1083414000.0,108592000.0,14897000.0,150567000.0,26.728,386134000.0
61,MTD,MRQ,2006-03-31,2006-03-31,2006-03-31,2021-07-30,-43737000.0,1598057000.0,,729896000.0,868161000.0,,15.463,-4366000.0,263397000.0,263397000.0,175820000.0,23715000.0,2.266,1.518,433496000.0,8363000.0,425133000.0,433496000.0,50601000.0,9209000.0,0.0,0.0,0.0,37953000.0,47162000.0,0.136,47162000.0,37953000.0,33877000.0,0.58,0.57,0.58,634750000.0,,634750000.0,2614126666.0,15.0,12.048,14767000.0,0.36,1.0,170340000.0,0.492,528987000.0,4076000.0,917074000.0,,156472000.0,0.0,0.0,0.0,963307000.0,322095000.0,641212000.0,2488564666.0,-61181000.0,-572000.0,-62362000.0,-19088000.0,0.0,-75879000.0,-4938000.0,0.0,19133000.0,503000.0,23715000.0,23715000.0,23715000.0,0.0,0.0,0.069,134925000.0,35415000.0,73933000.0,0.0,3.921,22.252,22.515,215076000.0,0.0,60.34,1.669,1.661,249628000.0,440790000.0,346160000.0,346160000.0,19939000.0,,,,,-3412000.0,112131000.0,1.0,41242371.0,41050849.0,41774068.0,8.432,1069070000.0,105479000.0,10162000.0,137215000.0,26.043,407801000.0
62,MTD,MRQ,2005-12-31,2005-12-31,2005-12-31,2021-07-30,-45325000.0,1669773000.0,,800659000.0,869114000.0,,15.613,-10903000.0,324578000.0,324578000.0,203154000.0,44192000.0,2.265,1.534,450140000.0,6345000.0,443795000.0,450140000.0,34803000.0,9340000.0,0.0,0.0,0.0,66711000.0,76051000.0,0.185,76051000.0,66711000.0,63117000.0,1.06,1.03,1.06,659002000.0,,659002000.0,2427988237.0,14.0,11.427,48567000.0,1.151,1.0,208093000.0,0.506,528209000.0,3594000.0,913670000.0,,150201000.0,0.0,0.0,0.0,1010771000.0,353456000.0,657315000.0,2294006237.0,230182000.0,-103000.0,-38145000.0,224710000.0,0.0,185805000.0,-11006000.0,0.0,59470000.0,-4087000.0,44192000.0,44192000.0,44192000.0,0.0,0.0,0.107,121158000.0,86935000.0,88553000.0,0.0,3.481,21.065,21.395,218519000.0,0.0,55.2,1.547,1.572,271915000.0,417075000.0,411247000.0,411247000.0,20840000.0,,,,,0.0,118493000.0,1.0,41558084.0,42207777.0,43285121.0,9.743,1141564000.0,103252000.0,18925000.0,142429000.0,27.046,447203000.0
63,MTD,MRQ,2005-09-30,2005-09-30,2005-09-30,2021-07-30,-29559000.0,1423415000.0,,553355000.0,870060000.0,,15.742,-8843000.0,94396000.0,94396000.0,186422000.0,25618000.0,1.634,1.164,228378000.0,4388000.0,223990000.0,228378000.0,34557000.0,9158000.0,0.0,0.0,0.0,48347000.0,57505000.0,0.157,57505000.0,48347000.0,44341000.0,0.61,0.6,0.61,657813000.0,,657813000.0,2301346307.0,14.0,11.384,51466000.0,1.232,1.0,179006000.0,0.49,529984000.0,4006000.0,688685000.0,,152379000.0,0.0,0.0,0.0,765602000.0,338728000.0,426874000.0,2140541307.0,-9468000.0,-3771000.0,-25955000.0,-34570000.0,0.0,-60525000.0,-12614000.0,0.0,60309000.0,3362000.0,25618000.0,25618000.0,25618000.0,0.0,0.0,0.07,130659000.0,48347000.0,70581000.0,0.0,3.254,21.194,21.786,218075000.0,0.0,50.98,1.456,1.449,250588000.0,351473000.0,365428000.0,365428000.0,19315000.0,,,,,0.0,108777000.0,1.0,41987864.0,41786186.0,42893530.0,8.745,893431000.0,102345000.0,18723000.0,154061000.0,21.381,214627000.0
64,MTD,MRQ,2005-06-30,2005-06-30,2005-06-30,2021-07-30,-32246000.0,1435230000.0,,561386000.0,873844000.0,,15.474,-6402000.0,103864000.0,103864000.0,188212000.0,18311000.0,1.716,1.19,264669000.0,7196000.0,257473000.0,264669000.0,41870000.0,9454000.0,0.0,0.0,0.0,26802000.0,36256000.0,0.098,36256000.0,26802000.0,23038000.0,0.43,0.42,0.43,655433000.0,,655433000.0,2158225743.0,14.0,11.217,44190000.0,1.043,1.0,180425000.0,0.489,530088000.0,3764000.0,738850000.0,,148856000.0,0.0,0.0,0.0,779797000.0,327097000.0,452700000.0,1998233743.0,36084000.0,0.0,-44346000.0,37359000.0,0.0,-6987000.0,-6402000.0,0.0,50592000.0,-1119000.0,18311000.0,18311000.0,18311000.0,0.0,0.0,0.05,153287000.0,27138000.0,69663000.0,0.0,3.049,19.981,20.341,218441000.0,0.0,46.58,1.381,1.363,253760000.0,330124000.0,368637000.0,368637000.0,20936000.0,,,,,0.0,108115000.0,1.0,42898964.0,42356673.0,43438961.0,8.703,905142000.0,106414000.0,4727000.0,147050000.0,21.37,234289000.0
65,MTD,MRQ,2005-03-31,2005-03-31,2005-03-31,2021-07-30,-14041000.0,1451199000.0,,545744000.0,905455000.0,,16.219,-4927000.0,67780000.0,67780000.0,174365000.0,20781000.0,1.646,1.074,227772000.0,10351000.0,217421000.0,227772000.0,47201000.0,9461000.0,0.0,0.0,0.0,33204000.0,42665000.0,0.127,42665000.0,33204000.0,29688000.0,0.48,0.47,0.48,699673000.0,,699673000.0,2191258852.0,13.0,10.467,1761000.0,0.041,1.0,162795000.0,0.483,556119000.0,3516000.0,723542000.0,,156424000.0,0.0,0.0,0.0,751526000.0,331530000.0,419996000.0,2055231852.0,604000.0,-213000.0,-26379000.0,25824000.0,0.0,-555000.0,-5140000.0,0.0,6688000.0,-389000.0,20781000.0,20781000.0,20781000.0,0.0,0.0,0.062,129927000.0,32868000.0,66157000.0,0.0,2.937,18.664,19.0,229402000.0,0.0,47.5,1.444,1.44,259512000.0,313020000.0,337160000.0,337160000.0,20802000.0,,,,,0.0,106317000.0,1.0,43268039.0,43139233.0,44388971.0,7.816,895080000.0,99825000.0,8907000.0,145290000.0,20.749,214214000.0
66,MTD,MRQ,2004-12-31,2004-12-31,2004-12-31,2021-07-30,2965000.0,1480072000.0,,552357000.0,927715000.0,,16.296,-10261000.0,67176000.0,67176000.0,200748000.0,36289000.0,1.586,1.053,203203000.0,6913000.0,196290000.0,203203000.0,26176000.0,10656000.0,0.0,0.0,0.0,55081000.0,65737000.0,0.165,65737000.0,55081000.0,51840000.0,0.82,0.8,0.82,720886000.0,,720886000.0,2383270129.0,14.0,11.567,33803000.0,0.764,1.0,198457000.0,0.497,560181000.0,3241000.0,707672000.0,,156539000.0,0.0,0.0,0.0,759186000.0,348246000.0,410940000.0,2242483129.0,13128000.0,0.0,-27634000.0,5734000.0,0.0,-21900000.0,-10261000.0,0.0,44064000.0,1225000.0,36289000.0,36289000.0,36289000.0,0.0,0.0,0.091,143334000.0,55123000.0,85129000.0,0.0,3.111,20.772,21.029,242709000.0,0.0,51.31,1.597,1.616,271097000.0,308173000.0,399205000.0,399205000.0,22208000.0,,,,,0.0,117268000.0,1.0,43704602.0,44237214.0,45483969.0,9.024,919891000.0,100334000.0,15551000.0,146811000.0,20.795,204111000.0
67,MTD,MRQ,2004-09-30,2004-09-30,2004-09-30,2021-07-30,-20960000.0,1383213000.0,,509685000.0,873528000.0,,15.203,-6511000.0,54048000.0,54048000.0,176293000.0,24628000.0,1.491,1.053,194835000.0,9512000.0,185323000.0,194835000.0,31317000.0,9653000.0,0.0,0.0,0.0,38092000.0,47745000.0,0.14,47745000.0,38092000.0,35183000.0,0.56,0.54,0.56,673802000.0,,673802000.0,2242447533.0,14.0,11.2,40495000.0,0.914,1.0,165755000.0,0.485,548670000.0,2909000.0,633578000.0,,156038000.0,0.0,0.0,0.0,709411000.0,341752000.0,367659000.0,2098454533.0,6435000.0,-1296000.0,-36530000.0,3424000.0,0.0,-33106000.0,-7807000.0,0.0,47006000.0,342000.0,24628000.0,24628000.0,24628000.0,0.0,0.0,0.072,127663000.0,38092000.0,60259000.0,0.0,3.114,20.06,20.094,224247000.0,0.0,47.22,1.525,1.521,239939000.0,266438000.0,342048000.0,342048000.0,20190000.0,,,,,0.0,104683000.0,1.0,44439952.0,44320477.0,45520086.0,7.718,834543000.0,67923000.0,10555000.0,120154000.0,18.83,167933000.0
68,MTD,MRQ,2004-06-30,2004-06-30,2004-06-30,2021-07-30,-19548000.0,1385437000.0,,510654000.0,874783000.0,,15.451,-3785000.0,47613000.0,47613000.0,176573000.0,28418000.0,1.478,1.016,191606000.0,18800000.0,172806000.0,191606000.0,36821000.0,9334000.0,0.0,0.0,0.0,43871000.0,53205000.0,0.154,53205000.0,43871000.0,40599000.0,0.64,0.62,0.64,687116000.0,,687116000.0,2361312149.0,15.0,11.855,41715000.0,0.938,1.0,167919000.0,0.487,549507000.0,3272000.0,634436000.0,,153292000.0,0.0,0.0,0.0,698321000.0,345487000.0,352834000.0,2175782149.0,2845000.0,-991000.0,2167000.0,-40248000.0,0.0,-38081000.0,-4776000.0,0.0,45500000.0,202000.0,28418000.0,28418000.0,28418000.0,0.0,0.0,0.082,124048000.0,43871000.0,66214000.0,0.0,3.167,20.888,21.09,223723000.0,0.0,49.14,1.606,1.613,247423000.0,244745000.0,344492000.0,344492000.0,20164000.0,,,,,0.0,101020000.0,1.0,44277211.0,44469648.0,45750652.0,7.747,835930000.0,67425000.0,12181000.0,114840000.0,18.798,165167000.0
69,MTD,MRQ,2004-03-31,2004-03-31,2004-03-31,2021-07-30,-23574000.0,1374249000.0,,502071000.0,872178000.0,,14.644,-5506000.0,44768000.0,44768000.0,168433000.0,18622000.0,1.516,1.106,230298000.0,18873000.0,211425000.0,230298000.0,38666000.0,9281000.0,0.0,0.0,0.0,30068000.0,39349000.0,0.123,39349000.0,30068000.0,26602000.0,0.42,0.41,0.42,652505000.0,,652505000.0,2172102808.0,14.0,11.098,23917000.0,0.537,1.0,150276000.0,0.472,548657000.0,3466000.0,680003000.0,,153924000.0,0.0,0.0,0.0,721744000.0,331119000.0,390625000.0,1975702808.0,-348000.0,0.0,-14833000.0,-9514000.0,0.0,-24347000.0,-5506000.0,0.0,29423000.0,82000.0,18622000.0,18622000.0,18622000.0,0.0,0.0,0.058,120208000.0,30068000.0,64472000.0,0.0,3.028,19.46,19.559,223685000.0,0.0,44.4,1.484,1.486,239321000.0,218838000.0,318709000.0,318709000.0,20655000.0,,,,,0.0,96809000.0,1.0,44497811.0,44557443.0,45836934.0,7.153,825592000.0,67142000.0,7980000.0,108412000.0,18.529,170952000.0
70,MTD,MRQ,2003-12-31,2003-12-31,2003-12-31,2021-07-30,-18294000.0,1387276000.0,,505537000.0,881739000.0,,14.67,-9272000.0,45116000.0,45116000.0,194203000.0,32941000.0,1.542,1.121,241516000.0,18277000.0,223239000.0,241516000.0,20759000.0,9382000.0,0.0,0.0,0.0,50534000.0,59916000.0,0.162,59916000.0,50534000.0,47059000.0,0.73,0.73,0.73,653996000.0,,653996000.0,2100398904.0,14.0,11.18,29505000.0,0.662,1.0,176243000.0,0.476,551346000.0,3475000.0,704421000.0,,151764000.0,0.0,0.0,0.0,733280000.0,327909000.0,405371000.0,1877741904.0,9721000.0,-964000.0,1447000.0,-18202000.0,0.0,-19832000.0,-10236000.0,0.0,38777000.0,1012000.0,32941000.0,32941000.0,32941000.0,0.0,0.0,0.089,125709000.0,50534000.0,68243000.0,0.0,2.871,19.593,19.633,231512000.0,0.0,42.21,1.44,1.439,249353000.0,200216000.0,370446000.0,370446000.0,20918000.0,,,,,0.0,101226000.0,1.0,44485712.0,44582015.0,45711077.0,8.309,835930000.0,68327000.0,14118000.0,112608000.0,18.75,177628000.0
71,MTD,MRQ,2003-09-30,2003-09-30,2003-09-30,2021-07-30,-51271000.0,1336328000.0,,499405000.0,836923000.0,,12.988,-5790000.0,35395000.0,35395000.0,168950000.0,24182000.0,0.857,1.313,258052000.0,256707000.0,1345000.0,258052000.0,0.0,9072000.0,0.0,0.0,0.0,37648000.0,46720000.0,0.146,46720000.0,37648000.0,34546000.0,0.54,0.53,0.54,577791000.0,,577791000.0,1853619301.0,12.0,9.963,33273000.0,0.748,1.0,151864000.0,0.473,542403000.0,3102000.0,433879000.0,,160881000.0,0.0,0.0,0.0,758537000.0,582703000.0,175834000.0,1597424301.0,245000.0,-1514000.0,954000.0,-33629000.0,0.0,-32675000.0,-7304000.0,0.0,39063000.0,1161000.0,24182000.0,24182000.0,24182000.0,0.0,0.0,0.075,114216000.0,37648000.0,58996000.0,0.0,2.765,16.96,16.958,219294000.0,0.0,35.95,1.257,1.258,226697000.0,167275000.0,320814000.0,320814000.0,19277000.0,,,,,0.0,92783000.0,1.0,44434612.0,44485712.0,45568383.0,7.212,793925000.0,34385000.0,10364000.0,111339000.0,17.847,-83298000.0
72,MTD,MRQ,2003-06-30,2003-06-30,2003-06-30,2021-07-30,-50312000.0,1334317000.0,,498969000.0,835348000.0,,12.459,-5356000.0,35150000.0,35150000.0,164952000.0,25780000.0,0.829,1.41,291345000.0,289910000.0,1435000.0,291345000.0,0.0,9227000.0,0.0,0.0,0.0,40501000.0,49728000.0,0.155,49728000.0,40501000.0,36830000.0,0.58,0.56,0.58,553614000.0,,553614000.0,1904892885.0,13.0,10.237,25364000.0,0.571,1.0,156411000.0,0.487,541721000.0,3671000.0,447137000.0,,166313000.0,0.0,0.0,0.0,780703000.0,601654000.0,179049000.0,1627014885.0,3129000.0,-1775000.0,1017000.0,-21987000.0,0.0,-20970000.0,-7131000.0,0.0,30720000.0,510000.0,25780000.0,25780000.0,25780000.0,0.0,0.0,0.08,115910000.0,40501000.0,64265000.0,0.0,2.939,17.498,17.452,219356000.0,0.0,36.65,1.294,1.295,225410000.0,143093000.0,321363000.0,321363000.0,19338000.0,,,,,0.0,94008000.0,1.0,44393312.0,44434612.0,45467105.0,7.232,792596000.0,34289000.0,11050000.0,102098000.0,17.837,-102685000.0
73,MTD,MRQ,2003-03-31,2003-03-31,2003-03-31,2021-07-30,-18294000.0,1387276000.0,,505537000.0,881739000.0,,14.732,-4642000.0,45116000.0,45116000.0,158150000.0,12935000.0,1.542,1.121,241516000.0,18277000.0,223239000.0,241516000.0,20759000.0,9129000.0,0.0,0.0,0.0,22381000.0,31510000.0,0.108,31510000.0,22381000.0,18476000.0,0.29,0.29,0.29,653996000.0,,653996000.0,1603595646.0,13.0,10.343,4029000.0,0.091,1.0,133658000.0,0.458,548814000.0,3905000.0,706953000.0,,151764000.0,0.0,0.0,0.0,733280000.0,327909000.0,405371000.0,1322351646.0,594000.0,-197000.0,159000.0,-3402000.0,0.0,-3243000.0,-4839000.0,0.0,8671000.0,5000.0,12935000.0,12935000.0,12935000.0,0.0,0.0,0.044,111277000.0,22381000.0,68243000.0,0.0,2.022,13.966,13.921,231512000.0,0.0,29.79,1.073,1.073,249353000.0,200216000.0,291808000.0,291808000.0,18470000.0,,,,,0.0,84805000.0,1.0,44389112.0,44393312.0,45288823.0,6.573,838462000.0,68327000.0,5541000.0,112608000.0,18.887,177628000.0
74,MTD,MRQ,2002-12-31,2002-12-31,2002-12-31,2021-07-30,-61649000.0,1303393000.0,,475727000.0,827666000.0,,11.319,-6310000.0,31427000.0,31427000.0,178711000.0,31292000.0,1.294,1.594,312671000.0,50578000.0,262093000.0,312671000.0,18547000.0,9357000.0,0.0,0.0,0.0,48737000.0,58094000.0,0.172,58094000.0,48737000.0,44703000.0,0.71,0.69,0.71,502386000.0,,502386000.0,1724952528.0,14.0,10.625,29883000.0,0.673,1.0,158595000.0,0.47,537792000.0,4034000.0,679181000.0,,150441000.0,0.0,0.0,0.0,801007000.0,367664000.0,433343000.0,1422036528.0,3145000.0,-331000.0,408000.0,-26408000.0,0.0,-26000000.0,-6641000.0,0.0,36193000.0,-407000.0,31292000.0,31292000.0,31292000.0,0.0,0.0,0.093,109858000.0,48737000.0,73072000.0,0.0,2.831,14.161,14.123,217754000.0,0.0,32.06,1.172,1.17,231673000.0,104378000.0,337306000.0,337306000.0,18695000.0,,,,,0.0,88517000.0,1.0,44355475.0,44384822.0,45317919.0,7.6,765601000.0,57930000.0,13411000.0,108577000.0,17.249,108063000.0
75,MTD,MRQ,2002-09-30,2002-09-30,2002-09-30,2021-07-30,-56852000.0,1247973000.0,,439499000.0,808474000.0,,10.72,-7299000.0,28282000.0,28282000.0,164067000.0,22977000.0,1.298,1.625,331198000.0,50627000.0,280571000.0,331198000.0,0.0,9504000.0,0.0,0.0,0.0,37247000.0,46751000.0,0.152,46751000.0,37247000.0,32818000.0,0.52,0.5,0.52,475483000.0,,475483000.0,1480423124.0,11.0,8.939,27439000.0,0.619,1.0,142923000.0,0.466,544469000.0,4429000.0,667736000.0,,150729000.0,0.0,0.0,0.0,772490000.0,338684000.0,433806000.0,1149415124.0,4407000.0,-1702000.0,1860000.0,-23176000.0,0.0,-21316000.0,-9001000.0,0.0,34738000.0,-14000.0,22977000.0,22977000.0,22977000.0,0.0,0.0,0.075,105676000.0,37247000.0,54370000.0,0.0,2.417,11.514,11.304,208036000.0,0.0,26.0,0.962,0.965,221437000.0,73086000.0,306990000.0,306990000.0,17469000.0,,,,,0.0,85263000.0,1.0,44208274.0,44355474.0,45235545.0,6.921,703504000.0,0.0,9841000.0,74077000.0,15.861,100815000.0
76,MTD,MRQ,2002-06-30,2002-06-30,2002-06-30,2021-07-30,-56340000.0,1258359000.0,,449941000.0,808418000.0,,10.205,-8258000.0,23875000.0,23875000.0,155372000.0,27478000.0,1.284,1.789,354883000.0,50439000.0,304444000.0,354883000.0,0.0,8122000.0,0.0,0.0,0.0,10567000.0,18689000.0,0.063,18689000.0,10567000.0,6212000.0,0.62,0.61,0.62,451158000.0,,451158000.0,1973837850.0,15.0,12.089,24607000.0,0.557,1.0,141082000.0,0.476,542913000.0,4355000.0,696044000.0,,153844000.0,0.0,0.0,0.0,807201000.0,350410000.0,456791000.0,1628689850.0,414000.0,-2789000.0,391000.0,-21279000.0,0.0,-20888000.0,-11047000.0,0.0,32865000.0,-516000.0,27478000.0,27478000.0,27478000.0,0.0,0.0,0.093,130515000.0,10567000.0,58313000.0,0.0,3.61,16.75,16.1,211491000.0,0.0,36.87,1.389,1.39,230071000.0,50109000.0,296454000.0,296454000.0,17704000.0,,,,,0.0,82355000.0,1.0,44173850.0,44208274.0,45409690.0,6.706,715446000.0,0.0,-21266000.0,79157000.0,16.184,99531000.0
77,MTD,MRQ,2002-03-31,2002-03-31,2002-03-31,2021-07-30,-72406000.0,1203647000.0,,423813000.0,779834000.0,,9.219,-9295000.0,23461000.0,23461000.0,147820000.0,18674000.0,1.261,1.956,368609000.0,50256000.0,318353000.0,368609000.0,0.0,7741000.0,0.0,0.0,0.0,31068000.0,38809000.0,0.142,38809000.0,31068000.0,26677000.0,0.42,0.41,0.42,407223000.0,,407223000.0,2330759706.0,17.0,13.286,2319000.0,0.052,1.0,125137000.0,0.458,533875000.0,4391000.0,678770000.0,,141246000.0,0.0,0.0,0.0,796424000.0,336150000.0,460274000.0,1998762706.0,-4260000.0,-16483000.0,873000.0,9679000.0,0.0,10552000.0,-25778000.0,0.0,11614000.0,-648000.0,18674000.0,18674000.0,18674000.0,0.0,0.0,0.068,94069000.0,31068000.0,54384000.0,0.0,4.908,26.148,24.732,190352000.0,0.0,45.26,1.73,1.731,221090000.0,22631000.0,272957000.0,272957000.0,16757000.0,,,,,0.0,75824000.0,1.0,44161792.0,44173850.0,45517058.0,6.179,669772000.0,0.0,8003000.0,99518000.0,15.162,87663000.0
78,MTD,MRQ,2001-12-31,2001-12-31,2001-12-31,2021-07-30,-71898000.0,1189412000.0,,431758000.0,757654000.0,,9.144,-10805000.0,27721000.0,27721000.0,165582000.0,30700000.0,1.242,2.064,359718000.0,50239000.0,309479000.0,359718000.0,0.0,10368000.0,0.0,0.0,0.0,50990000.0,61358000.0,0.193,61358000.0,50990000.0,47230000.0,0.74,0.7,0.74,388184000.0,,388184000.0,2308542604.0,17.0,13.378,33789000.0,0.796,1.0,152699000.0,0.48,511471000.0,3760000.0,662351000.0,,145621000.0,0.0,0.0,0.0,801228000.0,347587000.0,453641000.0,2082182604.0,3013000.0,-157615000.0,7089000.0,119487000.0,0.0,126576000.0,-168420000.0,0.0,44594000.0,263000.0,30700000.0,30700000.0,30700000.0,0.0,0.0,0.096,101709000.0,50990000.0,66327000.0,0.0,5.364,28.814,29.129,192272000.0,0.0,51.85,1.814,1.834,227295000.0,3957000.0,318281000.0,318281000.0,18147000.0,,,,,0.0,79094000.0,1.0,40157813.0,42451677.0,44441101.0,7.497,677941000.0,8862000.0,16530000.0,97088000.0,15.97,84171000.0
79,MTD,MRQ,2001-09-30,2001-09-30,2001-09-30,2021-07-30,-45817000.0,903910000.0,,431810000.0,472100000.0,,5.781,-5656000.0,24708000.0,24708000.0,154040000.0,20384000.0,1.25,2.894,251068000.0,49974000.0,201094000.0,251068000.0,0.0,9000000.0,0.0,0.0,0.0,35415000.0,44415000.0,0.156,44415000.0,35415000.0,31359000.0,0.51,0.48,0.51,232142000.0,,232142000.0,1917549137.0,15.0,11.874,21650000.0,0.539,1.0,131024000.0,0.46,235255000.0,4056000.0,549565000.0,,144799000.0,0.0,0.0,0.0,671768000.0,345450000.0,326318000.0,1690338137.0,1496000.0,-6922000.0,808000.0,-13751000.0,0.0,-12943000.0,-12578000.0,0.0,27306000.0,-289000.0,20384000.0,20384000.0,20384000.0,0.0,0.0,0.072,95609000.0,35415000.0,59142000.0,0.0,7.281,26.06,25.853,193270000.0,0.0,42.14,1.499,1.501,218550000.0,-26743000.0,285064000.0,285064000.0,16170000.0,,,,,0.0,75973000.0,1.0,40112438.0,40157813.0,42463943.0,7.099,668655000.0,0.0,10975000.0,102319000.0,16.651,86360000.0
80,MTD,MRQ,2001-06-30,2001-06-30,2001-06-30,2021-07-30,-55150000.0,855284000.0,,411291000.0,443993000.0,,5.026,-8874000.0,23212000.0,23212000.0,152184000.0,6682000.0,1.232,3.242,250423000.0,49930000.0,200493000.0,250423000.0,0.0,8746000.0,0.0,0.0,0.0,22103000.0,30849000.0,0.111,30849000.0,22103000.0,17540000.0,0.16,0.16,0.16,201617000.0,,201617000.0,1971666482.0,16.0,12.638,18614000.0,0.464,1.0,126849000.0,0.455,221023000.0,4563000.0,527603000.0,,137412000.0,0.0,0.0,0.0,653667000.0,333869000.0,319798000.0,1717757482.0,227000.0,0.0,4036000.0,-22468000.0,0.0,-18432000.0,-8874000.0,0.0,27488000.0,45000.0,6682000.0,6682000.0,6682000.0,0.0,0.0,0.024,104753000.0,22096000.0,67898000.0,0.0,8.52,27.879,27.724,182988000.0,0.0,43.25,1.544,1.559,210031000.0,-47127000.0,279033000.0,279033000.0,15503000.0,,,,,0.0,70928000.0,1.0,39716936.0,40112438.0,42471191.0,6.956,634261000.0,0.0,10858000.0,88557000.0,15.812,77422000.0
81,MTD,MRQ,2001-03-31,2001-03-31,2001-03-31,2021-07-30,-53177000.0,858948000.0,,411634000.0,447314000.0,,4.856,-4375000.0,22985000.0,22985000.0,147334000.0,14498000.0,1.283,3.453,276894000.0,50078000.0,226816000.0,276894000.0,0.0,8858000.0,0.0,0.0,0.0,27088000.0,35946000.0,0.135,35946000.0,27088000.0,22305000.0,0.37,0.34,0.37,192872000.0,,192872000.0,1899934022.0,14.0,11.46,-2191000.0,-0.055,1.0,118310000.0,0.445,222511000.0,4783000.0,569580000.0,,142749000.0,0.0,0.0,0.0,666076000.0,320766000.0,345310000.0,1633292022.0,1260000.0,-934000.0,4907000.0,118000.0,0.0,5025000.0,-5309000.0,0.0,2184000.0,-640000.0,14498000.0,14498000.0,14498000.0,0.0,0.0,0.055,91215000.0,27095000.0,68022000.0,0.0,8.468,22.416,22.011,188382000.0,0.0,41.16,1.482,1.483,204430000.0,-53809000.0,265644000.0,265644000.0,14807000.0,,,,,0.0,73196000.0,1.0,39681536.0,39716936.0,42539345.0,6.688,636437000.0,0.0,7807000.0,83085000.0,16.024,90868000.0
82,MTD,MRQ,2000-12-31,2000-12-31,2000-12-31,2021-07-30,-47804000.0,887582000.0,,423339000.0,464243000.0,,4.542,-10154000.0,21725000.0,21725000.0,157019000.0,23300000.0,1.212,3.963,288367000.0,50560000.0,237807000.0,288367000.0,0.0,8840000.0,0.0,0.0,0.0,41437000.0,50277000.0,0.169,50277000.0,41437000.0,36615000.0,0.59,0.55,0.59,178840000.0,,178840000.0,2370442200.0,18.0,14.64,36723000.0,0.933,1.0,140851000.0,0.473,228035000.0,4822000.0,577036000.0,,141677000.0,0.0,0.0,0.0,708742000.0,349153000.0,359589000.0,2107398200.0,6042000.0,-8207000.0,5619000.0,-28470000.0,0.0,-22851000.0,-18361000.0,0.0,46877000.0,377000.0,23300000.0,23300000.0,23300000.0,0.0,0.0,0.078,99376000.0,41475000.0,80513000.0,0.0,11.784,30.055,30.211,199388000.0,0.0,54.38,1.924,1.931,212570000.0,-68307000.0,297870000.0,297870000.0,14959000.0,,,,,0.0,79489000.0,1.0,38753185.0,39372875.0,42468890.0,7.565,659547000.0,0.0,13315000.0,94476000.0,16.751,74186000.0
83,MTD,MRQ,2000-09-30,2000-09-30,2000-09-30,2021-07-30,-52139000.0,798506000.0,,382255000.0,416251000.0,,3.757,-8436000.0,15683000.0,15683000.0,149319000.0,17134000.0,1.242,4.485,278727000.0,45783000.0,232944000.0,278727000.0,0.0,7778000.0,0.0,0.0,0.0,31163000.0,38941000.0,0.144,38941000.0,31163000.0,26350000.0,0.44,0.4,0.44,145586000.0,,145586000.0,1973901140.0,17.0,13.164,1067000.0,0.028,1.0,120684000.0,0.447,195129000.0,4813000.0,558703000.0,,130717000.0,0.0,0.0,0.0,652920000.0,307718000.0,345202000.0,1705140140.0,-368000.0,-1415000.0,0.0,97000.0,0.0,97000.0,-9851000.0,0.0,9503000.0,-117000.0,17134000.0,17134000.0,17134000.0,0.0,0.0,0.063,89558000.0,31126000.0,60266000.0,0.0,11.712,28.547,28.387,186473000.0,0.0,44.0,1.547,1.547,201765000.0,-91607000.0,270003000.0,270003000.0,14093000.0,,,,,0.0,72460000.0,1.0,38753185.0,38753183.0,42198942.0,6.967,603377000.0,0.0,9216000.0,70704000.0,15.57,74537000.0
84,MTD,MRQ,2000-06-30,2000-06-30,2000-06-30,2021-07-30,-47396000.0,802104000.0,,376183000.0,425921000.0,,3.437,-4760000.0,16051000.0,16051000.0,148972000.0,17931000.0,1.205,5.022,284812000.0,48939000.0,235873000.0,284812000.0,0.0,8040000.0,0.0,0.0,0.0,32585000.0,40625000.0,0.151,40625000.0,32585000.0,27576000.0,0.47,0.43,0.47,133195000.0,,133195000.0,1830734125.0,16.0,12.506,19800000.0,0.511,1.0,119586000.0,0.445,200392000.0,5009000.0,558287000.0,,131328000.0,0.0,0.0,0.0,668909000.0,312186000.0,356723000.0,1549265125.0,-2327000.0,-7336000.0,502000.0,-15296000.0,0.0,-14794000.0,-12096000.0,0.0,24560000.0,3000.0,17931000.0,17931000.0,17931000.0,0.0,0.0,0.067,87012000.0,32574000.0,60392000.0,0.0,11.632,27.541,27.411,190546000.0,0.0,40.02,1.408,1.41,192671000.0,-108741000.0,268558000.0,268558000.0,13909000.0,,,,,0.0,70461000.0,1.0,38712272.0,38753186.0,41995780.0,6.93,601712000.0,0.0,9645000.0,67240000.0,15.527,63997000.0
85,MTD,MRQ,2000-03-31,2000-03-31,2000-03-31,2021-07-30,-45380000.0,794058000.0,,365517000.0,428541000.0,,3.017,-4486000.0,18378000.0,18378000.0,144875000.0,11754000.0,1.204,5.8,299847000.0,46971000.0,252876000.0,299847000.0,0.0,8596000.0,0.0,0.0,0.0,23478000.0,32074000.0,0.124,32074000.0,23478000.0,18088000.0,0.3,0.28,0.3,116778000.0,,116778000.0,1864301416.0,18.0,13.175,-712000.0,-0.018,1.0,114241000.0,0.441,208434000.0,5390000.0,563466000.0,,124828000.0,0.0,0.0,0.0,677280000.0,303627000.0,373653000.0,1584880416.0,1199000.0,-9419000.0,352000.0,11291000.0,0.0,11643000.0,-13905000.0,0.0,3774000.0,-313000.0,11754000.0,11754000.0,11754000.0,0.0,0.0,0.045,90753000.0,23488000.0,58286000.0,0.0,13.572,30.602,30.552,191313000.0,0.0,40.94,1.456,1.456,192169000.0,-126672000.0,259116000.0,259116000.0,13373000.0,,,,,0.0,73777000.0,1.0,38712272.0,38712272.0,41902580.0,6.693,585624000.0,0.0,6334000.0,63961000.0,15.128,61890000.0
86,MTD,MRQ,1999-12-31,1999-12-31,1999-12-31,2021-07-30,-38037000.0,820973000.0,,387945000.0,433028000.0,,2.896,-11873000.0,17179000.0,17179000.0,162531000.0,12911000.0,1.154,6.329,296600000.0,46879000.0,249721000.0,296600000.0,0.0,8764000.0,0.0,0.0,0.0,29548000.0,38312000.0,0.126,38312000.0,29548000.0,24135000.0,0.34,0.31,0.34,112015000.0,,112015000.0,1788993264.0,18.0,13.08,28345000.0,0.733,1.0,141756000.0,0.466,204395000.0,5413000.0,559824000.0,,123901000.0,0.0,0.0,0.0,708958000.0,336175000.0,372783000.0,1472371264.0,2278000.0,0.0,1214000.0,-26935000.0,0.0,-25721000.0,-11873000.0,0.0,40218000.0,-346000.0,12911000.0,12911000.0,12911000.0,0.0,0.0,0.042,112283000.0,29473000.0,81234000.0,0.0,13.144,30.61,30.552,199723000.0,0.0,38.19,1.382,1.381,203750000.0,-138426000.0,304287000.0,304287000.0,17158000.0,,,,,0.0,83571000.0,1.0,38553843.0,38674768.0,41655976.0,7.868,616578000.0,0.0,11224000.0,71497000.0,15.943,51770000.0
87,MTD,MRQ,1999-09-30,1999-09-30,1999-09-30,2021-07-30,-40413000.0,810800000.0,,368915000.0,441885000.0,,2.469,-4813000.0,14901000.0,14901000.0,148278000.0,13658000.0,1.231,7.519,331523000.0,47199000.0,284324000.0,331523000.0,0.0,8807000.0,0.0,0.0,0.0,26566000.0,35373000.0,0.132,35373000.0,26566000.0,20987000.0,0.35,0.33,0.35,95173000.0,,95173000.0,1476775412.0,15.0,10.78,23161000.0,0.601,1.0,119728000.0,0.447,214793000.0,5579000.0,612945000.0,,120737000.0,0.0,0.0,0.0,715627000.0,299684000.0,415943000.0,1138692412.0,1498000.0,0.0,878000.0,-22646000.0,0.0,-21768000.0,-4813000.0,0.0,27974000.0,105000.0,13658000.0,13658000.0,13658000.0,0.0,0.0,0.051,93206000.0,26522000.0,58978000.0,0.0,11.964,21.877,21.941,204500000.0,0.0,29.62,1.109,1.112,190667000.0,-151337000.0,268006000.0,268006000.0,13913000.0,,,,,0.0,75496000.0,1.0,38443363.0,38553842.0,41310498.0,6.951,596007000.0,0.0,7329000.0,61230000.0,15.459,69231000.0
88,MTD,MRQ,1999-06-30,1999-06-30,1999-06-30,2021-07-30,-41425000.0,806892000.0,,367585000.0,439307000.0,,2.071,-6437000.0,13403000.0,13403000.0,143710000.0,13467000.0,1.248,9.078,351486000.0,48051000.0,303435000.0,351486000.0,0.0,8880000.0,0.0,0.0,0.0,26864000.0,35744000.0,0.139,35744000.0,26864000.0,21452000.0,0.35,0.32,0.35,79625000.0,,79625000.0,1320185256.0,15.0,10.914,13019000.0,0.339,1.0,113755000.0,0.442,211803000.0,5412000.0,638729000.0,,121711000.0,0.0,0.0,0.0,722863000.0,294443000.0,428420000.0,979209256.0,-2890000.0,-17952000.0,500000.0,1539000.0,0.0,2039000.0,-24389000.0,0.0,19456000.0,4000.0,13467000.0,13467000.0,13467000.0,0.0,0.0,0.052,86529000.0,27226000.0,54150000.0,0.0,12.298,23.929,24.057,206339000.0,0.0,25.5,0.994,0.996,189120000.0,-164995000.0,257465000.0,257465000.0,13567000.0,,,,,0.0,70938000.0,1.0,38400363.0,38443363.0,41134537.0,6.697,595089000.0,0.0,7985000.0,60935000.0,15.48,73142000.0
89,MTD,MRQ,1999-03-31,1999-03-31,1999-03-31,2021-07-30,-43304000.0,765417000.0,,330621000.0,434796000.0,,1.661,4086000.0,16293000.0,16293000.0,130488000.0,8065000.0,1.256,10.934,357269000.0,46680000.0,310589000.0,357269000.0,0.0,8848000.0,0.0,0.0,0.0,18501000.0,27349000.0,0.116,27349000.0,18501000.0,12925000.0,0.21,0.2,0.21,63779000.0,,63779000.0,1315895984.0,16.0,11.273,7778000.0,0.203,1.0,105227000.0,0.446,206167000.0,5576000.0,637096000.0,,111388000.0,0.0,0.0,0.0,697338000.0,263130000.0,434208000.0,950408984.0,-4898000.0,-516000.0,0.0,-11711000.0,0.0,-11711000.0,3570000.0,0.0,3692000.0,-449000.0,8065000.0,8065000.0,8065000.0,0.0,0.0,0.034,86591000.0,18636000.0,47403000.0,0.0,14.902,24.462,24.505,209974000.0,0.0,24.75,0.994,0.994,174878000.0,-178462000.0,235715000.0,235715000.0,12755000.0,,,,,0.0,70384000.0,1.0,38400363.0,38400363.0,41082017.0,6.138,559250000.0,0.0,4860000.0,57010000.0,14.564,67491000.0
90,MTD,MRQ,1998-12-31,1998-12-31,1998-12-31,2021-07-30,-45183000.0,820441000.0,,358230000.0,462211000.0,,1.402,-4723000.0,21191000.0,21191000.0,145596000.0,16860000.0,1.221,14.163,386678000.0,46432000.0,340246000.0,386678000.0,0.0,8731000.0,0.0,0.0,0.0,29792000.0,38523000.0,0.145,38523000.0,29792000.0,24307000.0,0.44,0.41,0.44,53835000.0,,53835000.0,1439057284.0,18.0,12.68,28779000.0,0.749,1.0,120315000.0,0.452,213772000.0,5485000.0,678727000.0,,112059000.0,0.0,0.0,0.0,762442000.0,293429000.0,469013000.0,1076267284.0,5587000.0,-13980000.0,374000.0,-9879000.0,0.0,-9505000.0,-18703000.0,0.0,33502000.0,293000.0,16860000.0,16860000.0,16860000.0,0.0,0.0,0.063,89845000.0,30470000.0,58740000.0,0.0,19.992,28.605,28.633,230264000.0,0.0,28.06,1.15,1.15,178525000.0,-186527000.0,265911000.0,265911000.0,15426000.0,,,,,0.0,72667000.0,1.0,38355926.0,38400363.0,40871694.0,6.925,606669000.0,0.0,7447000.0,76868000.0,15.799,64801000.0
91,MTD,MRQ,1998-09-30,1998-09-30,1998-09-30,2021-07-30,-38880000.0,764221000.0,,321215000.0,443006000.0,,1.119,-1587000.0,15604000.0,15604000.0,126767000.0,2530000.0,1.193,16.731,378394000.0,58201000.0,320193000.0,378394000.0,0.0,8111000.0,0.0,0.0,0.0,11234000.0,19345000.0,0.086,19345000.0,11234000.0,5864000.0,0.06,0.06,0.06,42904000.0,,42904000.0,1169335301.0,29.0,15.813,15113000.0,0.394,1.0,98879000.0,0.438,190997000.0,5370000.0,666698000.0,,109970000.0,0.0,0.0,0.0,717825000.0,269316000.0,448509000.0,824224301.0,1070000.0,-11043000.0,158000.0,-3514000.0,0.0,-3356000.0,-12630000.0,0.0,16700000.0,356000.0,2530000.0,2530000.0,2530000.0,0.0,0.0,0.011,87503000.0,11376000.0,37187000.0,0.0,19.211,-106.078,-67.188,228796000.0,0.0,21.5,0.901,0.902,164923000.0,-203387000.0,225646000.0,225646000.0,11536000.0,,,,,0.0,63301000.0,1.0,38336014.0,38355925.0,40616526.0,5.883,573224000.0,14162000.0,3334000.0,70743000.0,14.945,51899000.0
92,MTD,MRQ,1998-06-30,1998-06-30,1998-06-30,2021-07-30,-31825000.0,731844000.0,,306352000.0,425492000.0,,1.233,-4589000.0,14534000.0,14534000.0,126779000.0,11397000.0,1.187,14.408,359645000.0,56410000.0,303235000.0,359645000.0,0.0,7689000.0,0.0,0.0,0.0,23827000.0,31516000.0,0.138,31516000.0,23827000.0,17923000.0,0.3,0.28,0.3,47271000.0,,47271000.0,1121876441.0,27.0,15.078,5090000.0,0.133,1.0,101667000.0,0.445,182751000.0,5904000.0,636214000.0,,100895000.0,0.0,0.0,0.0,681070000.0,257990000.0,423080000.0,769020441.0,-6769000.0,-1329000.0,0.0,-9489000.0,0.0,-9489000.0,-6803000.0,0.0,9679000.0,-156000.0,11397000.0,11397000.0,11397000.0,0.0,0.0,0.05,77768000.0,23899000.0,33607000.0,0.0,16.268,-72.659,-51.436,220574000.0,0.0,20.06,0.85,0.85,161505000.0,-205917000.0,228446000.0,228446000.0,11220000.0,,,,,0.0,64431000.0,1.0,38336014.0,38336014.0,40640515.0,5.959,549093000.0,13214000.0,6526000.0,67393000.0,14.323,48362000.0
93,MTD,MRQ,1998-03-31,1998-03-31,1998-03-31,2021-07-30,-33773000.0,735138000.0,,306949000.0,428189000.0,,0.885,4766000.0,21303000.0,21303000.0,121048000.0,6838000.0,1.167,20.563,374159000.0,54952000.0,319207000.0,374159000.0,0.0,7695000.0,0.0,0.0,0.0,16409000.0,24104000.0,0.112,24104000.0,16409000.0,10530000.0,0.18,0.17,0.18,33926000.0,,33926000.0,1223874173.0,-485.0,40.754,16927000.0,0.442,1.0,94607000.0,0.439,182323000.0,5879000.0,642576000.0,,101020000.0,0.0,0.0,0.0,697625000.0,263095000.0,434530000.0,850676173.0,-2263000.0,-2573000.0,0.0,-16475000.0,0.0,-16475000.0,2193000.0,0.0,12161000.0,-142000.0,6838000.0,6838000.0,6838000.0,0.0,0.0,0.032,78179000.0,16428000.0,32166000.0,0.0,25.074,-14.886,-12.06,224230000.0,0.0,22.19,0.949,0.949,152396000.0,-217314000.0,215655000.0,215655000.0,10795000.0,,,,,0.0,65112000.0,1.0,38336015.0,38336014.0,40600109.0,5.625,552815000.0,12856000.0,3692000.0,66792000.0,14.42,43854000.0
94,MTD,MRQ,1997-12-31,1997-12-31,1997-12-31,2021-07-30,-35462000.0,749313000.0,,309882000.0,439431000.0,,0.803,-8952000.0,23566000.0,23566000.0,134400000.0,-28535000.0,1.176,28.362,396764000.0,56430000.0,340334000.0,396764000.0,0.0,9602000.0,0.0,0.0,0.0,-10617000.0,-1015000.0,-0.004,-1015000.0,-10617000.0,-18342000.0,-0.86,-0.86,-0.86,25399000.0,,25399000.0,,,,16421000.0,0.519,1.0,110272000.0,0.451,183318000.0,7725000.0,675610000.0,,101047000.0,0.0,0.0,0.0,720365000.0,263583000.0,456782000.0,661296259.0,-9592000.0,-5561000.0,97002000.0,-114221000.0,0.0,-17219000.0,-17018000.0,0.0,25373000.0,-728000.0,-28535000.0,-28535000.0,-28535000.0,0.0,0.0,-0.117,89151000.0,21121000.0,39342000.0,0.0,26.036,-10.157,-8.374,235262000.0,0.0,17.25,0.753,0.621,153619000.0,-224152000.0,244672000.0,244672000.0,13057000.0,,,,,0.0,70803000.0,1.0,38336015.0,31617071.0,31617071.0,7.739,565995000.0,0.0,10193000.0,58704000.0,17.902,46299000.0
95,MTD,MRQ,1997-09-30,1997-09-30,1997-09-30,2021-07-30,,,,,,,,9077000.0,,,121564000.0,-284000.0,,,,,,,,8098000.0,,,0.0,11704000.0,19802000.0,0.092,19802000.0,11704000.0,2675000.0,-0.01,-0.01,-0.01,,,,,,,29131000.0,0.95,1.0,94365000.0,0.437,,9029000.0,,,,,,,,,,,1883000.0,0.0,-398000.0,-21547000.0,0.0,-21945000.0,4027000.0,0.0,20054000.0,-253000.0,-284000.0,-284000.0,-284000.0,0.0,0.0,-0.001,82534000.0,11831000.0,,0.0,,,,,0.0,,,,,,215929000.0,215929000.0,12050000.0,,,,,0.0,63243000.0,1.0,,30670134.0,30670134.0,7.04,,,2959000.0,,,
96,MTD,MRQ,1997-06-30,1997-06-30,1997-06-30,2021-07-30,,,,,,,,-3831000.0,,,123396000.0,-35165000.0,,,,,,,,7157000.0,,,0.0,-20017000.0,-12860000.0,-0.058,-12860000.0,-20017000.0,-29741000.0,-1.15,-1.15,-1.15,,,,,,,-1690000.0,-0.055,1.0,97016000.0,0.44,,9724000.0,,,,,,,,,,,-9324000.0,-74908000.0,300000.0,68917000.0,0.0,69217000.0,-80270000.0,0.0,2141000.0,-412000.0,-35165000.0,-35165000.0,-35165000.0,0.0,0.0,-0.16,107342000.0,-10326000.0,,0.0,,,,,0.0,,,,,,220412000.0,220412000.0,11612000.0,,,,,0.0,66158000.0,1.0,,30702367.0,30702367.0,7.179,,,5424000.0,,,
97,MTD,MRQ,1997-03-31,1997-03-31,1997-03-31,2021-07-30,,,,,,,,-2632000.0,,,114120000.0,-1122000.0,,,,,,,,6978000.0,,,0.0,7237000.0,14215000.0,0.072,14215000.0,7237000.0,-2209000.0,-0.04,-0.04,-0.04,,,,,,,5449000.0,0.178,1.0,83282000.0,0.422,,9446000.0,,,,,,,,,,,-20097000.0,0.0,0.0,-22105000.0,0.0,-22105000.0,-2730000.0,0.0,8081000.0,-3343000.0,-1122000.0,-1122000.0,-1122000.0,0.0,0.0,-0.006,75936000.0,7346000.0,,0.0,,,,,0.0,,,,,,197402000.0,197402000.0,10832000.0,,,,,0.0,60193000.0,1.0,,30686065.0,30686065.0,6.433,,,-1087000.0,,,
98,MTD,MRQ,1996-12-31,1996-12-31,1996-12-31,2021-07-30,-16637000.0,771888000.0,,339216000.0,432672000.0,,0.405,,60696000.0,60696000.0,,,1.329,60.865,454204000.0,80446000.0,373758000.0,454204000.0,0.0,,0.0,,0.0,,,,,,,,,,12426000.0,,12426000.0,,,,,,1.0,,,135490000.0,,774637000.0,,102526000.0,0.0,0.0,0.0,756304000.0,255269000.0,501035000.0,,,,,,,,,,,,,,,,,,,,32797000.0,,,,,255292000.0,,,,,151161000.0,-159046000.0,,,,,,,,,,1.0,,30686065.0,,,636398000.0,11481000.0,,57179000.0,20.739,83947000.0
0,MTD,MRT,2021-06-30,2021-06-30,2021-06-30,2021-07-30,-302592000.0,3142904000.0,2938089250.0,1172611000.0,1970293000.0,1.182,8.254,-98439000.0,142252000.0,142252000.0,1436831000.0,712488000.0,1.25,15.419,1655030000.0,53025000.0,1602005000.0,1655030000.0,192199000.0,102858000.0,0.0,0.0,0.0,929512000.0,1032370000.0,0.297,1032370000.0,929512000.0,890787000.0,30.25,29.83,30.25,191424000.0,279952250.0,191424000.0,33742964688.0,36.0,32.685,781920000.0,33.716,1.0,2037252000.0,0.586,935905000.0,38725000.0,2781408000.0,2583771750.0,350159000.0,0.0,0.0,0.0,2951480000.0,938369000.0,2013111000.0,32236059688.0,14975000.0,-185534000.0,-1033195000.0,436041000.0,0.0,-599442000.0,-275818000.0,0.0,880359000.0,9876000.0,712488000.0,712488000.0,712488000.0,0.0,0.0,0.205,1124233000.0,913019000.0,210811000.0,0.0,168.401,45.244,45.796,790512000.0,0.0,1385.34,9.279,9.248,600191000.0,5429085000.0,3474083000.0,3474083000.0,156397000.0,0.243,2.545,0.36,0.268,19025000.0,892140000.0,1.0,23269421.0,23191155.0,23521793.0,149.802,2206999000.0,41240000.0,178299000.0,155130000.0,95.166,234242000.0
1,MTD,MRT,2021-03-31,2021-03-31,2021-03-31,2021-07-30,-311744000.0,3028368000.0,2822275000.0,1080208000.0,1948160000.0,1.148,8.673,-95158000.0,106654000.0,106654000.0,1342087000.0,654287000.0,1.283,13.944,1613559000.0,52505000.0,1561054000.0,1613559000.0,180330000.0,99405000.0,0.0,0.0,0.0,853526000.0,952931000.0,0.294,952931000.0,853526000.0,815658000.0,27.57,27.2,27.57,202643000.0,344619500.0,202643000.0,28292686304.0,33.0,29.69,722903000.0,30.939,1.0,1898318000.0,0.586,939332000.0,37868000.0,2754132000.0,2465910000.0,321341000.0,0.0,0.0,0.0,2825725000.0,841809000.0,1983916000.0,27052449304.0,-216931000.0,-185706000.0,-812865000.0,29067000.0,0.0,-784512000.0,-257360000.0,0.0,818061000.0,6880000.0,654287000.0,654287000.0,654287000.0,0.0,0.0,0.202,1061567000.0,836751000.0,189289000.0,0.0,133.498,41.346,41.918,780166000.0,0.0,1155.69,8.348,8.333,574418000.0,5244387000.0,3240405000.0,3240405000.0,144987000.0,0.232,1.899,0.346,0.263,18867000.0,843229000.0,1.0,23408050.0,23365077.0,23685665.0,138.686,2089036000.0,39240000.0,161371000.0,134293000.0,89.408,238399000.0
2,MTD,MRT,2020-12-31,2020-12-31,2020-12-31,2021-07-30,-334925000.0,2814549000.0,2786628000.0,1056904000.0,1757645000.0,1.107,11.836,-89388000.0,94254000.0,94254000.0,1284146000.0,602739000.0,1.258,8.957,1334491000.0,50317000.0,1284174000.0,1334491000.0,149106000.0,98709000.0,0.0,0.0,0.0,787359000.0,886068000.0,0.287,886068000.0,787359000.0,748743000.0,25.24,24.91,25.24,282675000.0,370558000.0,282675000.0,28188748560.0,36.0,31.813,635311000.0,26.601,1.0,1801031000.0,0.584,747055000.0,38616000.0,2467404000.0,2454673250.0,297611000.0,0.0,0.0,0.0,2531874000.0,840327000.0,1691547000.0,27118187560.0,-113531000.0,-6242000.0,-748279000.0,5171000.0,0.0,-743908000.0,-100360000.0,0.0,724699000.0,6038000.0,602739000.0,602739000.0,602739000.0,0.0,0.0,0.195,1027504000.0,773527000.0,175801000.0,0.0,95.934,44.992,45.154,798868000.0,0.0,1139.68,8.79,8.822,593809000.0,5095596000.0,3085177000.0,3085177000.0,140102000.0,0.216,1.627,0.321,0.255,18687000.0,820221000.0,1.0,23794563.0,23882648.0,24199230.0,129.181,2067494000.0,41836000.0,146004000.0,123465000.0,86.569,216577000.0
3,MTD,MRT,2020-09-30,2020-09-30,2020-09-30,2021-07-30,-327273000.0,2766536000.0,2780321000.0,1046320000.0,1720216000.0,1.076,18.521,-79922000.0,153686000.0,153686000.0,1250875000.0,579193000.0,1.369,5.244,1224247000.0,55111000.0,1169136000.0,1224247000.0,150476000.0,95413000.0,0.0,0.0,0.0,749452000.0,844865000.0,0.282,844865000.0,749452000.0,710706000.0,24.04,23.72,24.04,443067000.0,405084250.0,443067000.0,24223147174.0,32.0,28.671,595617000.0,24.898,1.0,1740285000.0,0.582,740873000.0,38746000.0,2332143000.0,2431827500.0,292329000.0,0.0,0.0,0.0,2323469000.0,764081000.0,1559388000.0,23150249174.0,33152000.0,-6242000.0,-580390000.0,28550000.0,0.0,-552640000.0,-92646000.0,0.0,675539000.0,2899000.0,579193000.0,579193000.0,579193000.0,0.0,0.0,0.194,1001780000.0,738505000.0,146646000.0,0.0,52.25,39.97,40.173,758010000.0,0.0,965.75,7.74,7.724,521777000.0,4882287000.0,2991160000.0,2991160000.0,135536000.0,0.208,1.43,0.308,0.251,18250000.0,800569000.0,1.0,23971265.0,23922272.0,24225204.0,125.037,2025663000.0,37115000.0,131513000.0,132843000.0,84.677,282239000.0
4,MTD,MRT,2020-06-30,2020-06-30,2020-06-30,2021-07-30,-345605000.0,2679647000.0,2747654250.0,989808000.0,1689839000.0,1.069,18.801,-87500000.0,127277000.0,127277000.0,1231936000.0,546821000.0,1.408,4.954,1200175000.0,53585000.0,1146590000.0,1200175000.0,150742000.0,92957000.0,0.0,0.0,0.0,713492000.0,806449000.0,0.275,806449000.0,713492000.0,674256000.0,22.56,22.24,22.56,450093000.0,403892750.0,450093000.0,20504542180.0,29.0,25.426,538837000.0,22.508,1.0,1705733000.0,0.581,739755000.0,39236000.0,2309961000.0,2405877000.0,299746000.0,0.0,0.0,0.0,2229554000.0,702829000.0,1526725000.0,19258709180.0,2838000.0,-7742000.0,-574925000.0,60169000.0,0.0,-515556000.0,-104457000.0,0.0,626337000.0,-3486000.0,546821000.0,546821000.0,546821000.0,0.0,0.0,0.186,1001361000.0,704372000.0,155901000.0,0.0,42.788,35.219,35.707,743393000.0,0.0,805.55,6.556,6.565,490429000.0,4720523000.0,2937669000.0,2937669000.0,136895000.0,0.199,1.354,0.297,0.243,18283000.0,798421000.0,1.0,23907528.0,23940278.0,24228989.0,122.708,1939892000.0,35777000.0,127435000.0,115692000.0,81.03,286979000.0
5,MTD,MRT,2020-03-31,2020-03-31,2020-03-31,2021-07-30,-347701000.0,2885780000.0,2742957000.0,1200865000.0,1684915000.0,1.086,12.752,-92422000.0,323585000.0,323585000.0,1251061000.0,547419000.0,1.766,8.418,1569418000.0,56398000.0,1513020000.0,1569418000.0,144836000.0,90823000.0,0.0,0.0,0.0,712753000.0,803576000.0,0.27,803576000.0,712753000.0,674217000.0,22.42,22.08,22.42,306397000.0,417391000.0,306397000.0,17692155405.0,25.0,22.017,477748000.0,19.883,1.0,1727301000.0,0.58,742590000.0,38536000.0,2709185000.0,2384184750.0,292110000.0,0.0,0.0,0.0,2579383000.0,679838000.0,1899545000.0,16608722405.0,197105000.0,-7614000.0,-763023000.0,508185000.0,0.0,-253885000.0,-116006000.0,0.0,570170000.0,-3174000.0,547419000.0,547419000.0,547419000.0,0.0,0.0,0.184,1020725000.0,706576000.0,168515000.0,0.0,54.207,30.34,30.799,742651000.0,0.0,690.51,5.576,5.571,518556000.0,4595183000.0,2978362000.0,2978362000.0,142284000.0,0.2,1.312,0.299,0.239,18198000.0,813502000.0,1.0,24052834.0,24027833.0,24353477.0,123.955,2143190000.0,35538000.0,126798000.0,99381000.0,89.196,521027000.0
6,MTD,MRT,2019-12-31,2019-12-31,2019-12-31,2021-07-30,-323673000.0,2789321000.0,2680686250.0,1109647000.0,1679674000.0,1.122,17.127,-95919000.0,207785000.0,207785000.0,1267441000.0,561109000.0,1.471,5.629,1291218000.0,55868000.0,1235350000.0,1291218000.0,122489000.0,88681000.0,0.0,0.0,0.0,718805000.0,807486000.0,0.268,807486000.0,718805000.0,681394000.0,22.84,22.47,22.84,420780000.0,481229250.0,420780000.0,20372022569.0,28.0,25.229,507531000.0,20.659,1.0,1741211000.0,0.579,742221000.0,37411000.0,2376021000.0,2235649000.0,274285000.0,0.0,0.0,0.0,2368541000.0,754512000.0,1614029000.0,19319700569.0,29675000.0,-2004000.0,-727418000.0,258297000.0,0.0,-477368000.0,-99083000.0,0.0,603450000.0,2676000.0,561109000.0,561109000.0,561109000.0,0.0,0.0,0.186,1028583000.0,712628000.0,185592000.0,0.0,45.914,34.431,34.732,748657000.0,0.0,793.28,6.421,6.478,566256000.0,4499288000.0,3008652000.0,3008652000.0,143950000.0,0.209,1.166,0.322,0.239,18285000.0,819183000.0,1.0,24354201.0,24567609.0,24974457.0,122.464,2047100000.0,36978000.0,120285000.0,114310000.0,83.325,355135000.0
7,MTD,MRT,2019-09-30,2019-09-30,2019-09-30,2021-07-30,-314986000.0,2635869000.0,2638067750.0,963808000.0,1672061000.0,1.131,17.899,-116059000.0,120534000.0,120534000.0,1262128000.0,549546000.0,1.34,5.014,1172856000.0,48577000.0,1124279000.0,1172856000.0,126925000.0,87466000.0,0.0,0.0,0.0,717321000.0,804787000.0,0.27,804787000.0,717321000.0,680705000.0,22.15,21.74,22.15,438301000.0,523550000.0,438301000.0,18350096021.0,26.0,22.801,484254000.0,19.776,1.0,1720479000.0,0.577,740595000.0,36616000.0,2228341000.0,2138870250.0,280978000.0,0.0,0.0,0.0,2197568000.0,719255000.0,1478313000.0,17334743021.0,-16914000.0,-2569000.0,-629760000.0,142637000.0,0.0,-495620000.0,-120828000.0,0.0,600313000.0,-779000.0,549546000.0,549546000.0,549546000.0,0.0,0.0,0.184,1026971000.0,693508000.0,148220000.0,0.0,39.55,31.544,31.801,722592000.0,0.0,704.4,5.812,5.783,503247000.0,4309718000.0,2982607000.0,2982607000.0,144855000.0,0.208,1.05,0.335,0.241,18357000.0,814119000.0,1.0,24609232.0,24487268.0,24880179.0,121.802,1895274000.0,34599000.0,131159000.0,130179000.0,77.398,244553000.0
8,MTD,MRT,2019-06-30,2019-06-30,2019-06-30,2021-07-30,-301433000.0,2660858000.0,2618516500.0,981446000.0,1679412000.0,1.132,20.41,-120963000.0,124439000.0,124439000.0,1258910000.0,546804000.0,1.388,4.279,1139792000.0,51918000.0,1087874000.0,1139792000.0,128704000.0,86318000.0,0.0,0.0,0.0,707528000.0,793846000.0,0.268,793846000.0,707528000.0,671709000.0,21.91,21.47,21.91,504086000.0,546878500.0,504086000.0,21770563240.0,31.0,27.424,453148000.0,18.348,1.0,1704677000.0,0.575,745768000.0,35819000.0,2223192000.0,2083942000.0,286347000.0,0.0,0.0,0.0,2156772000.0,707251000.0,1449521000.0,20834760240.0,-58751000.0,-5531000.0,-557603000.0,69736000.0,0.0,-496393000.0,-133643000.0,0.0,574111000.0,-2826000.0,546804000.0,546804000.0,546804000.0,0.0,0.0,0.185,1018957000.0,685720000.0,160584000.0,0.0,41.332,38.103,38.339,728007000.0,0.0,840.0,7.03,7.0,498723000.0,4180323000.0,2963587000.0,2963587000.0,143678000.0,0.209,1.0,0.34,0.239,18163000.0,813744000.0,1.0,24803286.0,24698032.0,25118352.0,119.993,1915090000.0,35722000.0,124905000.0,114348000.0,77.54,274195000.0
9,MTD,MRT,2019-03-31,2019-03-31,2019-03-31,2021-07-30,-289754000.0,2636697000.0,2592856000.0,969384000.0,1667313000.0,1.139,22.604,-131601000.0,126480000.0,126480000.0,1256453000.0,531112000.0,1.369,3.694,1062283000.0,53798000.0,1008485000.0,1062283000.0,128962000.0,85788000.0,0.0,0.0,0.0,695341000.0,781129000.0,0.264,781129000.0,695341000.0,660095000.0,21.17,20.72,21.17,561750000.0,553965500.0,561750000.0,18783537351.0,27.0,24.047,455635000.0,18.334,1.0,1697764000.0,0.575,749494000.0,35246000.0,2115042000.0,2028748000.0,282087000.0,0.0,0.0,0.0,2074947000.0,707964000.0,1366983000.0,17926956351.0,27531000.0,-5027000.0,-494578000.0,89954000.0,0.0,-416538000.0,-134011000.0,0.0,587236000.0,-9156000.0,531112000.0,531112000.0,531112000.0,0.0,0.0,0.18,1024231000.0,673533000.0,174639000.0,0.0,31.913,33.754,34.152,722926000.0,0.0,723.0,6.068,6.082,489281000.0,4053703000.0,2954217000.0,2954217000.0,142411000.0,0.205,0.959,0.343,0.235,17707000.0,816553000.0,1.0,24795237.0,24851340.0,25310525.0,118.876,1887203000.0,34495000.0,128983000.0,116361000.0,75.94,261420000.0
10,MTD,MRT,2018-12-31,2018-12-31,2018-12-31,2021-07-30,-302414000.0,2618847000.0,2561658500.0,1045860000.0,1572987000.0,1.146,23.401,-134536000.0,178110000.0,178110000.0,1251208000.0,512611000.0,1.424,3.438,1034691000.0,49670000.0,985021000.0,1034691000.0,105381000.0,84691000.0,0.0,0.0,0.0,686369000.0,771060000.0,0.263,771060000.0,686369000.0,651858000.0,20.33,19.88,20.33,590063000.0,553714750.0,590063000.0,15072165936.0,22.0,19.547,430469000.0,17.071,1.0,1684378000.0,0.574,752088000.0,34511000.0,1988906000.0,2000028250.0,268821000.0,0.0,0.0,0.0,2028784000.0,734434000.0,1294350000.0,14164966936.0,29423000.0,-5527000.0,-450399000.0,64291000.0,0.0,-388022000.0,-138944000.0,0.0,565005000.0,-8616000.0,512611000.0,512611000.0,512611000.0,0.0,0.0,0.175,1019817000.0,664561000.0,196641000.0,0.0,24.006,27.633,27.82,717526000.0,0.0,565.58,4.825,4.858,535528000.0,3941916000.0,2935586000.0,2935586000.0,141071000.0,0.2,0.926,0.343,0.234,17579000.0,812802000.0,1.0,25045028.0,25215674.0,25781324.0,116.419,1866759000.0,35066000.0,139247000.0,122595000.0,74.032,311426000.0
11,MTD,MRT,2018-09-30,2018-09-30,2018-09-30,2021-07-30,-283529000.0,2557664000.0,2544398000.0,971499000.0,1586165000.0,1.138,21.158,-128920000.0,137448000.0,137448000.0,1233107000.0,408401000.0,1.393,3.811,1044647000.0,55753000.0,988894000.0,1044647000.0,123526000.0,84148000.0,0.0,0.0,0.0,649600000.0,733748000.0,0.253,733748000.0,649600000.0,615304000.0,16.12,15.75,16.12,531615000.0,543019000.0,531615000.0,16243998975.0,25.0,22.138,402603000.0,16.023,1.0,1662587000.0,0.574,758766000.0,34296000.0,2008628000.0,1983985750.0,277266000.0,0.0,0.0,0.0,2026049000.0,697469000.0,1328580000.0,15354716975.0,-31638000.0,-4962000.0,-401137000.0,-24040000.0,0.0,-426841000.0,-131824000.0,0.0,531523000.0,-4496000.0,408401000.0,408401000.0,408401000.0,0.0,0.0,0.141,1012987000.0,649600000.0,156447000.0,0.0,28.883,37.597,37.778,697689000.0,0.0,608.98,5.303,5.284,494887000.0,3763858000.0,2895694000.0,2895694000.0,137189000.0,0.161,0.752,0.327,0.224,17264000.0,817697000.0,1.0,25213828.0,25126061.0,25683365.0,115.247,1798898000.0,36423000.0,206903000.0,140699000.0,71.595,274030000.0
12,MTD,MRT,2018-06-30,2018-06-30,2018-06-30,2021-07-30,-265721000.0,2558216000.0,2529281750.0,1003307000.0,1554909000.0,1.131,21.045,-134189000.0,183190000.0,183190000.0,1215339000.0,386698000.0,1.457,3.805,1072472000.0,52052000.0,1020420000.0,1072472000.0,126835000.0,82227000.0,0.0,0.0,0.0,628109000.0,710336000.0,0.248,710336000.0,628109000.0,594568000.0,15.18,14.81,15.18,532434000.0,538360000.0,532434000.0,15587728261.0,25.0,21.944,393518000.0,15.554,1.0,1644308000.0,0.575,756265000.0,33541000.0,2002416000.0,1975972750.0,270047000.0,0.0,0.0,0.0,2025782000.0,688817000.0,1336965000.0,14693079261.0,36856000.0,-108248000.0,-365873000.0,101920000.0,0.0,-265588000.0,-227808000.0,0.0,527707000.0,2545000.0,386698000.0,386698000.0,386698000.0,0.0,0.0,0.135,1016199000.0,628109000.0,170865000.0,0.0,27.596,37.996,38.118,678706000.0,0.0,578.63,5.138,5.119,486203000.0,3637629000.0,2859647000.0,2859647000.0,134554000.0,0.153,0.718,0.318,0.22,17025000.0,822279000.0,1.0,25392875.0,25299414.0,25867383.0,113.032,1801951000.0,36880000.0,207870000.0,122744000.0,71.225,314490000.0
13,MTD,MRT,2018-03-31,2018-03-31,2018-03-31,2021-07-30,-236516000.0,2511907000.0,2451715250.0,927372000.0,1584535000.0,1.139,22.017,-129708000.0,98949000.0,98949000.0,1184012000.0,376810000.0,1.456,3.48,993598000.0,14883000.0,978715000.0,993598000.0,130704000.0,79010000.0,0.0,0.0,0.0,611216000.0,690226000.0,0.247,690226000.0,611216000.0,577813000.0,14.71,14.34,14.71,560747000.0,520731250.0,560747000.0,15478804310.0,25.0,22.426,395582000.0,15.532,1.0,1607295000.0,0.576,769511000.0,33403000.0,2000163000.0,1933945000.0,278318000.0,0.0,0.0,0.0,1951160000.0,636882000.0,1314278000.0,14647644310.0,-65944000.0,-108945000.0,-367633000.0,1570000.0,0.0,-373268000.0,-229107000.0,0.0,525290000.0,11141000.0,376810000.0,376810000.0,376810000.0,0.0,0.0,0.135,996079000.0,611216000.0,164639000.0,0.0,26.122,38.873,39.091,696890000.0,0.0,575.03,5.248,5.247,483919000.0,3526355000.0,2791307000.0,2791307000.0,131821000.0,0.154,0.724,0.316,0.219,17114000.0,809879000.0,1.0,25472835.0,25468323.0,26095647.0,109.599,1742396000.0,41717000.0,201003000.0,109706000.0,68.414,290490000.0
14,MTD,MRT,2017-12-31,2017-12-31,2017-12-31,2021-07-30,-265406000.0,2549805000.0,2374679500.0,1006723000.0,1543082000.0,1.148,21.284,-115453000.0,148687000.0,148687000.0,1149302000.0,375972000.0,1.46,3.659,979847000.0,19677000.0,960170000.0,979847000.0,107166000.0,76129000.0,0.0,0.0,0.0,607007000.0,683136000.0,0.251,683136000.0,607007000.0,574222000.0,14.62,14.24,14.62,547280000.0,490507500.0,547280000.0,16746906900.0,28.0,24.515,400872000.0,15.59,1.0,1575751000.0,0.578,766556000.0,32785000.0,1924736000.0,1883221250.0,255390000.0,0.0,0.0,0.0,2002525000.0,689673000.0,1312852000.0,15846778900.0,-9987000.0,-108445000.0,-371348000.0,59023000.0,0.0,-319530000.0,-217344000.0,0.0,516325000.0,10562000.0,375972000.0,375972000.0,375972000.0,0.0,0.0,0.138,968744000.0,607007000.0,167627000.0,0.0,28.956,42.149,42.375,668271000.0,0.0,619.52,5.815,5.846,528615000.0,3433282000.0,2725053000.0,2725053000.0,128308000.0,0.158,0.766,0.322,0.223,16582000.0,794861000.0,1.0,25579124.0,25713575.0,26393783.0,105.977,1783249000.0,41425000.0,198250000.0,123440000.0,69.35,317050000.0
15,MTD,MRT,2017-09-30,2017-09-30,2017-09-30,2021-07-30,-277637000.0,2497199000.0,2278922500.0,986564000.0,1510635000.0,1.166,20.028,-148050000.0,169086000.0,169086000.0,1115990000.0,436772000.0,1.512,3.868,1069214000.0,18533000.0,1050681000.0,1069214000.0,123730000.0,73533000.0,0.0,0.0,0.0,593173000.0,666706000.0,0.251,666706000.0,593173000.0,561606000.0,16.83,16.43,16.83,512979000.0,462423250.0,512979000.0,16895363693.0,28.0,25.342,356630000.0,13.924,1.0,1540731000.0,0.58,768393000.0,31567000.0,1976576000.0,1819833500.0,263527000.0,0.0,0.0,0.0,1984220000.0,652358000.0,1331862000.0,16072308693.0,22953000.0,-110145000.0,-431397000.0,209154000.0,0.0,-229448000.0,-253051000.0,0.0,504680000.0,772000.0,436772000.0,436772000.0,436772000.0,0.0,0.0,0.164,947558000.0,593173000.0,148521000.0,0.0,31.331,36.798,37.205,641709000.0,0.0,626.16,6.05,6.037,483167000.0,3360315000.0,2656721000.0,2656721000.0,125368000.0,0.192,0.945,0.326,0.223,16268000.0,789272000.0,1.0,25668054.0,25613433.0,26303529.0,103.724,1728806000.0,43103000.0,124834000.0,103172000.0,67.496,334206000.0
16,MTD,MRT,2017-06-30,2017-06-30,2017-06-30,2021-07-30,-298386000.0,2247950000.0,2209867750.0,913753000.0,1334197000.0,1.18,17.938,-133214000.0,146334000.0,146334000.0,1099270000.0,433154000.0,1.552,3.867,969389000.0,21608000.0,947781000.0,969389000.0,126190000.0,71813000.0,0.0,0.0,0.0,585789000.0,657602000.0,0.252,657602000.0,585789000.0,555303000.0,16.57,16.21,16.57,461919000.0,459307750.0,461919000.0,15996070937.0,27.0,24.325,370544000.0,14.389,1.0,1509250000.0,0.579,647891000.0,30486000.0,1834305000.0,1738324000.0,253734000.0,0.0,0.0,0.0,1786031000.0,588809000.0,1197222000.0,15197276937.0,31688000.0,-107749000.0,-471503000.0,246479000.0,0.0,-232229000.0,-239612000.0,0.0,503758000.0,-229000.0,433154000.0,433154000.0,433154000.0,0.0,0.0,0.166,923461000.0,585789000.0,143607000.0,0.0,32.9,35.085,35.518,600900000.0,0.0,588.54,5.826,5.81,448098000.0,3256684000.0,2608520000.0,2608520000.0,123304000.0,0.196,0.943,0.337,0.225,15850000.0,769919000.0,1.0,25821995.0,25751374.0,26439529.0,101.296,1600059000.0,39326000.0,122149000.0,90926000.0,62.135,324944000.0
17,MTD,MRT,2017-03-31,2017-03-31,2017-03-31,2021-07-30,-331120000.0,2203764000.0,2163317000.0,912865000.0,1290899000.0,1.185,16.962,-120333000.0,164893000.0,164893000.0,1081936000.0,411162000.0,1.627,4.01,963687000.0,19476000.0,944211000.0,963687000.0,132930000.0,70260000.0,0.0,0.0,0.0,560815000.0,631075000.0,0.246,631075000.0,560815000.0,531628000.0,15.62,15.3,15.62,439852000.0,466818500.0,439852000.0,13158285231.0,23.0,20.851,366519000.0,14.134,1.0,1481214000.0,0.578,644128000.0,29187000.0,1797268000.0,1657728000.0,242375000.0,0.0,0.0,0.0,1763912000.0,561162000.0,1202750000.0,12422929231.0,54298000.0,-107052000.0,-472226000.0,269501000.0,0.0,-203280000.0,-225742000.0,0.0,486852000.0,-3532000.0,411162000.0,411162000.0,411162000.0,0.0,0.0,0.16,920399000.0,560815000.0,137827000.0,0.0,28.243,30.214,30.66,572058000.0,0.0,478.91,4.847,4.845,439413000.0,3157257000.0,2563150000.0,2563150000.0,121423000.0,0.19,0.881,0.338,0.219,15472000.0,762093000.0,1.0,25940008.0,25932112.0,26586061.0,98.841,1559636000.0,38027000.0,120466000.0,103162000.0,60.143,351703000.0
18,MTD,MRT,2016-12-31,2016-12-31,2016-12-31,2021-07-30,-354998000.0,2166777000.0,2121194250.0,896784000.0,1269993000.0,1.182,16.402,-123534000.0,158674000.0,158674000.0,1070525000.0,384370000.0,1.526,3.982,894030000.0,18974000.0,875056000.0,894030000.0,100330000.0,68795000.0,0.0,0.0,0.0,532219000.0,601014000.0,0.24,601014000.0,532219000.0,504193000.0,14.49,14.22,14.49,434943000.0,492688750.0,434943000.0,11682823994.0,22.0,19.439,337224000.0,12.717,1.0,1437732000.0,0.573,643433000.0,28026000.0,1671185000.0,1587152500.0,222047000.0,0.0,0.0,0.0,1731834000.0,587515000.0,1144319000.0,10981155994.0,59787000.0,-111381000.0,-474521000.0,311596000.0,0.0,-163605000.0,-231456000.0,0.0,460758000.0,-5910000.0,384370000.0,384370000.0,384370000.0,0.0,0.0,0.153,905513000.0,532219000.0,146593000.0,0.0,25.247,28.569,28.886,563707000.0,0.0,418.56,4.378,4.425,454988000.0,3065708000.0,2508257000.0,2508257000.0,119196000.0,0.181,0.78,0.335,0.212,15306000.0,745358000.0,1.0,26235560.0,26517768.0,27023905.0,94.588,1523344000.0,33951000.0,119823000.0,112296000.0,57.446,309269000.0
19,MTD,MRT,2016-09-30,2016-09-30,2016-09-30,2021-07-30,-266403000.0,2220980000.0,2069333750.0,946102000.0,1274878000.0,1.195,18.977,-75955000.0,146133000.0,146133000.0,1064369000.0,369945000.0,1.524,3.437,847801000.0,21779000.0,826022000.0,847801000.0,113340000.0,66824000.0,0.0,0.0,0.0,511774000.0,578598000.0,0.234,578598000.0,511774000.0,484400000.0,13.76,13.5,13.76,500517000.0,529067250.0,500517000.0,11720694966.0,23.0,20.257,381329000.0,14.458,1.0,1407724000.0,0.569,651261000.0,27374000.0,1650538000.0,1501937750.0,239985000.0,0.0,0.0,0.0,1720463000.0,620849000.0,1099614000.0,11121132966.0,22834000.0,-112491000.0,-470828000.0,226351000.0,0.0,-247509000.0,-186267000.0,0.0,457284000.0,-674000.0,369945000.0,369945000.0,369945000.0,0.0,0.0,0.15,895950000.0,511774000.0,129650000.0,0.0,22.219,30.062,30.511,527477000.0,0.0,419.83,4.499,4.479,414607000.0,2934167000.0,2472093000.0,2472093000.0,120923000.0,0.179,0.699,0.341,0.207,16154000.0,721817000.0,1.0,26489610.0,26375468.0,26888810.0,93.727,1569719000.0,94363000.0,114455000.0,159254000.0,59.514,325253000.0
20,MTD,MRT,2016-06-30,2016-06-30,2016-06-30,2021-07-30,-282775000.0,2061747000.0,2027475250.0,900260000.0,1161487000.0,1.196,18.473,-74401000.0,114646000.0,114646000.0,1047890000.0,357474000.0,1.523,3.191,714208000.0,20945000.0,693263000.0,714208000.0,117906000.0,65413000.0,0.0,0.0,0.0,495235000.0,560648000.0,0.231,560648000.0,495235000.0,467999000.0,13.15,12.89,13.15,491962000.0,550526000.0,491962000.0,10353589502.0,21.0,18.467,363988000.0,13.668,1.0,1377759000.0,0.568,558280000.0,27236000.0,1511921000.0,1438535000.0,234006000.0,0.0,0.0,0.0,1569785000.0,591108000.0,978677000.0,9764931502.0,-34663000.0,-17808000.0,-471707000.0,90736000.0,0.0,-384013000.0,-83738000.0,0.0,438389000.0,-5301000.0,357474000.0,357474000.0,357474000.0,0.0,0.0,0.147,882524000.0,495235000.0,131888000.0,0.0,19.849,27.316,27.751,514312000.0,0.0,364.92,4.026,4.006,407972000.0,2834772000.0,2425649000.0,2425649000.0,120495000.0,0.176,0.649,0.344,0.204,15769000.0,709683000.0,1.0,26759102.0,26631015.0,27143284.0,91.084,1503467000.0,93898000.0,110525000.0,170124000.0,56.455,309152000.0
21,MTD,MRT,2016-03-31,2016-03-31,2016-03-31,2021-07-30,-259817000.0,2035273000.0,2036275750.0,866699000.0,1168574000.0,1.178,20.175,-77273000.0,110595000.0,110595000.0,1046325000.0,355443000.0,1.591,2.746,699253000.0,17381000.0,681872000.0,699253000.0,102771000.0,64755000.0,0.0,0.0,0.0,494180000.0,558935000.0,0.233,558935000.0,494180000.0,466874000.0,12.95,12.69,12.95,543333000.0,591098250.0,543333000.0,9794534564.0,20.0,17.524,345433000.0,12.826,1.0,1353095000.0,0.564,564173000.0,27306000.0,1514966000.0,1421668750.0,227323000.0,0.0,0.0,0.0,1491940000.0,544792000.0,947148000.0,9301949564.0,35236000.0,-17908000.0,-470302000.0,178823000.0,0.0,-293983000.0,-90084000.0,0.0,422706000.0,-3403000.0,355443000.0,355443000.0,355443000.0,0.0,0.0,0.148,858915000.0,494180000.0,120536000.0,0.0,17.12,26.17,26.622,521496000.0,0.0,344.76,3.877,3.87,387296000.0,2756453000.0,2399420000.0,2399420000.0,119588000.0,0.175,0.601,0.348,0.206,14824000.0,696693000.0,1.0,26980942.0,26931293.0,27421019.0,89.094,1471100000.0,93314000.0,111431000.0,151899000.0,54.624,321907000.0
22,MTD,MRT,2015-12-31,2015-12-31,2015-12-31,2021-07-30,-266649000.0,1959335000.0,2021373750.0,795332000.0,1164003000.0,1.185,20.97,-81557000.0,98887000.0,98887000.0,1043454000.0,352820000.0,1.425,2.376,589626000.0,14488000.0,575138000.0,589626000.0,88829000.0,64038000.0,0.0,0.0,0.0,490875000.0,554913000.0,0.232,554913000.0,490875000.0,463424000.0,12.75,12.48,12.75,580457000.0,621797000.0,580457000.0,9777017471.0,20.0,17.619,358240000.0,12.942,1.0,1351993000.0,0.564,561536000.0,27451000.0,1330326000.0,1352501000.0,214383000.0,0.0,0.0,0.0,1378878000.0,558212000.0,820666000.0,9277524471.0,13624000.0,-13779000.0,-465410000.0,147387000.0,0.0,-319961000.0,-100751000.0,0.0,439797000.0,-5461000.0,352820000.0,352820000.0,352820000.0,0.0,0.0,0.147,861118000.0,490875000.0,142075000.0,0.0,15.983,26.295,26.598,517229000.0,0.0,339.13,3.873,3.919,411420000.0,2692317000.0,2395447000.0,2395447000.0,119076000.0,0.175,0.567,0.363,0.205,14223000.0,700810000.0,1.0,27356838.0,27680918.0,28269615.0,86.538,1397799000.0,33051000.0,110604000.0,99735000.0,50.497,237120000.0
23,MTD,MRT,2015-09-30,2015-09-30,2015-09-30,2021-07-30,-238038000.0,2053546000.0,2033817500.0,868315000.0,1185231000.0,1.19,21.285,-84160000.0,123299000.0,123299000.0,1063712000.0,350641000.0,1.463,2.502,622792000.0,21061000.0,601731000.0,622792000.0,88547000.0,63665000.0,0.0,0.0,0.0,488939000.0,552604000.0,0.228,552604000.0,488939000.0,461319000.0,12.48,12.21,12.48,586352000.0,656581500.0,586352000.0,8366298488.0,17.0,15.14,346340000.0,12.572,1.0,1355628000.0,0.56,562697000.0,27620000.0,1396927000.0,1304930000.0,225542000.0,0.0,0.0,0.0,1467194000.0,593415000.0,873779000.0,7887113488.0,-3012000.0,-13368000.0,-459911000.0,143628000.0,0.0,-323630000.0,-103150000.0,0.0,430500000.0,-6732000.0,350641000.0,350641000.0,350641000.0,0.0,0.0,0.145,866689000.0,488939000.0,136565000.0,0.0,13.451,22.493,22.816,513568000.0,0.0,284.74,3.26,3.242,390540000.0,2576218000.0,2419340000.0,2419340000.0,119289000.0,0.172,0.534,0.375,0.202,19659000.0,710181000.0,1.0,27699352.0,27547734.0,28113287.0,87.824,1490849000.0,89960000.0,110678000.0,163598000.0,54.119,274900000.0
24,MTD,MRT,2015-06-30,2015-06-30,2015-06-30,2021-07-30,-197425000.0,2096949000.0,2047294750.0,912664000.0,1184285000.0,1.194,23.497,-87632000.0,149309000.0,149309000.0,1084636000.0,346776000.0,1.575,2.205,628494000.0,23353000.0,605141000.0,628494000.0,98113000.0,63371000.0,0.0,0.0,0.0,482814000.0,546185000.0,0.223,546185000.0,482814000.0,456232000.0,12.21,11.94,12.21,654251000.0,722228500.0,654251000.0,9998316038.0,21.0,18.306,344088000.0,12.358,1.0,1359650000.0,0.556,552138000.0,26582000.0,1444456000.0,1269333000.0,223275000.0,0.0,0.0,0.0,1442698000.0,579540000.0,863158000.0,9549803038.0,38297000.0,-2829000.0,-447742000.0,168144000.0,0.0,-286045000.0,-103068000.0,0.0,431720000.0,-4310000.0,346776000.0,346776000.0,346776000.0,0.0,0.0,0.142,876836000.0,482814000.0,138589000.0,0.0,14.597,27.539,27.966,522195000.0,0.0,341.46,3.907,3.89,402404000.0,2488992000.0,2444286000.0,2444286000.0,119930000.0,0.169,0.48,0.38,0.198,18823000.0,721134000.0,1.0,27967560.0,27843905.0,28460336.0,87.785,1544811000.0,90275000.0,109456000.0,147923000.0,55.481,333124000.0
25,MTD,MRT,2015-03-31,2015-03-31,2015-03-31,2021-07-30,-219205000.0,1975665000.0,2058912500.0,814850000.0,1160815000.0,1.2,23.693,-90630000.0,75359000.0,75359000.0,1106149000.0,343241000.0,1.278,1.966,523872000.0,114693000.0,409179000.0,523872000.0,98369000.0,63117000.0,0.0,0.0,0.0,477179000.0,540296000.0,0.219,540296000.0,477179000.0,451583000.0,11.97,11.7,11.97,666128000.0,785594250.0,666128000.0,9610706783.0,20.0,17.788,344033000.0,12.237,1.0,1364914000.0,0.552,548180000.0,25596000.0,1238295000.0,1229889250.0,218663000.0,0.0,0.0,0.0,1309537000.0,637703000.0,671834000.0,9244015783.0,-40445000.0,-5593000.0,-428104000.0,62884000.0,0.0,-366576000.0,-104249000.0,0.0,434663000.0,-4283000.0,343241000.0,343241000.0,343241000.0,0.0,0.0,0.139,887735000.0,477179000.0,131667000.0,0.0,13.877,26.932,27.456,510518000.0,0.0,328.65,3.741,3.739,382385000.0,2415802000.0,2471063000.0,2471063000.0,122261000.0,0.167,0.437,0.388,0.193,14403000.0,729429000.0,1.0,28127235.0,28115220.0,28762935.0,87.891,1427485000.0,89427000.0,108342000.0,140995000.0,50.773,177147000.0
26,MTD,MRT,2014-12-31,2014-12-31,2014-12-31,2021-07-30,-212949000.0,2009110000.0,2098780500.0,849430000.0,1159680000.0,1.184,24.907,-88660000.0,85263000.0,85263000.0,1127233000.0,338241000.0,1.251,1.792,451954000.0,116164000.0,335790000.0,451954000.0,82219000.0,62802000.0,0.0,0.0,0.0,469541000.0,532343000.0,0.214,532343000.0,469541000.0,445004000.0,11.71,11.44,11.71,719595000.0,849963250.0,719595000.0,8993170931.0,19.0,16.894,330252000.0,11.431,1.0,1358750000.0,0.547,556869000.0,24537000.0,1140042000.0,1271844000.0,204531000.0,0.0,0.0,0.0,1289515000.0,678890000.0,610625000.0,8634449931.0,-26611000.0,-5784000.0,-392953000.0,42024000.0,0.0,-348231000.0,-94321000.0,0.0,418912000.0,-2971000.0,338241000.0,338241000.0,338241000.0,0.0,0.0,0.136,889209000.0,469541000.0,145896000.0,0.0,11.999,25.528,25.829,511462000.0,0.0,302.46,3.473,3.515,435648000.0,2357334000.0,2485983000.0,2485983000.0,123297000.0,0.161,0.398,0.369,0.189,10054000.0,728582000.0,1.0,28547411.0,28890771.0,29571308.0,86.048,1452241000.0,92614000.0,106763000.0,134701000.0,50.267,170540000.0
27,MTD,MRT,2014-09-30,2014-09-30,2014-09-30,2021-07-30,-76029000.0,2107455000.0,2134707750.0,872912000.0,1234543000.0,1.158,29.547,-86321000.0,126311000.0,126311000.0,1133080000.0,327231000.0,1.341,1.482,485032000.0,120025000.0,365007000.0,485032000.0,93014000.0,62720000.0,0.0,0.0,0.0,454346000.0,517066000.0,0.209,517066000.0,454346000.0,430522000.0,11.2,10.91,11.2,848940000.0,903827500.0,848940000.0,7754628231.0,17.0,14.997,300430000.0,10.456,1.0,1339725000.0,0.542,560753000.0,23824000.0,1254539000.0,1316714500.0,219714000.0,0.0,0.0,0.0,1258515000.0,650884000.0,607631000.0,7398970231.0,34089000.0,-5833000.0,-356239000.0,84187000.0,0.0,-258742000.0,-93196000.0,0.0,386751000.0,-724000.0,327231000.0,327231000.0,327231000.0,0.0,0.0,0.132,885379000.0,454346000.0,129172000.0,0.0,8.716,22.611,22.869,512091000.0,0.0,256.13,2.992,2.976,410900000.0,2243022000.0,2472805000.0,2472805000.0,122571000.0,0.153,0.362,0.345,0.184,1694000.0,721581000.0,1.0,28887558.0,28732152.0,29408614.0,86.064,1546702000.0,80655000.0,103291000.0,130446000.0,53.832,222028000.0
28,MTD,MRT,2014-06-30,2014-06-30,2014-06-30,2021-07-30,-35573000.0,2143420000.0,2143848000.0,886388000.0,1257032000.0,1.136,31.22,-82296000.0,111012000.0,111012000.0,1120645000.0,316561000.0,1.384,1.361,466670000.0,121306000.0,345364000.0,466670000.0,97782000.0,62179000.0,0.0,0.0,0.0,439872000.0,502051000.0,0.206,502051000.0,439872000.0,416482000.0,10.73,10.45,10.73,907714000.0,903503000.0,907714000.0,7748035896.0,18.0,15.433,299977000.0,10.317,1.0,1314747000.0,0.54,572016000.0,23390000.0,1286681000.0,1339979250.0,224448000.0,0.0,0.0,0.0,1235706000.0,640381000.0,595325000.0,7398002896.0,-9205000.0,-5703000.0,-317882000.0,2117000.0,0.0,-303698000.0,-89304000.0,0.0,382273000.0,1524000.0,316561000.0,316561000.0,316561000.0,0.0,0.0,0.13,874875000.0,439872000.0,140105000.0,0.0,8.15,23.37,23.596,521884000.0,0.0,253.18,3.038,3.023,427495000.0,2162428000.0,2435392000.0,2435392000.0,121265000.0,0.148,0.35,0.328,0.181,2393000.0,708528000.0,1.0,29220329.0,29074695.0,29750815.0,83.763,1571404000.0,81120000.0,99921000.0,120196000.0,54.047,246007000.0
29,MTD,MRT,2014-03-31,2014-03-31,2014-03-31,2021-07-30,-33183000.0,2135137000.0,2141352250.0,890105000.0,1245032000.0,1.123,31.447,-79683000.0,115804000.0,115804000.0,1109824000.0,311601000.0,1.748,1.312,465837000.0,16255000.0,449582000.0,465837000.0,98564000.0,60815000.0,0.0,0.0,0.0,432934000.0,493749000.0,0.205,493749000.0,432934000.0,409957000.0,10.47,10.2,10.47,923604000.0,879350000.0,923604000.0,7227741535.0,17.0,14.638,285418000.0,9.718,1.0,1295414000.0,0.539,569861000.0,22977000.0,1406114000.0,1369356500.0,224420000.0,0.0,0.0,0.0,1211533000.0,509195000.0,702338000.0,6926588535.0,22595000.0,-3052000.0,-289048000.0,23517000.0,0.0,-258962000.0,-84194000.0,0.0,365101000.0,650000.0,311601000.0,311601000.0,311601000.0,0.0,0.0,0.13,862480000.0,432934000.0,119128000.0,0.0,7.5,22.229,22.51,517686000.0,0.0,235.68,2.88,2.878,425161000.0,2091943000.0,2405238000.0,2405238000.0,118143000.0,0.146,0.354,0.316,0.18,6949000.0,698859000.0,1.0,29389802.0,29370232.0,30088245.0,81.894,1565276000.0,80909000.0,98356000.0,130899000.0,53.295,380910000.0
30,MTD,MRT,2013-12-31,2013-12-31,2013-12-31,2021-07-30,-35036000.0,2152819000.0,2125219500.0,913987000.0,1238832000.0,1.119,31.225,-82138000.0,111874000.0,111874000.0,1097041000.0,306094000.0,1.62,1.302,413027000.0,17067000.0,395960000.0,413027000.0,83083000.0,59304000.0,0.0,0.0,0.0,425420000.0,484724000.0,0.204,484724000.0,425420000.0,402709000.0,10.22,9.96,10.22,935052000.0,848504500.0,935052000.0,7510267274.0,18.0,15.494,263790000.0,8.809,1.0,1281931000.0,0.539,570260000.0,22711000.0,1319524000.0,1362272000.0,210414000.0,0.0,0.0,0.0,1217767000.0,564188000.0,653579000.0,7201599274.0,10172000.0,-2661000.0,-275231000.0,23492000.0,0.0,-249892000.0,-86023000.0,0.0,345928000.0,159000.0,306094000.0,306094000.0,306094000.0,0.0,0.0,0.129,856511000.0,425420000.0,145993000.0,0.0,7.702,23.527,23.737,514438000.0,0.0,242.59,3.027,3.054,466703000.0,2037420000.0,2378972000.0,2378972000.0,116346000.0,0.144,0.361,0.312,0.179,10792000.0,692693000.0,1.0,29686299.0,29945954.0,30728482.0,79.442,1582559000.0,82055000.0,96615000.0,142170000.0,52.847,349799000.0
31,MTD,MRT,2013-09-30,2013-09-30,2013-09-30,2021-07-30,-80535000.0,2144016000.0,2092586750.0,848875000.0,1295141000.0,1.124,28.427,-88006000.0,92222000.0,92222000.0,1088652000.0,300565000.0,1.575,1.529,400890000.0,16019000.0,384871000.0,400890000.0,81896000.0,58357000.0,0.0,0.0,0.0,415934000.0,474291000.0,0.202,474291000.0,415934000.0,393767000.0,9.91,9.67,9.91,847642000.0,821546250.0,847642000.0,7530995592.0,18.0,15.878,261135000.0,8.758,1.0,1263362000.0,0.537,566111000.0,22167000.0,1347598000.0,1326743000.0,219178000.0,0.0,0.0,0.0,1296374000.0,538975000.0,757399000.0,7189554592.0,-13152000.0,-213000.0,-266504000.0,-15084000.0,0.0,-273915000.0,-88219000.0,0.0,349141000.0,-159000.0,300565000.0,300565000.0,300565000.0,0.0,0.0,0.128,847428000.0,415934000.0,120665000.0,0.0,8.482,23.92,24.227,497277000.0,0.0,240.09,3.057,3.044,402708000.0,1935087000.0,2352014000.0,2352014000.0,113750000.0,0.144,0.366,0.314,0.177,3521000.0,688284000.0,1.0,29945248.0,29818218.0,30579954.0,78.878,1577905000.0,186419000.0,93202000.0,225882000.0,52.917,309900000.0
32,MTD,MRT,2013-06-30,2013-06-30,2013-06-30,2021-07-30,-108741000.0,2133437000.0,2071934000.0,875376000.0,1258061000.0,1.129,26.929,-88748000.0,120217000.0,120217000.0,1085934000.0,298422000.0,1.72,1.63,461658000.0,17931000.0,443727000.0,461658000.0,85142000.0,56492000.0,0.0,0.0,0.0,413754000.0,470246000.0,0.201,470246000.0,413754000.0,391576000.0,9.76,9.52,9.76,811102000.0,809196750.0,811102000.0,6420068293.0,16.0,13.653,241539000.0,8.019,1.0,1252946000.0,0.536,561662000.0,22178000.0,1404190000.0,1301587500.0,203288000.0,0.0,0.0,0.0,1322335000.0,509026000.0,813309000.0,6073405293.0,-14549000.0,-770000.0,-266538000.0,2534000.0,0.0,-256057000.0,-89518000.0,0.0,330287000.0,739000.0,298422000.0,298422000.0,298422000.0,0.0,0.0,0.128,839192000.0,413754000.0,122755000.0,0.0,7.488,20.352,20.615,474050000.0,0.0,201.2,2.597,2.591,418031000.0,1863514000.0,2338880000.0,2338880000.0,112600000.0,0.144,0.369,0.318,0.177,3539000.0,685859000.0,1.0,30185911.0,30119889.0,30849934.0,77.652,1571775000.0,184234000.0,93154000.0,213916000.0,52.184,366350000.0
33,MTD,MRT,2013-03-31,2013-03-31,2013-03-31,2021-07-30,-114576000.0,2070606000.0,2052481250.0,828938000.0,1241668000.0,1.135,26.41,-95702000.0,93209000.0,93209000.0,1087372000.0,291064000.0,1.733,1.588,439872000.0,17959000.0,421913000.0,439872000.0,82418000.0,55807000.0,0.0,0.0,0.0,404770000.0,460577000.0,0.198,460577000.0,404770000.0,382429000.0,9.44,9.21,9.44,800222000.0,800164750.0,800222000.0,6748742763.0,17.0,14.653,234877000.0,7.752,1.0,1243111000.0,0.533,561198000.0,22341000.0,1377776000.0,1273526000.0,199574000.0,0.0,0.0,0.0,1270384000.0,478295000.0,792089000.0,6461713763.0,-62983000.0,-2098000.0,-271093000.0,-32423000.0,0.0,-295460000.0,-97800000.0,0.0,330579000.0,-302000.0,291064000.0,291064000.0,291064000.0,0.0,0.0,0.125,838341000.0,404770000.0,116678000.0,0.0,8.075,22.2,22.587,466165000.0,0.0,213.22,2.773,2.772,410650000.0,1798295000.0,2330483000.0,2330483000.0,111563000.0,0.142,0.364,0.318,0.174,3342000.0,682410000.0,1.0,30305383.0,30299569.0,31101979.0,76.915,1509408000.0,184359000.0,91365000.0,204384000.0,49.816,350643000.0
34,MTD,MRT,2012-12-31,2012-12-31,2012-12-31,2021-07-30,-97461000.0,2022288000.0,2063190500.0,864237000.0,1158051000.0,1.135,26.646,-95162000.0,101702000.0,101702000.0,1100473000.0,290847000.0,1.538,1.445,388731000.0,41600000.0,347131000.0,388731000.0,71435000.0,54778000.0,0.0,0.0,0.0,405365000.0,460143000.0,0.197,460143000.0,405365000.0,382601000.0,9.37,9.14,9.37,827219000.0,801852500.0,827219000.0,6233708726.0,15.0,13.547,232542000.0,7.491,1.0,1241055000.0,0.53,569915000.0,22764000.0,1177408000.0,1262425750.0,198939000.0,0.0,0.0,0.0,1195069000.0,561994000.0,633075000.0,5923452726.0,-133899000.0,-2098000.0,-256745000.0,-118047000.0,0.0,-366397000.0,-97260000.0,0.0,327704000.0,2054000.0,290847000.0,290847000.0,290847000.0,0.0,0.0,0.124,835690000.0,405365000.0,142362000.0,0.0,7.161,20.366,20.63,469421000.0,0.0,193.3,2.53,2.563,437390000.0,1749451000.0,2341528000.0,2341528000.0,112530000.0,0.141,0.363,0.321,0.173,3820000.0,684026000.0,1.0,30643832.0,31044532.0,31824077.0,75.425,1452373000.0,89688000.0,91754000.0,124406000.0,46.784,302243000.0
35,MTD,MRT,2012-09-30,2012-09-30,2012-09-30,2021-07-30,-74107000.0,2061405000.0,2108487000.0,838363000.0,1223042000.0,1.106,25.878,-97859000.0,105374000.0,105374000.0,1102170000.0,280496000.0,1.51,1.582,415630000.0,36570000.0,379060000.0,415630000.0,84769000.0,53434000.0,0.0,0.0,0.0,387170000.0,440604000.0,0.189,440604000.0,387170000.0,364143000.0,8.94,8.72,8.94,798244000.0,790332000.0,798244000.0,5621444192.0,15.0,12.758,221335000.0,7.175,1.0,1230426000.0,0.527,569447000.0,23027000.0,1246976000.0,1291546500.0,214893000.0,0.0,0.0,0.0,1263161000.0,555238000.0,707923000.0,5297405192.0,-157099000.0,-2809000.0,-215482000.0,-166657000.0,0.0,-376241000.0,-100668000.0,0.0,319194000.0,616000.0,280496000.0,280496000.0,280496000.0,0.0,0.0,0.12,843256000.0,387170000.0,129982000.0,0.0,6.636,18.886,19.098,445024000.0,0.0,170.74,2.271,2.258,406570000.0,1653715000.0,2332596000.0,2332596000.0,114644000.0,0.133,0.355,0.3,0.166,5804000.0,693015000.0,1.0,31026152.0,30846062.0,31599081.0,75.621,1491958000.0,167610000.0,83647000.0,209500000.0,48.368,283125000.0
36,MTD,MRT,2012-06-30,2012-06-30,2012-06-30,2021-07-30,-90882000.0,2055626000.0,2166995000.0,860976000.0,1194650000.0,1.087,24.785,-100880000.0,134766000.0,134766000.0,1118471000.0,276509000.0,1.646,1.653,458805000.0,27075000.0,431730000.0,458805000.0,95691000.0,53358000.0,0.0,0.0,0.0,378948000.0,432306000.0,0.184,432306000.0,378948000.0,355596000.0,8.75,8.53,8.75,774974000.0,795623250.0,774974000.0,5218716452.0,14.0,12.072,198496000.0,6.348,1.0,1236686000.0,0.525,564719000.0,23352000.0,1291944000.0,1335130750.0,217231000.0,0.0,0.0,0.0,1280652000.0,523002000.0,757650000.0,4901233452.0,-193997000.0,-21451000.0,-198714000.0,-169281000.0,0.0,-368618000.0,-122352000.0,0.0,299376000.0,-2403000.0,276509000.0,276509000.0,276509000.0,0.0,0.0,0.117,857738000.0,378948000.0,129988000.0,0.0,6.324,17.725,17.811,427666000.0,0.0,155.85,2.081,2.069,397238000.0,1584074000.0,2355157000.0,2355157000.0,116816000.0,0.128,0.348,0.284,0.161,4481000.0,707826000.0,1.0,31448402.0,31267660.0,32038928.0,75.322,1490907000.0,166142000.0,79087000.0,197170000.0,47.682,337974000.0
37,MTD,MRT,2012-03-31,2012-03-31,2012-03-31,2021-07-30,-66147000.0,2113443000.0,2238408250.0,905582000.0,1207861000.0,1.048,25.592,-96946000.0,156192000.0,156192000.0,1112093000.0,274993000.0,1.724,1.619,473675000.0,28817000.0,444858000.0,473675000.0,99706000.0,51466000.0,0.0,0.0,0.0,378545000.0,430011000.0,0.183,430011000.0,378545000.0,355207000.0,8.66,8.42,8.66,806973000.0,811481000.0,806973000.0,6086700434.0,16.0,14.155,198207000.0,6.286,1.0,1233869000.0,0.526,572132000.0,23338000.0,1333375000.0,1391950000.0,238176000.0,0.0,0.0,0.0,1306470000.0,525419000.0,781051000.0,5817286434.0,-231910000.0,-20841000.0,-180575000.0,-231534000.0,0.0,-409679000.0,-117788000.0,0.0,295153000.0,404000.0,274993000.0,274993000.0,274993000.0,0.0,0.0,0.117,855324000.0,378545000.0,131984000.0,0.0,7.209,21.154,21.334,425746000.0,0.0,184.75,2.48,2.483,389118000.0,1523075000.0,2345962000.0,2345962000.0,118455000.0,0.123,0.339,0.272,0.161,1845000.0,709895000.0,1.0,31487342.0,31531915.0,32386924.0,74.4,1541311000.0,168444000.0,80214000.0,197572000.0,48.881,380163000.0
38,MTD,MRT,2011-12-31,2011-12-31,2011-12-31,2021-07-30,-86938000.0,2203474000.0,2284759000.0,1018863000.0,1184611000.0,1.011,24.489,-96015000.0,235601000.0,235601000.0,1091054000.0,269493000.0,1.671,1.821,505015000.0,28300000.0,476715000.0,505015000.0,99584000.0,49497000.0,0.0,0.0,0.0,372403000.0,421900000.0,0.183,421900000.0,372403000.0,349177000.0,8.45,8.21,8.45,781137000.0,806982000.0,781137000.0,4984513184.0,13.0,11.814,184865000.0,5.796,1.0,1218274000.0,0.528,569153000.0,23226000.0,1293891000.0,1440942000.0,241421000.0,0.0,0.0,0.0,1422337000.0,609844000.0,812493000.0,4665289184.0,-211976000.0,-35373000.0,-183808000.0,-181239000.0,0.0,-360469000.0,-132291000.0,0.0,280880000.0,-96000.0,269493000.0,269493000.0,269493000.0,0.0,0.0,0.117,845871000.0,372403000.0,168109000.0,0.0,5.972,17.311,17.48,410007000.0,0.0,147.71,2.02,2.04,425147000.0,1476550000.0,2309328000.0,2309328000.0,116139000.0,0.118,0.334,0.258,0.161,-342000.0,703632000.0,1.0,31584112.0,31897779.0,32839365.0,72.398,1634321000.0,170024000.0,79684000.0,199424000.0,51.236,409019000.0
39,MTD,MRT,2011-09-30,2011-09-30,2011-09-30,2021-07-30,24597000.0,2295437000.0,2304656250.0,1053146000.0,1242291000.0,0.978,25.8,-97290000.0,262473000.0,262473000.0,1065028000.0,256063000.0,1.706,1.801,581697000.0,31143000.0,550554000.0,581697000.0,103169000.0,47766000.0,0.0,0.0,0.0,364360000.0,412126000.0,0.183,412126000.0,364360000.0,341764000.0,7.94,7.71,7.94,819409000.0,804593750.0,819409000.0,4767725395.0,13.0,11.569,143383000.0,4.515,1.0,1188705000.0,0.527,576065000.0,22596000.0,1421313000.0,1476327250.0,265351000.0,0.0,0.0,0.0,1476028000.0,617283000.0,858745000.0,4462503395.0,119589000.0,-25419000.0,-242983000.0,238724000.0,0.0,97000.0,-123720000.0,0.0,240673000.0,2539000.0,256063000.0,256063000.0,256063000.0,0.0,0.0,0.114,824345000.0,364360000.0,167919000.0,0.0,5.446,17.427,17.627,408156000.0,0.0,139.96,1.98,1.972,398402000.0,1391781000.0,2253733000.0,2253733000.0,112490000.0,0.111,0.318,0.247,0.162,303000.0,684071000.0,1.0,31884134.0,31760270.0,32664482.0,70.961,1719372000.0,151153000.0,85701000.0,207224000.0,54.136,435863000.0
40,MTD,MRT,2011-06-30,2011-06-30,2011-06-30,2021-07-30,64255000.0,2341279000.0,2207703750.0,1098169000.0,1243110000.0,0.971,26.202,-92107000.0,328763000.0,328763000.0,1012489000.0,249948000.0,1.94,1.793,633985000.0,12626000.0,621359000.0,633985000.0,107247000.0,45918000.0,0.0,0.0,0.0,353063000.0,398981000.0,0.186,398981000.0,353063000.0,331568000.0,7.66,7.44,7.66,838405000.0,788627250.0,838405000.0,5733953928.0,16.0,14.371,150467000.0,4.702,1.0,1130343000.0,0.527,561285000.0,21495000.0,1519221000.0,1355812000.0,268154000.0,0.0,0.0,0.0,1502874000.0,565995000.0,936879000.0,5421639928.0,217172000.0,-6220000.0,-263729000.0,322197000.0,0.0,66713000.0,-99317000.0,0.0,242574000.0,7202000.0,249948000.0,249948000.0,249948000.0,0.0,0.0,0.117,777280000.0,353063000.0,151499000.0,0.0,6.467,21.691,22.02,416872000.0,0.0,168.67,2.53,2.519,382089000.0,1325007000.0,2142832000.0,2142832000.0,107414000.0,0.113,0.317,0.26,0.165,868000.0,643542000.0,1.0,32143475.0,31997850.0,33013887.0,66.968,1779994000.0,152196000.0,81620000.0,203191000.0,55.629,532174000.0
41,MTD,MRT,2011-03-31,2011-03-31,2011-03-31,2021-07-30,27117000.0,2298846000.0,2058832500.0,1117197000.0,1181649000.0,0.996,24.434,-80680000.0,388102000.0,388102000.0,969516000.0,241107000.0,2.13,1.914,700416000.0,22583000.0,677833000.0,700416000.0,103380000.0,44705000.0,0.0,0.0,0.0,340131000.0,384836000.0,0.188,384836000.0,340131000.0,319617000.0,7.31,7.11,7.31,788977000.0,758324000.0,788977000.0,5792754580.0,17.0,15.053,149629000.0,4.634,1.0,1080777000.0,0.527,557404000.0,20514000.0,1529343000.0,1189561500.0,247190000.0,0.0,0.0,0.0,1509869000.0,524413000.0,985456000.0,5559128580.0,302219000.0,-5318000.0,-247483000.0,397683000.0,0.0,153776000.0,-87008000.0,0.0,230309000.0,5142000.0,241107000.0,241107000.0,241107000.0,0.0,0.0,0.118,740646000.0,340131000.0,134257000.0,0.0,7.046,23.057,23.529,380743000.0,0.0,172.0,2.711,2.709,365578000.0,1267325000.0,2050293000.0,2050293000.0,100914000.0,0.117,0.318,0.286,0.166,2113000.0,615090000.0,1.0,32320515.0,32290595.0,33291632.0,63.495,1741442000.0,148756000.0,78510000.0,195745000.0,53.93,592784000.0
42,MTD,MRT,2010-12-31,2010-12-31,2010-12-31,2021-07-30,8201000.0,2283063000.0,1912972000.0,1144895000.0,1138168000.0,1.029,23.184,-73593000.0,447577000.0,447577000.0,930982000.0,232148000.0,2.112,1.959,681203000.0,10902000.0,670301000.0,681203000.0,86746000.0,44528000.0,0.0,0.0,0.0,327570000.0,372098000.0,0.189,372098000.0,327570000.0,307513000.0,6.98,6.8,6.98,771584000.0,739034000.0,771584000.0,5155744907.0,16.0,13.856,194686000.0,5.85,1.0,1037196000.0,0.527,539071000.0,20057000.0,1435432000.0,1026351500.0,217104000.0,0.0,0.0,0.0,1511479000.0,542186000.0,969293000.0,4963412907.0,362546000.0,-3314000.0,-219543000.0,385039000.0,0.0,167923000.0,-77015000.0,0.0,268279000.0,3359000.0,232148000.0,232148000.0,232148000.0,0.0,0.0,0.118,709626000.0,327570000.0,138105000.0,0.0,6.433,21.38,21.663,364472000.0,0.0,151.21,2.522,2.557,368936000.0,1223130000.0,1968178000.0,1968178000.0,97028000.0,0.121,0.314,0.319,0.166,3368000.0,588726000.0,1.0,32824634.0,33280463.0,34140097.0,59.139,1743992000.0,140544000.0,75365000.0,191805000.0,52.403,602709000.0
43,MTD,MRT,2010-09-30,2010-09-30,2010-09-30,2021-07-30,-245000.0,1907627000.0,1771903000.0,786729000.0,1120898000.0,1.065,22.777,-61700000.0,142884000.0,142884000.0,896501000.0,220734000.0,1.298,1.525,335216000.0,89350000.0,245866000.0,335216000.0,93783000.0,43692000.0,0.0,0.0,0.0,313153000.0,356845000.0,0.189,356845000.0,313153000.0,292254000.0,6.58,6.42,6.58,755543000.0,723922500.0,755543000.0,4340653111.0,14.0,12.164,187700000.0,5.659,1.0,990594000.0,0.525,554683000.0,20899000.0,939252000.0,889094750.0,215316000.0,0.0,0.0,0.0,1152084000.0,606024000.0,546060000.0,4157160111.0,28936000.0,-27007000.0,-137543000.0,6032000.0,0.0,-133828000.0,-88707000.0,0.0,249400000.0,2071000.0,220734000.0,220734000.0,220734000.0,0.0,0.0,0.117,677441000.0,313153000.0,121339000.0,0.0,5.502,18.833,18.912,334803000.0,0.0,124.44,2.203,2.187,331954000.0,1153015000.0,1887095000.0,1887095000.0,94293000.0,0.125,0.305,0.352,0.166,7213000.0,562887000.0,1.0,33406944.0,33171017.0,34027191.0,56.89,1352944000.0,140976000.0,71520000.0,195066000.0,40.787,180705000.0
44,MTD,MRT,2010-06-30,2010-06-30,2010-06-30,2021-07-30,-45773000.0,1745794000.0,1715170000.0,690863000.0,1054931000.0,1.068,21.386,-55558000.0,111591000.0,111591000.0,872800000.0,200198000.0,1.306,1.434,295084000.0,90837000.0,204247000.0,295084000.0,86473000.0,43039000.0,0.0,0.0,0.0,295383000.0,338422000.0,0.185,338422000.0,295383000.0,272302000.0,5.94,5.81,5.94,717192000.0,697882750.0,717192000.0,3966520461.0,13.0,11.721,187411000.0,5.588,1.0,959732000.0,0.524,546095000.0,23081000.0,854219000.0,890721500.0,185173000.0,0.0,0.0,0.0,1028602000.0,528973000.0,499629000.0,3755767461.0,-8135000.0,-27007000.0,-62939000.0,-106946000.0,0.0,-168990000.0,-82565000.0,0.0,242969000.0,451000.0,200198000.0,200198000.0,200198000.0,0.0,0.0,0.109,664349000.0,295383000.0,110971000.0,0.0,5.237,18.76,18.793,302606000.0,0.0,111.63,2.049,2.043,310071000.0,1092977000.0,1832532000.0,1832532000.0,91610000.0,0.117,0.287,0.332,0.161,7191000.0,547270000.0,1.0,33644786.0,33536105.0,34395487.0,54.644,1199699000.0,128334000.0,72104000.0,173363000.0,35.773,161890000.0
45,MTD,MRT,2010-03-31,2010-03-31,2010-03-31,2021-07-30,-31689000.0,1715404000.0,1693123750.0,649769000.0,1065635000.0,1.046,21.086,-57800000.0,85883000.0,85883000.0,852084000.0,176582000.0,1.302,1.41,296636000.0,92766000.0,203870000.0,296636000.0,85392000.0,42574000.0,0.0,0.0,0.0,266033000.0,308607000.0,0.174,308607000.0,266033000.0,240903000.0,5.23,5.13,5.23,711817000.0,666406750.0,711817000.0,3896841521.0,15.0,12.627,184428000.0,5.463,1.0,919341000.0,0.519,550733000.0,25130000.0,876503000.0,935200500.0,177047000.0,0.0,0.0,0.0,1003587000.0,498921000.0,504666000.0,3688314521.0,-44887000.0,-26978000.0,-24056000.0,-184760000.0,0.0,-206584000.0,-84778000.0,0.0,242228000.0,4247000.0,176582000.0,176582000.0,176582000.0,0.0,0.0,0.1,653308000.0,266033000.0,100927000.0,0.0,5.182,20.887,20.88,310631000.0,0.0,109.2,2.082,2.081,304121000.0,1045479000.0,1771425000.0,1771425000.0,90580000.0,0.104,0.265,0.284,0.15,8462000.0,526156000.0,1.0,33775774.0,33757175.0,34533067.0,52.476,1164671000.0,127918000.0,64321000.0,169550000.0,34.501,150848000.0
46,MTD,MRT,2009-12-31,2009-12-31,2009-12-31,2021-07-30,-16209000.0,1718787000.0,1669721750.0,646107000.0,1072680000.0,1.035,21.092,-57960000.0,85031000.0,85031000.0,839516000.0,172593000.0,1.306,1.417,293558000.0,89968000.0,203590000.0,293558000.0,63292000.0,41478000.0,0.0,0.0,0.0,249879000.0,291357000.0,0.169,291357000.0,249879000.0,224762000.0,5.12,5.03,5.12,711138000.0,618608250.0,711138000.0,3759011530.0,15.0,12.902,174645000.0,5.18,1.0,889337000.0,0.514,546234000.0,25117000.0,886405000.0,989212750.0,168042000.0,0.0,0.0,0.0,1007649000.0,494675000.0,512974000.0,3543522530.0,6958000.0,-14620000.0,5080000.0,-163362000.0,0.0,-157443000.0,-72580000.0,0.0,232605000.0,4376000.0,172593000.0,172593000.0,172593000.0,0.0,0.0,0.1,639458000.0,249879000.0,103160000.0,0.0,4.983,20.531,20.506,316334000.0,0.0,104.99,2.05,2.048,312998000.0,1009995000.0,1728853000.0,1728853000.0,89685000.0,0.103,0.279,0.253,0.145,9230000.0,505177000.0,1.0,33751048.0,33716353.0,34290771.0,51.276,1172553000.0,129913000.0,52169000.0,169780000.0,34.777,151432000.0
47,MTD,MRT,2009-09-30,2009-09-30,2009-09-30,2021-07-30,-2690000.0,1680695000.0,1656039000.0,648516000.0,1032179000.0,1.043,19.312,-58092000.0,113948000.0,113948000.0,843271000.0,166079000.0,1.528,1.58,329437000.0,10652000.0,318785000.0,329437000.0,70071000.0,40206000.0,0.0,0.0,0.0,240763000.0,280969000.0,0.163,280969000.0,240763000.0,215121000.0,4.91,4.85,4.91,651384000.0,566635500.0,651384000.0,3338274537.0,14.0,11.881,192907000.0,5.719,1.0,883587000.0,0.512,526003000.0,25642000.0,945759000.0,1041229000.0,164761000.0,0.0,0.0,0.0,1029311000.0,424422000.0,604889000.0,3053530537.0,2909000.0,-562000.0,3607000.0,-195627000.0,0.0,-191413000.0,-58654000.0,0.0,250999000.0,1977000.0,166079000.0,166079000.0,166079000.0,0.0,0.0,0.096,642824000.0,240763000.0,92010000.0,0.0,4.688,18.386,18.45,303219000.0,0.0,90.59,1.768,1.769,284965000.0,946920000.0,1726858000.0,1726858000.0,90725000.0,0.1,0.293,0.231,0.139,8368000.0,504704000.0,1.0,33707148.0,33728931.0,34413656.0,51.198,1154692000.0,132082000.0,49042000.0,170803000.0,34.234,224094000.0
48,MTD,MRT,2009-06-30,2009-06-30,2009-06-30,2021-07-30,-16564000.0,1657609000.0,1671806750.0,643595000.0,1014014000.0,1.077,17.551,-62242000.0,119726000.0,119726000.0,893231000.0,177258000.0,1.672,1.803,404470000.0,6006000.0,398464000.0,404470000.0,70354000.0,39324000.0,0.0,0.0,0.0,250221000.0,289545000.0,0.161,289545000.0,250221000.0,224707000.0,5.24,5.16,5.24,591288000.0,531438750.0,591288000.0,2944170266.0,12.0,10.168,185770000.0,5.514,1.0,907074000.0,0.504,525248000.0,25514000.0,1032135000.0,1091095500.0,157849000.0,0.0,0.0,0.0,1066321000.0,384970000.0,681351000.0,2597587266.0,34202000.0,-865000.0,-66064000.0,-82807000.0,0.0,-148960000.0,-63107000.0,0.0,248012000.0,-1743000.0,177258000.0,177258000.0,177258000.0,0.0,0.0,0.098,656853000.0,250221000.0,84553000.0,0.0,4.393,14.654,14.723,290908000.0,0.0,77.15,1.443,1.444,286296000.0,907040000.0,1800305000.0,1800305000.0,94969000.0,0.106,0.334,0.229,0.139,8025000.0,520630000.0,1.0,33669310.0,33690179.0,34192595.0,53.437,1132361000.0,129073000.0,47449000.0,167689000.0,33.611,258625000.0
49,MTD,MRT,2009-03-31,2009-03-31,2009-03-31,2021-07-30,-54933000.0,1621796000.0,1694547500.0,651899000.0,969897000.0,1.126,15.48,-63382000.0,130770000.0,130770000.0,948617000.0,198378000.0,1.808,2.115,477353000.0,9700000.0,467653000.0,477353000.0,67063000.0,39563000.0,0.0,0.0,0.0,277517000.0,317080000.0,0.166,317080000.0,277517000.0,252735000.0,5.84,5.73,5.84,520623000.0,520796500.0,520623000.0,2100520632.0,8.0,6.625,186484000.0,5.545,1.0,959851000.0,0.503,515183000.0,24782000.0,1092552000.0,1120147750.0,158212000.0,0.0,0.0,0.0,1101173000.0,360644000.0,740529000.0,1724513632.0,50086000.0,-1169000.0,-124091000.0,-9573000.0,0.0,-132018000.0,-64551000.0,0.0,249866000.0,-3211000.0,198378000.0,198378000.0,198378000.0,0.0,0.0,0.104,682334000.0,277517000.0,77976000.0,0.0,3.312,8.693,8.789,274754000.0,0.0,51.33,0.904,0.905,288893000.0,880357000.0,1908468000.0,1908468000.0,99598000.0,0.117,0.381,0.248,0.145,7645000.0,555239000.0,1.0,33596603.0,33631219.0,33996251.0,56.747,1106613000.0,122557000.0,54357000.0,156548000.0,32.904,291255000.0
50,MTD,MRT,2008-12-31,2008-12-31,2008-12-31,2021-07-30,-31861000.0,1664056000.0,1723690500.0,670865000.0,993191000.0,1.145,14.693,-47701000.0,78073000.0,78073000.0,980263000.0,202778000.0,1.579,2.307,454080000.0,12492000.0,441588000.0,454080000.0,51665000.0,39540000.0,0.0,0.0,0.0,291459000.0,330999000.0,0.168,330999000.0,291459000.0,266069000.0,5.92,5.79,5.92,503247000.0,530392750.0,503247000.0,2668048401.0,9.0,8.061,175448000.0,5.123,1.0,993081000.0,0.503,520721000.0,25390000.0,1094470000.0,1140477750.0,170613000.0,0.0,0.0,0.0,1160809000.0,424872000.0,735937000.0,2259407401.0,-3149000.0,-999000.0,-224443000.0,43687000.0,0.0,-178532000.0,-48700000.0,0.0,223149000.0,934000.0,202778000.0,202778000.0,202778000.0,0.0,0.0,0.103,701622000.0,291459000.0,111442000.0,0.0,4.49,11.142,11.385,285008000.0,0.0,67.4,1.145,1.17,348614000.0,848489000.0,1973344000.0,1973344000.0,102282000.0,0.118,0.382,0.256,0.148,7089000.0,579806000.0,1.0,33522365.0,34250310.0,35048859.0,57.615,1143335000.0,128714000.0,63291000.0,163773000.0,33.382,245993000.0
51,MTD,MRT,2008-09-30,2008-09-30,2008-09-30,2021-07-30,41492000.0,1743766000.0,1727230000.0,732154000.0,1011612000.0,1.156,15.081,-44130000.0,111039000.0,111039000.0,997053000.0,203128000.0,1.55,2.415,519680000.0,24048000.0,495632000.0,519680000.0,65318000.0,40131000.0,0.0,0.0,0.0,292211000.0,332342000.0,0.166,332342000.0,292211000.0,267462000.0,5.81,5.65,5.81,510597000.0,549902500.0,510597000.0,3747466670.0,13.0,11.276,175126000.0,5.173,1.0,999445000.0,0.501,534868000.0,24749000.0,1145225000.0,1118128750.0,194271000.0,0.0,0.0,0.0,1233169000.0,472314000.0,760855000.0,3349778670.0,35654000.0,-607000.0,-282654000.0,132303000.0,0.0,-144259000.0,-44737000.0,0.0,219256000.0,5394000.0,203128000.0,203128000.0,203128000.0,0.0,0.0,0.102,706546000.0,292899000.0,107059000.0,0.0,6.561,16.491,16.867,267636000.0,0.0,98.0,1.678,1.662,340481000.0,789605000.0,1996498000.0,1996498000.0,103400000.0,0.118,0.369,0.261,0.146,3985000.0,590627000.0,1.0,34181415.0,33856574.0,34727806.0,58.969,1208898000.0,111020000.0,64334000.0,179564000.0,35.706,259840000.0
52,MTD,MRT,2008-06-30,2008-06-30,2008-06-30,2021-07-30,66952000.0,1748572000.0,1680707500.0,725932000.0,1022640000.0,1.148,15.918,-33693000.0,85524000.0,85524000.0,960227000.0,194176000.0,1.601,2.187,483212000.0,14701000.0,468511000.0,483212000.0,75885000.0,39612000.0,0.0,0.0,0.0,282776000.0,322388000.0,0.167,322388000.0,282776000.0,259358000.0,5.44,5.29,5.44,548719000.0,555751750.0,548719000.0,3705714691.0,13.0,11.495,185172000.0,5.372,1.0,969774000.0,0.502,544484000.0,23418000.0,1148344000.0,1058933000.0,204482000.0,0.0,0.0,0.0,1199853000.0,453432000.0,746421000.0,3294849691.0,-14183000.0,-410000.0,-321974000.0,106838000.0,0.0,-208269000.0,-34103000.0,0.0,218865000.0,9324000.0,194176000.0,194176000.0,194176000.0,0.0,0.0,0.101,686310000.0,283464000.0,107229000.0,0.0,6.005,16.968,17.438,271445000.0,0.0,94.86,1.707,1.694,348274000.0,737619000.0,1930001000.0,1930001000.0,99546000.0,0.116,0.349,0.267,0.147,3467000.0,574535000.0,1.0,34733815.0,34471397.0,35320765.0,55.988,1204088000.0,109725000.0,65182000.0,177503000.0,34.93,272500000.0
53,MTD,MRT,2008-03-31,2008-03-31,2008-03-31,2021-07-30,72211000.0,1738368000.0,1631705500.0,709971000.0,1028397000.0,1.131,15.917,-28534000.0,80684000.0,80684000.0,919084000.0,186356000.0,1.66,2.11,491549000.0,19694000.0,471855000.0,491549000.0,78758000.0,38676000.0,0.0,0.0,0.0,271942000.0,310618000.0,0.168,310618000.0,271942000.0,249550000.0,5.12,4.98,5.12,559008000.0,565038750.0,559008000.0,3742161581.0,14.0,12.047,175034000.0,4.984,1.0,925856000.0,0.502,547733000.0,22392000.0,1173872000.0,994491500.0,199872000.0,0.0,0.0,0.0,1179360000.0,427628000.0,751732000.0,3426741581.0,-14846000.0,-106000.0,-330129000.0,122923000.0,0.0,-199292000.0,-28640000.0,0.0,203568000.0,9518000.0,186356000.0,186356000.0,186356000.0,0.0,0.0,0.101,653226000.0,272630000.0,106175000.0,0.0,6.13,18.388,18.969,256259000.0,0.0,97.12,1.857,1.849,342867000.0,689841000.0,1844940000.0,1844940000.0,95297000.0,0.114,0.33,0.273,0.147,1250000.0,546293000.0,1.0,35283583.0,35119322.0,35993750.0,52.533,1190635000.0,105070000.0,63194000.0,164453000.0,33.903,282343000.0
54,MTD,MRT,2007-12-31,2007-12-31,2007-12-31,2021-07-30,42617000.0,1678214000.0,1580631500.0,683209000.0,995005000.0,1.135,15.7,-41282000.0,81222000.0,81222000.0,897567000.0,178507000.0,1.526,1.887,396642000.0,11570000.0,385072000.0,396642000.0,52703000.0,38346000.0,0.0,0.0,0.0,263870000.0,302216000.0,0.168,302216000.0,263870000.0,242867000.0,4.82,4.7,4.82,581286000.0,575358250.0,581286000.0,4399886590.0,17.0,14.559,186435000.0,5.035,1.0,896181000.0,0.5,540787000.0,21003000.0,1005074000.0,924068750.0,173725000.0,0.0,0.0,0.0,1096928000.0,447773000.0,649155000.0,4103469590.0,-70047000.0,-106000.0,-303653000.0,30099000.0,0.0,-263481000.0,-41388000.0,0.0,227717000.0,7105000.0,178507000.0,178507000.0,178507000.0,0.0,0.0,0.1,632311000.0,263870000.0,127109000.0,0.0,7.059,22.988,23.61,265665000.0,0.0,113.8,2.288,2.349,354596000.0,652236000.0,1793748000.0,1793748000.0,92378000.0,0.113,0.31,0.286,0.147,-1431000.0,529126000.0,1.0,36058608.0,37025209.0,37952923.0,48.447,1137427000.0,102772000.0,64360000.0,154090000.0,30.72,235436000.0
55,MTD,MRT,2007-09-30,2007-09-30,2007-09-30,2021-07-30,-69000.0,1557676000.0,1557849250.0,619104000.0,938572000.0,1.106,14.57,-35005000.0,75385000.0,75385000.0,864004000.0,167253000.0,1.524,1.917,371802000.0,12512000.0,359290000.0,371802000.0,57733000.0,37966000.0,0.0,0.0,0.0,247177000.0,285143000.0,0.165,285143000.0,247177000.0,227543000.0,4.41,4.31,4.41,533994000.0,587752250.0,533994000.0,4045582768.0,16.0,14.188,185931000.0,5.073,1.0,859181000.0,0.499,539544000.0,19634000.0,908442000.0,890671000.0,171294000.0,0.0,0.0,0.0,1023682000.0,406107000.0,617575000.0,3792276768.0,-119973000.0,-106000.0,-313079000.0,-7583000.0,0.0,-312263000.0,-35111000.0,0.0,220936000.0,6465000.0,167253000.0,167253000.0,167253000.0,0.0,0.0,0.097,605468000.0,253713000.0,95942000.0,0.0,7.102,22.674,23.129,237140000.0,0.0,102.0,2.201,2.169,299906000.0,595968000.0,1723185000.0,1723185000.0,88313000.0,0.107,0.285,0.278,0.143,-252000.0,514051000.0,1.0,37179184.0,36650215.0,37597020.0,47.017,1018132000.0,109822000.0,60290000.0,146660000.0,27.78,212997000.0
56,MTD,MRT,2007-06-30,2007-06-30,2007-06-30,2021-07-30,-9344000.0,1552564000.0,1559071250.0,632373000.0,920191000.0,1.076,15.642,-37097000.0,99707000.0,99707000.0,843674000.0,170521000.0,1.67,1.65,353013000.0,15152000.0,337861000.0,353013000.0,63903000.0,37772000.0,0.0,0.0,0.0,237735000.0,275507000.0,0.164,275507000.0,237735000.0,219207000.0,4.4,4.3,4.4,585867000.0,610870500.0,585867000.0,3855419291.0,16.0,13.994,175105000.0,4.675,1.0,834229000.0,0.497,536551000.0,18528000.0,890578000.0,873117000.0,163016000.0,0.0,0.0,0.0,966697000.0,378741000.0,587956000.0,3607687291.0,-147059000.0,0.0,-265759000.0,-70569000.0,0.0,-328097000.0,-37097000.0,0.0,212202000.0,5933000.0,170521000.0,170521000.0,170521000.0,0.0,0.0,0.102,596494000.0,237735000.0,92936000.0,0.0,6.158,21.157,21.707,229528000.0,0.0,95.51,2.15,2.132,300762000.0,553417000.0,1677903000.0,1677903000.0,86092000.0,0.109,0.279,0.272,0.142,-121000.0,502293000.0,1.0,37772875.0,37454360.0,38409325.0,44.799,1016013000.0,105717000.0,48686000.0,133281000.0,27.127,253632000.0
57,MTD,MRT,2007-03-31,2007-03-31,2007-03-31,2021-07-30,-13878000.0,1534072000.0,1575099750.0,612945000.0,921127000.0,1.039,15.77,-33433000.0,95530000.0,95530000.0,824945000.0,164247000.0,1.737,1.556,343262000.0,12346000.0,330916000.0,343262000.0,61823000.0,37742000.0,0.0,0.0,0.0,230530000.0,268272000.0,0.164,268272000.0,230530000.0,212654000.0,4.16,4.07,4.16,600286000.0,622345000.0,600286000.0,3630402132.0,16.0,13.533,171303000.0,4.5,1.0,811571000.0,0.496,536753000.0,17876000.0,892181000.0,877537750.0,160590000.0,0.0,0.0,0.0,933786000.0,352870000.0,580916000.0,3426004132.0,-167867000.0,-218000.0,-242741000.0,-109039000.0,0.0,-343560000.0,-33651000.0,0.0,204736000.0,4608000.0,164247000.0,164247000.0,164247000.0,0.0,0.0,0.1,583598000.0,227973000.0,90315000.0,0.0,5.707,20.859,21.531,230723000.0,0.0,89.57,2.093,2.083,290671000.0,515643000.0,1636516000.0,1636516000.0,84199000.0,0.104,0.264,0.263,0.141,-59000.0,491014000.0,1.0,38249460.0,38065483.0,38931681.0,42.992,997319000.0,104034000.0,48407000.0,125571000.0,26.2,260075000.0
58,MTD,MRT,2006-12-31,2006-12-31,2006-12-31,2021-07-30,-17321000.0,1587085000.0,1591096000.0,669770000.0,917315000.0,1.002,15.746,-30148000.0,151269000.0,151269000.0,804480000.0,157532000.0,1.742,1.516,355667000.0,9962000.0,345705000.0,355667000.0,41553000.0,37572000.0,0.0,0.0,0.0,222339000.0,259911000.0,0.163,259911000.0,222339000.0,204847000.0,3.93,3.86,3.93,630862000.0,630961000.0,630862000.0,3272103880.0,15.0,12.589,161418000.0,4.029,1.0,790432000.0,0.496,535621000.0,17492000.0,871483000.0,883761000.0,148372000.0,0.0,0.0,0.0,956223000.0,384379000.0,571844000.0,3098305880.0,-173309000.0,-790000.0,-234187000.0,-114613000.0,0.0,-337464000.0,-30938000.0,0.0,191566000.0,3527000.0,157532000.0,157532000.0,157532000.0,0.0,0.0,0.099,568093000.0,222339000.0,95971000.0,0.0,4.911,19.668,20.064,229138000.0,0.0,78.85,1.943,1.981,306879000.0,493691000.0,1594912000.0,1594912000.0,82802000.0,0.099,0.25,0.252,0.139,-3097000.0,481709000.0,1.0,39293670.0,40065951.0,40785708.0,39.807,1051464000.0,102137000.0,47315000.0,137653000.0,26.243,285391000.0
59,MTD,MRT,2006-09-30,2006-09-30,2006-09-30,2021-07-30,-39836000.0,1562564000.0,1611768000.0,688442000.0,874122000.0,0.958,15.742,-27474000.0,195358000.0,195358000.0,778957000.0,149704000.0,1.895,1.494,369156000.0,7738000.0,361418000.0,369156000.0,45445000.0,37155000.0,0.0,0.0,0.0,213133000.0,250288000.0,0.162,250288000.0,213133000.0,196704000.0,3.68,3.59,3.68,626467000.0,637996000.0,626467000.0,2835332644.0,13.0,11.328,171712000.0,4.315,1.0,764925000.0,0.495,534761000.0,16429000.0,838226000.0,894307750.0,160720000.0,0.0,0.0,0.0,936097000.0,363375000.0,572722000.0,2661110644.0,100962000.0,-893000.0,-202229000.0,126978000.0,0.0,-67851000.0,-28367000.0,0.0,199186000.0,-2006000.0,149704000.0,149704000.0,149704000.0,0.0,0.0,0.097,543199000.0,221726000.0,82599000.0,0.0,4.248,17.776,17.976,220331000.0,0.0,66.15,1.724,1.705,270712000.0,522587000.0,1543882000.0,1543882000.0,81819000.0,0.093,0.235,0.238,0.138,-1882000.0,465962000.0,1.0,40228430.0,39795451.0,40455688.0,38.795,1027803000.0,96645000.0,47000000.0,137915000.0,25.827,325067000.0
60,MTD,MRT,2006-06-30,2006-06-30,2006-06-30,2021-07-30,-44945000.0,1616678000.0,1576980750.0,735509000.0,881169000.0,0.959,15.586,-27948000.0,246766000.0,246766000.0,762118000.0,128282000.0,2.105,1.559,420988000.0,8201000.0,412787000.0,420988000.0,49254000.0,37098000.0,0.0,0.0,0.0,207015000.0,244113000.0,0.161,244113000.0,207015000.0,190989000.0,3.11,3.04,3.11,631765000.0,645832500.0,631765000.0,2639371272.0,13.0,10.812,164078000.0,4.048,1.0,749874000.0,0.496,533264000.0,16026000.0,908261000.0,856922500.0,162609000.0,0.0,0.0,0.0,984913000.0,349375000.0,635538000.0,2469272272.0,142902000.0,-4664000.0,-167977000.0,144520000.0,0.0,-16469000.0,-32612000.0,0.0,192026000.0,-43000.0,128282000.0,128282000.0,128282000.0,0.0,0.0,0.085,527730000.0,222144000.0,79818000.0,0.0,3.909,19.249,19.476,219566000.0,0.0,60.57,1.633,1.624,265586000.0,475547000.0,1511992000.0,1511992000.0,80656000.0,0.081,0.199,0.242,0.137,-3480000.0,456977000.0,1.0,40767249.0,40535389.0,41237812.0,37.301,1083414000.0,108592000.0,62707000.0,150567000.0,26.728,386134000.0
61,MTD,MRT,2006-03-31,2006-03-31,2006-03-31,2021-07-30,-43737000.0,1598057000.0,1531618750.0,729896000.0,868161000.0,0.974,15.463,-30514000.0,263397000.0,263397000.0,753608000.0,111836000.0,2.266,1.518,433496000.0,8363000.0,425133000.0,433496000.0,50601000.0,37161000.0,0.0,0.0,0.0,179813000.0,216974000.0,0.145,216974000.0,179813000.0,164373000.0,2.68,2.62,2.68,634750000.0,651749500.0,634750000.0,2614126666.0,15.0,12.048,158990000.0,3.873,1.0,737864000.0,0.495,528987000.0,15440000.0,917074000.0,814569750.0,156472000.0,0.0,0.0,0.0,963307000.0,322095000.0,641212000.0,2488564666.0,195617000.0,-4446000.0,-170808000.0,208411000.0,0.0,42414000.0,-34960000.0,0.0,189504000.0,-1341000.0,111836000.0,111836000.0,111836000.0,0.0,0.0,0.075,540029000.0,197835000.0,73933000.0,0.0,3.921,22.252,22.515,215076000.0,0.0,60.34,1.669,1.661,249628000.0,440790000.0,1491472000.0,1491472000.0,81030000.0,0.073,0.172,0.221,0.121,-3412000.0,447516000.0,1.0,41242371.0,41050849.0,41774068.0,36.332,1069070000.0,105479000.0,52537000.0,137215000.0,26.043,407801000.0
62,MTD,MRT,2005-12-31,2005-12-31,2005-12-31,2021-07-30,-45325000.0,1669773000.0,1494904250.0,800659000.0,869114000.0,0.992,15.613,-31075000.0,324578000.0,324578000.0,752153000.0,108902000.0,2.265,1.534,450140000.0,6345000.0,443795000.0,450140000.0,34803000.0,37413000.0,0.0,0.0,0.0,175064000.0,212477000.0,0.143,212477000.0,175064000.0,160184000.0,2.58,2.52,2.58,659002000.0,667980250.0,659002000.0,2427988237.0,14.0,11.427,145984000.0,3.459,1.0,730319000.0,0.493,528209000.0,14880000.0,913670000.0,766186750.0,150201000.0,0.0,0.0,0.0,1010771000.0,353456000.0,657315000.0,2294006237.0,257402000.0,-4087000.0,-134825000.0,253323000.0,0.0,117738000.0,-35162000.0,0.0,177059000.0,-2233000.0,108902000.0,108902000.0,108902000.0,0.0,0.0,0.073,535031000.0,195288000.0,88553000.0,0.0,3.481,21.065,21.395,218519000.0,0.0,55.2,1.547,1.572,271915000.0,417075000.0,1482472000.0,1482472000.0,81893000.0,0.073,0.163,0.228,0.118,0.0,441702000.0,1.0,41558084.0,42207777.0,43285121.0,35.123,1141564000.0,103252000.0,51282000.0,142429000.0,27.046,447203000.0
63,MTD,MRT,2005-09-30,2005-09-30,2005-09-30,2021-07-30,-29559000.0,1423415000.0,1447479000.0,553355000.0,870060000.0,1.016,15.742,-30433000.0,94396000.0,94396000.0,749747000.0,100999000.0,1.634,1.164,228378000.0,4388000.0,223990000.0,228378000.0,34557000.0,38729000.0,0.0,0.0,0.0,163434000.0,202163000.0,0.137,202163000.0,163434000.0,148907000.0,2.34,2.29,2.34,657813000.0,683451250.0,657813000.0,2301346307.0,14.0,11.384,131220000.0,3.14,1.0,720683000.0,0.49,529984000.0,14527000.0,688685000.0,714687250.0,152379000.0,0.0,0.0,0.0,765602000.0,338728000.0,426874000.0,2140541307.0,40348000.0,-3984000.0,-124314000.0,34347000.0,0.0,-89967000.0,-34417000.0,0.0,161653000.0,3079000.0,100999000.0,100999000.0,100999000.0,0.0,0.0,0.069,557207000.0,163476000.0,70581000.0,0.0,3.254,21.194,21.786,218075000.0,0.0,50.98,1.456,1.449,250588000.0,351473000.0,1470430000.0,1470430000.0,83261000.0,0.07,0.148,0.229,0.111,0.0,440477000.0,1.0,41987864.0,41786186.0,42893530.0,35.189,893431000.0,102345000.0,47908000.0,154061000.0,21.381,214627000.0
64,MTD,MRT,2005-06-30,2005-06-30,2005-06-30,2021-07-30,-32246000.0,1435230000.0,1437428500.0,561386000.0,873844000.0,1.007,15.474,-28101000.0,103864000.0,103864000.0,739618000.0,100009000.0,1.716,1.19,264669000.0,7196000.0,257473000.0,264669000.0,41870000.0,39224000.0,0.0,0.0,0.0,153179000.0,192403000.0,0.133,192403000.0,153179000.0,139749000.0,2.29,2.23,2.29,655433000.0,687448500.0,655433000.0,2158225743.0,14.0,11.217,120249000.0,2.839,1.0,707432000.0,0.489,530088000.0,13430000.0,738850000.0,700910500.0,148856000.0,0.0,0.0,0.0,779797000.0,327097000.0,452700000.0,1998233743.0,56251000.0,-1509000.0,-134889000.0,72341000.0,0.0,-62548000.0,-29610000.0,0.0,148350000.0,59000.0,100009000.0,100009000.0,100009000.0,0.0,0.0,0.069,554211000.0,153221000.0,69663000.0,0.0,3.049,19.981,20.341,218441000.0,0.0,46.58,1.381,1.363,253760000.0,330124000.0,1447050000.0,1447050000.0,84136000.0,0.07,0.145,0.219,0.106,0.0,436383000.0,1.0,42898964.0,42356673.0,43438961.0,34.163,905142000.0,106414000.0,39740000.0,147050000.0,21.37,234289000.0
65,MTD,MRT,2005-03-31,2005-03-31,2005-03-31,2021-07-30,-14041000.0,1451199000.0,1424980250.0,545744000.0,905455000.0,0.999,16.219,-25484000.0,67780000.0,67780000.0,727979000.0,110116000.0,1.646,1.074,227772000.0,10351000.0,217421000.0,227772000.0,47201000.0,39104000.0,0.0,0.0,0.0,170248000.0,209352000.0,0.147,209352000.0,170248000.0,157310000.0,2.5,2.43,2.5,699673000.0,695369250.0,699673000.0,2191258852.0,13.0,10.467,117774000.0,2.73,1.0,694926000.0,0.488,556119000.0,12938000.0,723542000.0,674807000.0,156424000.0,0.0,0.0,0.0,751526000.0,331530000.0,419996000.0,2055231852.0,23012000.0,-2500000.0,-88376000.0,-5266000.0,0.0,-93642000.0,-27984000.0,0.0,143258000.0,1380000.0,110116000.0,110116000.0,110116000.0,0.0,0.0,0.077,524972000.0,169954000.0,66157000.0,0.0,2.937,18.664,19.0,229402000.0,0.0,47.5,1.444,1.44,259512000.0,313020000.0,1422905000.0,1422905000.0,83364000.0,0.077,0.158,0.252,0.12,0.0,429288000.0,1.0,43268039.0,43139233.0,44388971.0,32.984,895080000.0,99825000.0,47194000.0,145290000.0,20.749,214214000.0
66,MTD,MRT,2004-12-31,2004-12-31,2004-12-31,2021-07-30,2965000.0,1480072000.0,1405742750.0,552357000.0,927715000.0,0.999,16.296,-26063000.0,67176000.0,67176000.0,722047000.0,107957000.0,1.586,1.053,203203000.0,6913000.0,196290000.0,203203000.0,26176000.0,38924000.0,0.0,0.0,0.0,167112000.0,206036000.0,0.147,206036000.0,167112000.0,154224000.0,2.44,2.37,2.44,720886000.0,683577250.0,720886000.0,2383270129.0,14.0,11.567,139930000.0,3.163,1.0,682407000.0,0.486,560181000.0,12888000.0,707672000.0,663922250.0,156539000.0,0.0,0.0,0.0,759186000.0,348246000.0,410940000.0,2242483129.0,22060000.0,-2287000.0,-76830000.0,-40604000.0,0.0,-117434000.0,-28350000.0,0.0,165993000.0,1851000.0,107957000.0,107957000.0,107957000.0,0.0,0.0,0.077,515253000.0,167154000.0,85129000.0,0.0,3.111,20.772,21.029,242709000.0,0.0,51.31,1.597,1.616,271097000.0,308173000.0,1404454000.0,1404454000.0,83217000.0,0.077,0.158,0.252,0.119,0.0,419780000.0,1.0,43704602.0,44237214.0,45483969.0,31.748,919891000.0,100334000.0,46267000.0,146811000.0,20.795,204111000.0
67,MTD,MRT,2004-09-30,2004-09-30,2004-09-30,2021-07-30,-20960000.0,1383213000.0,1382543750.0,509685000.0,873528000.0,0.995,15.203,-25074000.0,54048000.0,54048000.0,715502000.0,104609000.0,1.491,1.053,194835000.0,9512000.0,185323000.0,194835000.0,31317000.0,37650000.0,0.0,0.0,0.0,162565000.0,200215000.0,0.146,200215000.0,162565000.0,149443000.0,2.35,2.3,2.35,673802000.0,666854750.0,673802000.0,2242447533.0,14.0,11.2,135632000.0,3.06,1.0,660193000.0,0.48,548670000.0,13122000.0,633578000.0,663109500.0,156038000.0,0.0,0.0,0.0,709411000.0,341752000.0,367659000.0,2098454533.0,18653000.0,-3251000.0,-47749000.0,-64540000.0,0.0,-115366000.0,-28325000.0,0.0,160706000.0,1638000.0,104609000.0,104609000.0,104609000.0,0.0,0.0,0.076,497628000.0,162565000.0,60259000.0,0.0,3.114,20.06,20.094,224247000.0,0.0,47.22,1.525,1.521,239939000.0,266438000.0,1375695000.0,1375695000.0,81927000.0,0.076,0.157,0.245,0.118,0.0,403738000.0,1.0,44439952.0,44320477.0,45520086.0,31.04,834543000.0,67923000.0,44834000.0,120154000.0,18.83,167933000.0
68,MTD,MRT,2004-06-30,2004-06-30,2004-06-30,2021-07-30,-19548000.0,1385437000.0,1370822500.0,510654000.0,874783000.0,0.988,15.451,-24353000.0,47613000.0,47613000.0,708159000.0,104163000.0,1.478,1.016,191606000.0,18800000.0,172806000.0,191606000.0,36821000.0,37069000.0,0.0,0.0,0.0,162121000.0,199190000.0,0.147,199190000.0,162121000.0,148806000.0,2.33,2.29,2.33,687116000.0,642852000.0,687116000.0,2361312149.0,15.0,11.855,128410000.0,2.888,1.0,646302000.0,0.477,549507000.0,13315000.0,634436000.0,613184750.0,153292000.0,0.0,0.0,0.0,698321000.0,345487000.0,352834000.0,2175782149.0,12463000.0,-3469000.0,-10265000.0,-101593000.0,0.0,-114935000.0,-27822000.0,0.0,152763000.0,2457000.0,104163000.0,104163000.0,104163000.0,0.0,0.0,0.077,484181000.0,162121000.0,66214000.0,0.0,3.167,20.888,21.09,223723000.0,0.0,49.14,1.606,1.613,247423000.0,244745000.0,1354461000.0,1354461000.0,81014000.0,0.076,0.162,0.264,0.12,0.0,391838000.0,1.0,44277211.0,44469648.0,45750652.0,30.458,835930000.0,67425000.0,44643000.0,114840000.0,18.798,165167000.0
69,MTD,MRT,2004-03-31,2004-03-31,2004-03-31,2021-07-30,-23574000.0,1374249000.0,1358042500.0,502071000.0,872178000.0,0.98,14.644,-25924000.0,44768000.0,44768000.0,696538000.0,101525000.0,1.516,1.106,230298000.0,18873000.0,211425000.0,230298000.0,38666000.0,36962000.0,0.0,0.0,0.0,158751000.0,195713000.0,0.147,195713000.0,158751000.0,145037000.0,2.27,2.23,2.27,652505000.0,609476500.0,652505000.0,2172102808.0,14.0,11.098,112059000.0,2.515,1.0,634794000.0,0.477,548657000.0,13714000.0,680003000.0,566360000.0,153924000.0,0.0,0.0,0.0,721744000.0,331119000.0,390625000.0,1975702808.0,12747000.0,-4253000.0,-11415000.0,-83332000.0,0.0,-97824000.0,-30177000.0,0.0,137983000.0,2765000.0,101525000.0,101525000.0,101525000.0,0.0,0.0,0.076,476043000.0,158751000.0,64472000.0,0.0,3.028,19.46,19.559,223685000.0,0.0,44.4,1.484,1.486,239321000.0,218838000.0,1331332000.0,1331332000.0,80188000.0,0.075,0.167,0.28,0.119,0.0,384826000.0,1.0,44497811.0,44557443.0,45836934.0,29.879,825592000.0,67142000.0,43512000.0,108412000.0,18.529,170952000.0
70,MTD,MRT,2003-12-31,2003-12-31,2003-12-31,2021-07-30,-18294000.0,1387276000.0,1361299250.0,505537000.0,881739000.0,0.958,14.705,-25060000.0,45116000.0,45116000.0,686255000.0,95838000.0,1.542,1.121,241516000.0,18277000.0,223239000.0,241516000.0,20759000.0,36810000.0,0.0,0.0,0.0,151064000.0,187874000.0,0.144,187874000.0,151064000.0,136911000.0,2.15,2.11,2.15,653996000.0,609849250.0,653996000.0,2100398904.0,14.0,11.18,92171000.0,2.072,1.0,618176000.0,0.474,551346000.0,14153000.0,704421000.0,573097500.0,151764000.0,0.0,0.0,0.0,733280000.0,327909000.0,405371000.0,1877741904.0,13689000.0,-4450000.0,3577000.0,-77220000.0,0.0,-76720000.0,-29510000.0,0.0,117231000.0,2688000.0,95838000.0,95838000.0,95838000.0,0.0,0.0,0.073,467112000.0,151064000.0,68243000.0,0.0,2.871,19.593,19.633,231512000.0,0.0,42.21,1.44,1.439,249353000.0,200216000.0,1304431000.0,1304431000.0,78003000.0,0.07,0.157,0.264,0.116,0.0,372822000.0,1.0,44485712.0,44473913.0,45508847.0,29.33,835930000.0,68327000.0,41073000.0,112608000.0,18.796,177628000.0
71,MTD,MRT,2003-09-30,2003-09-30,2003-09-30,2021-07-30,-51271000.0,1336328000.0,1340328500.0,499405000.0,836923000.0,0.948,12.988,-22098000.0,35395000.0,35395000.0,670763000.0,94189000.0,0.857,1.313,258052000.0,256707000.0,1345000.0,258052000.0,0.0,36785000.0,0.0,0.0,0.0,149267000.0,186052000.0,0.146,186052000.0,149267000.0,134555000.0,2.12,2.07,2.12,577791000.0,571946750.0,577791000.0,1853619301.0,12.0,9.963,92549000.0,2.08,1.0,600528000.0,0.472,542403000.0,14712000.0,433879000.0,566787500.0,160881000.0,0.0,0.0,0.0,758537000.0,582703000.0,175834000.0,1597424301.0,7113000.0,-3817000.0,2538000.0,-85426000.0,0.0,-82888000.0,-25915000.0,0.0,114647000.0,1269000.0,94189000.0,94189000.0,94189000.0,0.0,0.0,0.074,451261000.0,149267000.0,58996000.0,0.0,2.765,16.96,16.958,219294000.0,0.0,35.95,1.257,1.258,226697000.0,167275000.0,1271291000.0,1271291000.0,75780000.0,0.07,0.165,0.263,0.117,0.0,360113000.0,1.0,44434612.0,44485712.0,45568383.0,28.578,793925000.0,34385000.0,40366000.0,111339000.0,17.847,-83298000.0
72,MTD,MRT,2003-06-30,2003-06-30,2003-06-30,2021-07-30,-50312000.0,1334317000.0,1318239750.0,498969000.0,835348000.0,0.954,12.459,-23607000.0,35150000.0,35150000.0,665880000.0,92984000.0,0.829,1.41,291345000.0,289910000.0,1435000.0,291345000.0,0.0,37217000.0,0.0,0.0,0.0,148866000.0,186083000.0,0.148,186083000.0,148866000.0,132827000.0,2.1,2.04,2.1,553614000.0,546369750.0,553614000.0,1904892885.0,13.0,10.237,86715000.0,1.952,1.0,591587000.0,0.47,541721000.0,16039000.0,447137000.0,625251750.0,166313000.0,0.0,0.0,0.0,780703000.0,601654000.0,179049000.0,1627014885.0,11275000.0,-4005000.0,3444000.0,-74973000.0,0.0,-71529000.0,-27612000.0,0.0,110322000.0,94000.0,92984000.0,92984000.0,92984000.0,0.0,0.0,0.074,442721000.0,148866000.0,64265000.0,0.0,2.939,17.498,17.452,219356000.0,0.0,36.65,1.294,1.295,225410000.0,143093000.0,1257467000.0,1257467000.0,73972000.0,0.071,0.17,0.238,0.118,0.0,352593000.0,1.0,44393312.0,44434612.0,45467105.0,28.299,792596000.0,34289000.0,39843000.0,102098000.0,17.837,-102685000.0
73,MTD,MRT,2003-03-31,2003-03-31,2003-03-31,2021-07-30,-18294000.0,1387276000.0,1299250250.0,505537000.0,881739000.0,0.949,14.732,-26509000.0,45116000.0,45116000.0,656300000.0,94682000.0,1.542,1.121,241516000.0,18277000.0,223239000.0,241516000.0,20759000.0,36112000.0,0.0,0.0,0.0,118932000.0,155044000.0,0.126,155044000.0,118932000.0,102209000.0,2.14,2.09,2.14,653996000.0,520755750.0,653996000.0,1603595646.0,13.0,10.343,85958000.0,1.936,1.0,576258000.0,0.468,548814000.0,16723000.0,706953000.0,687478500.0,151764000.0,0.0,0.0,0.0,733280000.0,327909000.0,405371000.0,1322351646.0,8560000.0,-5019000.0,2818000.0,-74265000.0,0.0,-71447000.0,-31528000.0,0.0,112467000.0,-932000.0,94682000.0,94682000.0,94682000.0,0.0,0.0,0.077,457326000.0,118932000.0,68243000.0,0.0,2.022,13.966,13.921,231512000.0,0.0,29.79,1.073,1.073,249353000.0,200216000.0,1232558000.0,1232558000.0,72338000.0,0.073,0.182,0.173,0.096,0.0,340940000.0,1.0,44389112.0,44393312.0,45288823.0,27.764,838462000.0,68327000.0,7527000.0,112608000.0,18.887,177628000.0
74,MTD,MRT,2002-12-31,2002-12-31,2002-12-31,2021-07-30,-61649000.0,1303393000.0,1253343000.0,475727000.0,827666000.0,0.968,11.346,-31162000.0,31427000.0,31427000.0,645970000.0,100421000.0,1.294,1.594,312671000.0,50578000.0,262093000.0,312671000.0,18547000.0,34724000.0,0.0,0.0,0.0,127619000.0,162343000.0,0.134,162343000.0,127619000.0,110410000.0,2.27,2.21,2.27,502386000.0,459062500.0,502386000.0,1724952528.0,14.0,10.625,84248000.0,1.903,1.0,567737000.0,0.468,537792000.0,17209000.0,679181000.0,680432750.0,150441000.0,0.0,0.0,0.0,801007000.0,367664000.0,433343000.0,1422036528.0,3706000.0,-21305000.0,3532000.0,-61184000.0,0.0,-57652000.0,-52467000.0,0.0,115410000.0,-1585000.0,100421000.0,100421000.0,100421000.0,0.0,0.0,0.083,440118000.0,127619000.0,73072000.0,0.0,2.831,14.161,14.123,217754000.0,0.0,32.06,1.172,1.17,231673000.0,104378000.0,1213707000.0,1213707000.0,70625000.0,0.08,0.219,0.188,0.105,0.0,331959000.0,1.0,44355475.0,44280605.0,45370053.0,27.409,765601000.0,57930000.0,9989000.0,108577000.0,17.29,108063000.0
75,MTD,MRT,2002-09-30,2002-09-30,2002-09-30,2021-07-30,-56852000.0,1247973000.0,1224847750.0,439499000.0,808474000.0,0.975,10.72,-35657000.0,28282000.0,28282000.0,632841000.0,99829000.0,1.298,1.625,331198000.0,50627000.0,280571000.0,331198000.0,0.0,35735000.0,0.0,0.0,0.0,129872000.0,165607000.0,0.139,165607000.0,129872000.0,112937000.0,2.3,2.22,2.3,475483000.0,430512000.0,475483000.0,1480423124.0,11.0,8.939,88154000.0,1.987,1.0,561841000.0,0.47,544469000.0,16935000.0,667736000.0,676225250.0,150729000.0,0.0,0.0,0.0,772490000.0,338684000.0,433806000.0,1149415124.0,3574000.0,-178589000.0,10213000.0,84711000.0,0.0,94924000.0,-214246000.0,0.0,123811000.0,-915000.0,99829000.0,99829000.0,99829000.0,0.0,0.0,0.084,431969000.0,129872000.0,54370000.0,0.0,2.417,11.514,11.304,208036000.0,0.0,26.0,0.962,0.965,221437000.0,73086000.0,1194682000.0,1194682000.0,70077000.0,0.082,0.232,0.192,0.109,0.0,322536000.0,1.0,44208274.0,44355474.0,45235545.0,26.934,703504000.0,0.0,13108000.0,74077000.0,15.861,100815000.0
76,MTD,MRT,2002-06-30,2002-06-30,2002-06-30,2021-07-30,-56340000.0,1258359000.0,1138832000.0,449941000.0,808418000.0,1.03,10.205,-34014000.0,23875000.0,23875000.0,622814000.0,97236000.0,1.284,1.789,354883000.0,50439000.0,304444000.0,354883000.0,0.0,35231000.0,0.0,0.0,0.0,128040000.0,163271000.0,0.139,163271000.0,128040000.0,111478000.0,2.29,2.2,2.29,451158000.0,369676750.0,451158000.0,1973837850.0,15.0,12.089,82365000.0,1.863,1.0,549942000.0,0.469,542913000.0,16562000.0,696044000.0,646682500.0,153844000.0,0.0,0.0,0.0,807201000.0,350410000.0,456791000.0,1628689850.0,663000.0,-183809000.0,9161000.0,94136000.0,0.0,103297000.0,-217823000.0,0.0,116379000.0,-1190000.0,97236000.0,97236000.0,97236000.0,0.0,0.0,0.083,421902000.0,128040000.0,58313000.0,0.0,3.61,16.75,16.1,211491000.0,0.0,36.87,1.389,1.39,230071000.0,50109000.0,1172756000.0,1172756000.0,68778000.0,0.085,0.263,0.198,0.109,0.0,313246000.0,1.0,44173850.0,44208274.0,45409690.0,26.528,715446000.0,0.0,14242000.0,79157000.0,16.184,99531000.0
77,MTD,MRT,2002-03-31,2002-03-31,2002-03-31,2021-07-30,-72406000.0,1203647000.0,1038063250.0,423813000.0,779834000.0,1.113,9.219,-34630000.0,23461000.0,23461000.0,619626000.0,76440000.0,1.261,1.956,368609000.0,50256000.0,318353000.0,368609000.0,0.0,35855000.0,0.0,0.0,0.0,139576000.0,175431000.0,0.152,175431000.0,139576000.0,122806000.0,1.83,1.75,1.83,407223000.0,307291500.0,407223000.0,2330759706.0,17.0,13.286,76372000.0,1.729,1.0,535709000.0,0.464,533875000.0,16770000.0,678770000.0,604572250.0,141246000.0,0.0,0.0,0.0,796424000.0,336150000.0,460274000.0,1998762706.0,476000.0,-181020000.0,12806000.0,92947000.0,0.0,105753000.0,-215650000.0,0.0,111002000.0,-629000.0,76440000.0,76440000.0,76440000.0,0.0,0.0,0.066,396140000.0,139569000.0,54384000.0,0.0,4.908,26.148,24.732,190352000.0,0.0,45.26,1.73,1.731,221090000.0,22631000.0,1155335000.0,1155335000.0,66577000.0,0.074,0.249,0.231,0.121,0.0,301819000.0,1.0,44161792.0,44173850.0,45517058.0,26.154,669772000.0,0.0,46366000.0,99518000.0,15.162,87663000.0
78,MTD,MRT,2001-12-31,2001-12-31,2001-12-31,2021-07-30,-71898000.0,1189412000.0,951888500.0,431758000.0,757654000.0,1.206,9.559,-29710000.0,27721000.0,27721000.0,619140000.0,72264000.0,1.242,2.064,359718000.0,50239000.0,309479000.0,359718000.0,0.0,36972000.0,0.0,0.0,0.0,135596000.0,172568000.0,0.15,172568000.0,135596000.0,118434000.0,1.78,1.68,1.78,388184000.0,253703750.0,388184000.0,2308542604.0,17.0,13.378,71862000.0,1.77,1.0,528882000.0,0.461,511471000.0,17162000.0,662351000.0,577274750.0,145621000.0,0.0,0.0,0.0,801228000.0,347587000.0,453641000.0,2082182604.0,5996000.0,-165471000.0,16840000.0,83386000.0,0.0,100226000.0,-195181000.0,0.0,101572000.0,-621000.0,72264000.0,72264000.0,72264000.0,0.0,0.0,0.063,393286000.0,135596000.0,66327000.0,0.0,5.364,28.814,29.129,192272000.0,0.0,51.85,1.814,1.834,227295000.0,3957000.0,1148022000.0,1148022000.0,64627000.0,0.076,0.285,0.235,0.118,0.0,299191000.0,1.0,40157813.0,40609716.0,42978895.0,28.27,677941000.0,8862000.0,46170000.0,97088000.0,16.694,84171000.0
79,MTD,MRT,2001-09-30,2001-09-30,2001-09-30,2021-07-30,-45817000.0,903910000.0,876431000.0,431810000.0,472100000.0,1.287,5.781,-29059000.0,24708000.0,24708000.0,610577000.0,64864000.0,1.25,2.894,251068000.0,49974000.0,201094000.0,251068000.0,0.0,35444000.0,0.0,0.0,0.0,126043000.0,161487000.0,0.143,161487000.0,126043000.0,107819000.0,1.63,1.53,1.63,232142000.0,201367750.0,232142000.0,1917549137.0,15.0,11.874,74796000.0,1.863,1.0,517034000.0,0.459,235255000.0,18224000.0,549565000.0,555946000.0,144799000.0,0.0,0.0,0.0,671768000.0,345450000.0,326318000.0,1690338137.0,9025000.0,-16063000.0,15370000.0,-64571000.0,0.0,-49201000.0,-45122000.0,0.0,103855000.0,-507000.0,64864000.0,64864000.0,64864000.0,0.0,0.0,0.058,390953000.0,126081000.0,59142000.0,0.0,7.281,26.06,25.853,193270000.0,0.0,42.14,1.499,1.501,218550000.0,-26743000.0,1127611000.0,1127611000.0,61439000.0,0.074,0.322,0.227,0.112,0.0,299586000.0,1.0,40112438.0,40157813.0,42463943.0,28.079,668655000.0,0.0,42955000.0,102319000.0,16.651,86360000.0
80,MTD,MRT,2001-06-30,2001-06-30,2001-06-30,2021-07-30,-55150000.0,855284000.0,850080000.0,411291000.0,443993000.0,1.309,5.026,-31839000.0,23212000.0,23212000.0,605856000.0,61614000.0,1.232,3.242,250423000.0,49930000.0,200493000.0,250423000.0,0.0,34222000.0,0.0,0.0,0.0,121791000.0,156013000.0,0.14,156013000.0,121791000.0,102810000.0,1.56,1.45,1.56,201617000.0,179728750.0,201617000.0,1971666482.0,16.0,12.638,54213000.0,1.352,1.0,506694000.0,0.455,221023000.0,18981000.0,527603000.0,558230500.0,137412000.0,0.0,0.0,0.0,653667000.0,333869000.0,319798000.0,1717757482.0,7161000.0,-10556000.0,14562000.0,-50723000.0,0.0,-36161000.0,-42395000.0,0.0,86052000.0,-335000.0,61614000.0,61614000.0,61614000.0,0.0,0.0,0.055,384902000.0,121792000.0,67898000.0,0.0,8.52,27.879,27.724,182988000.0,0.0,43.25,1.544,1.559,210031000.0,-47127000.0,1112550000.0,1112550000.0,59362000.0,0.072,0.343,0.218,0.109,0.0,296073000.0,1.0,39716936.0,40112438.0,42471191.0,27.736,634261000.0,0.0,41196000.0,88557000.0,15.812,77422000.0
81,MTD,MRT,2001-03-31,2001-03-31,2001-03-31,2021-07-30,-53177000.0,858948000.0,836785000.0,411634000.0,447314000.0,1.317,4.856,-27725000.0,22985000.0,22985000.0,602644000.0,72863000.0,1.283,3.453,276894000.0,50078000.0,226816000.0,276894000.0,0.0,33516000.0,0.0,0.0,0.0,132273000.0,165789000.0,0.15,165789000.0,132273000.0,112846000.0,1.87,1.72,1.87,192872000.0,162623250.0,192872000.0,1899934022.0,14.0,11.46,55399000.0,1.395,1.0,499431000.0,0.453,222511000.0,19427000.0,569580000.0,565901500.0,142749000.0,0.0,0.0,0.0,666076000.0,320766000.0,345310000.0,1633292022.0,4607000.0,-17892000.0,11028000.0,-43551000.0,0.0,-32523000.0,-45617000.0,0.0,83124000.0,-377000.0,72863000.0,72863000.0,72863000.0,0.0,0.0,0.066,367161000.0,132270000.0,68022000.0,0.0,8.468,22.416,22.011,188382000.0,0.0,41.16,1.482,1.483,204430000.0,-53809000.0,1102075000.0,1102075000.0,57768000.0,0.087,0.448,0.234,0.12,0.0,295606000.0,1.0,39681536.0,39716936.0,42539345.0,27.748,636437000.0,0.0,39983000.0,83085000.0,16.024,90868000.0
82,MTD,MRT,2000-12-31,2000-12-31,2000-12-31,2021-07-30,-47804000.0,887582000.0,820562500.0,423339000.0,464243000.0,1.335,4.598,-27836000.0,21725000.0,21725000.0,600185000.0,70119000.0,1.212,3.963,288367000.0,50560000.0,237807000.0,288367000.0,0.0,33254000.0,0.0,0.0,0.0,128663000.0,161917000.0,0.148,161917000.0,128663000.0,108629000.0,1.8,1.66,1.8,178840000.0,143599750.0,178840000.0,2370442200.0,18.0,14.64,56878000.0,1.462,1.0,495362000.0,0.452,228035000.0,20034000.0,577036000.0,564373000.0,141677000.0,0.0,0.0,0.0,708742000.0,349153000.0,359589000.0,2107398200.0,4546000.0,-26377000.0,6473000.0,-32378000.0,0.0,-25905000.0,-54213000.0,0.0,84714000.0,-50000.0,70119000.0,70119000.0,70119000.0,0.0,0.0,0.064,366699000.0,128663000.0,80513000.0,0.0,11.784,30.055,30.211,199388000.0,0.0,54.38,1.924,1.931,212570000.0,-68307000.0,1095547000.0,1095547000.0,56334000.0,0.085,0.488,0.228,0.117,0.0,296187000.0,1.0,38753185.0,38897879.0,42141548.0,28.165,659547000.0,0.0,38510000.0,94476000.0,16.956,74186000.0
83,MTD,MRT,2000-09-30,2000-09-30,2000-09-30,2021-07-30,-52139000.0,798506000.0,803910250.0,382255000.0,416251000.0,1.371,3.757,-29555000.0,15683000.0,15683000.0,605697000.0,59730000.0,1.242,4.485,278727000.0,45783000.0,232944000.0,278727000.0,0.0,33178000.0,0.0,0.0,0.0,116774000.0,149952000.0,0.136,149952000.0,116774000.0,96149000.0,1.55,1.42,1.55,145586000.0,126893500.0,145586000.0,1973901140.0,17.0,13.164,48500000.0,1.252,1.0,496267000.0,0.45,195129000.0,20625000.0,558703000.0,560070000.0,130717000.0,0.0,0.0,0.0,652920000.0,307718000.0,345202000.0,1705140140.0,782000.0,-18170000.0,2068000.0,-30843000.0,0.0,-28775000.0,-47725000.0,0.0,78055000.0,-773000.0,59730000.0,59730000.0,59730000.0,0.0,0.0,0.054,379606000.0,116661000.0,60266000.0,0.0,11.712,28.547,28.387,186473000.0,0.0,44.0,1.547,1.547,201765000.0,-91607000.0,1101964000.0,1101964000.0,58533000.0,0.074,0.471,0.208,0.106,0.0,300269000.0,1.0,38753185.0,38753183.0,42198942.0,28.435,603377000.0,0.0,36419000.0,70704000.0,15.57,74537000.0
84,MTD,MRT,2000-06-30,2000-06-30,2000-06-30,2021-07-30,-47396000.0,802104000.0,806983750.0,376183000.0,425921000.0,1.363,3.437,-25932000.0,16051000.0,16051000.0,604656000.0,56254000.0,1.205,5.022,284812000.0,48939000.0,235873000.0,284812000.0,0.0,34207000.0,0.0,0.0,0.0,112177000.0,146384000.0,0.133,146384000.0,112177000.0,90786000.0,1.46,1.35,1.46,133195000.0,114290250.0,133195000.0,1830734125.0,16.0,12.506,70594000.0,1.822,1.0,495311000.0,0.45,200392000.0,21391000.0,558287000.0,573630500.0,131328000.0,0.0,0.0,0.0,668909000.0,312186000.0,356723000.0,1549265125.0,2648000.0,-16755000.0,2946000.0,-53586000.0,0.0,-50640000.0,-42687000.0,0.0,96526000.0,-551000.0,56254000.0,56254000.0,56254000.0,0.0,0.0,0.051,383254000.0,112057000.0,60392000.0,0.0,11.632,27.541,27.411,190546000.0,0.0,40.02,1.408,1.41,192671000.0,-108741000.0,1099967000.0,1099967000.0,58353000.0,0.07,0.492,0.196,0.102,0.0,303305000.0,1.0,38712272.0,38753186.0,41995780.0,28.384,601712000.0,0.0,34532000.0,67240000.0,15.527,63997000.0
85,MTD,MRT,2000-03-31,2000-03-31,2000-03-31,2021-07-30,-45380000.0,794058000.0,808180750.0,365517000.0,428541000.0,1.347,3.017,-27609000.0,18378000.0,18378000.0,599394000.0,51790000.0,1.204,5.8,299847000.0,46971000.0,252876000.0,299847000.0,0.0,35047000.0,0.0,0.0,0.0,106456000.0,141503000.0,0.13,141503000.0,106456000.0,84662000.0,1.34,1.24,1.34,116778000.0,100897750.0,116778000.0,1864301416.0,18.0,13.175,63813000.0,1.648,1.0,489480000.0,0.45,208434000.0,21794000.0,563466000.0,593741000.0,124828000.0,0.0,0.0,0.0,677280000.0,303627000.0,373653000.0,1584880416.0,2085000.0,-27371000.0,2944000.0,-36751000.0,0.0,-33807000.0,-54980000.0,0.0,91422000.0,-550000.0,51790000.0,51790000.0,51790000.0,0.0,0.0,0.048,382771000.0,106709000.0,58286000.0,0.0,13.572,30.602,30.552,191313000.0,0.0,40.94,1.456,1.456,192169000.0,-126672000.0,1088874000.0,1088874000.0,58011000.0,0.064,0.513,0.179,0.098,0.0,303782000.0,1.0,38712272.0,38712272.0,41902580.0,28.127,585624000.0,0.0,32872000.0,63961000.0,15.128,61890000.0
86,MTD,MRT,1999-12-31,1999-12-31,1999-12-31,2021-07-30,-38037000.0,820973000.0,801020500.0,387945000.0,433028000.0,1.33,2.908,-19037000.0,17179000.0,17179000.0,585007000.0,48101000.0,1.154,6.329,296600000.0,46879000.0,249721000.0,296600000.0,0.0,35299000.0,0.0,0.0,0.0,101479000.0,136778000.0,0.128,136778000.0,101479000.0,79499000.0,1.25,1.16,1.25,112015000.0,87648000.0,112015000.0,1788993264.0,18.0,13.08,72303000.0,1.877,1.0,480466000.0,0.451,204395000.0,21980000.0,559824000.0,612148500.0,123901000.0,0.0,0.0,0.0,708958000.0,336175000.0,372783000.0,1472371264.0,-4012000.0,-18468000.0,2592000.0,-59753000.0,0.0,-57161000.0,-37505000.0,0.0,91340000.0,-686000.0,48101000.0,48101000.0,48101000.0,0.0,0.0,0.045,378609000.0,101857000.0,81234000.0,0.0,13.144,30.61,30.552,199723000.0,0.0,38.19,1.382,1.381,203750000.0,-138426000.0,1065473000.0,1065473000.0,57393000.0,0.06,0.549,0.166,0.095,0.0,300389000.0,1.0,38553843.0,38518084.0,41295757.0,27.662,616578000.0,0.0,31398000.0,71497000.0,16.007,51770000.0
87,MTD,MRT,1999-09-30,1999-09-30,1999-09-30,2021-07-30,-40413000.0,810800000.0,800887500.0,368915000.0,441885000.0,1.282,2.469,-11887000.0,14901000.0,14901000.0,568072000.0,52050000.0,1.231,7.519,331523000.0,47199000.0,284324000.0,331523000.0,0.0,35266000.0,0.0,0.0,0.0,101723000.0,136989000.0,0.133,136989000.0,101723000.0,79671000.0,1.35,1.26,1.35,95173000.0,73103000.0,95173000.0,1476775412.0,15.0,10.78,72737000.0,1.887,1.0,459025000.0,0.447,214793000.0,22052000.0,612945000.0,641874250.0,120737000.0,0.0,0.0,0.0,715627000.0,299684000.0,415943000.0,1138692412.0,-703000.0,-32448000.0,1752000.0,-42697000.0,0.0,-40945000.0,-44335000.0,0.0,84624000.0,-47000.0,52050000.0,52050000.0,52050000.0,0.0,0.0,0.051,356171000.0,102854000.0,58978000.0,0.0,11.964,21.877,21.941,204500000.0,0.0,29.62,1.109,1.112,190667000.0,-151337000.0,1027097000.0,1027097000.0,55661000.0,0.065,0.712,0.158,0.099,0.0,289485000.0,1.0,38443363.0,38553842.0,41310498.0,26.641,596007000.0,0.0,27621000.0,61230000.0,15.459,69231000.0
88,MTD,MRT,1999-06-30,1999-06-30,1999-06-30,2021-07-30,-41425000.0,806892000.0,789242750.0,367585000.0,439307000.0,1.248,2.071,-8661000.0,13403000.0,13403000.0,546561000.0,40922000.0,1.248,9.078,351486000.0,48051000.0,303435000.0,351486000.0,0.0,34570000.0,0.0,0.0,0.0,86391000.0,120961000.0,0.123,120961000.0,86391000.0,64548000.0,1.06,0.99,1.06,79625000.0,60035750.0,79625000.0,1320185256.0,15.0,10.914,64689000.0,1.683,1.0,438176000.0,0.445,211803000.0,21843000.0,638729000.0,655312500.0,121711000.0,0.0,0.0,0.0,722863000.0,294443000.0,428420000.0,979209256.0,-1131000.0,-43491000.0,1032000.0,-23565000.0,0.0,-22533000.0,-52152000.0,0.0,73350000.0,204000.0,40922000.0,40922000.0,40922000.0,0.0,0.0,0.042,350468000.0,87708000.0,54150000.0,0.0,12.298,23.929,24.057,206339000.0,0.0,25.5,0.994,0.996,189120000.0,-164995000.0,984737000.0,984737000.0,53284000.0,0.052,0.682,0.132,0.088,0.0,277290000.0,1.0,38400363.0,38443363.0,41134537.0,25.615,595089000.0,0.0,23626000.0,60935000.0,15.48,73142000.0
89,MTD,MRT,1999-03-31,1999-03-31,1999-03-31,2021-07-30,-43304000.0,765417000.0,770480750.0,330621000.0,434796000.0,1.24,1.661,-6813000.0,16293000.0,16293000.0,529630000.0,38852000.0,1.256,10.934,357269000.0,46680000.0,310589000.0,357269000.0,0.0,33379000.0,0.0,0.0,0.0,83354000.0,116733000.0,0.122,116733000.0,83354000.0,61019000.0,1.01,0.95,1.01,63779000.0,51947250.0,63779000.0,1315895984.0,16.0,11.273,56760000.0,1.478,1.0,426088000.0,0.446,206167000.0,22335000.0,637096000.0,654683750.0,111388000.0,0.0,0.0,0.0,697338000.0,263130000.0,434208000.0,950408984.0,-5010000.0,-26868000.0,532000.0,-34593000.0,0.0,-34061000.0,-34566000.0,0.0,63573000.0,44000.0,38852000.0,38852000.0,38852000.0,0.0,0.0,0.041,341707000.0,84381000.0,47403000.0,0.0,14.902,24.462,24.505,209974000.0,0.0,24.75,0.994,0.994,174878000.0,-178462000.0,955718000.0,955718000.0,50937000.0,0.05,0.748,0.127,0.087,0.0,270783000.0,1.0,38400363.0,38400363.0,41082017.0,24.888,559250000.0,0.0,22167000.0,57010000.0,14.564,67491000.0
90,MTD,MRT,1998-12-31,1998-12-31,1998-12-31,2021-07-30,-45183000.0,820441000.0,762911000.0,358230000.0,462211000.0,1.226,1.404,-6133000.0,21191000.0,21191000.0,520190000.0,37625000.0,1.221,14.163,386678000.0,46432000.0,340246000.0,386678000.0,0.0,32226000.0,0.0,0.0,0.0,81262000.0,113488000.0,0.121,113488000.0,81262000.0,58624000.0,0.98,0.92,0.98,53835000.0,44484000.0,53835000.0,1439057284.0,18.0,12.68,65909000.0,1.718,1.0,415468000.0,0.444,213772000.0,22638000.0,678727000.0,656053750.0,112059000.0,0.0,0.0,0.0,762442000.0,293429000.0,469013000.0,1076267284.0,-2375000.0,-28925000.0,532000.0,-39357000.0,0.0,-38825000.0,-35943000.0,0.0,72042000.0,351000.0,37625000.0,37625000.0,37625000.0,0.0,0.0,0.04,333295000.0,82173000.0,58740000.0,0.0,19.992,28.605,28.633,230264000.0,0.0,28.06,1.15,1.15,178525000.0,-186527000.0,935658000.0,935658000.0,48977000.0,0.049,0.846,0.124,0.087,0.0,265511000.0,1.0,38355926.0,38357079.0,40682211.0,24.393,606669000.0,0.0,20999000.0,76868000.0,15.816,64801000.0
91,MTD,MRT,1998-09-30,1998-09-30,1998-09-30,2021-07-30,-38880000.0,764221000.0,745129000.0,321215000.0,443006000.0,1.227,1.119,-10362000.0,15604000.0,15604000.0,508994000.0,-7770000.0,1.193,16.731,378394000.0,58201000.0,320193000.0,378394000.0,0.0,33097000.0,0.0,0.0,0.0,40853000.0,73950000.0,0.081,73950000.0,40853000.0,15975000.0,-0.32,-0.35,-0.32,42904000.0,37375000.0,42904000.0,1169335301.0,29.0,15.813,53551000.0,1.396,1.0,405425000.0,0.443,190997000.0,24878000.0,666698000.0,655274500.0,109970000.0,0.0,0.0,0.0,717825000.0,269316000.0,448509000.0,824224301.0,-17554000.0,-20506000.0,97160000.0,-143699000.0,0.0,-46539000.0,-34258000.0,0.0,63913000.0,-670000.0,-7770000.0,-7770000.0,-7770000.0,0.0,0.0,-0.008,332601000.0,72824000.0,37187000.0,0.0,19.211,-106.078,-67.188,228796000.0,0.0,21.5,0.901,0.902,164923000.0,-203387000.0,914419000.0,914419000.0,46608000.0,-0.01,-0.208,0.062,0.045,0.0,263647000.0,1.0,38336014.0,38355925.0,40616526.0,23.84,573224000.0,14162000.0,23745000.0,70743000.0,14.945,51899000.0
92,MTD,MRT,1998-06-30,1998-06-30,1998-06-30,2021-07-30,-31825000.0,731844000.0,,306352000.0,425492000.0,,1.233,302000.0,14534000.0,14534000.0,503791000.0,-10584000.0,1.187,14.408,359645000.0,56410000.0,303235000.0,359645000.0,0.0,33084000.0,0.0,0.0,0.0,41323000.0,74407000.0,0.082,74407000.0,41323000.0,12786000.0,-0.39,-0.42,-0.39,47271000.0,,47271000.0,1121876441.0,27.0,15.078,67569000.0,1.763,1.0,400911000.0,0.443,182751000.0,28537000.0,636214000.0,,100895000.0,0.0,0.0,0.0,681070000.0,257990000.0,423080000.0,769020441.0,-16741000.0,-9463000.0,96604000.0,-161732000.0,0.0,-65128000.0,-17601000.0,0.0,67267000.0,-1279000.0,-10584000.0,-10584000.0,-10584000.0,0.0,0.0,-0.012,327632000.0,73279000.0,33607000.0,0.0,16.268,-72.659,-51.436,220574000.0,0.0,20.06,0.85,0.85,161505000.0,-205917000.0,904702000.0,904702000.0,47122000.0,,,,0.046,0.0,263589000.0,1.0,38336014.0,38336014.0,40640515.0,23.599,549093000.0,13214000.0,23370000.0,67393000.0,14.323,48362000.0
93,MTD,MRT,1998-03-31,1998-03-31,1998-03-31,2021-07-30,-33773000.0,735138000.0,,306949000.0,428189000.0,,0.885,1060000.0,21303000.0,21303000.0,500408000.0,-57146000.0,1.167,20.563,374159000.0,54952000.0,319207000.0,374159000.0,0.0,32552000.0,0.0,0.0,0.0,-2521000.0,30031000.0,0.033,30031000.0,-2521000.0,-34878000.0,-1.84,-1.85,-1.84,33926000.0,,33926000.0,1223874173.0,-485.0,40.754,60789000.0,1.586,1.0,396260000.0,0.442,182323000.0,32357000.0,642576000.0,,101020000.0,0.0,0.0,0.0,697625000.0,263095000.0,434530000.0,850676173.0,-19296000.0,-83042000.0,96904000.0,-83326000.0,0.0,13578000.0,-91068000.0,0.0,59729000.0,-1535000.0,-57146000.0,-57146000.0,-57146000.0,0.0,0.0,-0.064,357206000.0,39054000.0,32166000.0,0.0,25.074,-14.886,-12.06,224230000.0,0.0,22.19,0.949,0.949,152396000.0,-217314000.0,896668000.0,896668000.0,47514000.0,,,,-0.003,0.0,265316000.0,1.0,38336015.0,38336014.0,40600109.0,23.39,552815000.0,12856000.0,22268000.0,66792000.0,14.42,43854000.0
94,MTD,MRT,1997-12-31,1997-12-31,1997-12-31,2021-07-30,-35462000.0,749313000.0,760600500.0,309882000.0,439431000.0,1.155,0.803,-6338000.0,23566000.0,23566000.0,493480000.0,-65106000.0,1.176,28.362,396764000.0,56430000.0,340334000.0,396764000.0,0.0,31835000.0,0.0,0.0,0.0,-11693000.0,20142000.0,0.023,20142000.0,-11693000.0,-47617000.0,-2.06,-2.06,-2.06,25399000.0,18912500.0,25399000.0,,,,49311000.0,1.56,1.0,384935000.0,0.438,183318000.0,35924000.0,675610000.0,725123500.0,101047000.0,0.0,0.0,0.0,720365000.0,263583000.0,456782000.0,661296259.0,-37130000.0,-80469000.0,96904000.0,-88956000.0,0.0,7948000.0,-95991000.0,0.0,55649000.0,-4736000.0,-65106000.0,-65106000.0,-65106000.0,0.0,0.0,-0.074,354963000.0,29972000.0,39342000.0,0.0,26.036,-10.157,-8.374,235262000.0,0.0,17.25,0.753,0.621,153619000.0,-224152000.0,878415000.0,878415000.0,47551000.0,-0.086,-3.442,-0.016,-0.013,0.0,260397000.0,1.0,38336015.0,31617071.0,31617071.0,27.783,565995000.0,0.0,17489000.0,58704000.0,17.902,46299000.0
95,MTD,MRT,1997-09-30,1997-09-30,1997-09-30,2021-07-30,,,,,,,,,,,,,,,,,,,,,,,0.0,,,,,,,,,,,,,,,,,,1.0,,,,,,,,,,,,,,,,,,,,,,,,,,,,,,,,,,,,,,,,,,,,,,,,,,,,,,1.0,,30670134.0,,,,,,,,
96,MTD,MRT,1997-06-30,1997-06-30,1997-06-30,2021-07-30,,,,,,,,,,,,,,,,,,,,,,,0.0,,,,,,,,,,,,,,,,,,1.0,,,,,,,,,,,,,,,,,,,,,,,,,,,,,,,,,,,,,,,,,,,,,,,,,,,,,,1.0,,30702367.0,,,,,,,,
97,MTD,MRT,1997-03-31,1997-03-31,1997-03-31,2021-07-30,,,,,,,,,,,,,,,,,,,,,,,0.0,,,,,,,,,,,,,,,,,,1.0,,,,,,,,,,,,,,,,,,,,,,,,,,,,,,,,,,,,,,,,,,,,,,,,,,,,,,1.0,,30686065.0,,,,,,,,
98,MTD,MRT,1996-12-31,1996-12-31,1996-12-31,2021-07-30,-16637000.0,771888000.0,,339216000.0,432672000.0,,0.405,-11192000.0,60696000.0,60696000.0,136820000.0,-159046000.0,1.329,60.865,454204000.0,80446000.0,373758000.0,454204000.0,0.0,8990000.0,0.0,,0.0,-151246000.0,-142256000.0,-0.761,-142256000.0,-151246000.0,-159984000.0,-5.18,-5.18,-5.18,12426000.0,,12426000.0,,,,-1608000.0,-0.052,1.0,50092000.0,0.268,135490000.0,8738000.0,774637000.0,,102526000.0,0.0,0.0,0.0,756304000.0,255269000.0,501035000.0,,24597000.0,-314962000.0,188108000.0,414170000.0,0.0,336925000.0,-321297000.0,0.0,9584000.0,-615000.0,-159046000.0,-159046000.0,-159046000.0,0.0,0.0,-0.851,201430000.0,-151338000.0,32797000.0,0.0,,,,255292000.0,0.0,,,,151161000.0,-159046000.0,186912000.0,186912000.0,9805000.0,,,,-0.809,0.0,59353000.0,1.0,,30686065.0,30686065.0,6.091,636398000.0,11481000.0,-938000.0,57179000.0,20.739,83947000.0
99,MTD,MRT,1995-12-31,1995-12-31,1995-12-31,2021-07-30,,,,,,,,-21858000.0,,,,,,,,,,,,33363000.0,,,0.0,,,,,,,,,,,,,,,,29811000.0,,1.0,,,,,,,,,,,,,,,-22400000.0,0.0,0.0,-11710000.0,0.0,-49071000.0,-29342000.0,0.0,51669000.0,4344000.0,,,,,,,,,,,,,,,,,,,,,,,,,,,,0.0,,1.0,,,,,,,,,,
