None,ticker,dimension,calendardate,datekey,reportperiod,lastupdated,accoci,assets,assetsavg,assetsc,assetsnc,assetturnover,bvps,capex,cashneq,cashnequsd,cor,consolinc,currentratio,de,debt,debtc,debtnc,debtusd,deferredrev,depamor,deposits,divyield,dps,ebit,ebitda,ebitdamargin,ebitdausd,ebitusd,ebt,eps,epsdil,epsusd,equity,equityavg,equityusd,ev,evebit,evebitda,fcf,fcfps,fxusd,gp,grossmargin,intangibles,intexp,invcap,invcapavg,inventory,investments,investmentsc,investmentsnc,liabilities,liabilitiesc,liabilitiesnc,marketcap,ncf,ncfbus,ncfcommon,ncfdebt,ncfdiv,ncff,ncfi,ncfinv,ncfo,ncfx,netinc,netinccmn,netinccmnusd,netincdis,netincnci,netmargin,opex,opinc,payables,payoutratio,pb,pe,pe1,ppnenet,prefdivis,price,ps,ps1,receivables,retearn,revenue,revenueusd,rnd,roa,roe,roic,ros,sbcomp,sgna,sharefactor,sharesbas,shareswa,shareswadil,sps,tangibles,taxassets,taxexp,taxliabilities,tbvps,workingcapital
0,APD,MRY,2020-12-31,2020-09-30,2020-09-30,2021-09-07,-2140100000.0,25168500000.0,22275850000.0,8684900000.0,16483600000.0,0.398,54.61,-2509000000.0,5253000000.0,5253000000.0,5858100000.0,1931100000.0,3.594,1.053,7907800000.0,477700000.0,7430100000.0,7907800000.0,0.0,1185000000.0,0.0,0.017,5.18,2474400000.0,3659400000.0,0.413,3659400000.0,2474400000.0,2365100000.0,8.53,8.49,8.53,12079800000.0,11666750000.0,12079800000.0,70071898835.0,28.0,19.148,755700000.0,3.416,1.0,2998200000.0,0.339,1327300000.0,109300000.0,24079300000.0,21131450000.0,404800000.0,3353400000.0,1104900000.0,2248500000.0,12725400000.0,2416700000.0,10308700000.0,65795598835.0,3004300000.0,-207700000.0,34100000.0,4434300000.0,-1103600000.0,3284700000.0,-3560000000.0,-847200000.0,3264700000.0,14900000.0,1886700000.0,1886700000.0,1886700000.0,14300000.0,44400000.0,0.213,760600000.0,2237600000.0,1833200000.0,0.607,5.447,34.873,34.919,11964700000.0,0.0,297.86,7.429,7.44,1757700000.0,14875700000.0,8856300000.0,8856300000.0,83900000.0,0.085,0.162,0.117,0.279,53500000.0,775900000.0,1.0,220894376.0,221200000,222300000.0,40.038,23841200000.0,0.0,478400000.0,1068400000.0,107.781,6268200000.0
1,APD,MRY,2019-12-31,2019-09-30,2019-09-30,2021-09-07,-2375600000.0,18942800000.0,19215300000.0,4618300000.0,14324500000.0,0.464,50.175,-1989700000.0,2248700000.0,2248700000.0,5975500000.0,1809400000.0,2.536,0.683,3326000000.0,98600000.0,3227400000.0,3326000000.0,0.0,1082800000.0,0.0,0.021,4.58,2377100000.0,3459900000.0,0.388,3459900000.0,2377100000.0,2240100000.0,7.99,7.94,7.99,11053600000.0,11122075000.0,11053600000.0,50010891139.0,21.0,14.454,980200000.0,4.449,1.0,2943400000.0,0.33,1216600000.0,137000000.0,16982600000.0,16925600000.0,388300000.0,2332200000.0,166000000.0,2166200000.0,7554500000.0,1820900000.0,5733600000.0,48887991139.0,-542600000.0,-138900000.0,68100000.0,-424700000.0,-994000000.0,-1370500000.0,-2113400000.0,29500000.0,2969900000.0,-28600000.0,1760000000.0,1760000000.0,1760000000.0,0.0,49400000.0,0.197,828100000.0,2115300000.0,1635700000.0,0.573,4.423,27.777,27.767,10337600000.0,0.0,221.86,5.481,5.48,1737900000.0,14138400000.0,8918900000.0,8918900000.0,72900000.0,0.092,0.158,0.14,0.267,41200000.0,750000000.0,1.0,220355139.0,220300000,221600000.0,40.485,17726200000.0,0.0,480100000.0,880400000.0,80.464,2797400000.0
2,APD,MRY,2018-12-31,2018-09-30,2018-09-30,2021-09-07,-1741900000.0,19178300000.0,18776050000.0,5082200000.0,14096100000.0,0.476,49.51,-1568400000.0,2791300000.0,2791300000.0,6189500000.0,1532900000.0,2.173,0.737,3812600000.0,460900000.0,3351700000.0,3812600000.0,0.0,970700000.0,0.0,0.031,5.2,2152600000.0,3123300000.0,0.35,3123300000.0,2152600000.0,2022100000.0,6.83,6.78,6.83,10857500000.0,10534900000.0,10857500000.0,37514170457.0,17.0,12.011,978800000.0,4.463,1.0,2740700000.0,0.307,1227400000.0,130500000.0,16633900000.0,16329675000.0,396100000.0,2475200000.0,184700000.0,2290500000.0,8002000000.0,2338300000.0,5663700000.0,36629470457.0,-482300000.0,-345400000.0,76200000.0,-496700000.0,-897800000.0,-1359800000.0,-1641600000.0,266700000.0,2547200000.0,-33900000.0,1497800000.0,1497800000.0,1497800000.0,-42200000.0,35100000.0,0.168,775100000.0,1965600000.0,1817800000.0,0.761,3.374,24.456,24.458,9923700000.0,0.0,167.05,4.102,4.102,1580500000.0,13409900000.0,8930200000.0,8930200000.0,64500000.0,0.08,0.142,0.132,0.241,38800000.0,760800000.0,1.0,219272496.0,219300000,220800000.0,40.721,17950900000.0,0.0,524300000.0,834700000.0,81.855,2743900000.0
3,APD,MRY,2017-12-31,2017-09-30,2017-09-30,2021-09-07,-1847400000.0,18467200000.0,17537175000.0,5876700000.0,12590500000.0,0.467,46.267,-1039700000.0,3273600000.0,3273600000.0,5751500000.0,3021200000.0,2.361,0.821,3962800000.0,560400000.0,3402400000.0,3962800000.0,0.0,865800000.0,0.0,0.024,3.62,3381900000.0,4247700000.0,0.519,4247700000.0,3381900000.0,3261300000.0,13.76,13.65,13.76,10086200000.0,8994375000.0,10086200000.0,34552913340.0,10.0,8.134,1488700000.0,6.829,1.0,2436100000.0,0.298,1089800000.0,120600000.0,15577600000.0,15765625000.0,335400000.0,2822700000.0,404000000.0,2418700000.0,8281700000.0,2489000000.0,5792700000.0,32959513340.0,1942800000.0,-16300000.0,68400000.0,-1280100000.0,-787900000.0,-2040900000.0,-1412000000.0,-359400000.0,2528400000.0,13400000.0,3000400000.0,3000400000.0,3000400000.0,-1866000000.0,20800000.0,0.366,996100000.0,1440000000.0,1814300000.0,0.263,3.268,10.985,10.99,8440200000.0,0.0,151.22,4.026,4.026,1662100000.0,12846600000.0,8187600000.0,8187600000.0,57600000.0,0.171,0.334,0.215,0.413,39900000.0,713500000.0,1.0,217957369.0,218000000,219800000.0,37.558,17377400000.0,0.0,260900000.0,877000000.0,79.713,3387700000.0
4,APD,MRY,2016-12-31,2016-09-30,2016-09-30,2021-09-07,-2388300000.0,18028600000.0,17295800000.0,4317300000.0,13711300000.0,0.434,32.715,-907700000.0,1293200000.0,1293200000.0,5177300000.0,661500000.0,1.315,1.528,5210900000.0,1301200000.0,3909700000.0,5210900000.0,0.0,854600000.0,0.0,0.017,2.53,1178900000.0,2033500000.0,0.271,2033500000.0,1178900000.0,1063700000.0,2.92,2.89,2.92,7079600000.0,7102175000.0,7079600000.0,37724982499.0,32.0,18.552,1351100000.0,6.244,1.0,2326400000.0,0.31,1233000000.0,115200000.0,17430200000.0,17210900000.0,255000000.0,2505300000.0,0.0,2505300000.0,10815200000.0,3283100000.0,7532100000.0,32556082499.0,1294900000.0,0.0,141300000.0,-237700000.0,-721200000.0,-860200000.0,-864800000.0,44600000.0,2258800000.0,7500000.0,631100000.0,631100000.0,631100000.0,460500000.0,30400000.0,0.084,791300000.0,1535100000.0,1652200000.0,0.866,4.599,51.586,51.486,8259700000.0,0.0,150.34,4.339,4.336,1749000000.0,10475500000.0,7503700000.0,7503700000.0,71800000.0,0.036,0.089,0.068,0.157,31000000.0,683800000.0,1.0,216549704.0,216400000,218300000.0,34.675,16795600000.0,0.0,432600000.0,828300000.0,77.614,1034200000.0
5,APD,MRY,2015-12-31,2015-09-30,2015-09-30,2021-09-07,-2125900000.0,17334500000.0,17533800000.0,2793500000.0,14541000000.0,0.446,33.732,-1162400000.0,206400000.0,206400000.0,5598200000.0,1317600000.0,0.767,1.373,5879000000.0,1929900000.0,3949100000.0,5879000000.0,0.0,858500000.0,0.0,0.025,3.2,1680900000.0,2539400000.0,0.325,2539400000.0,1680900000.0,1578100000.0,5.95,5.88,5.95,7249000000.0,7379750000.0,7249000000.0,33075361099.0,20.0,13.025,884600000.0,4.116,1.0,2226100000.0,0.285,1639600000.0,102800000.0,17723100000.0,18388575000.0,657800000.0,2615900000.0,0.0,2615900000.0,9953400000.0,3644400000.0,6309000000.0,27427461099.0,-130200000.0,-38800000.0,121300000.0,-73900000.0,-677500000.0,-960400000.0,-1146700000.0,55300000.0,2047000000.0,-22900000.0,1277900000.0,1277900000.0,1277900000.0,-351700000.0,39700000.0,0.163,992900000.0,1233200000.0,1641700000.0,0.538,3.784,21.463,21.442,8745100000.0,0.0,127.58,3.505,3.504,1860500000.0,10580400000.0,7824300000.0,7824300000.0,76400000.0,0.073,0.173,0.091,0.215,39500000.0,773000000.0,1.0,214982451.0,214900000,217300000.0,36.409,15694900000.0,0.0,300200000.0,859200000.0,73.034,-850900000.0
6,APD,MRY,2014-12-31,2014-09-30,2014-09-30,2021-09-07,-1241900000.0,17779100000.0,17993375000.0,3294800000.0,14484300000.0,0.58,34.63,-1362700000.0,336600000.0,336600000.0,7629900000.0,993100000.0,1.112,1.354,6118500000.0,1294000000.0,4824500000.0,6118500000.0,0.0,956900000.0,0.0,0.023,3.02,1486200000.0,2443100000.0,0.234,2443100000.0,1486200000.0,1361100000.0,4.66,4.61,4.66,7365800000.0,7424350000.0,7365800000.0,33528786820.0,23.0,13.724,827400000.0,3.89,1.0,2809100000.0,0.269,1853100000.0,125100000.0,18744900000.0,18501850000.0,706000000.0,2672800000.0,0.0,2672800000.0,9970500000.0,2963000000.0,7007500000.0,27730386820.0,-113800000.0,2000000.0,141600000.0,1100000.0,-627700000.0,-504300000.0,-1316500000.0,45600000.0,2190100000.0,-11300000.0,991700000.0,991700000.0,991700000.0,2900000.0,1400000.0,0.095,1470000000.0,1339100000.0,1591000000.0,0.648,3.765,27.962,27.936,9532100000.0,0.0,130.18,2.656,2.652,2164400000.0,9993200000.0,10439000000.0,10439000000.0,139800000.0,0.055,0.134,0.08,0.142,44000000.0,1054700000.0,1.0,213015723.0,212700000,215200000.0,49.079,15926000000.0,0.0,369400000.0,1073500000.0,74.875,331800000.0
7,APD,MRY,2013-12-31,2013-09-30,2013-09-30,2021-09-07,-1020600000.0,17850100000.0,17488925000.0,3439100000.0,14411000000.0,0.582,33.582,-1524200000.0,450400000.0,450400000.0,7472100000.0,1032500000.0,1.066,1.459,6273600000.0,1217300000.0,5056300000.0,6273600000.0,0.0,907000000.0,0.0,0.026,2.77,1443900000.0,2350900000.0,0.231,2350900000.0,1443900000.0,1302100000.0,4.74,4.68,4.74,7042100000.0,6561925000.0,7042100000.0,28053448004.0,19.0,11.933,28900000.0,0.138,1.0,2708300000.0,0.266,2371100000.0,141800000.0,18074600000.0,17596925000.0,706100000.0,2672400000.0,0.0,2672400000.0,10275400000.0,3227600000.0,7047800000.0,22341948004.0,-4000000.0,-223600000.0,-235200000.0,927400000.0,-565600000.0,115400000.0,-1697000000.0,52800000.0,1553100000.0,11400000.0,994200000.0,994200000.0,994200000.0,10000000.0,38300000.0,0.098,1383900000.0,1324400000.0,1944900000.0,0.584,3.173,22.472,22.483,8974000000.0,0.0,106.57,2.195,2.195,2159000000.0,9646400000.0,10180400000.0,10180400000.0,133700000.0,0.057,0.152,0.082,0.142,43500000.0,1066300000.0,1.0,209645754.0,209700000,212300000.0,48.547,15479000000.0,0.0,307900000.0,890200000.0,73.815,211500000.0
8,APD,MRY,2012-12-31,2012-09-30,2012-09-30,2021-09-07,-1348800000.0,16941800000.0,15292450000.0,3415800000.0,13526000000.0,0.629,30.669,-1521000000.0,454400000.0,454400000.0,7051900000.0,1193300000.0,1.27,1.532,5291900000.0,707700000.0,4584200000.0,5291900000.0,0.0,840800000.0,0.0,0.03,2.5,1578300000.0,2419100000.0,0.252,2419100000.0,1578300000.0,1454600000.0,5.53,5.44,5.53,6477200000.0,6290625000.0,6477200000.0,21363822174.0,14.0,8.831,244100000.0,1.156,1.0,2559800000.0,0.266,2360000000.0,123700000.0,16729400000.0,15727475000.0,786600000.0,2504600000.0,0.0,2504600000.0,9926000000.0,2689900000.0,7236100000.0,17508122174.0,31900000.0,-1038800000.0,71200000.0,419600000.0,-514900000.0,-78400000.0,-2435200000.0,52500000.0,1765100000.0,-18600000.0,1167300000.0,1167300000.0,1167300000.0,-168100000.0,26000000.0,0.121,1277400000.0,1282400000.0,1927700000.0,0.452,2.703,14.999,14.955,8240600000.0,0.0,82.7,1.822,1.817,2077500000.0,9234500000.0,9611700000.0,9611700000.0,126400000.0,0.076,0.186,0.1,0.164,43800000.0,946800000.0,1.0,211706435.0,211200000,214700000.0,45.51,14581800000.0,0.0,287300000.0,719300000.0,69.043,725900000.0
9,APD,MRY,2011-12-31,2011-09-30,2011-09-30,2021-09-07,-1253400000.0,14290700000.0,14005650000.0,3189800000.0,11100900000.0,0.691,27.21,-1309300000.0,421400000.0,421400000.0,7098300000.0,1261500000.0,1.362,1.441,4561500000.0,634000000.0,3927500000.0,4561500000.0,0.0,834300000.0,0.0,0.029,2.23,1715000000.0,2549300000.0,0.264,2549300000.0,1715000000.0,1599500000.0,5.75,5.63,5.75,5795800000.0,5915800000.0,5795800000.0,20344564461.0,12.0,7.98,401100000.0,1.883,1.0,2575400000.0,0.266,1056700000.0,115500000.0,15032100000.0,14690525000.0,670200000.0,2054400000.0,0.0,2054400000.0,8352000000.0,2342000000.0,6010000000.0,16276964461.0,48200000.0,38100000.0,-501000000.0,457000000.0,-456700000.0,-484600000.0,-1169800000.0,81600000.0,1710400000.0,-8300000.0,1224200000.0,1224200000.0,1224200000.0,-89900000.0,37300000.0,0.127,1018800000.0,1556600000.0,1599700000.0,0.388,2.808,13.296,13.282,7222700000.0,0.0,76.37,1.683,1.682,1777500000.0,8599500000.0,9673700000.0,9673700000.0,118800000.0,0.087,0.207,0.117,0.177,44800000.0,941700000.0,1.0,213132964.0,213000000,217600000.0,45.416,13234000000.0,0.0,375300000.0,623200000.0,62.131,847800000.0
10,APD,MRY,2010-12-31,2010-09-30,2010-09-30,2021-09-07,-1159400000.0,13505900000.0,13143100000.0,3033800000.0,10472100000.0,0.656,26.14,-988700000.0,374300000.0,374300000.0,6288900000.0,1054500000.0,1.352,1.408,4128300000.0,468500000.0,3659800000.0,4128300000.0,0.0,826800000.0,0.0,0.023,1.92,1456700000.0,2283500000.0,0.265,2283500000.0,1456700000.0,1334800000.0,4.85,4.74,4.85,5546900000.0,5269450000.0,5546900000.0,21384961749.0,15.0,9.365,496300000.0,2.339,1.0,2327200000.0,0.27,1200300000.0,121900000.0,13815500000.0,13645950000.0,571600000.0,1683200000.0,0.0,1683200000.0,7808300000.0,2244100000.0,5564200000.0,17602261749.0,-113900000.0,-111600000.0,88100000.0,-284400000.0,-398700000.0,-579300000.0,-1014300000.0,52400000.0,1485000000.0,-100000.0,1029100000.0,1029100000.0,1029100000.0,-87500000.0,25400000.0,0.119,1006400000.0,1320800000.0,1702000000.0,0.396,3.173,17.105,17.076,7051300000.0,0.0,82.82,2.043,2.04,2017600000.0,7852200000.0,8616100000.0,8616100000.0,114700000.0,0.078,0.195,0.107,0.169,48600000.0,886600000.0,1.0,212536365.0,212200000,217100000.0,40.604,12305600000.0,0.0,305700000.0,408700000.0,57.991,789700000.0
11,APD,MRY,2009-12-31,2009-09-30,2009-09-30,2021-09-07,-1161800000.0,13029100000.0,12351275000.0,2997800000.0,10031300000.0,0.668,22.829,-1179100000.0,488200000.0,488200000.0,6042100000.0,642700000.0,1.197,1.69,4501500000.0,785900000.0,3715600000.0,4501500000.0,0.0,840300000.0,0.0,0.023,1.79,938500000.0,1778800000.0,0.215,1778800000.0,938500000.0,816600000.0,3.01,2.96,3.01,4791900000.0,4771100000.0,4791900000.0,20373037200.0,22.0,11.453,150300000.0,0.716,1.0,2214100000.0,0.268,1178600000.0,121900000.0,13360200000.0,13153325000.0,509600000.0,1555100000.0,0.0,1555100000.0,8099100000.0,2503600000.0,5595500000.0,16298137200.0,384700000.0,-6200000.0,54400000.0,404900000.0,-373300000.0,95000000.0,-1040400000.0,57900000.0,1329400000.0,700000.0,631300000.0,631300000.0,631300000.0,8600000.0,11400000.0,0.076,1390800000.0,823300000.0,1674800000.0,0.595,3.401,25.817,25.774,6859600000.0,0.0,77.58,1.974,1.972,1900300000.0,7234600000.0,8256200000.0,8256200000.0,116300000.0,0.051,0.132,0.071,0.114,60400000.0,943400000.0,1.0,210081686.0,209900000,213500000.0,39.334,11850500000.0,0.0,185300000.0,400800000.0,56.458,494200000.0
12,APD,MRY,2008-12-31,2008-09-30,2008-09-30,2021-09-07,-549300000.0,12571300000.0,12972475000.0,2848100000.0,9723200000.0,0.803,23.707,-1085100000.0,103500000.0,103500000.0,7693100000.0,938100000.0,1.288,1.472,3966800000.0,451400000.0,3515400000.0,3966800000.0,1049200000.0,869000000.0,0.0,0.025,1.7,1437000000.0,2306000000.0,0.221,2306000000.0,1437000000.0,1275000000.0,4.29,4.15,4.29,5030700000.0,5431675000.0,5030700000.0,18412585921.0,13.0,7.985,573700000.0,2.704,1.0,2721400000.0,0.261,1217700000.0,162000000.0,13004900000.0,13286725000.0,503700000.0,1327900000.0,0.0,1327900000.0,7404400000.0,2212000000.0,5192400000.0,14508785921.0,63000000.0,348800000.0,-706000000.0,305500000.0,-349300000.0,-677700000.0,-919800000.0,19600000.0,1658800000.0,1700000.0,909700000.0,909700000.0,909700000.0,175400000.0,28400000.0,0.087,1251400000.0,1470000000.0,1665600000.0,0.396,2.884,15.949,15.965,6614800000.0,0.0,68.49,1.393,1.396,2076600000.0,6990200000.0,10414500000.0,10414500000.0,130700000.0,0.07,0.167,0.108,0.138,61400000.0,1090400000.0,1.0,211838019.0,212200000,219200000.0,49.079,11353600000.0,0.0,365300000.0,713600000.0,53.504,636100000.0
13,APD,MRY,2007-12-31,2007-09-30,2007-09-30,2021-09-07,-142900000.0,12659500000.0,12151575000.0,2858400000.0,9801100000.0,0.753,25.419,-1013200000.0,40500000.0,40500000.0,6698900000.0,1035600000.0,1.18,1.271,3667800000.0,693100000.0,2974700000.0,3667800000.0,872000000.0,789800000.0,0.0,0.015,1.48,1485200000.0,2275000000.0,0.249,2275000000.0,1485200000.0,1322800000.0,4.79,4.64,4.79,5495600000.0,5334975000.0,5495600000.0,24872943120.0,17.0,10.933,486700000.0,2.251,1.0,2449300000.0,0.268,1167300000.0,162400000.0,12696800000.0,11923525000.0,476700000.0,1104200000.0,0.0,1104200000.0,6986600000.0,2422700000.0,4563900000.0,21125743120.0,9500000.0,-539300000.0,-372400000.0,605000000.0,-312000000.0,-14900000.0,-1483100000.0,97200000.0,1499900000.0,7600000.0,1035600000.0,1035600000.0,1035600000.0,-16000000.0,0.0,0.113,1116000000.0,1333300000.0,1543200000.0,0.309,3.844,20.4,20.409,6528800000.0,0.0,97.76,2.309,2.31,2011300000.0,6458500000.0,9148200000.0,9148200000.0,129000000.0,0.085,0.194,0.125,0.162,70900000.0,999800000.0,1.0,216098027.0,216200000,223200000.0,42.314,11492200000.0,0.0,287200000.0,814200000.0,53.155,435700000.0
14,APD,MRY,2006-12-31,2006-09-30,2006-09-30,2021-09-07,-221700000.0,11180700000.0,11032225000.0,2612600000.0,8568100000.0,0.715,22.21,-1208700000.0,35200000.0,35200000.0,5817000000.0,723400000.0,1.124,1.235,2849800000.0,569600000.0,2280200000.0,2849800000.0,642000000.0,704700000.0,0.0,0.02,1.34,1103800000.0,1808500000.0,0.229,1808500000.0,1103800000.0,985400000.0,3.26,3.18,3.26,4924000000.0,4911775000.0,4924000000.0,17542869431.0,16.0,9.7,138800000.0,0.626,1.0,2068000000.0,0.262,1096900000.0,118400000.0,10575000000.0,10692125000.0,492300000.0,728300000.0,0.0,728300000.0,6078700000.0,2323400000.0,3755300000.0,14623869431.0,-19300000.0,61700000.0,-379400000.0,243600000.0,-293600000.0,-422600000.0,-946700000.0,214200000.0,1347500000.0,2500000.0,723400000.0,723400000.0,723400000.0,4500000.0,0.0,0.092,1026100000.0,1041900000.0,1647500000.0,0.411,2.97,20.215,20.359,6111700000.0,0.0,66.37,1.855,1.866,1997900000.0,5743500000.0,7885000000.0,7885000000.0,139900000.0,0.066,0.147,0.103,0.14,76200000.0,891500000.0,1.0,220338548.0,221700000,227500000.0,35.566,10083800000.0,0.0,262000000.0,931800000.0,45.484,289200000.0
15,APD,MRY,2005-12-31,2005-09-30,2005-09-30,2021-09-07,-433200000.0,10408800000.0,10519825000.0,2414700000.0,7994100000.0,0.729,20.14,-917200000.0,55800000.0,55800000.0,5571500000.0,711700000.0,1.243,1.243,2493700000.0,447000000.0,2046700000.0,2493700000.0,821600000.0,699600000.0,0.0,0.023,1.25,1080600000.0,1780200000.0,0.232,1780200000.0,1080600000.0,970600000.0,3.15,3.08,3.15,4545500000.0,4702825000.0,4545500000.0,14657093785.0,14.0,8.233,386600000.0,1.713,1.0,2101500000.0,0.274,977000000.0,110000000.0,9926500000.0,9980400000.0,453500000.0,663700000.0,0.0,663700000.0,5652200000.0,1943200000.0,3709000000.0,12224293785.0,-90500000.0,-107700000.0,-362500000.0,168900000.0,-276200000.0,-469800000.0,-961200000.0,59700000.0,1303800000.0,-200000.0,711700000.0,711700000.0,711700000.0,-7100000.0,0.0,0.093,1110700000.0,990800000.0,1352600000.0,0.397,2.689,17.176,17.505,5777700000.0,0.0,55.14,1.593,1.622,1804700000.0,5317200000.0,7673000000.0,7673000000.0,132300000.0,0.068,0.151,0.108,0.141,18000000.0,1008100000.0,1.0,221695571.0,225700000,231400000.0,33.996,9431800000.0,0.0,258900000.0,952700000.0,41.789,471500000.0
16,APD,MRY,2004-12-31,2004-09-30,2004-09-30,2021-09-07,-440700000.0,10040400000.0,9929875000.0,2416900000.0,7623500000.0,0.708,19.857,-686500000.0,146300000.0,146300000.0,5094700000.0,604100000.0,1.417,1.221,2393700000.0,280100000.0,2113600000.0,2393700000.0,820300000.0,697300000.0,0.0,0.019,1.04,954200000.0,1651500000.0,0.235,1651500000.0,954200000.0,833300000.0,2.7,2.64,2.7,4444000000.0,4203275000.0,4444000000.0,14730432271.0,15.0,8.919,401000000.0,1.792,1.0,1937200000.0,0.275,931900000.0,120900000.0,9650300000.0,9749300000.0,505900000.0,629800000.0,0.0,629800000.0,5427500000.0,1705600000.0,3721900000.0,12360132271.0,70100000.0,-103400000.0,146000000.0,-183900000.0,-218900000.0,-256800000.0,-743800000.0,46100000.0,1087500000.0,3700000.0,604100000.0,604100000.0,604100000.0,4300000.0,0.0,0.086,1050800000.0,886400000.0,1319600000.0,0.385,2.781,20.46,20.141,5702200000.0,0.0,54.38,1.758,1.731,1764700000.0,4887100000.0,7031900000.0,7031900000.0,126100000.0,0.061,0.144,0.098,0.136,6900000.0,956200000.0,1.0,227291877.0,223800000,228900000.0,31.42,9108500000.0,0.0,229200000.0,893900000.0,40.699,711300000.0
17,APD,MRY,2003-12-31,2003-09-30,2003-09-30,2021-09-07,-567200000.0,9473500000.0,8984775000.0,2109500000.0,7364000000.0,0.701,17.217,-612900000.0,76200000.0,76200000.0,4613100000.0,397300000.0,1.334,1.455,2510700000.0,342100000.0,2168600000.0,2510700000.0,1005900000.0,654800000.0,0.0,0.02,0.88,668000000.0,1322800000.0,0.21,1322800000.0,668000000.0,544500000.0,1.81,1.78,1.81,3782500000.0,3710125000.0,3782500000.0,12476600537.0,19.0,9.432,423100000.0,1.926,1.0,1684200000.0,0.267,829900000.0,123500000.0,9496900000.0,9324675000.0,483100000.0,553500000.0,0.0,553500000.0,5502900000.0,1581200000.0,3921700000.0,10249600537.0,-177500000.0,-535700000.0,76500000.0,-70600000.0,-188600000.0,-182700000.0,-1046600000.0,102100000.0,1036000000.0,15800000.0,397300000.0,397300000.0,397300000.0,0.0,0.0,0.063,1089700000.0,594500000.0,1123500000.0,0.486,2.71,25.798,24.917,5637100000.0,0.0,45.1,1.628,1.573,1271300000.0,4516600000.0,6297300000.0,6297300000.0,121100000.0,0.044,0.107,0.072,0.106,0.0,842600000.0,1.0,227263870.0,219700000,223600000.0,28.663,8643600000.0,0.0,147200000.0,862800000.0,39.343,528300000.0
18,APD,MRY,2002-12-31,2002-09-30,2002-09-30,2021-09-07,-566900000.0,8495000000.0,8160300000.0,1909300000.0,6585700000.0,0.662,15.932,-627600000.0,253700000.0,253700000.0,3815700000.0,525400000.0,1.52,1.402,2385000000.0,344000000.0,2041000000.0,2385000000.0,827400000.0,591100000.0,0.0,0.02,0.82,888500000.0,1479600000.0,0.274,1479600000.0,888500000.0,766200000.0,2.42,2.36,2.42,3460400000.0,3362850000.0,3460400000.0,11573686490.0,13.0,7.822,436300000.0,2.009,1.0,1585500000.0,0.294,502000000.0,122300000.0,8868100000.0,8731375000.0,392600000.0,484200000.0,0.0,484200000.0,4850200000.0,1256200000.0,3594000000.0,9545486490.0,187500000.0,-154000000.0,103800000.0,-313200000.0,-175600000.0,-385000000.0,-493600000.0,292900000.0,1063900000.0,2200000.0,525400000.0,525400000.0,525400000.0,0.0,0.0,0.097,824400000.0,761100000.0,839300000.0,0.339,2.758,18.168,17.36,5377800000.0,0.0,42.01,1.767,1.689,1049000000.0,4312800000.0,5401200000.0,5401200000.0,120300000.0,0.064,0.156,0.102,0.165,0.0,718100000.0,1.0,227219388.0,217200000,222700000.0,24.867,7993000000.0,0.0,240800000.0,798500000.0,36.8,653100000.0
19,APD,MRY,2001-12-31,2001-09-30,2001-09-30,2021-09-07,-452500000.0,8084100000.0,8222175000.0,1684800000.0,6399300000.0,0.712,14.459,-708300000.0,66200000.0,66200000.0,4216400000.0,465600000.0,1.246,1.565,2477700000.0,450200000.0,2027500000.0,2477700000.0,702000000.0,573000000.0,0.0,0.02,0.78,847300000.0,1420300000.0,0.242,1420300000.0,847300000.0,656100000.0,2.17,2.12,2.17,3105800000.0,2980850000.0,3105800000.0,11569011617.0,14.0,8.145,375700000.0,1.749,1.0,1641400000.0,0.28,384700000.0,191200000.0,8758500000.0,9015875000.0,410500000.0,499500000.0,0.0,499500000.0,4860300000.0,1352400000.0,3507900000.0,8770211617.0,-27900000.0,-97500000.0,-100000.0,-667600000.0,-165200000.0,-832900000.0,-277700000.0,497000000.0,1084000000.0,-1300000.0,465600000.0,465600000.0,465600000.0,0.0,0.0,0.079,896000000.0,745400000.0,512200000.0,0.359,2.824,18.836,17.779,5118500000.0,0.0,38.58,1.497,1.415,981300000.0,3965900000.0,5857800000.0,5857800000.0,121800000.0,0.057,0.156,0.094,0.145,0.0,698700000.0,1.0,227325340.0,214800000,219300000.0,27.271,7699400000.0,0.0,190500000.0,826800000.0,35.845,332400000.0
20,APD,MRY,2000-12-31,2000-09-30,2000-09-30,2021-09-07,-407800000.0,8270500000.0,8480625000.0,1805000000.0,6465500000.0,0.661,13.221,-767700000.0,94100000.0,94100000.0,3968000000.0,124200000.0,1.313,1.891,3045000000.0,429200000.0,2615800000.0,3045000000.0,561300000.0,575700000.0,0.0,0.021,0.74,307200000.0,882900000.0,0.157,882900000.0,307200000.0,110500000.0,0.58,0.57,0.58,2821300000.0,2829400000.0,2821300000.0,11730886876.0,38.0,13.287,406300000.0,1.904,1.0,1641500000.0,0.293,742200000.0,196700000.0,9104400000.0,9407600000.0,388800000.0,466600000.0,0.0,466600000.0,5333700000.0,1374800000.0,3958900000.0,8254986876.0,32500000.0,-841800000.0,15000000.0,220800000.0,-155700000.0,80100000.0,-1227600000.0,381800000.0,1174000000.0,6000000.0,124200000.0,124200000.0,124200000.0,0.0,0.0,0.022,810700000.0,830800000.0,578400000.0,1.276,2.926,66.465,62.069,5256700000.0,0.0,36.0,1.472,1.37,1076100000.0,3667900000.0,5609500000.0,5609500000.0,124400000.0,0.015,0.044,0.033,0.055,0.0,714700000.0,1.0,229305191.0,213400000,216200000.0,26.286,7528300000.0,0.0,-13700000.0,791800000.0,35.278,430200000.0
21,APD,MRY,1999-12-31,1999-09-30,1999-09-30,2021-09-07,-274400000.0,8235500000.0,7940025000.0,1782400000.0,6453100000.0,0.635,13.957,-888900000.0,61600000.0,61600000.0,3501400000.0,450500000.0,0.959,1.738,2842200000.0,880600000.0,1961600000.0,2842200000.0,596100000.0,527200000.0,0.0,0.024,0.7,813000000.0,1340200000.0,0.266,1340200000.0,813000000.0,653900000.0,2.12,2.09,2.12,2961600000.0,2835600000.0,2961600000.0,9461565751.0,12.0,7.06,200000000.0,0.943,1.0,1538400000.0,0.305,738800000.0,159100000.0,8419500000.0,8691150000.0,424900000.0,521400000.0,0.0,521400000.0,5146600000.0,1857800000.0,3288800000.0,6707165751.0,100000.0,-221300000.0,22000000.0,94100000.0,-146200000.0,-30100000.0,-1060100000.0,45600000.0,1088900000.0,1400000.0,450500000.0,450500000.0,450500000.0,0.0,0.0,0.089,813700000.0,724700000.0,505800000.0,0.33,2.265,14.888,13.797,5192900000.0,0.0,29.25,1.331,1.232,974500000.0,3701800000.0,5039800000.0,5039800000.0,123100000.0,0.057,0.159,0.094,0.161,0.0,690600000.0,1.0,229304812.0,212200000,216000000.0,23.75,7496700000.0,0.0,203400000.0,795500000.0,35.328,-75400000.0
22,APD,MRY,1998-12-31,1998-09-30,1998-09-30,2021-09-07,-231500000.0,7489600000.0,7268050000.0,1641700000.0,5847900000.0,0.679,12.377,-770900000.0,61500000.0,61500000.0,3317000000.0,546800000.0,1.297,1.805,2697500000.0,423200000.0,2274300000.0,2697500000.0,570900000.0,489400000.0,0.0,0.022,0.64,986500000.0,1475900000.0,0.299,1475900000.0,986500000.0,823700000.0,2.54,2.48,2.54,2667300000.0,2622625000.0,2667300000.0,9397026256.0,10.0,6.367,202800000.0,0.941,1.0,1617500000.0,0.328,324900000.0,162800000.0,8535100000.0,8238625000.0,428600000.0,380400000.0,0.0,380400000.0,4813800000.0,1265600000.0,3548200000.0,6885326256.0,9000000.0,-214100000.0,-365000000.0,205900000.0,-134000000.0,-279900000.0,-684300000.0,328300000.0,973700000.0,-500000.0,546800000.0,546800000.0,546800000.0,0.0,0.0,0.111,771800000.0,845700000.0,478700000.0,0.252,2.581,12.592,11.713,4786100000.0,0.0,29.75,1.395,1.299,975200000.0,3400000000.0,4934500000.0,4934500000.0,112000000.0,0.075,0.208,0.12,0.2,0.0,659800000.0,1.0,231439538.0,215500000,220100000.0,22.898,7164700000.0,0.0,276900000.0,733900000.0,33.247,376100000.0
23,APD,MRY,1997-12-31,1997-09-30,1997-09-30,2021-09-07,-179200000.0,7244100000.0,7250300000.0,1624300000.0,5619800000.0,0.643,12.031,-870200000.0,0.0,0.0,3195300000.0,429300000.0,1.444,1.736,2468100000.0,176400000.0,2291700000.0,2468100000.0,449700000.0,459100000.0,0.0,0.014,0.575,791700000.0,1250800000.0,0.268,1250800000.0,791700000.0,630400000.0,1.95,1.91,1.95,2648100000.0,2598600000.0,2648100000.0,12425092183.0,16.0,9.934,163100000.0,0.741,1.0,1467400000.0,0.315,248600000.0,161300000.0,8339000000.0,8159500000.0,386500000.0,576800000.0,0.0,576800000.0,4596000000.0,1124600000.0,3471400000.0,9926692183.0,-26200000.0,-347300000.0,-135000000.0,270900000.0,-123800000.0,43500000.0,-1102900000.0,97600000.0,1033300000.0,-100000.0,429300000.0,429300000.0,429300000.0,0.0,0.0,0.092,741300000.0,726100000.0,616600000.0,0.295,3.749,23.123,21.282,4441200000.0,0.0,41.5,2.129,1.959,1000900000.0,2990200000.0,4662700000.0,4662700000.0,113700000.0,0.059,0.165,0.097,0.17,0.0,627600000.0,1.0,239197402.0,220100000,224900000.0,21.184,6995500000.0,0.0,201100000.0,745900000.0,31.783,499700000.0
24,APD,MRY,1996-12-31,1996-09-30,1996-09-30,2021-09-07,-29800000.0,6522400000.0,,1374700000.0,5147700000.0,,11.525,-951300000.0,78700000.0,78700000.0,2408100000.0,416400000.0,1.088,1.533,2194900000.0,456300000.0,1738600000.0,2194900000.0,363500000.0,412100000.0,0.0,0.018,0.535,738800000.0,1150900000.0,0.285,1150900000.0,738800000.0,609600000.0,1.86,1.83,1.86,2574600000.0,,2574600000.0,,,,-195400000.0,-0.875,1.0,1625300000.0,0.403,83500000.0,129200000.0,7291600000.0,,371100000.0,833600000.0,0.0,833600000.0,3947800000.0,1263500000.0,2684300000.0,,-8800000.0,-203600000.0,-100300000.0,512800000.0,-116700000.0,316100000.0,-1079900000.0,63200000.0,755900000.0,0.0,416400000.0,416400000.0,416400000.0,0.0,0.0,0.103,1034000000.0,591300000.0,526400000.0,0.288,,,15.659,3958500000.0,0.0,29.125,,1.613,785200000.0,2687200000.0,4033400000.0,4033400000.0,114100000.0,,,,0.183,0.0,919900000.0,1.0,,223400000,227100000.0,18.055,6438900000.0,0.0,193200000.0,621900000.0,28.822,111200000.0
25,APD,MRY,1995-12-31,1995-09-30,1995-09-30,2021-09-07,,,,,,,,-870300000.0,,,2317000000.0,368200000.0,,,,,,,,382200000.0,,0.019,0.505,653100000.0,1035300000.0,0.266,1035300000.0,653100000.0,552800000.0,1.645,1.645,1.645,,,,,,,-151400000.0,-0.675,1.0,1573800000.0,0.404,,100300000.0,,,,,,,,,,,-12400000.0,-75600000.0,-124100000.0,403400000.0,-115300000.0,181800000.0,-916300000.0,33600000.0,718900000.0,3200000.0,368200000.0,368200000.0,368200000.0,0.0,0.0,0.095,971900000.0,601900000.0,,0.307,,,15.845,,0.0,26.065,,1.502,,,3890800000.0,3890800000.0,103200000.0,,,,0.168,0.0,868700000.0,1.0,,224200000,224200000.0,17.354,,,184600000.0,,,
0,APD,MRQ,2021-06-30,2021-06-30,2021-06-30,2021-09-07,-1681900000.0,26252100000.0,,8376800000.0,17875300000.0,,59.038,-620000000.0,4291600000.0,4291600000.0,1801900000.0,532300000.0,3.106,0.975,7666100000.0,499900000.0,7166200000.0,7666100000.0,0.0,335700000.0,0.0,0.02,1.5,670900000.0,1006600000.0,0.386,1006600000.0,670900000.0,635300000.0,2.41,2.4,2.41,13082900000.0,,13082900000.0,65885785741.0,26.0,17.07,308600000.0,1.393,1.0,802800000.0,0.308,1375500000.0,35600000.0,25554000000.0,,447200000.0,3866400000.0,1524900000.0,2341500000.0,12760500000.0,2697100000.0,10063400000.0,63667685741.0,-1494700000.0,-15900000.0,3400000.0,-373700000.0,-332000000.0,-699900000.0,-1734800000.0,-1099900000.0,928600000.0,11400000.0,533600000.0,533600000.0,533600000.0,-8200000.0,-1300000.0,0.205,225700000.0,577100000.0,2118400000.0,0.622,4.866,32.229,32.251,13035600000.0,0.0,287.68,6.495,6.504,1980800000.0,15400200000.0,2604700000.0,2604700000.0,23200000.0,,,,,12200000.0,213300000.0,1.0,221314258.0,221600000,222500000.0,11.754,24876600000.0,0.0,101700000.0,1157000000.0,112.259,5679700000.0
1,APD,MRQ,2021-03-31,2021-03-31,2021-03-31,2021-09-07,-1824400000.0,26158900000.0,,8766600000.0,17392300000.0,,57.429,-563600000.0,5786300000.0,5786300000.0,1745500000.0,477100000.0,2.905,1.023,8004400000.0,888500000.0,7115900000.0,8004400000.0,0.0,329300000.0,0.0,0.02,1.5,631100000.0,960400000.0,0.384,960400000.0,631100000.0,595000000.0,2.13,2.13,2.13,12726200000.0,,12726200000.0,64472940233.0,26.0,17.278,242000000.0,1.092,1.0,756500000.0,0.302,1363800000.0,36100000.0,23995800000.0,,430300000.0,2736600000.0,409200000.0,2327400000.0,13024100000.0,3017400000.0,10006700000.0,62254040233.0,-1700000.0,-49800000.0,3100000.0,107100000.0,-296500000.0,-196100000.0,-601400000.0,12200000.0,805600000.0,-16500000.0,473100000.0,473100000.0,473100000.0,0.0,4000000.0,0.189,208000000.0,548500000.0,2042200000.0,0.704,4.892,32.967,32.982,12628300000.0,0.0,281.34,6.721,6.731,1934000000.0,15200000000.0,2502000000.0,2502000000.0,21100000.0,,,,,12600000.0,210300000.0,1.0,221276890.0,221600000,222500000.0,11.291,24795100000.0,0.0,121900000.0,1137500000.0,111.891,5749200000.0
2,APD,MRQ,2020-12-31,2020-12-31,2020-12-31,2021-09-07,-1713300000.0,26088100000.0,,8809800000.0,17278300000.0,,57.262,-664200000.0,5788000000.0,5788000000.0,1632400000.0,486700000.0,2.95,1.026,8006900000.0,915300000.0,7091600000.0,8006900000.0,0.0,323700000.0,0.0,0.02,1.34,632600000.0,956300000.0,0.403,956300000.0,632600000.0,595900000.0,2.18,2.17,2.18,12683600000.0,,12683600000.0,63043685466.0,25.0,16.986,110500000.0,0.499,1.0,742800000.0,0.313,1376400000.0,36700000.0,23944700000.0,,422900000.0,2748600000.0,412000000.0,2336600000.0,13016200000.0,2985900000.0,10030300000.0,60388885466.0,535000000.0,-20000000.0,1600000.0,3400000.0,-296200000.0,-307100000.0,18200000.0,699100000.0,774700000.0,49200000.0,482000000.0,482000000.0,482000000.0,-10300000.0,4700000.0,0.203,203700000.0,539100000.0,1962200000.0,0.615,4.761,31.899,31.918,12517100000.0,0.0,273.22,6.727,6.742,2008400000.0,15060500000.0,2375200000.0,2375200000.0,23500000.0,,,,,9800000.0,202700000.0,1.0,221026592.0,221500000,222600000.0,10.723,24711700000.0,0.0,113900000.0,1111400000.0,111.565,5823900000.0
3,APD,MRQ,2020-09-30,2020-09-30,2020-09-30,2021-09-07,-2140100000.0,25168500000.0,,8684900000.0,16483600000.0,,54.536,-463800000.0,5253000000.0,5253000000.0,1566500000.0,494700000.0,3.594,1.053,7907800000.0,477700000.0,7430100000.0,7907800000.0,0.0,310500000.0,0.0,0.017,1.34,625900000.0,936400000.0,0.404,936400000.0,625900000.0,586700000.0,2.2,2.19,2.2,12079800000.0,,12079800000.0,70071898835.0,28.0,19.148,787700000.0,3.556,1.0,753600000.0,0.325,1327300000.0,39200000.0,24079300000.0,,404800000.0,3353400000.0,1104900000.0,2248500000.0,12725400000.0,2416700000.0,10308700000.0,65795598835.0,1331600000.0,-183300000.0,10900000.0,-410000000.0,-296000000.0,-720800000.0,770900000.0,1417000000.0,1251500000.0,30000000.0,486800000.0,486800000.0,486800000.0,0.0,7900000.0,0.21,193400000.0,560200000.0,1833200000.0,0.609,5.447,34.873,34.919,11964700000.0,0.0,297.86,7.429,7.44,1757700000.0,14875700000.0,2320100000.0,2320100000.0,27100000.0,,,,,14100000.0,195600000.0,1.0,220894376.0,221500000,222300000.0,10.474,23841200000.0,0.0,99900000.0,1068400000.0,107.635,6268200000.0
4,APD,MRQ,2020-06-30,2020-06-30,2020-06-30,2021-09-07,-2353100000.0,24782100000.0,,9006500000.0,15775600000.0,,52.709,-1114600000.0,3921400000.0,3921400000.0,1344900000.0,457100000.0,3.476,1.094,8197700000.0,838900000.0,7358800000.0,8197700000.0,0.0,290600000.0,0.0,0.021,1.34,587900000.0,878500000.0,0.425,878500000.0,587900000.0,555800000.0,2.02,2.01,2.02,11659300000.0,,11659300000.0,54420063065.0,22.0,14.784,-339900000.0,-1.537,1.0,720300000.0,0.349,1180200000.0,32100000.0,25287200000.0,,410900000.0,4682400000.0,2515700000.0,2166700000.0,12758700000.0,2591000000.0,10167700000.0,53327563065.0,1701300000.0,-1700000.0,3000000.0,4881000000.0,-295900000.0,4543300000.0,-3624500000.0,-2509200000.0,774700000.0,7800000.0,446500000.0,446500000.0,446500000.0,0.0,10600000.0,0.216,181100000.0,539200000.0,1668500000.0,0.663,4.574,28.021,28.044,11468900000.0,0.0,241.46,6.047,6.056,1972600000.0,14686600000.0,2065200000.0,2065200000.0,19900000.0,,,,,12500000.0,176900000.0,1.0,220854647.0,221200000,222400000.0,9.336,23601900000.0,0.0,109300000.0,1025600000.0,106.699,6415500000.0
5,APD,MRQ,2020-03-31,2020-03-31,2020-03-31,2021-09-07,-2478200000.0,19501200000.0,,4688500000.0,14812700000.0,,51.41,-482900000.0,2220100000.0,2220100000.0,1460100000.0,490400000.0,2.595,0.684,3312600000.0,67400000.0,3245200000.0,3312600000.0,0.0,294700000.0,0.0,0.024,1.34,645600000.0,940300000.0,0.424,940300000.0,645600000.0,626300000.0,2.16,2.15,2.16,11371900000.0,,11371900000.0,44984731792.0,18.0,12.148,88600000.0,0.401,1.0,756200000.0,0.341,1163200000.0,19300000.0,17623600000.0,,399700000.0,2155400000.0,0.0,2155400000.0,7777500000.0,1806900000.0,5970600000.0,44049631792.0,-186000000.0,-15600000.0,14700000.0,-23500000.0,-256000000.0,-267500000.0,-445700000.0,52800000.0,571500000.0,-44300000.0,477800000.0,477800000.0,477800000.0,14300000.0,12600000.0,0.216,179000000.0,577200000.0,1649100000.0,0.62,3.874,22.652,22.683,10623700000.0,0.0,199.61,4.906,4.918,1939100000.0,14537200000.0,2216300000.0,2216300000.0,19200000.0,,,,,13000000.0,201700000.0,1.0,220678482.0,221200000,222300000.0,10.019,18338000000.0,0.0,148500000.0,934800000.0,82.902,2881600000.0
6,APD,MRQ,2019-12-31,2019-12-31,2019-12-31,2021-09-07,-2088600000.0,19651600000.0,,4719700000.0,14931900000.0,,52.313,-447700000.0,2406100000.0,2406100000.0,1486600000.0,488900000.0,2.595,0.668,3341200000.0,75600000.0,3265600000.0,3341200000.0,0.0,289200000.0,0.0,0.02,1.16,615000000.0,904200000.0,0.401,904200000.0,615000000.0,596300000.0,2.15,2.14,2.15,11556000000.0,,11556000000.0,52877068036.0,21.0,14.732,219300000.0,0.993,1.0,768100000.0,0.341,1232000000.0,18700000.0,17535700000.0,,400600000.0,2223100000.0,0.0,2223100000.0,7721800000.0,1819000000.0,5902800000.0,51799768036.0,157400000.0,-7100000.0,5500000.0,-13200000.0,-255700000.0,-270300000.0,-260700000.0,192200000.0,667000000.0,21400000.0,475600000.0,475600000.0,475600000.0,0.0,13300000.0,0.211,207100000.0,561000000.0,1630000000.0,0.54,4.482,27.435,27.484,10692200000.0,0.0,234.99,5.788,5.8,1814700000.0,14356900000.0,2254700000.0,2254700000.0,17700000.0,,,,,13900000.0,201700000.0,1.0,220433925.0,220900000,222200000.0,10.207,18419600000.0,0.0,120700000.0,923900000.0,83.384,2900700000.0
7,APD,MRQ,2019-09-30,2019-09-30,2019-09-30,2021-09-07,-2375600000.0,18942800000.0,,4618300000.0,14324500000.0,,50.107,-482100000.0,2248700000.0,2248700000.0,1490800000.0,518700000.0,2.536,0.683,3326000000.0,98600000.0,3227400000.0,3326000000.0,0.0,293600000.0,0.0,0.021,1.16,664500000.0,958100000.0,0.42,958100000.0,664500000.0,634400000.0,2.28,2.26,2.28,11053600000.0,,11053600000.0,50010891139.0,21.0,14.454,484400000.0,2.196,1.0,792400000.0,0.347,1216600000.0,30100000.0,16982600000.0,,388300000.0,2332200000.0,166000000.0,2166200000.0,7554500000.0,1820900000.0,5733600000.0,48887991139.0,-448100000.0,-16200000.0,4800000.0,-457000000.0,-255600000.0,-709700000.0,-677900000.0,-164500000.0,966500000.0,-27000000.0,503200000.0,503200000.0,503200000.0,0.0,15500000.0,0.22,189200000.0,603200000.0,1635700000.0,0.509,4.423,27.777,27.767,10337600000.0,0.0,221.86,5.481,5.48,1737900000.0,14138400000.0,2283200000.0,2283200000.0,22900000.0,,,,,10200000.0,181900000.0,1.0,220355139.0,220600000,222200000.0,10.35,17726200000.0,0.0,131200000.0,880400000.0,80.354,2797400000.0
8,APD,MRQ,2019-06-30,2019-06-30,2019-06-30,2021-09-07,-1781400000.0,19531900000.0,,4915200000.0,14616700000.0,,51.614,-544100000.0,2696800000.0,2696800000.0,1466000000.0,500200000.0,2.281,0.686,3819700000.0,546400000.0,3273300000.0,3819700000.0,0.0,269100000.0,0.0,0.02,1.16,631500000.0,900600000.0,0.405,900600000.0,631500000.0,597300000.0,2.21,2.2,2.21,11386100000.0,,11386100000.0,50886307834.0,22.0,15.343,173500000.0,0.786,1.0,758000000.0,0.341,1261500000.0,34200000.0,17238100000.0,,408300000.0,2228800000.0,0.0,2228800000.0,7805300000.0,2155200000.0,5650100000.0,49831407834.0,-39100000.0,-15000000.0,17900000.0,41600000.0,-255300000.0,-201000000.0,-553400000.0,7600000.0,717600000.0,-2300000.0,488000000.0,488000000.0,488000000.0,0.0,12200000.0,0.219,217400000.0,540600000.0,1543200000.0,0.525,4.377,29.146,29.134,10427600000.0,0.0,226.37,5.577,5.589,1712900000.0,13891900000.0,2224000000.0,2224000000.0,18100000.0,,,,,9800000.0,188500000.0,1.0,220132561.0,220600000,221900000.0,10.082,18270400000.0,0.0,109300000.0,888800000.0,82.821,2760000000.0
9,APD,MRQ,2019-03-31,2019-03-31,2019-03-31,2021-09-07,-1744800000.0,19244500000.0,,4895200000.0,14349300000.0,,50.707,-560100000.0,2735900000.0,2735900000.0,1474700000.0,433500000.0,2.361,0.693,3790800000.0,488600000.0,3302200000.0,3790800000.0,0.0,262100000.0,0.0,0.023,1.16,564200000.0,826300000.0,0.378,826300000.0,564200000.0,528800000.0,1.91,1.9,1.91,11165700000.0,,11165700000.0,42785368414.0,19.0,13.055,70500000.0,0.32,1.0,713000000.0,0.326,1230500000.0,35400000.0,16995900000.0,,408300000.0,2256600000.0,2600000.0,2254000000.0,7741100000.0,2073000000.0,5668100000.0,41940768414.0,-187400000.0,-107700000.0,40700000.0,31300000.0,-241600000.0,-170000000.0,-655600000.0,12600000.0,630600000.0,7600000.0,421300000.0,421300000.0,421300000.0,0.0,12200000.0,0.193,196500000.0,516500000.0,1513700000.0,0.607,3.756,24.735,24.736,10193800000.0,0.0,190.96,4.676,4.688,1646000000.0,13662000000.0,2187700000.0,2187700000.0,16900000.0,,,,,11900000.0,190000000.0,1.0,219631171.0,220200000,221400000.0,9.935,18014000000.0,0.0,107500000.0,876100000.0,81.807,2822200000.0
10,APD,MRQ,2018-12-31,2018-12-31,2018-12-31,2021-09-07,-1811200000.0,19142000000.0,,5089900000.0,14052100000.0,,49.49,-403400000.0,2923300000.0,2923300000.0,1544000000.0,357000000.0,2.21,0.729,3767900000.0,453300000.0,3314600000.0,3767900000.0,0.0,258000000.0,0.0,0.027,1.1,516900000.0,774900000.0,0.348,774900000.0,516900000.0,479600000.0,1.58,1.57,1.58,10882900000.0,,10882900000.0,36157641797.0,16.0,11.32,251800000.0,1.145,1.0,680000000.0,0.306,1197300000.0,37300000.0,16485800000.0,,403400000.0,2240600000.0,12300000.0,2228300000.0,7938600000.0,2303500000.0,5635100000.0,35136341797.0,132000000.0,0.0,4700000.0,-40600000.0,-241500000.0,-289800000.0,-226500000.0,173800000.0,655200000.0,-6900000.0,347500000.0,347500000.0,347500000.0,0.0,9500000.0,0.156,225000000.0,455000000.0,1738300000.0,0.696,3.229,20.782,20.759,9959800000.0,0.0,160.05,3.931,3.938,1676000000.0,13497900000.0,2224000000.0,2224000000.0,15000000.0,,,,,9300000.0,189600000.0,1.0,219533532.0,219900000,221000000.0,10.114,17944700000.0,0.0,132100000.0,880800000.0,81.604,2786400000.0
11,APD,MRQ,2018-09-30,2018-09-30,2018-09-30,2021-09-07,-1741900000.0,19178300000.0,,5082200000.0,14096100000.0,,49.51,-410300000.0,2791300000.0,2791300000.0,1565800000.0,459700000.0,2.173,0.737,3812600000.0,460900000.0,3351700000.0,3812600000.0,0.0,257200000.0,0.0,0.031,1.1,557500000.0,814700000.0,0.354,814700000.0,557500000.0,522100000.0,2.07,2.05,2.07,10857500000.0,,10857500000.0,37514170457.0,17.0,12.011,280700000.0,1.28,1.0,733100000.0,0.319,1227400000.0,35400000.0,16633900000.0,,396100000.0,2475200000.0,184700000.0,2290500000.0,8002000000.0,2338300000.0,5663700000.0,36629470457.0,-195200000.0,-25200000.0,18000000.0,-32900000.0,-241200000.0,-262000000.0,-609800000.0,-174500000.0,691000000.0,-14400000.0,452900000.0,452900000.0,452900000.0,0.0,6800000.0,0.197,199400000.0,533700000.0,1817800000.0,0.531,3.374,24.456,24.458,9923700000.0,0.0,167.05,4.102,4.102,1580500000.0,13409900000.0,2298900000.0,2298900000.0,20400000.0,,,,,8400000.0,186000000.0,1.0,219272496.0,219300000,221100000.0,10.483,17950900000.0,0.0,69200000.0,834700000.0,81.855,2743900000.0
12,APD,MRQ,2018-06-30,2018-06-30,2018-06-30,2021-09-07,-1877800000.0,19206000000.0,,5055500000.0,14150500000.0,,47.772,-585600000.0,2986500000.0,2986500000.0,1545400000.0,487900000.0,2.396,0.801,3871200000.0,95400000.0,3775800000.0,3871200000.0,0.0,245600000.0,0.0,0.026,1.1,615900000.0,861500000.0,0.381,861500000.0,615900000.0,581000000.0,2.16,2.15,2.16,10486000000.0,,10486000000.0,34634627582.0,17.0,11.401,164600000.0,0.75,1.0,713600000.0,0.316,1243100000.0,34900000.0,16737800000.0,,322100000.0,2324800000.0,7300000.0,2317500000.0,8396000000.0,2109800000.0,6286200000.0,34135027582.0,-80400000.0,-48800000.0,5500000.0,-32700000.0,-241100000.0,-282200000.0,-491000000.0,139600000.0,750200000.0,-47700000.0,473900000.0,473900000.0,473900000.0,-43200000.0,14000000.0,0.21,197800000.0,515800000.0,1968400000.0,0.509,3.255,22.552,22.537,9902000000.0,0.0,155.73,3.864,3.869,1635500000.0,13200200000.0,2259000000.0,2259000000.0,15000000.0,,,,,7900000.0,188600000.0,1.0,219193653.0,219500000,220900000.0,10.292,17962900000.0,0.0,107100000.0,724600000.0,81.836,2945700000.0
13,APD,MRQ,2018-03-31,2018-03-31,2018-03-31,2021-09-07,-1535300000.0,18511100000.0,,5396300000.0,13114800000.0,,48.226,-315900000.0,3066900000.0,3066900000.0,1506500000.0,423600000.0,3.08,0.739,3566500000.0,124100000.0,3442400000.0,3566500000.0,0.0,240000000.0,0.0,0.025,1.1,503000000.0,743000000.0,0.345,743000000.0,503000000.0,472600000.0,1.9,1.89,1.9,10580800000.0,,10580800000.0,35608617356.0,21.0,13.621,230100000.0,1.049,1.0,649200000.0,0.301,1259400000.0,30400000.0,15999000000.0,,339900000.0,2571100000.0,137000000.0,2434100000.0,7817900000.0,1752300000.0,6065600000.0,34817917356.0,344300000.0,-34300000.0,18300000.0,18200000.0,-208000000.0,-174500000.0,-60000000.0,294300000.0,546000000.0,14200000.0,416400000.0,416400000.0,416400000.0,0.0,7200000.0,0.193,193800000.0,455400000.0,1551600000.0,0.579,3.291,30.499,30.466,8817700000.0,0.0,159.03,4.003,4.012,1721300000.0,12966500000.0,2155700000.0,2155700000.0,14500000.0,,,,,10700000.0,194600000.0,1.0,218939303.0,219400000,220800000.0,9.825,17251700000.0,0.0,56200000.0,776300000.0,78.631,3644000000.0
14,APD,MRQ,2017-12-31,2017-12-31,2017-12-31,2021-09-07,-1695600000.0,18208800000.0,,5355500000.0,12853300000.0,,46.667,-256600000.0,2722600000.0,2722600000.0,1571800000.0,161700000.0,2.924,0.772,3513300000.0,98400000.0,3414900000.0,3513300000.0,0.0,227900000.0,0.0,0.023,1.9,476200000.0,704100000.0,0.318,704100000.0,476200000.0,446400000.0,0.71,0.7,0.71,10215300000.0,,10215300000.0,36560098212.0,11.0,8.428,303400000.0,1.386,1.0,644800000.0,0.291,1219900000.0,29800000.0,15948000000.0,,347400000.0,2791100000.0,407100000.0,2384000000.0,7887600000.0,1831600000.0,6056000000.0,35870898212.0,-551000000.0,-237100000.0,34400000.0,-449300000.0,-207500000.0,-641100000.0,-480800000.0,7300000.0,560000000.0,14000000.0,154600000.0,154600000.0,154600000.0,0.0,7100000.0,0.07,184100000.0,460700000.0,1609500000.0,2.676,3.511,12.563,12.525,8631900000.0,0.0,164.08,4.209,4.215,1690500000.0,12792300000.0,2216600000.0,2216600000.0,14600000.0,,,,,11800000.0,191600000.0,1.0,218618346.0,218900000,220400000.0,10.126,16988900000.0,0.0,291800000.0,829300000.0,77.61,3523900000.0
15,APD,MRQ,2017-09-30,2017-09-30,2017-09-30,2021-09-07,-1847400000.0,18467200000.0,,5876700000.0,12590500000.0,,46.203,-232900000.0,3273600000.0,3273600000.0,1545000000.0,475000000.0,2.361,0.821,3962800000.0,560400000.0,3402400000.0,3962800000.0,0.0,231000000.0,0.0,0.024,0.0,498200000.0,729200000.0,0.331,729200000.0,498200000.0,467400000.0,2.14,2.13,2.14,10086200000.0,,10086200000.0,34552913340.0,10.0,8.134,682100000.0,3.125,1.0,658100000.0,0.299,1089800000.0,30800000.0,15577600000.0,,335400000.0,2822700000.0,404000000.0,2418700000.0,8281700000.0,2489000000.0,5792700000.0,32959513340.0,941000000.0,-8200000.0,30200000.0,400000.0,-207000000.0,-186500000.0,398800000.0,635000000.0,915000000.0,11900000.0,468700000.0,468700000.0,468700000.0,5500000.0,6300000.0,0.213,200700000.0,457400000.0,1814300000.0,0.0,3.268,10.985,10.99,8440200000.0,0.0,151.22,4.026,4.026,1662100000.0,12846600000.0,2203100000.0,2203100000.0,13200000.0,,,,,12500000.0,187100000.0,1.0,217957369.0,218300000,219800000.0,10.092,17377400000.0,0.0,-1300000.0,877000000.0,79.603,3387700000.0
16,APD,MRQ,2017-06-30,2017-06-30,2017-06-30,2021-09-07,-2217100000.0,17853800000.0,,5347000000.0,12506800000.0,,43.156,-274600000.0,2332600000.0,2332600000.0,1486000000.0,104100000.0,2.198,0.886,3926000000.0,559400000.0,3366600000.0,3926000000.0,0.0,216900000.0,0.0,0.025,0.95,221000000.0,437900000.0,0.206,437900000.0,221000000.0,191200000.0,0.47,0.46,0.47,9412400000.0,,9412400000.0,33121565682.0,10.0,7.786,477600000.0,2.19,1.0,635900000.0,0.3,1068900000.0,29800000.0,15945100000.0,,293300000.0,3400100000.0,1016100000.0,2384000000.0,8343900000.0,2433200000.0,5910700000.0,31147665682.0,463300000.0,800000.0,18300000.0,4500000.0,-206900000.0,-192600000.0,141600000.0,415300000.0,752200000.0,9300000.0,101900000.0,101900000.0,101900000.0,2300000.0,2200000.0,0.048,377200000.0,258700000.0,1534300000.0,2.021,3.309,10.646,10.636,8317000000.0,0.0,143.06,3.928,3.935,1616200000.0,12584200000.0,2121900000.0,2121900000.0,14600000.0,,,,,8900000.0,184100000.0,1.0,217724491.0,218100000,219800000.0,9.729,16784900000.0,0.0,89300000.0,957100000.0,76.96,2913800000.0
17,APD,MRQ,2017-03-31,2017-03-31,2017-03-31,2021-09-07,-2393700000.0,17871500000.0,,5294100000.0,12577400000.0,,42.76,-293000000.0,1869300000.0,1869300000.0,1403800000.0,2135700000.0,2.034,0.907,3843200000.0,542800000.0,3300400000.0,3843200000.0,0.0,211800000.0,0.0,0.026,0.95,2255000000.0,2466800000.0,1.246,2466800000.0,2255000000.0,2224500000.0,9.78,9.7,9.78,9317400000.0,,9317400000.0,33100644606.0,9.0,7.263,-6100000.0,-0.028,1.0,576300000.0,0.291,1204800000.0,30500000.0,16038300000.0,,322800000.0,3867400000.0,1423200000.0,2444200000.0,8451300000.0,2602300000.0,5849000000.0,29437744606.0,1202500000.0,-100000.0,9200000.0,-499600000.0,-187100000.0,-687300000.0,-1714300000.0,-1421100000.0,286900000.0,8400000.0,2130000000.0,2130000000.0,2130000000.0,-1825600000.0,5700000.0,1.076,180700000.0,395600000.0,1490600000.0,0.097,3.159,9.285,9.279,8198200000.0,0.0,135.29,3.812,3.817,1607100000.0,12692500000.0,1980100000.0,1980100000.0,14800000.0,,,,,9500000.0,177600000.0,1.0,217589952.0,217900000,219700000.0,9.087,16666700000.0,0.0,94500000.0,1195500000.0,76.488,2691800000.0
18,APD,MRQ,2016-12-31,2016-12-31,2016-12-31,2021-09-07,-2611700000.0,15956200000.0,,3548800000.0,12407400000.0,,32.896,-239200000.0,655500000.0,655500000.0,1316700000.0,306400000.0,1.211,1.214,4318400000.0,1029400000.0,3289000000.0,4318400000.0,0.0,206100000.0,0.0,0.024,1.72,407700000.0,613800000.0,0.326,613800000.0,407700000.0,378200000.0,1.38,1.37,1.38,7161500000.0,,7161500000.0,35986786451.0,33.0,18.451,335100000.0,1.539,1.0,565800000.0,0.301,1187800000.0,29500000.0,15501500000.0,,330700000.0,2417300000.0,0.0,2417300000.0,8695100000.0,2929800000.0,5765300000.0,31262886451.0,-664000000.0,-8800000.0,10700000.0,-785400000.0,-186900000.0,-974500000.0,-238100000.0,11400000.0,574300000.0,-16200000.0,299800000.0,299800000.0,299800000.0,-48200000.0,6600000.0,0.159,237500000.0,328300000.0,1677500000.0,1.246,4.365,55.108,55.103,8030300000.0,0.0,143.82,4.157,4.164,1633800000.0,10771700000.0,1882500000.0,1882500000.0,15000000.0,,,,,9000000.0,164700000.0,1.0,217375097.0,217700000,219700000.0,8.647,14768400000.0,0.0,78400000.0,812700000.0,67.838,619000000.0
19,APD,MRQ,2016-09-30,2016-09-30,2016-09-30,2021-09-07,-2388300000.0,18028600000.0,,4317300000.0,13711300000.0,,32.58,-206800000.0,1293200000.0,1293200000.0,1348200000.0,400900000.0,1.315,1.528,5210900000.0,1301200000.0,3909700000.0,5210900000.0,0.0,212500000.0,0.0,0.017,0.0,523000000.0,735500000.0,0.378,735500000.0,523000000.0,490800000.0,1.82,1.8,1.82,7079600000.0,,7079600000.0,37724982499.0,32.0,18.552,529800000.0,2.438,1.0,597300000.0,0.307,1233000000.0,32200000.0,17430200000.0,,255000000.0,2505300000.0,0.0,2505300000.0,10815200000.0,3283100000.0,7532100000.0,32556082499.0,986500000.0,0.0,65100000.0,-70000000.0,-186300000.0,-204300000.0,-206300000.0,500000.0,736600000.0,3800000.0,394000000.0,394000000.0,394000000.0,-106500000.0,6900000.0,0.203,200900000.0,396400000.0,1652200000.0,0.0,4.599,51.586,51.486,8259700000.0,0.0,150.34,4.339,4.336,1749000000.0,10475500000.0,1945500000.0,1945500000.0,18000000.0,,,,,7100000.0,173700000.0,1.0,216549704.0,217300000,219200000.0,8.953,16795600000.0,0.0,96800000.0,828300000.0,77.292,1034200000.0
20,APD,MRQ,2016-06-30,2016-06-30,2016-06-30,2021-09-07,-2125700000.0,17083500000.0,,3378800000.0,13704700000.0,,32.527,-228900000.0,514800000.0,514800000.0,1320200000.0,354100000.0,0.923,1.406,5683700000.0,1758100000.0,3925600000.0,5683700000.0,0.0,213500000.0,0.0,0.024,0.86,527800000.0,741300000.0,0.387,741300000.0,527800000.0,492700000.0,1.6,1.59,1.6,7045400000.0,,7045400000.0,36197071944.0,35.0,19.86,403300000.0,1.862,1.0,594300000.0,0.31,1626400000.0,35100000.0,16967100000.0,,611100000.0,2516000000.0,0.0,2516000000.0,9903300000.0,3658900000.0,6244400000.0,30692171944.0,201700000.0,1500000.0,40700000.0,-100500000.0,-185800000.0,-254100000.0,-222100000.0,6000000.0,632200000.0,-3200000.0,346800000.0,346800000.0,346800000.0,-98400000.0,7300000.0,0.181,199700000.0,394600000.0,1778000000.0,0.537,4.356,52.772,52.803,8798600000.0,0.0,142.04,5.17,5.182,2153800000.0,10268700000.0,1914500000.0,1914500000.0,18700000.0,,,,,7500000.0,168400000.0,1.0,216081188.0,216600000,218500000.0,8.839,15457100000.0,0.0,145900000.0,1006000000.0,71.362,-280100000.0
21,APD,MRQ,2016-03-31,2016-03-31,2016-03-31,2021-09-07,-2046700000.0,16810800000.0,,3031200000.0,13779600000.0,,32.006,-223600000.0,313100000.0,313100000.0,1213000000.0,-465500000.0,0.79,1.411,5818000000.0,2244800000.0,3573200000.0,5818000000.0,0.0,213900000.0,0.0,0.023,0.86,-354100000.0,-140200000.0,-0.079,-140200000.0,-354100000.0,-379800000.0,-2.19,-2.17,-2.19,6916600000.0,,6916600000.0,36603134070.0,39.0,20.734,269200000.0,1.246,1.0,564400000.0,0.318,1650500000.0,25700000.0,16826100000.0,,649800000.0,2555800000.0,0.0,2555800000.0,9757700000.0,3839100000.0,5918600000.0,31064434070.0,34000000.0,-2800000.0,25200000.0,-47700000.0,-174700000.0,-201600000.0,-220700000.0,7300000.0,492800000.0,8200000.0,-473300000.0,-473300000.0,-473300000.0,0.0,7800000.0,-0.266,192800000.0,371600000.0,1470600000.0,-0.393,4.491,56.114,56.051,8854100000.0,0.0,144.05,4.785,4.794,1962800000.0,10108800000.0,1777400000.0,1777400000.0,18200000.0,,,,,8100000.0,167800000.0,1.0,215650358.0,216100000,217900000.0,8.225,15160300000.0,0.0,93500000.0,959800000.0,70.154,-807900000.0
22,APD,MRQ,2015-12-31,2015-12-31,2015-12-31,2021-09-07,-2208600000.0,17260300000.0,,2779000000.0,14481300000.0,,34.139,-248400000.0,279100000.0,279100000.0,1295900000.0,372000000.0,0.778,1.325,5817800000.0,1947300000.0,3870500000.0,5817800000.0,0.0,214700000.0,0.0,0.025,0.81,482200000.0,696900000.0,0.373,696900000.0,482200000.0,460000000.0,1.68,1.67,1.68,7367100000.0,,7367100000.0,33701750893.0,20.0,13.268,148800000.0,0.69,1.0,570400000.0,0.306,1606400000.0,22200000.0,17620200000.0,,665600000.0,2581800000.0,0.0,2581800000.0,9761300000.0,3572400000.0,6188900000.0,28029150893.0,72700000.0,1300000.0,10300000.0,-19500000.0,-174400000.0,-200200000.0,-215700000.0,30800000.0,397200000.0,-1300000.0,363600000.0,363600000.0,363600000.0,-84800000.0,8400000.0,0.195,197900000.0,372500000.0,1533500000.0,0.482,3.805,21.284,21.295,9619000000.0,0.0,130.11,3.931,3.938,1775100000.0,10768700000.0,1866300000.0,1866300000.0,16900000.0,,,,,8300000.0,173900000.0,1.0,215426569.0,215800000,217600000.0,8.648,15653900000.0,0.0,96400000.0,922800000.0,72.539,-793400000.0
23,APD,MRQ,2015-09-30,2015-09-30,2015-09-30,2021-09-07,-2125900000.0,17334500000.0,,2793500000.0,14541000000.0,,33.685,-213800000.0,206400000.0,206400000.0,355100000.0,350000000.0,0.767,1.373,5879000000.0,1929900000.0,3949100000.0,5879000000.0,0.0,156700000.0,0.0,0.025,0.81,367900000.0,524600000.0,1.385,524600000.0,367900000.0,345800000.0,1.6,1.58,1.6,7249000000.0,,7249000000.0,33075361099.0,20.0,13.025,158700000.0,0.737,1.0,23700000.0,0.063,1639600000.0,22100000.0,17723100000.0,,657800000.0,2615900000.0,0.0,2615900000.0,9953400000.0,3644400000.0,6309000000.0,27427461099.0,-8900000.0,-4300000.0,28800000.0,25300000.0,-174100000.0,-431700000.0,-173800000.0,40200000.0,372500000.0,-11400000.0,344500000.0,344500000.0,344500000.0,-357000000.0,5500000.0,0.909,24500000.0,-800000.0,1641700000.0,0.506,3.784,21.463,21.442,8745100000.0,0.0,127.58,3.505,3.504,1860500000.0,10580400000.0,378800000.0,378800000.0,-27800000.0,,,,,2200000.0,33600000.0,1.0,214982451.0,215200000,217600000.0,1.76,15694900000.0,0.0,1300000.0,859200000.0,72.932,-850900000.0
24,APD,MRQ,2015-06-30,2015-06-30,2015-06-30,2021-09-07,-1578400000.0,17671500000.0,,3102300000.0,14569200000.0,,35.251,-320100000.0,215300000.0,215300000.0,1715200000.0,333200000.0,1.063,1.274,5863200000.0,1172700000.0,4690500000.0,5863200000.0,0.0,233000000.0,0.0,0.023,0.81,451100000.0,684100000.0,0.277,684100000.0,451100000.0,422900000.0,1.48,1.47,1.48,7586000000.0,,7586000000.0,35120761290.0,23.0,14.147,367300000.0,1.707,1.0,755000000.0,0.306,1705300000.0,28200000.0,18695200000.0,,681900000.0,2619300000.0,0.0,2619300000.0,9662300000.0,2918900000.0,6743400000.0,29386261290.0,19600000.0,0.0,15300000.0,-106200000.0,-174000000.0,-272100000.0,-322200000.0,4300000.0,687400000.0,200000.0,318800000.0,318800000.0,318800000.0,1700000.0,14400000.0,0.129,330200000.0,424800000.0,1700600000.0,0.547,3.874,28.327,28.329,9720800000.0,0.0,136.83,2.903,2.909,2141700000.0,10411100000.0,2470200000.0,2470200000.0,33400000.0,,,,,12500000.0,241500000.0,1.0,214764754.0,215200000,217400000.0,11.479,15966200000.0,0.0,104100000.0,1076000000.0,74.192,183400000.0
25,APD,MRQ,2015-03-31,2015-03-31,2015-03-31,2021-09-07,-1662100000.0,17493800000.0,,3114500000.0,14379300000.0,,34.121,-182000000.0,195700000.0,195700000.0,1698200000.0,296900000.0,1.011,1.328,5930200000.0,1418700000.0,4511500000.0,5930200000.0,0.0,233300000.0,0.0,0.021,0.81,401100000.0,634400000.0,0.263,634400000.0,401100000.0,377700000.0,1.35,1.33,1.35,7332500000.0,,7332500000.0,38265577528.0,25.0,15.4,318500000.0,1.482,1.0,716300000.0,0.297,1708800000.0,23400000.0,18438200000.0,,693300000.0,2597800000.0,0.0,2597800000.0,9737500000.0,3081300000.0,6656200000.0,32415377528.0,-43100000.0,-11900000.0,35100000.0,-9400000.0,-165000000.0,-144700000.0,-187500000.0,7100000.0,500500000.0,-2400000.0,290000000.0,290000000.0,290000000.0,1900000.0,6900000.0,0.12,339400000.0,376900000.0,1606900000.0,0.6,4.421,31.392,31.386,9485900000.0,0.0,151.28,3.151,3.16,2110600000.0,10267200000.0,2414500000.0,2414500000.0,35800000.0,,,,,12900000.0,240300000.0,1.0,214274045.0,214900000,217400000.0,11.235,15785000000.0,0.0,87700000.0,1157500000.0,73.453,33200000.0
26,APD,MRQ,2014-12-31,2014-12-31,2014-12-31,2021-09-07,-1470600000.0,17635400000.0,,3137200000.0,14498200000.0,,34.321,-446500000.0,238800000.0,238800000.0,1831000000.0,337500000.0,1.045,1.339,6089000000.0,1337700000.0,4751300000.0,6089000000.0,0.0,235500000.0,0.0,0.021,0.77,460200000.0,695700000.0,0.272,695700000.0,460200000.0,431100000.0,1.52,1.5,1.52,7351500000.0,,7351500000.0,36605408396.0,24.0,14.721,40100000.0,0.187,1.0,729800000.0,0.285,1785900000.0,29100000.0,18697800000.0,,709700000.0,2649800000.0,0.0,2649800000.0,9843400000.0,3001900000.0,6841500000.0,30823508396.0,-97800000.0,-22600000.0,42100000.0,16400000.0,-164400000.0,-111900000.0,-463200000.0,3700000.0,486600000.0,-9300000.0,324600000.0,324600000.0,324600000.0,0.0,12900000.0,0.127,299800000.0,430000000.0,1585100000.0,0.507,4.193,30.039,30.048,9607600000.0,0.0,144.23,2.948,2.955,2112300000.0,10152000000.0,2560800000.0,2560800000.0,35400000.0,,,,,11900000.0,258200000.0,1.0,213710798.0,214200000,216600000.0,11.955,15849500000.0,0.0,106500000.0,1098600000.0,73.994,135300000.0
27,APD,MRQ,2014-09-30,2014-09-30,2014-09-30,2021-09-07,-1241900000.0,17779100000.0,,3294800000.0,14484300000.0,,34.484,-97800000.0,336600000.0,336600000.0,1927700000.0,79000000.0,1.112,1.354,6118500000.0,1294000000.0,4824500000.0,6118500000.0,0.0,254600000.0,0.0,0.023,0.77,213700000.0,468300000.0,0.175,468300000.0,213700000.0,184700000.0,0.48,0.48,0.48,7365800000.0,,7365800000.0,33528786820.0,23.0,13.724,508300000.0,2.38,1.0,749300000.0,0.28,1853100000.0,29000000.0,18744900000.0,,706000000.0,2672800000.0,0.0,2672800000.0,9970500000.0,2963000000.0,7007500000.0,27730386820.0,-1000000.0,-300000.0,35100000.0,112800000.0,-164000000.0,-21600000.0,-86400000.0,11600000.0,606100000.0,-16800000.0,104000000.0,104000000.0,104000000.0,6000000.0,-25000000.0,0.039,594300000.0,155000000.0,1591000000.0,1.604,3.765,27.962,27.936,9532100000.0,0.0,130.18,2.656,2.652,2164400000.0,9993200000.0,2677000000.0,2677000000.0,39300000.0,,,,,11500000.0,238400000.0,1.0,213015723.0,213600000,216100000.0,12.533,15926000000.0,0.0,80700000.0,1073500000.0,74.56,331800000.0
28,APD,MRQ,2014-06-30,2014-06-30,2014-06-30,2021-09-07,-924500000.0,18316200000.0,,3339800000.0,14976400000.0,,36.152,-462700000.0,337600000.0,337600000.0,1918700000.0,323500000.0,1.058,1.315,6136000000.0,1185000000.0,4951000000.0,6136000000.0,0.0,239000000.0,0.0,0.023,0.77,447400000.0,686400000.0,0.261,686400000.0,447400000.0,416100000.0,1.47,1.46,1.47,7696700000.0,,7696700000.0,33113074167.0,23.0,13.764,96600000.0,0.454,1.0,715900000.0,0.272,2278100000.0,31300000.0,18680400000.0,,690200000.0,2692900000.0,0.0,2692900000.0,10118600000.0,3156100000.0,6962500000.0,27302874167.0,-19300000.0,2300000.0,48800000.0,-30600000.0,-163500000.0,-145000000.0,-438700000.0,22800000.0,559300000.0,5100000.0,314000000.0,314000000.0,314000000.0,0.0,9500000.0,0.119,302100000.0,413800000.0,1892300000.0,0.524,3.547,26.642,26.74,9579100000.0,0.0,128.62,2.638,2.646,2196400000.0,10053500000.0,2634600000.0,2634600000.0,33800000.0,,,,,9100000.0,272000000.0,1.0,212275495.0,212900000,215400000.0,12.375,16038100000.0,0.0,102100000.0,937100000.0,75.332,183700000.0
29,APD,MRQ,2014-03-31,2014-03-31,2014-03-31,2021-09-07,-1034600000.0,17963000000.0,,3299900000.0,14663100000.0,,34.703,-411100000.0,356900000.0,356900000.0,1917600000.0,291500000.0,1.061,1.369,6167100000.0,1173900000.0,4993200000.0,6167100000.0,0.0,229100000.0,0.0,0.024,0.77,407100000.0,636200000.0,0.246,636200000.0,407100000.0,375600000.0,1.33,1.32,1.33,7370900000.0,,7370900000.0,30978240111.0,21.0,13.088,67400000.0,0.317,1.0,664300000.0,0.257,2288100000.0,31500000.0,18374800000.0,,665300000.0,2670100000.0,0.0,2670100000.0,10091600000.0,3110300000.0,6981300000.0,25197540111.0,-30700000.0,0.0,37800000.0,12400000.0,-150300000.0,-99500000.0,-405800000.0,5700000.0,478500000.0,-3900000.0,283500000.0,283500000.0,283500000.0,0.0,8000000.0,0.11,279600000.0,384700000.0,1859800000.0,0.579,3.419,25.218,25.22,9312300000.0,0.0,119.04,2.456,2.464,2179600000.0,9904400000.0,2581900000.0,2581900000.0,33200000.0,,,,,11600000.0,263400000.0,1.0,211672884.0,212400000,214900000.0,12.156,15674900000.0,0.0,92100000.0,903100000.0,73.799,189600000.0
30,APD,MRQ,2013-12-31,2013-12-31,2013-12-31,2021-09-07,-966900000.0,17915200000.0,,3330100000.0,14585100000.0,,34.297,-391100000.0,387600000.0,387600000.0,1865900000.0,299100000.0,1.059,1.395,6168300000.0,1147500000.0,5020800000.0,6168300000.0,0.0,234200000.0,0.0,0.025,0.71,418000000.0,652200000.0,0.256,652200000.0,418000000.0,384700000.0,1.37,1.35,1.37,7264000000.0,,7264000000.0,29439592604.0,20.0,12.378,155100000.0,0.732,1.0,679600000.0,0.267,2343400000.0,33300000.0,18207300000.0,,693400000.0,2690800000.0,0.0,2690800000.0,10133800000.0,3145200000.0,6988600000.0,23616392604.0,-62800000.0,0.0,19900000.0,-93500000.0,-149900000.0,-238200000.0,-385600000.0,5500000.0,546200000.0,4300000.0,290200000.0,290200000.0,290200000.0,0.0,8900000.0,0.114,294000000.0,385600000.0,1921400000.0,0.518,3.251,23.473,23.385,9152000000.0,0.0,111.78,2.324,2.329,2129400000.0,9785400000.0,2545500000.0,2545500000.0,33500000.0,,,,,11800000.0,280900000.0,1.0,211275654.0,211800000,214300000.0,12.018,15571800000.0,0.0,94500000.0,907900000.0,73.521,184900000.0
31,APD,MRQ,2013-09-30,2013-09-30,2013-09-30,2021-09-07,-1020600000.0,17850100000.0,,3439100000.0,14411000000.0,,33.391,-408800000.0,450400000.0,450400000.0,1882900000.0,147300000.0,1.066,1.459,6273600000.0,1217300000.0,5056300000.0,6273600000.0,0.0,232600000.0,0.0,0.026,0.71,198300000.0,430900000.0,0.167,430900000.0,198300000.0,162900000.0,0.64,0.64,0.64,7042100000.0,,7042100000.0,28053448004.0,19.0,11.933,93100000.0,0.441,1.0,703600000.0,0.272,2371100000.0,35400000.0,18074600000.0,,706100000.0,2672400000.0,0.0,2672400000.0,10275400000.0,3227600000.0,7047800000.0,22341948004.0,31600000.0,-98000000.0,93300000.0,40200000.0,-148800000.0,-9700000.0,-478800000.0,27400000.0,501900000.0,17200000.0,137100000.0,137100000.0,137100000.0,13100000.0,10200000.0,0.053,524400000.0,179200000.0,1944900000.0,1.109,3.173,22.472,22.483,8974000000.0,0.0,106.57,2.195,2.195,2159000000.0,9646400000.0,2586500000.0,2586500000.0,34600000.0,,,,,10500000.0,260200000.0,1.0,209645754.0,210900000,213500000.0,12.264,15479000000.0,0.0,25800000.0,890200000.0,73.395,211500000.0
32,APD,MRQ,2013-06-30,2013-06-30,2013-06-30,2021-09-07,-1433300000.0,17491300000.0,,3480700000.0,14010600000.0,,31.236,-408100000.0,418800000.0,418800000.0,1875500000.0,298400000.0,1.037,1.594,6130300000.0,1482100000.0,4648200000.0,6130300000.0,0.0,229700000.0,0.0,0.029,0.71,417900000.0,647600000.0,0.254,647600000.0,417900000.0,382500000.0,1.38,1.36,1.38,6540800000.0,,6540800000.0,24656442016.0,17.0,10.556,44900000.0,0.214,1.0,671800000.0,0.264,2332000000.0,35400000.0,17513100000.0,,705900000.0,2645200000.0,0.0,2645200000.0,10428100000.0,3357700000.0,7070400000.0,19076842016.0,17200000.0,-125600000.0,70400000.0,170800000.0,-147900000.0,82400000.0,-516000000.0,19000000.0,453000000.0,-5400000.0,288400000.0,288400000.0,288400000.0,-600000.0,10000000.0,0.113,288700000.0,383100000.0,1811000000.0,0.514,2.917,19.157,19.237,8665700000.0,0.0,91.57,1.87,1.88,2210500000.0,9660100000.0,2547300000.0,2547300000.0,33500000.0,,,,,10600000.0,271300000.0,1.0,208330698.0,209400000,211900000.0,12.165,15159300000.0,0.0,94100000.0,776200000.0,72.394,123000000.0
33,APD,MRQ,2013-03-31,2013-03-31,2013-03-31,2021-09-07,-1377100000.0,17221200000.0,,3379200000.0,13842000000.0,,30.545,-350300000.0,401600000.0,401600000.0,1813600000.0,299600000.0,1.049,1.619,5981200000.0,1336500000.0,4644700000.0,5981200000.0,0.0,226200000.0,0.0,0.03,0.71,421400000.0,647600000.0,0.261,647600000.0,421400000.0,386200000.0,1.39,1.38,1.39,6365500000.0,,6365500000.0,23578361163.0,14.0,9.268,-30500000.0,-0.146,1.0,670600000.0,0.27,2330000000.0,35200000.0,17249200000.0,,728100000.0,2627600000.0,0.0,2627600000.0,10305100000.0,3221600000.0,7083500000.0,18088261163.0,-144000000.0,0.0,35700000.0,-5000000.0,-132900000.0,-114400000.0,-346400000.0,3600000.0,319800000.0,-7500000.0,290400000.0,290400000.0,290400000.0,-1100000.0,9200000.0,0.117,280900000.0,389700000.0,1823000000.0,0.511,2.842,15.176,15.365,8488800000.0,0.0,87.12,1.81,1.817,2136300000.0,9521400000.0,2484200000.0,2484200000.0,32300000.0,,,,,12300000.0,266600000.0,1.0,207624669.0,208400000,211000000.0,11.92,14891200000.0,0.0,95800000.0,772200000.0,71.455,157600000.0
34,APD,MRQ,2012-12-31,2012-12-31,2012-12-31,2021-09-07,-1245400000.0,17393100000.0,,3563100000.0,13830000000.0,,29.997,-357000000.0,545600000.0,545600000.0,1900100000.0,287200000.0,1.201,1.675,6035700000.0,928400000.0,5107300000.0,6035700000.0,0.0,218500000.0,0.0,0.03,0.64,406300000.0,624800000.0,0.244,624800000.0,406300000.0,370500000.0,1.33,1.31,1.33,6299300000.0,,6299300000.0,22721163554.0,14.0,9.327,-78600000.0,-0.374,1.0,662300000.0,0.258,2365500000.0,35800000.0,17550800000.0,,746500000.0,2597100000.0,0.0,2597100000.0,10551200000.0,2966900000.0,7584300000.0,17883663554.0,91200000.0,0.0,-434600000.0,721400000.0,-136000000.0,157100000.0,-355800000.0,2800000.0,278400000.0,7100000.0,278300000.0,278300000.0,278300000.0,0.0,8900000.0,0.109,289900000.0,372400000.0,1963900000.0,0.481,2.839,14.934,14.792,8482300000.0,0.0,84.02,1.815,1.791,2132000000.0,9379700000.0,2562400000.0,2562400000.0,33300000.0,,,,,10100000.0,268200000.0,1.0,212850078.0,210000000,212600000.0,12.202,15027600000.0,0.0,92200000.0,793900000.0,71.56,596200000.0
35,APD,MRQ,2012-09-30,2012-09-30,2012-09-30,2021-09-07,-1348800000.0,16941800000.0,,3415800000.0,13526000000.0,,30.582,-354500000.0,454400000.0,454400000.0,1923000000.0,142300000.0,1.27,1.532,5291900000.0,707700000.0,4584200000.0,5291900000.0,0.0,220300000.0,0.0,0.03,0.64,195400000.0,415700000.0,0.16,415700000.0,195400000.0,156500000.0,0.66,0.65,0.66,6477200000.0,,6477200000.0,21363822174.0,14.0,8.831,166000000.0,0.784,1.0,682800000.0,0.262,2360000000.0,38900000.0,16729400000.0,,786600000.0,2504600000.0,0.0,2504600000.0,9926000000.0,2689900000.0,7236100000.0,17508122174.0,93200000.0,-689600000.0,35600000.0,659100000.0,-135500000.0,559200000.0,-993900000.0,39000000.0,520500000.0,6900000.0,138700000.0,138700000.0,138700000.0,-1600000.0,3600000.0,0.053,487400000.0,195400000.0,1927700000.0,0.97,2.703,14.999,14.955,8240600000.0,0.0,82.7,1.822,1.817,2077500000.0,9234500000.0,2605800000.0,2605800000.0,36100000.0,,,,,7600000.0,248000000.0,1.0,211706435.0,211800000,215000000.0,12.303,14581800000.0,0.0,17800000.0,719300000.0,68.847,725900000.0
36,APD,MRQ,2012-06-30,2012-06-30,2012-06-30,2021-09-07,-1253800000.0,14880900000.0,,3033100000.0,11847800000.0,,30.797,-431600000.0,361200000.0,361200000.0,1690800000.0,492500000.0,1.42,1.264,4216900000.0,421400000.0,3795500000.0,4216900000.0,0.0,212200000.0,0.0,0.03,0.64,643800000.0,856000000.0,0.366,856000000.0,643800000.0,617800000.0,2.29,2.26,2.29,6513600000.0,,6513600000.0,21488804633.0,12.0,8.058,81800000.0,0.387,1.0,649300000.0,0.277,1284700000.0,26000000.0,15316500000.0,,699500000.0,2385100000.0,0.0,2385100000.0,8233500000.0,2135400000.0,6098100000.0,17068904633.0,28200000.0,-301600000.0,12800000.0,-440800000.0,-135300000.0,-564500000.0,-677700000.0,1000000.0,513400000.0,-29200000.0,484500000.0,484500000.0,484500000.0,-127300000.0,8000000.0,0.207,177000000.0,472300000.0,1621400000.0,0.279,2.621,12.612,12.594,7708100000.0,0.0,80.73,1.794,1.795,1881500000.0,9232600000.0,2340100000.0,2340100000.0,32500000.0,,,,,8800000.0,230400000.0,1.0,211431991.0,211500000,214700000.0,11.064,13596200000.0,0.0,133300000.0,761600000.0,64.285,897700000.0
37,APD,MRQ,2012-03-31,2012-03-31,2012-03-31,2021-09-07,-1128100000.0,14955800000.0,,3342900000.0,11612900000.0,,29.667,-392600000.0,319500000.0,319500000.0,1715800000.0,302200000.0,1.316,1.365,4739400000.0,859600000.0,3879800000.0,4739400000.0,0.0,205300000.0,0.0,0.026,0.64,334200000.0,539500000.0,0.23,539500000.0,334200000.0,304800000.0,1.4,1.38,1.4,6262700000.0,,6262700000.0,23542263970.0,14.0,9.525,-85700000.0,-0.406,1.0,628500000.0,0.268,1107800000.0,29400000.0,15728500000.0,,696000000.0,2218000000.0,0.0,2218000000.0,8548400000.0,2539400000.0,6009000000.0,19333563970.0,-74300000.0,-26400000.0,14900000.0,120900000.0,-122200000.0,16200000.0,-414000000.0,600000.0,306900000.0,4300000.0,296000000.0,296000000.0,296000000.0,-17000000.0,6200000.0,0.126,353900000.0,274600000.0,1587700000.0,0.457,3.087,16.173,16.219,7644900000.0,0.0,91.8,2.005,2.009,1904900000.0,8882600000.0,2344300000.0,2344300000.0,29800000.0,,,,,15600000.0,237300000.0,1.0,210605272.0,211100000,215000000.0,11.105,13848000000.0,0.0,8800000.0,691100000.0,65.599,803500000.0
38,APD,MRQ,2011-12-31,2011-12-31,2011-12-31,2021-09-07,-1275600000.0,14391300000.0,,3176200000.0,11215100000.0,,28.098,-342300000.0,407300000.0,407300000.0,1722300000.0,256300000.0,1.359,1.41,4616000000.0,731800000.0,3884200000.0,4616000000.0,0.0,203000000.0,0.0,0.027,0.58,404900000.0,607900000.0,0.262,607900000.0,404900000.0,375500000.0,1.18,1.16,1.18,5909000000.0,,5909000000.0,22069160788.0,13.0,8.598,82000000.0,0.39,1.0,599200000.0,0.258,1127300000.0,29400000.0,15135500000.0,,704100000.0,2113900000.0,0.0,2113900000.0,8334200000.0,2337200000.0,5997000000.0,17929460788.0,-15200000.0,-21200000.0,7900000.0,80400000.0,-121900000.0,-89300000.0,-349600000.0,11900000.0,424300000.0,-600000.0,248100000.0,248100000.0,248100000.0,-22200000.0,8200000.0,0.107,259100000.0,340100000.0,1482100000.0,0.492,3.034,14.895,14.998,7525900000.0,0.0,85.19,1.848,1.846,1979800000.0,8723800000.0,2321500000.0,2321500000.0,28100000.0,,,,,11800000.0,231000000.0,1.0,210464383.0,210300000,213900000.0,11.039,13264000000.0,0.0,127400000.0,722800000.0,63.072,839000000.0
39,APD,MRQ,2011-09-30,2011-09-30,2011-09-30,2021-09-07,-1253400000.0,14290700000.0,,3189800000.0,11100900000.0,,27.403,-375800000.0,421400000.0,421400000.0,1854800000.0,339100000.0,1.362,1.441,4561500000.0,634000000.0,3927500000.0,4561500000.0,0.0,206700000.0,0.0,0.029,0.58,456800000.0,663500000.0,0.265,663500000.0,456800000.0,428200000.0,1.54,1.51,1.54,5795800000.0,,5795800000.0,20344564461.0,12.0,7.98,237500000.0,1.123,1.0,651400000.0,0.26,1056700000.0,28600000.0,15032100000.0,,670200000.0,2054400000.0,0.0,2054400000.0,8352000000.0,2342000000.0,6010000000.0,16276964461.0,-7600000.0,-700000.0,-275400000.0,169600000.0,-123700000.0,-250900000.0,-350400000.0,19300000.0,613300000.0,-19000000.0,324800000.0,324800000.0,324800000.0,-20600000.0,14300000.0,0.13,229400000.0,422000000.0,1599700000.0,0.377,2.808,13.296,13.282,7222700000.0,0.0,76.37,1.683,1.682,1777500000.0,8599500000.0,2506200000.0,2506200000.0,32400000.0,,,,,11700000.0,238700000.0,1.0,213132964.0,211500000,215200000.0,11.85,13234000000.0,0.0,103400000.0,623200000.0,62.572,847800000.0
40,APD,MRQ,2011-06-30,2011-06-30,2011-06-30,2021-09-07,-865400000.0,14451500000.0,,3276500000.0,11175000000.0,,29.328,-341500000.0,430100000.0,430100000.0,1825700000.0,335000000.0,1.557,1.292,4497700000.0,443400000.0,4054300000.0,4497700000.0,0.0,212300000.0,0.0,0.022,0.58,448400000.0,660700000.0,0.267,660700000.0,448400000.0,421900000.0,1.54,1.5,1.54,6232200000.0,,6232200000.0,24378681711.0,15.0,10.013,148900000.0,0.701,1.0,646300000.0,0.261,1264100000.0,26500000.0,15151200000.0,,639600000.0,1983700000.0,0.0,1983700000.0,8054500000.0,2103800000.0,5950700000.0,20253081711.0,159800000.0,-31700000.0,51800000.0,75500000.0,-122900000.0,22500000.0,-359600000.0,11000000.0,490400000.0,5000000.0,326500000.0,326500000.0,326500000.0,-29500000.0,8500000.0,0.132,263800000.0,382500000.0,1582700000.0,0.377,3.25,17.288,17.41,7524200000.0,0.0,95.58,2.2,2.206,2105600000.0,8397400000.0,2472000000.0,2472000000.0,29300000.0,,,,,11200000.0,234500000.0,1.0,211896649.0,212500000,217300000.0,11.633,13187400000.0,0.0,95400000.0,548500000.0,62.058,1172700000.0
41,APD,MRQ,2011-03-31,2011-03-31,2011-03-31,2021-09-07,-982200000.0,13820700000.0,,2976500000.0,10844200000.0,,27.246,-285100000.0,270300000.0,270300000.0,1748200000.0,311500000.0,1.346,1.343,4395900000.0,684100000.0,3711800000.0,4395900000.0,0.0,197700000.0,0.0,0.023,0.58,436900000.0,634600000.0,0.264,634600000.0,436900000.0,407500000.0,1.42,1.39,1.42,5825200000.0,,5825200000.0,23126267113.0,15.0,9.845,-15000000.0,-0.07,1.0,654800000.0,0.272,1234300000.0,29400000.0,14500700000.0,,597200000.0,1861700000.0,0.0,1861700000.0,7821500000.0,2211300000.0,5610200000.0,19381467113.0,23100000.0,70500000.0,-314200000.0,344300000.0,-105300000.0,-65600000.0,-183000000.0,18100000.0,270100000.0,2000000.0,304300000.0,304300000.0,304300000.0,-18600000.0,7200000.0,0.127,269900000.0,384900000.0,1460800000.0,0.408,3.327,17.648,17.545,7361800000.0,0.0,90.18,2.156,2.145,1996400000.0,8195200000.0,2403000000.0,2403000000.0,27900000.0,,,,,11700000.0,242000000.0,1.0,214919795.0,213800000,218800000.0,11.239,12586400000.0,0.0,103200000.0,472600000.0,58.87,765200000.0
42,APD,MRQ,2010-12-31,2010-12-31,2010-12-31,2021-09-07,-1107300000.0,13459700000.0,,2870200000.0,10589500000.0,,27.124,-306900000.0,247200000.0,247200000.0,1720500000.0,275900000.0,1.482,1.288,3992000000.0,374600000.0,3617400000.0,3992000000.0,0.0,217600000.0,0.0,0.022,0.49,381100000.0,598700000.0,0.25,598700000.0,381100000.0,350100000.0,1.25,1.23,1.25,5810000000.0,,5810000000.0,23242334715.0,16.0,10.113,29700000.0,0.139,1.0,671200000.0,0.281,1189300000.0,31000000.0,14078100000.0,,584500000.0,1722700000.0,0.0,1722700000.0,7482500000.0,1937100000.0,5545400000.0,19488334715.0,-127100000.0,0.0,36800000.0,-132400000.0,-104800000.0,-190600000.0,-276800000.0,33200000.0,336600000.0,3700000.0,268600000.0,268600000.0,268600000.0,0.0,7300000.0,0.112,273800000.0,397400000.0,1458100000.0,0.392,3.354,18.633,18.523,7157500000.0,0.0,90.95,2.206,2.205,1968200000.0,8014600000.0,2391700000.0,2391700000.0,29200000.0,,,,,10200000.0,244600000.0,1.0,214275258.0,214200000,219200000.0,11.166,12270400000.0,0.0,81500000.0,496700000.0,57.285,933100000.0
43,APD,MRQ,2010-09-30,2010-09-30,2010-09-30,2021-09-07,-1159400000.0,13505900000.0,,3033800000.0,10472100000.0,,26.066,-231500000.0,374300000.0,374300000.0,1480600000.0,278000000.0,1.352,1.408,4128300000.0,468500000.0,3659800000.0,4128300000.0,0.0,178000000.0,0.0,0.023,0.49,362600000.0,540600000.0,0.278,540600000.0,362600000.0,331800000.0,1.28,1.25,1.28,5546900000.0,,5546900000.0,21384961749.0,15.0,9.365,220300000.0,1.035,1.0,460700000.0,0.237,1200300000.0,30800000.0,13815500000.0,,571600000.0,1683200000.0,0.0,1683200000.0,7808300000.0,2244100000.0,5564200000.0,17602261749.0,-31000000.0,-100000.0,45800000.0,-235500000.0,-104100000.0,-279300000.0,-206400000.0,19800000.0,451800000.0,8100000.0,272100000.0,272100000.0,272100000.0,-87500000.0,5900000.0,0.14,193400000.0,267300000.0,1702000000.0,0.383,3.173,17.105,17.076,7051300000.0,0.0,82.82,2.043,2.04,2017600000.0,7852200000.0,1941300000.0,1941300000.0,31900000.0,,,,,12000000.0,160900000.0,1.0,212536365.0,212800000,217700000.0,9.123,12305600000.0,0.0,59700000.0,408700000.0,57.827,789700000.0
44,APD,MRQ,2010-06-30,2010-06-30,2010-06-30,2021-09-07,-1230500000.0,12999400000.0,,2945400000.0,10054000000.0,,24.642,-240300000.0,405300000.0,405300000.0,1611000000.0,261300000.0,1.274,1.458,4188000000.0,821600000.0,3366400000.0,4188000000.0,1474700000.0,214400000.0,0.0,0.029,0.49,360800000.0,575200000.0,0.255,575200000.0,360800000.0,330800000.0,1.19,1.17,1.19,5231400000.0,,5231400000.0,17875088014.0,12.0,7.683,250200000.0,1.179,1.0,641300000.0,0.285,1106400000.0,30000000.0,13362900000.0,,499200000.0,1595000000.0,0.0,1595000000.0,7627500000.0,2312800000.0,5314700000.0,13762588014.0,174400000.0,-2500000.0,6900000.0,22300000.0,-104100000.0,-80900000.0,-229200000.0,10600000.0,490500000.0,-6000000.0,253200000.0,253200000.0,253200000.0,0.0,8100000.0,0.112,275000000.0,366300000.0,1415300000.0,0.412,2.631,13.75,13.702,6770800000.0,0.0,64.81,1.563,1.563,1968100000.0,7685500000.0,2252300000.0,2252300000.0,29300000.0,,,,,13900000.0,241200000.0,1.0,212352847.0,212300000,216900000.0,10.609,11893000000.0,0.0,77600000.0,549500000.0,56.02,632600000.0
45,APD,MRQ,2010-03-31,2010-03-31,2010-03-31,2021-09-07,-1054400000.0,13152600000.0,,2822000000.0,10330600000.0,,24.826,-228100000.0,230900000.0,230900000.0,1628700000.0,258400000.0,1.203,1.469,4343400000.0,874900000.0,3468500000.0,4343400000.0,1480000000.0,217300000.0,0.0,0.025,0.49,366400000.0,583700000.0,0.26,583700000.0,366400000.0,336900000.0,1.19,1.16,1.19,5265600000.0,,5265600000.0,19784366282.0,16.0,9.269,120700000.0,0.569,1.0,620300000.0,0.276,1207600000.0,29500000.0,13711800000.0,,504700000.0,1641100000.0,0.0,1641100000.0,7734300000.0,2345700000.0,5388600000.0,15688666282.0,-92100000.0,-96100000.0,7700000.0,-46700000.0,-95400000.0,-135400000.0,-303300000.0,8900000.0,348800000.0,-2200000.0,252000000.0,252000000.0,252000000.0,0.0,6400000.0,0.112,266700000.0,353600000.0,1426900000.0,0.412,2.979,18.224,18.125,6941500000.0,0.0,73.95,1.84,1.839,1976600000.0,7537000000.0,2249000000.0,2249000000.0,26300000.0,,,,,15000000.0,240400000.0,1.0,212152350.0,212100000,216900000.0,10.603,11945000000.0,0.0,84900000.0,484000000.0,56.318,476300000.0
46,APD,MRQ,2009-12-31,2009-12-31,2009-12-31,2021-09-07,-1115200000.0,12914500000.0,,2783200000.0,10131300000.0,,23.778,-288800000.0,323000000.0,323000000.0,1568600000.0,256800000.0,1.298,1.536,4418700000.0,713600000.0,3705100000.0,4418700000.0,1509400000.0,217100000.0,0.0,0.022,0.45,366900000.0,584000000.0,0.269,584000000.0,366900000.0,335300000.0,1.19,1.16,1.19,5033900000.0,,5033900000.0,21174181146.0,18.0,10.329,-94900000.0,-0.448,1.0,604900000.0,0.278,1171700000.0,31600000.0,13693600000.0,,522600000.0,1595900000.0,0.0,1595900000.0,7730400000.0,2144900000.0,5585500000.0,17160881146.0,-165200000.0,-12900000.0,27700000.0,-24500000.0,-95100000.0,-83700000.0,-275400000.0,13100000.0,193900000.0,0.0,251800000.0,251800000.0,251800000.0,0.0,5000000.0,0.116,271300000.0,333600000.0,1378500000.0,0.378,3.409,21.069,20.946,6945200000.0,0.0,81.06,2.084,2.084,1796600000.0,7389800000.0,2173500000.0,2173500000.0,27200000.0,,,,,7700000.0,244100000.0,1.0,211705911.0,211700000,217000000.0,10.267,11742800000.0,0.0,83500000.0,414900000.0,55.469,638300000.0
47,APD,MRQ,2009-09-30,2009-09-30,2009-09-30,2021-09-07,-1161800000.0,13029100000.0,,2997800000.0,10031300000.0,,22.732,-279800000.0,488200000.0,488200000.0,1545000000.0,243900000.0,1.197,1.69,4501500000.0,785900000.0,3715600000.0,4501500000.0,0.0,225500000.0,0.0,0.023,0.45,358100000.0,583600000.0,0.274,583600000.0,358100000.0,330200000.0,1.16,1.14,1.16,4791900000.0,,4791900000.0,20373037200.0,22.0,11.453,184600000.0,0.876,1.0,584300000.0,0.274,1178600000.0,27900000.0,13360200000.0,,509600000.0,1555100000.0,0.0,1555100000.0,8099100000.0,2503600000.0,5595500000.0,16298137200.0,417900000.0,-14300000.0,39500000.0,254800000.0,-94500000.0,212500000.0,-261500000.0,27800000.0,464400000.0,2500000.0,243900000.0,243900000.0,243900000.0,2100000.0,0.0,0.115,265600000.0,318700000.0,1674800000.0,0.388,3.401,25.817,25.774,6859600000.0,0.0,77.58,1.974,1.972,1900300000.0,7234600000.0,2129300000.0,2129300000.0,29400000.0,,,,,15300000.0,233500000.0,1.0,210081686.0,210800000,215600000.0,10.101,11850500000.0,0.0,86300000.0,400800000.0,56.217,494200000.0
48,APD,MRQ,2009-06-30,2009-06-30,2009-06-30,2021-09-07,-803600000.0,12243500000.0,,2571100000.0,9672400000.0,,23.49,-283500000.0,70300000.0,70300000.0,1427500000.0,118000000.0,1.434,1.457,4145200000.0,389400000.0,3755800000.0,4145200000.0,1040700000.0,217100000.0,0.0,0.028,0.45,166100000.0,383200000.0,0.194,383200000.0,166100000.0,138600000.0,0.54,0.53,0.54,4928300000.0,,4928300000.0,17575541094.0,18.0,9.744,122200000.0,0.582,1.0,548700000.0,0.278,1124100000.0,27500000.0,13401500000.0,,495800000.0,1390000000.0,0.0,1390000000.0,7180600000.0,1792800000.0,5387800000.0,13552841094.0,-9400000.0,8900000.0,8100000.0,-103200000.0,-94500000.0,-189900000.0,-228000000.0,5100000.0,405700000.0,2800000.0,113200000.0,113200000.0,113200000.0,1400000.0,4800000.0,0.057,410600000.0,138100000.0,1299700000.0,0.833,2.75,20.883,20.903,6675000000.0,0.0,64.59,1.533,1.533,1893500000.0,7086600000.0,1976200000.0,1976200000.0,24100000.0,,,,,15000000.0,232300000.0,1.0,209828783.0,209800000,214000000.0,9.419,11119400000.0,0.0,25400000.0,675700000.0,53.0,778300000.0
49,APD,MRQ,2009-03-31,2009-03-31,2009-03-31,2021-09-07,-1051000000.0,11878900000.0,,2596400000.0,9282500000.0,,22.128,-324100000.0,79700000.0,79700000.0,1439900000.0,207200000.0,1.301,1.534,4102400000.0,645800000.0,3456600000.0,4102400000.0,952800000.0,197100000.0,0.0,0.031,0.45,302100000.0,499200000.0,0.255,499200000.0,302100000.0,272100000.0,0.98,0.97,0.98,4638100000.0,,4638100000.0,15843697675.0,16.0,8.574,-64000000.0,-0.305,1.0,515500000.0,0.264,1026200000.0,30000000.0,12879100000.0,,506600000.0,1283600000.0,0.0,1283600000.0,7114100000.0,1996300000.0,5117800000.0,11792997675.0,-38800000.0,0.0,5700000.0,40000000.0,-92200000.0,-50500000.0,-245600000.0,6100000.0,260100000.0,-2800000.0,205600000.0,205600000.0,205600000.0,-16300000.0,1600000.0,0.105,260200000.0,255300000.0,1307100000.0,0.459,2.543,19.464,19.531,6410100000.0,0.0,56.25,1.227,1.226,1792500000.0,7068700000.0,1955400000.0,1955400000.0,29600000.0,,,,,12600000.0,230600000.0,1.0,209653292.0,209600000,212300000.0,9.329,10852700000.0,0.0,66500000.0,741800000.0,51.778,600100000.0
50,APD,MRQ,2008-12-31,2008-12-31,2008-12-31,2021-09-07,-835300000.0,12253600000.0,,2833400000.0,9420200000.0,,22.57,-291700000.0,118500000.0,118500000.0,1629700000.0,73600000.0,1.275,1.564,4169200000.0,574000000.0,3595200000.0,4169200000.0,966200000.0,200600000.0,0.0,0.035,0.44,112200000.0,312800000.0,0.142,312800000.0,112200000.0,75700000.0,0.33,0.32,0.33,4726100000.0,,4726100000.0,14398224946.0,13.0,7.175,-92500000.0,-0.442,1.0,565600000.0,0.258,1109900000.0,36500000.0,12972500000.0,,521200000.0,1282300000.0,0.0,1282300000.0,7389600000.0,2221900000.0,5167700000.0,10534924946.0,15000000.0,-800000.0,1100000.0,213300000.0,-92100000.0,122900000.0,-305300000.0,18900000.0,199200000.0,-1800000.0,68600000.0,68600000.0,68600000.0,21400000.0,5000000.0,0.031,454400000.0,111200000.0,1578600000.0,1.333,2.229,14.742,14.873,6459000000.0,0.0,50.27,1.033,1.032,2028900000.0,6957700000.0,2195300000.0,2195300000.0,33200000.0,,,,,17500000.0,247000000.0,1.0,209566838.0,209400000,212100000.0,10.484,11143700000.0,0.0,7100000.0,666200000.0,53.217,611500000.0
51,APD,MRQ,2008-09-30,2008-09-30,2008-09-30,2021-09-07,-549300000.0,12571300000.0,,2848100000.0,9723200000.0,,23.91,-293700000.0,103500000.0,103500000.0,2026800000.0,290000000.0,1.288,1.472,3966800000.0,451400000.0,3515400000.0,3966800000.0,1049200000.0,221200000.0,0.0,0.025,0.44,387300000.0,608500000.0,0.224,608500000.0,387300000.0,344500000.0,1.24,1.2,1.24,5030700000.0,,5030700000.0,18412585921.0,13.0,7.985,235600000.0,1.12,1.0,687900000.0,0.253,1217700000.0,42800000.0,13004900000.0,,503700000.0,1327900000.0,0.0,1327900000.0,7404400000.0,2212000000.0,5192400000.0,14508785921.0,-22700000.0,-66900000.0,-226700000.0,158400000.0,-93200000.0,-139500000.0,-409100000.0,1200000.0,529300000.0,-3400000.0,261600000.0,261600000.0,261600000.0,6400000.0,28400000.0,0.096,310000000.0,377900000.0,1665600000.0,0.355,2.884,15.949,15.965,6614800000.0,0.0,68.49,1.393,1.396,2076600000.0,6990200000.0,2714700000.0,2714700000.0,33000000.0,,,,,14300000.0,275400000.0,1.0,211838019.0,210400000,217100000.0,12.903,11353600000.0,0.0,82900000.0,713600000.0,53.962,636100000.0
52,APD,MRQ,2008-06-30,2008-06-30,2008-06-30,2021-09-07,-51100000.0,13075900000.0,,3121600000.0,9954300000.0,,26.367,-269200000.0,126200000.0,126200000.0,2041100000.0,70100000.0,1.467,1.327,4030000000.0,382800000.0,3647200000.0,4030000000.0,993000000.0,219700000.0,0.0,0.017,0.44,207700000.0,427400000.0,0.155,427400000.0,207700000.0,168200000.0,0.33,0.32,0.33,5568700000.0,,5568700000.0,25074161777.0,17.0,10.841,229200000.0,1.085,1.0,708600000.0,0.258,1294900000.0,39500000.0,13556300000.0,,534600000.0,865000000.0,0.0,865000000.0,7391700000.0,2128500000.0,5263200000.0,20826161777.0,-12600000.0,88800000.0,39100000.0,-305000000.0,-92700000.0,-334000000.0,-178700000.0,4200000.0,498400000.0,1700000.0,70100000.0,70100000.0,70100000.0,224900000.0,0.0,0.025,318500000.0,390100000.0,1633100000.0,1.333,3.74,22.134,22.468,6859300000.0,0.0,98.86,2.111,2.116,2340800000.0,6821000000.0,2749700000.0,2749700000.0,33100000.0,,,,,14100000.0,284400000.0,1.0,210663178.0,211200000,218200000.0,13.019,11781000000.0,0.0,98100000.0,735300000.0,55.781,993100000.0
53,APD,MRQ,2008-03-31,2008-03-31,2008-03-31,2021-09-07,-47100000.0,13228400000.0,,2991500000.0,10236900000.0,,26.021,-253600000.0,138800000.0,138800000.0,1871600000.0,314300000.0,1.219,1.373,4386800000.0,740400000.0,3646400000.0,4386800000.0,871700000.0,217100000.0,0.0,0.017,0.44,441000000.0,658100000.0,0.259,658100000.0,441000000.0,402100000.0,1.48,1.43,1.48,5524300000.0,,5524300000.0,23608124740.0,14.0,9.57,10800000.0,0.051,1.0,671100000.0,0.264,1586600000.0,38900000.0,13436100000.0,,533700000.0,842900000.0,0.0,842900000.0,7586700000.0,2453700000.0,5133000000.0,19729224740.0,42300000.0,257800000.0,-361700000.0,212900000.0,-81500000.0,-226100000.0,2300000.0,5400000.0,264400000.0,1700000.0,314300000.0,314300000.0,314300000.0,-54500000.0,0.0,0.124,332700000.0,338400000.0,1569500000.0,0.297,3.571,17.071,17.069,6856400000.0,0.0,92.0,2.07,2.049,2209600000.0,6846000000.0,2542700000.0,2542700000.0,34300000.0,,,,,15900000.0,272100000.0,1.0,214448095.0,212300000,219200000.0,11.977,11641800000.0,0.0,87800000.0,748100000.0,54.837,537800000.0
54,APD,MRQ,2007-12-31,2007-12-31,2007-12-31,2021-09-07,-82900000.0,13014300000.0,,2863800000.0,10150500000.0,,26.085,-268600000.0,96500000.0,96500000.0,1753600000.0,263700000.0,1.287,1.29,3975400000.0,559800000.0,3415600000.0,3975400000.0,842700000.0,211000000.0,0.0,0.015,0.38,401000000.0,612000000.0,0.254,612000000.0,401000000.0,360200000.0,1.23,1.19,1.23,5603000000.0,,5603000000.0,24878499985.0,16.0,10.605,98100000.0,0.457,1.0,653800000.0,0.272,1519000000.0,40800000.0,13149600000.0,,517300000.0,791600000.0,0.0,791600000.0,7227800000.0,2224600000.0,5003200000.0,21243599985.0,56000000.0,69100000.0,-156700000.0,239200000.0,-81900000.0,21900000.0,-334300000.0,8800000.0,366700000.0,1700000.0,263700000.0,263700000.0,263700000.0,-1400000.0,0.0,0.11,273400000.0,380400000.0,1502300000.0,0.309,3.791,19.872,19.885,6700300000.0,0.0,98.63,2.287,2.281,2080200000.0,6625500000.0,2407400000.0,2407400000.0,30300000.0,,,,,17100000.0,258500000.0,1.0,215386799.0,214800000,222300000.0,11.208,11495300000.0,0.0,96500000.0,838900000.0,53.516,639200000.0
55,APD,MRQ,2007-09-30,2007-09-30,2007-09-30,2021-09-07,-142900000.0,12659500000.0,,2858400000.0,9801100000.0,,25.49,-282700000.0,40500000.0,40500000.0,1623800000.0,292800000.0,1.18,1.271,3667800000.0,693100000.0,2974700000.0,3667800000.0,872000000.0,207700000.0,0.0,0.015,0.38,407600000.0,615300000.0,0.284,615300000.0,407600000.0,365800000.0,1.36,1.31,1.36,5495600000.0,,5495600000.0,24872943120.0,17.0,10.933,407300000.0,1.889,1.0,542400000.0,0.25,1167300000.0,41800000.0,12696800000.0,,476700000.0,1104200000.0,0.0,1104200000.0,6986600000.0,2422700000.0,4563900000.0,21125743120.0,10600000.0,-11800000.0,-136900000.0,-220700000.0,-82100000.0,-409900000.0,-280500000.0,52000000.0,690000000.0,5300000.0,292800000.0,292800000.0,292800000.0,13500000.0,0.0,0.135,187500000.0,354900000.0,1543200000.0,0.279,3.844,20.4,20.409,6528800000.0,0.0,97.76,2.309,2.31,2011300000.0,6458500000.0,2166200000.0,2166200000.0,31600000.0,,,,,21700000.0,145800000.0,1.0,216098027.0,215600000,222900000.0,10.047,11492200000.0,0.0,73000000.0,814200000.0,53.303,435700000.0
56,APD,MRQ,2007-06-30,2007-06-30,2007-06-30,2021-09-07,-62400000.0,12568800000.0,,3014900000.0,9553900000.0,,25.249,-241800000.0,31700000.0,31700000.0,1749500000.0,284900000.0,1.107,1.271,3778900000.0,1029600000.0,2749300000.0,3778900000.0,697400000.0,195200000.0,0.0,0.018,0.38,386200000.0,581400000.0,0.241,581400000.0,386200000.0,342000000.0,1.32,1.28,1.32,5456300000.0,,5456300000.0,20685655485.0,16.0,10.281,181300000.0,0.839,1.0,666700000.0,0.276,1424400000.0,44200000.0,12168100000.0,,541100000.0,817900000.0,0.0,817900000.0,6936500000.0,2723500000.0,4213000000.0,17409055485.0,-6500000.0,-506000000.0,-84200000.0,450800000.0,-82400000.0,296300000.0,-723600000.0,29600000.0,423100000.0,0.0,284900000.0,284900000.0,284900000.0,-9400000.0,0.0,0.118,314300000.0,352400000.0,1535700000.0,0.288,3.191,19.983,19.993,6626400000.0,0.0,80.37,2.078,2.074,2302700000.0,6247600000.0,2416200000.0,2416200000.0,33000000.0,,,,,17800000.0,295000000.0,1.0,216611366.0,216100000,223100000.0,11.181,11144400000.0,0.0,57100000.0,924500000.0,51.571,291400000.0
57,APD,MRQ,2007-03-31,2007-03-31,2007-03-31,2021-09-07,-102700000.0,11878000000.0,,2908700000.0,8969300000.0,,24.372,-256600000.0,37300000.0,37300000.0,1675900000.0,227600000.0,1.286,1.217,3313900000.0,609400000.0,2704500000.0,3313900000.0,682700000.0,194800000.0,0.0,0.019,0.38,342500000.0,537300000.0,0.234,537300000.0,342500000.0,305200000.0,1.05,1.02,1.05,5276500000.0,,5276500000.0,19094194080.0,16.0,9.838,-20200000.0,-0.093,1.0,622100000.0,0.271,1121100000.0,37300000.0,11771200000.0,,530700000.0,796200000.0,0.0,796200000.0,6423100000.0,2262300000.0,4160800000.0,16008494080.0,-20900000.0,-20000000.0,-54800000.0,131100000.0,-73600000.0,18600000.0,-272400000.0,3100000.0,236400000.0,2700000.0,227600000.0,227600000.0,227600000.0,-10800000.0,0.0,0.099,313500000.0,308600000.0,1506600000.0,0.362,3.034,20.096,20.319,6335700000.0,0.0,73.96,1.951,1.951,2113500000.0,6054400000.0,2298000000.0,2298000000.0,32300000.0,,,,,14800000.0,283600000.0,1.0,216448000.0,216500000,223400000.0,10.614,10756900000.0,0.0,77600000.0,919900000.0,49.685,646400000.0
58,APD,MRQ,2006-12-31,2006-12-31,2006-12-31,2021-09-07,-127100000.0,11500000000.0,,2650100000.0,8849900000.0,,23.588,-232100000.0,64500000.0,64500000.0,1649700000.0,230300000.0,1.101,1.213,3150200000.0,814200000.0,2336000000.0,3150200000.0,666500000.0,192100000.0,0.0,0.019,0.34,348900000.0,541000000.0,0.239,541000000.0,348900000.0,309800000.0,1.06,1.03,1.06,5111500000.0,,5111500000.0,18060923434.0,15.0,9.541,-81700000.0,-0.377,1.0,618100000.0,0.273,1121700000.0,39100000.0,11058000000.0,,536400000.0,765600000.0,0.0,765600000.0,6199700000.0,2406000000.0,3793700000.0,15246323434.0,26300000.0,-1500000.0,-96500000.0,243800000.0,-73900000.0,80100000.0,-206600000.0,12500000.0,150400000.0,-400000.0,230300000.0,230300000.0,230300000.0,-9300000.0,0.0,0.102,300700000.0,317400000.0,1483900000.0,0.321,2.983,19.724,20.023,6264200000.0,0.0,70.28,1.874,1.872,2049200000.0,5901400000.0,2267800000.0,2267800000.0,32100000.0,,,,,16600000.0,275400000.0,1.0,216936873.0,216700000,223400000.0,10.465,10378300000.0,0.0,79500000.0,899100000.0,47.892,244100000.0
59,APD,MRQ,2006-09-30,2006-09-30,2006-09-30,2021-09-07,-221700000.0,11180700000.0,,2612600000.0,8568100000.0,,22.484,-165200000.0,35200000.0,35200000.0,1014100000.0,128400000.0,1.124,1.235,2849800000.0,569600000.0,2280200000.0,2849800000.0,642000000.0,142000000.0,0.0,0.02,0.34,210300000.0,352300000.0,0.253,352300000.0,210300000.0,172900000.0,0.59,0.57,0.59,4924000000.0,,4924000000.0,17542869431.0,16.0,9.7,310100000.0,1.416,1.0,379900000.0,0.273,1096900000.0,37400000.0,10575000000.0,,492300000.0,728300000.0,0.0,728300000.0,6078700000.0,2323400000.0,3755300000.0,14623869431.0,-24000000.0,206800000.0,-276200000.0,-111900000.0,-75400000.0,-471300000.0,-5200000.0,13400000.0,475300000.0,-500000.0,128400000.0,128400000.0,128400000.0,14700000.0,0.0,0.092,166000000.0,213900000.0,1647500000.0,0.576,2.97,20.215,20.359,6111700000.0,0.0,66.37,1.855,1.866,1997900000.0,5743500000.0,1394000000.0,1394000000.0,25700000.0,,,,,22000000.0,88800000.0,1.0,220338548.0,219000000,225100000.0,6.365,10083800000.0,0.0,44500000.0,931800000.0,46.045,289200000.0
60,APD,MRQ,2006-06-30,2006-06-30,2006-06-30,2021-09-07,-296300000.0,11290800000.0,,2612500000.0,8678300000.0,,22.63,-235900000.0,60500000.0,60500000.0,1643500000.0,210300000.0,1.267,1.203,2979500000.0,572800000.0,2406700000.0,2979500000.0,847600000.0,195100000.0,0.0,0.021,0.34,315200000.0,510300000.0,0.227,510300000.0,315200000.0,285800000.0,0.94,0.92,0.94,5046600000.0,,5046600000.0,17058164146.0,15.0,9.049,89900000.0,0.403,1.0,602200000.0,0.268,1146000000.0,29400000.0,11002600000.0,,581100000.0,736400000.0,0.0,736400000.0,6073000000.0,2061200000.0,4011800000.0,14329264146.0,-13400000.0,-9800000.0,-164000000.0,98600000.0,-76000000.0,-136000000.0,-224100000.0,8900000.0,325800000.0,2700000.0,210300000.0,210300000.0,210300000.0,-3800000.0,0.0,0.094,310300000.0,291900000.0,1326200000.0,0.362,2.839,18.513,18.421,6284400000.0,0.0,63.92,1.771,1.762,1970900000.0,5688300000.0,2245700000.0,2245700000.0,39100000.0,,,,,17200000.0,280000000.0,1.0,224174971.0,223000000,229200000.0,10.07,10144800000.0,0.0,75500000.0,919700000.0,45.492,551300000.0
61,APD,MRQ,2006-03-31,2006-03-31,2006-03-31,2021-09-07,-351400000.0,11032500000.0,,2563000000.0,8469500000.0,,22.297,-503600000.0,73900000.0,73900000.0,1667700000.0,204000000.0,1.353,1.174,2802800000.0,453600000.0,2349200000.0,2802800000.0,763900000.0,185100000.0,0.0,0.019,0.34,304200000.0,489300000.0,0.219,489300000.0,304200000.0,278900000.0,0.92,0.89,0.92,4967700000.0,,4967700000.0,17495673527.0,16.0,9.523,-211100000.0,-0.947,1.0,561800000.0,0.252,1100200000.0,25300000.0,10767200000.0,,567800000.0,718200000.0,0.0,718200000.0,5833100000.0,1894000000.0,3939100000.0,14958273527.0,3200000.0,-135300000.0,47800000.0,171000000.0,-71200000.0,156000000.0,-458300000.0,174300000.0,292500000.0,700000.0,204000000.0,204000000.0,204000000.0,-7500000.0,0.0,0.092,279200000.0,282600000.0,1231600000.0,0.37,3.011,19.831,19.938,6155100000.0,0.0,67.19,1.888,1.889,1921300000.0,5553700000.0,2229500000.0,2229500000.0,37500000.0,,,,,19800000.0,271800000.0,1.0,222626485.0,222800000,228500000.0,10.007,9932300000.0,0.0,74900000.0,1034800000.0,44.579,669000000.0
62,APD,MRQ,2005-12-31,2005-12-31,2005-12-31,2021-09-07,-408300000.0,10624900000.0,,2463000000.0,8161900000.0,,21.211,-304000000.0,70700000.0,70700000.0,1491700000.0,180700000.0,1.424,1.211,2608100000.0,335700000.0,2272400000.0,2608100000.0,850800000.0,182500000.0,0.0,0.022,0.32,274100000.0,456600000.0,0.227,456600000.0,274100000.0,247800000.0,0.81,0.8,0.81,4708800000.0,,4708800000.0,15590610844.0,14.0,8.672,-50100000.0,-0.226,1.0,524100000.0,0.26,1008900000.0,26300000.0,10423700000.0,,552400000.0,679400000.0,0.0,679400000.0,5701300000.0,1729700000.0,3971600000.0,13146510844.0,14900000.0,0.0,13000000.0,85900000.0,-71000000.0,28700000.0,-259100000.0,17600000.0,253900000.0,-400000.0,180700000.0,180700000.0,180700000.0,1100000.0,0.0,0.09,270600000.0,253500000.0,1285900000.0,0.395,2.792,18.118,18.382,5989000000.0,0.0,59.19,1.708,1.707,1839900000.0,5426400000.0,2015800000.0,2015800000.0,37600000.0,,,,,17200000.0,250900000.0,1.0,222106958.0,222000000,227100000.0,9.08,9616000000.0,0.0,67100000.0,956500000.0,43.315,733300000.0
63,APD,MRQ,2005-09-30,2005-09-30,2005-09-30,2021-09-07,-433200000.0,10408800000.0,,2414700000.0,7994100000.0,,20.521,-232100000.0,55800000.0,55800000.0,1095400000.0,179000000.0,1.243,1.243,2493700000.0,447000000.0,2046700000.0,2493700000.0,821600000.0,161500000.0,0.0,0.023,0.32,267400000.0,428900000.0,0.268,428900000.0,267400000.0,240900000.0,0.8,0.79,0.8,4545500000.0,,4545500000.0,14657093785.0,14.0,8.233,129200000.0,0.583,1.0,504900000.0,0.316,977000000.0,26500000.0,9926500000.0,,453500000.0,663700000.0,0.0,663700000.0,5652200000.0,1943200000.0,3709000000.0,12224293785.0,-26300000.0,-27700000.0,-118700000.0,18800000.0,-71500000.0,-171400000.0,-253800000.0,5700000.0,361300000.0,700000.0,179000000.0,179000000.0,179000000.0,-7100000.0,0.0,0.112,267400000.0,237500000.0,1352600000.0,0.4,2.689,17.176,17.505,5777700000.0,0.0,55.14,1.593,1.622,1804700000.0,5317200000.0,1600300000.0,1600300000.0,32800000.0,,,,,8100000.0,237000000.0,1.0,221695571.0,221500000,226900000.0,7.225,9431800000.0,0.0,61900000.0,952700000.0,42.581,471500000.0
64,APD,MRQ,2005-06-30,2005-06-30,2005-06-30,2021-09-07,-379000000.0,10309800000.0,,2422500000.0,7887300000.0,,20.357,-257400000.0,82100000.0,82100000.0,1531700000.0,190600000.0,1.338,1.195,2514900000.0,453600000.0,2061300000.0,2514900000.0,806900000.0,181600000.0,0.0,0.02,0.32,280800000.0,462400000.0,0.222,462400000.0,280800000.0,254900000.0,0.84,0.82,0.84,4614900000.0,,4614900000.0,15925933092.0,15.0,8.945,15000000.0,0.066,1.0,546700000.0,0.263,999400000.0,25900000.0,9933200000.0,,516700000.0,661300000.0,0.0,661300000.0,5515800000.0,1810000000.0,3705800000.0,13825333092.0,-328800000.0,-16700000.0,-357500000.0,83700000.0,-73400000.0,-347200000.0,-250800000.0,19900000.0,272400000.0,-3200000.0,190600000.0,190600000.0,190600000.0,0.0,0.0,0.092,283900000.0,262800000.0,1222400000.0,0.381,2.996,19.728,19.452,5796700000.0,0.0,60.3,1.802,1.782,1569100000.0,5216100000.0,2078400000.0,2078400000.0,33300000.0,,,,,3000000.0,261100000.0,1.0,229275839.0,226700000,232400000.0,9.168,9310400000.0,0.0,64300000.0,971600000.0,41.069,612500000.0
65,APD,MRQ,2005-03-31,2005-03-31,2005-03-31,2021-09-07,-331800000.0,10707300000.0,,2771200000.0,7936100000.0,,21.526,-211600000.0,410900000.0,410900000.0,1468900000.0,175300000.0,1.502,1.143,2511500000.0,396500000.0,2115000000.0,2511500000.0,864400000.0,177100000.0,0.0,0.019,0.32,272900000.0,450000000.0,0.225,450000000.0,272900000.0,243100000.0,0.77,0.75,0.77,4910100000.0,,4910100000.0,16697217483.0,16.0,9.558,103200000.0,0.452,1.0,534400000.0,0.267,1019300000.0,29800000.0,9943200000.0,,525400000.0,672800000.0,0.0,672800000.0,5611100000.0,1845400000.0,3765700000.0,14404717483.0,138200000.0,-14700000.0,71500000.0,17700000.0,-65800000.0,23400000.0,-195900000.0,31500000.0,314800000.0,-4100000.0,175300000.0,175300000.0,175300000.0,0.0,0.0,0.088,282200000.0,252200000.0,1321300000.0,0.416,2.934,21.397,21.167,5846000000.0,0.0,63.29,1.925,1.929,1557800000.0,5096900000.0,2003300000.0,2003300000.0,33100000.0,,,,,3300000.0,257200000.0,1.0,227598633.0,228100000,234300000.0,8.783,9688000000.0,0.0,67800000.0,913900000.0,42.473,925800000.0
66,APD,MRQ,2004-12-31,2004-12-31,2004-12-31,2021-09-07,-301100000.0,10653400000.0,,2611000000.0,8042400000.0,,20.94,-216100000.0,272700000.0,272700000.0,1475500000.0,166800000.0,1.447,1.208,2565200000.0,323800000.0,2241400000.0,2565200000.0,894400000.0,179400000.0,0.0,0.019,0.29,259500000.0,438900000.0,0.22,438900000.0,259500000.0,231700000.0,0.74,0.72,0.74,4740800000.0,,4740800000.0,15424553570.0,15.0,9.063,139200000.0,0.615,1.0,515500000.0,0.259,1022300000.0,27800000.0,10118700000.0,,519300000.0,672100000.0,0.0,672100000.0,5728800000.0,1804900000.0,3923900000.0,13177153570.0,126400000.0,-48600000.0,42200000.0,48700000.0,-65500000.0,25400000.0,-260700000.0,2600000.0,355300000.0,6400000.0,166800000.0,166800000.0,166800000.0,0.0,0.0,0.084,277200000.0,238300000.0,1345500000.0,0.392,2.78,20.618,20.34,5917600000.0,0.0,57.97,1.796,1.789,1539100000.0,4989200000.0,1991000000.0,1991000000.0,33100000.0,,,,,3600000.0,252800000.0,1.0,227309877.0,226400000,232300000.0,8.794,9631100000.0,0.0,64900000.0,923700000.0,42.54,806100000.0
67,APD,MRQ,2004-09-30,2004-09-30,2004-09-30,2021-09-07,-440700000.0,10040400000.0,,2416900000.0,7623500000.0,,19.751,-191700000.0,146300000.0,146300000.0,1106600000.0,168100000.0,1.417,1.221,2393700000.0,280100000.0,2113600000.0,2393700000.0,820300000.0,173300000.0,0.0,0.019,0.29,255900000.0,429200000.0,0.269,429200000.0,255900000.0,227700000.0,0.75,0.73,0.75,4444000000.0,,4444000000.0,14730432271.0,15.0,8.919,199700000.0,0.888,1.0,491400000.0,0.308,931900000.0,28200000.0,9650300000.0,,505900000.0,629800000.0,0.0,629800000.0,5427500000.0,1705600000.0,3721900000.0,12360132271.0,56800000.0,-22600000.0,28100000.0,-81500000.0,-65200000.0,-118600000.0,-187800000.0,27200000.0,391400000.0,-7700000.0,168100000.0,168100000.0,168100000.0,4300000.0,0.0,0.105,247600000.0,243800000.0,1319600000.0,0.387,2.781,20.46,20.141,5702200000.0,0.0,54.38,1.758,1.731,1764700000.0,4887100000.0,1598000000.0,1598000000.0,33000000.0,,,,,6900000.0,230700000.0,1.0,227291877.0,225000000,230400000.0,7.102,9108500000.0,0.0,59600000.0,893900000.0,40.482,711300000.0
68,APD,MRQ,2004-06-30,2004-06-30,2004-06-30,2021-09-07,-516300000.0,9930000000.0,,2337800000.0,7592200000.0,,18.911,-167100000.0,89500000.0,89500000.0,1388300000.0,163000000.0,1.405,1.301,2459800000.0,331700000.0,2128100000.0,2459800000.0,953600000.0,173000000.0,0.0,0.019,0.29,255900000.0,428900000.0,0.227,428900000.0,255900000.0,226400000.0,0.73,0.71,0.73,4245600000.0,,4245600000.0,14433358949.0,16.0,8.974,157000000.0,0.699,1.0,504200000.0,0.266,906400000.0,29500000.0,9729900000.0,,522100000.0,608200000.0,0.0,608200000.0,5522000000.0,1664000000.0,3858000000.0,11921458949.0,-52800000.0,-32100000.0,28500000.0,-171400000.0,-51500000.0,-194400000.0,-188400000.0,9600000.0,324100000.0,5900000.0,163000000.0,163000000.0,163000000.0,0.0,0.0,0.086,270500000.0,233700000.0,1324800000.0,0.397,2.808,21.014,20.569,5680000000.0,0.0,52.45,1.685,1.664,1497400000.0,4784600000.0,1892500000.0,1892500000.0,31100000.0,,,,,0.0,243700000.0,1.0,227291877.0,224500000,229400000.0,8.43,9023600000.0,0.0,63400000.0,783800000.0,40.194,673800000.0
69,APD,MRQ,2004-03-31,2004-03-31,2004-03-31,2021-09-07,-490000000.0,9962500000.0,,2325500000.0,7637000000.0,,18.511,-175400000.0,142300000.0,142300000.0,1369600000.0,141200000.0,1.224,1.361,2654200000.0,652700000.0,2001500000.0,2654200000.0,994900000.0,176600000.0,0.0,0.018,0.23,228400000.0,405000000.0,0.218,405000000.0,228400000.0,196100000.0,0.63,0.62,0.63,4141000000.0,,4141000000.0,13870566604.0,20.0,9.905,-9100000.0,-0.041,1.0,486900000.0,0.262,900900000.0,32300000.0,9673900000.0,,528900000.0,601800000.0,0.0,601800000.0,5635500000.0,1899600000.0,3735900000.0,11391066604.0,49400000.0,-20600000.0,35300000.0,92800000.0,-51300000.0,76800000.0,-195400000.0,1700000.0,166300000.0,1700000.0,141200000.0,141200000.0,141200000.0,0.0,0.0,0.076,276800000.0,210100000.0,1173800000.0,0.365,2.751,26.436,25.835,5715800000.0,0.0,50.12,1.672,1.646,1389300000.0,4686700000.0,1856500000.0,1856500000.0,32000000.0,,,,,0.0,250400000.0,1.0,227275870.0,223700000,228800000.0,8.299,9061600000.0,0.0,54900000.0,812600000.0,40.508,425900000.0
70,APD,MRQ,2003-12-31,2003-12-31,2003-12-31,2021-09-07,-511800000.0,9786600000.0,,2214700000.0,7571900000.0,,17.947,-152300000.0,92900000.0,92900000.0,1230200000.0,131800000.0,1.536,1.408,2572400000.0,198700000.0,2373700000.0,2572400000.0,1079400000.0,174400000.0,0.0,0.017,0.23,214000000.0,388400000.0,0.231,388400000.0,214000000.0,183100000.0,0.59,0.58,0.59,3982500000.0,,3982500000.0,14440955912.0,22.0,10.756,53400000.0,0.241,1.0,454700000.0,0.27,881600000.0,30900000.0,9943100000.0,,502400000.0,585000000.0,0.0,585000000.0,5608300000.0,1441400000.0,4166900000.0,12006455912.0,16700000.0,-28100000.0,54100000.0,-23800000.0,-50900000.0,-20600000.0,-172200000.0,7600000.0,205700000.0,3800000.0,131800000.0,131800000.0,131800000.0,0.0,0.0,0.078,255900000.0,198800000.0,1146200000.0,0.39,3.015,29.771,28.869,5721100000.0,0.0,52.83,1.837,1.794,1305500000.0,4597100000.0,1684900000.0,1684900000.0,30000000.0,,,,,0.0,231400000.0,1.0,227265870.0,221900000,227000000.0,7.593,8905000000.0,0.0,51300000.0,810300000.0,40.131,773300000.0
71,APD,MRQ,2003-09-30,2003-09-30,2003-09-30,2021-09-07,-567200000.0,9473500000.0,,2109500000.0,7364000000.0,,17.123,-172900000.0,76200000.0,76200000.0,1199000000.0,131300000.0,1.334,1.455,2510700000.0,342100000.0,2168600000.0,2510700000.0,1005900000.0,177700000.0,0.0,0.02,0.23,208300000.0,386000000.0,0.235,386000000.0,208300000.0,177600000.0,0.6,0.59,0.6,3782500000.0,,3782500000.0,12476600537.0,19.0,9.432,132600000.0,0.6,1.0,443300000.0,0.27,829900000.0,30700000.0,9496900000.0,,483100000.0,553500000.0,0.0,553500000.0,5502900000.0,1581200000.0,3921700000.0,10249600537.0,-65100000.0,-295400000.0,33700000.0,107600000.0,-50600000.0,90700000.0,-465700000.0,2600000.0,305500000.0,4400000.0,131300000.0,131300000.0,131300000.0,0.0,0.0,0.08,256400000.0,186900000.0,1123500000.0,0.383,2.71,25.798,24.917,5637100000.0,0.0,45.1,1.628,1.573,1271300000.0,4516600000.0,1642300000.0,1642300000.0,30000000.0,,,,,0.0,230700000.0,1.0,227263870.0,220900000,225700000.0,7.435,8643600000.0,0.0,46300000.0,862800000.0,39.129,528300000.0
72,APD,MRQ,2003-06-30,2003-06-30,2003-06-30,2021-09-07,-444900000.0,8948900000.0,,2018400000.0,6930500000.0,,17.165,-145900000.0,141300000.0,141300000.0,1204800000.0,26600000.0,1.729,1.326,2368300000.0,217600000.0,2150700000.0,2368300000.0,914200000.0,164700000.0,0.0,0.021,0.23,56200000.0,220900000.0,0.136,220900000.0,56200000.0,23700000.0,0.12,0.12,0.12,3771200000.0,,3771200000.0,11805093792.0,17.0,8.818,144500000.0,0.658,1.0,425100000.0,0.261,610200000.0,32500000.0,9398300000.0,,437900000.0,550700000.0,0.0,550700000.0,4998800000.0,1167400000.0,3831400000.0,9454093792.0,67900000.0,-1300000.0,18200000.0,-113800000.0,-46100000.0,-141700000.0,-86800000.0,59500000.0,290400000.0,6000000.0,26600000.0,26600000.0,26600000.0,0.0,0.0,0.016,387800000.0,37300000.0,913900000.0,1.917,2.507,23.042,22.246,5443400000.0,0.0,41.6,1.562,1.51,1201400000.0,4440700000.0,1629900000.0,1629900000.0,30000000.0,,,,,0.0,212000000.0,1.0,227261870.0,219700000,223300000.0,7.419,8338700000.0,0.0,-2900000.0,802400000.0,37.955,851000000.0
73,APD,MRQ,2003-03-31,2003-03-31,2003-03-31,2021-09-07,-524900000.0,8840800000.0,,1923100000.0,6917700000.0,,16.811,-127200000.0,73400000.0,73400000.0,1176300000.0,113600000.0,1.442,1.352,2424400000.0,395900000.0,2028500000.0,2424400000.0,887300000.0,156400000.0,0.0,0.02,0.21,190900000.0,347300000.0,0.22,347300000.0,190900000.0,162300000.0,0.52,0.51,0.52,3684900000.0,,3684900000.0,11711970487.0,13.0,7.831,49700000.0,0.227,1.0,401800000.0,0.255,589100000.0,28600000.0,9268800000.0,,431600000.0,519800000.0,0.0,519800000.0,4981200000.0,1333900000.0,3647300000.0,9413970487.0,-31400000.0,-55400000.0,13500000.0,-20600000.0,-46000000.0,-53100000.0,-155800000.0,30800000.0,176900000.0,600000.0,113600000.0,113600000.0,113600000.0,0.0,0.0,0.072,225500000.0,176300000.0,543700000.0,0.404,2.555,17.931,17.262,5489100000.0,0.0,41.43,1.624,1.567,1211000000.0,4460100000.0,1578100000.0,1578100000.0,31100000.0,,,,,0.0,206600000.0,1.0,227225935.0,219200000,222500000.0,7.199,8251700000.0,0.0,48700000.0,832000000.0,37.645,589200000.0
74,APD,MRQ,2002-12-31,2002-12-31,2002-12-31,2021-09-07,-524200000.0,8675900000.0,,1834500000.0,6841400000.0,,16.152,-166900000.0,104800000.0,104800000.0,1033000000.0,125800000.0,1.431,1.355,2402800000.0,375500000.0,2027300000.0,2402800000.0,866300000.0,156000000.0,0.0,0.019,0.21,212600000.0,368600000.0,0.255,368600000.0,212600000.0,180900000.0,0.57,0.57,0.57,3601900000.0,,3601900000.0,11844928837.0,13.0,7.838,96300000.0,0.432,1.0,414000000.0,0.286,557000000.0,31700000.0,9134700000.0,,430700000.0,499700000.0,0.0,499700000.0,4881200000.0,1282200000.0,3599000000.0,9713628837.0,-148900000.0,-183600000.0,11100000.0,-43800000.0,-45900000.0,-78600000.0,-338300000.0,9200000.0,263200000.0,4800000.0,125800000.0,125800000.0,125800000.0,0.0,0.0,0.087,220000000.0,194000000.0,487300000.0,0.368,2.697,18.072,17.378,5478600000.0,0.0,42.75,1.756,1.723,1085400000.0,4392600000.0,1447000000.0,1447000000.0,30000000.0,,,,,0.0,193300000.0,1.0,227219388.0,223000000,218800000.0,6.489,8118900000.0,0.0,55100000.0,822100000.0,36.408,552300000.0
75,APD,MRQ,2002-09-30,2002-09-30,2002-09-30,2021-09-07,-566900000.0,8495000000.0,,1909300000.0,6585700000.0,,17.242,-167800000.0,253700000.0,253700000.0,959600000.0,144300000.0,1.52,1.402,2385000000.0,344000000.0,2041000000.0,2385000000.0,827400000.0,167200000.0,0.0,0.02,0.21,234800000.0,402000000.0,0.288,402000000.0,234800000.0,206100000.0,0.66,0.65,0.66,3460400000.0,,3460400000.0,11573686490.0,13.0,7.822,171400000.0,0.854,1.0,438400000.0,0.314,502000000.0,28700000.0,8868100000.0,,392600000.0,484200000.0,0.0,484200000.0,4850200000.0,1256200000.0,3594000000.0,9545486490.0,67900000.0,-108500000.0,7400000.0,46900000.0,-45800000.0,8500000.0,-278300000.0,9200000.0,339200000.0,-1500000.0,144300000.0,144300000.0,144300000.0,0.0,0.0,0.103,231400000.0,207000000.0,839300000.0,0.318,2.758,18.168,17.36,5377800000.0,0.0,42.01,1.767,1.689,1049000000.0,4312800000.0,1398000000.0,1398000000.0,29900000.0,,,,,0.0,186800000.0,1.0,227219388.0,200700000,240400000.0,6.966,7993000000.0,0.0,61800000.0,798500000.0,39.826,653100000.0
76,APD,MRQ,2002-06-30,2002-06-30,2002-06-30,2021-09-07,-392000000.0,8236500000.0,,1781000000.0,6455500000.0,,15.682,-138500000.0,185800000.0,185800000.0,976700000.0,141300000.0,1.604,1.302,2214000000.0,206600000.0,2007400000.0,2214000000.0,689200000.0,148200000.0,0.0,0.016,0.21,229400000.0,377600000.0,0.275,377600000.0,229400000.0,201900000.0,0.65,0.63,0.65,3523700000.0,,3523700000.0,13451554992.0,16.0,9.592,109100000.0,0.486,1.0,397300000.0,0.289,381900000.0,27500000.0,8772300000.0,,366400000.0,568500000.0,0.0,568500000.0,4586300000.0,1110500000.0,3475800000.0,11466954992.0,88000000.0,-9700000.0,20900000.0,-10900000.0,-43600000.0,-33600000.0,-136500000.0,15900000.0,247600000.0,10500000.0,141300000.0,141300000.0,141300000.0,0.0,0.0,0.103,182200000.0,215100000.0,486700000.0,0.323,3.254,23.682,22.531,5148300000.0,0.0,50.47,2.124,2.1,1018100000.0,4214500000.0,1374000000.0,1374000000.0,31900000.0,,,,,0.0,172900000.0,1.0,227203388.0,224700000,218000000.0,6.115,7854600000.0,0.0,60600000.0,843900000.0,34.956,670500000.0
77,APD,MRQ,2002-03-31,2002-03-31,2002-03-31,2021-09-07,-498100000.0,7870800000.0,,1631300000.0,6239500000.0,,14.79,-143300000.0,97800000.0,97800000.0,942300000.0,126100000.0,1.674,1.351,2082400000.0,113500000.0,1968900000.0,2082400000.0,718900000.0,136400000.0,0.0,0.015,0.2,226700000.0,363100000.0,0.277,363100000.0,226700000.0,195700000.0,0.58,0.57,0.58,3296700000.0,,3296700000.0,14071354990.0,17.0,10.041,60000000.0,0.269,1.0,370400000.0,0.282,343100000.0,31000000.0,8538000000.0,,364400000.0,530600000.0,0.0,530600000.0,4453200000.0,974300000.0,3478900000.0,11735054990.0,29500000.0,-14900000.0,63200000.0,-302000000.0,-43100000.0,-281900000.0,112900000.0,251300000.0,203300000.0,-4800000.0,126100000.0,126100000.0,126100000.0,0.0,0.0,0.096,215600000.0,154800000.0,460300000.0,0.345,3.56,24.695,23.371,4996900000.0,0.0,51.65,2.143,2.102,962500000.0,4118900000.0,1312700000.0,1312700000.0,28100000.0,,,,,0.0,189100000.0,1.0,227203388.0,222900000,216600000.0,5.889,7527700000.0,0.0,69600000.0,868600000.0,33.772,657000000.0
78,APD,MRQ,2001-12-31,2001-12-31,2001-12-31,2021-09-07,-476400000.0,8038900000.0,,1628600000.0,6410300000.0,,14.373,-178000000.0,68300000.0,68300000.0,937100000.0,113700000.0,1.306,1.497,2404600000.0,415100000.0,1989500000.0,2404600000.0,714800000.0,139300000.0,0.0,0.017,0.2,197600000.0,336900000.0,0.256,336900000.0,197600000.0,162500000.0,0.53,0.52,0.53,3170600000.0,,3170600000.0,13069467949.0,16.0,9.588,95800000.0,0.434,1.0,379400000.0,0.288,380700000.0,35100000.0,8747100000.0,,404200000.0,516900000.0,0.0,516900000.0,4747400000.0,1247400000.0,3500000000.0,10657967949.0,2100000.0,-20900000.0,12300000.0,-47200000.0,-43100000.0,-78000000.0,-191700000.0,16500000.0,273800000.0,-2000000.0,113700000.0,113700000.0,113700000.0,0.0,0.0,0.086,195200000.0,184200000.0,463600000.0,0.377,3.361,24.021,22.662,5114700000.0,0.0,46.91,1.87,1.816,948700000.0,4036400000.0,1316500000.0,1316500000.0,30400000.0,,,,,0.0,169300000.0,1.0,227200340.0,220600000,215700000.0,5.968,7658200000.0,0.0,48800000.0,863300000.0,34.715,381200000.0
79,APD,MRQ,2001-09-30,2001-09-30,2001-09-30,2021-09-07,-452500000.0,8084100000.0,,1684800000.0,6399300000.0,,14.439,-198200000.0,66200000.0,66200000.0,976500000.0,103100000.0,1.246,1.565,2477700000.0,450200000.0,2027500000.0,2477700000.0,702000000.0,139400000.0,0.0,0.02,0.2,185300000.0,324700000.0,0.232,324700000.0,185300000.0,141500000.0,0.48,0.47,0.48,3105800000.0,,3105800000.0,11569011617.0,14.0,8.145,197400000.0,0.918,1.0,420100000.0,0.301,384700000.0,43800000.0,8758500000.0,,410500000.0,499500000.0,0.0,499500000.0,4860300000.0,1352400000.0,3507900000.0,8770211617.0,-49900000.0,-69700000.0,-2700000.0,-588600000.0,-43000000.0,-634300000.0,187700000.0,454600000.0,395600000.0,1100000.0,103100000.0,103100000.0,103100000.0,0.0,0.0,0.074,281800000.0,138300000.0,512200000.0,0.417,2.824,18.836,17.779,5118500000.0,0.0,38.58,1.497,1.415,981300000.0,3965900000.0,1396600000.0,1396600000.0,31500000.0,,,,,0.0,162400000.0,1.0,227325340.0,215100000,233100000.0,6.493,7699400000.0,0.0,38400000.0,826800000.0,35.795,332400000.0
80,APD,MRQ,2001-06-30,2001-06-30,2001-06-30,2021-09-07,-480800000.0,8218800000.0,,1780100000.0,6438700000.0,,14.048,-207800000.0,116100000.0,116100000.0,1039300000.0,132300000.0,1.489,1.683,2914900000.0,372300000.0,2542600000.0,2914900000.0,510100000.0,141900000.0,0.0,0.017,0.2,234800000.0,376700000.0,0.26,376700000.0,234800000.0,186100000.0,0.62,0.6,0.62,3018900000.0,,3018900000.0,13354480355.0,13.0,8.217,100700000.0,0.469,1.0,411600000.0,0.284,744600000.0,48700000.0,9077100000.0,,414800000.0,511900000.0,0.0,511900000.0,5081800000.0,1195900000.0,3885900000.0,10428380355.0,15500000.0,-1300000.0,25600000.0,-86300000.0,-40700000.0,-101400000.0,-191800000.0,10200000.0,308500000.0,200000.0,132300000.0,132300000.0,132300000.0,0.0,0.0,0.091,196200000.0,215400000.0,533500000.0,0.323,3.454,17.949,16.882,5182200000.0,0.0,45.75,1.726,1.627,1038600000.0,3905800000.0,1450900000.0,1450900000.0,31000000.0,,,,,0.0,173300000.0,1.0,227942740.0,214900000,214900000.0,6.752,7474200000.0,0.0,53800000.0,836300000.0,34.78,584200000.0
81,APD,MRQ,2001-03-31,2001-03-31,2001-03-31,2021-09-07,-484100000.0,8284500000.0,,1904900000.0,6379600000.0,,13.472,-164300000.0,100600000.0,100600000.0,1141000000.0,94600000.0,1.321,1.826,3026700000.0,511100000.0,2515600000.0,3026700000.0,534300000.0,143300000.0,0.0,0.02,0.19,181500000.0,324800000.0,0.212,324800000.0,181500000.0,131200000.0,0.44,0.43,0.44,2889800000.0,,2889800000.0,11675158214.0,22.0,10.408,-68300000.0,-0.318,1.0,393500000.0,0.256,709100000.0,50300000.0,9059700000.0,,405700000.0,493800000.0,0.0,493800000.0,5277300000.0,1441800000.0,3835500000.0,8796658214.0,15300000.0,-9600000.0,-28100000.0,133300000.0,-40800000.0,64400000.0,-149400000.0,13600000.0,96000000.0,4300000.0,94600000.0,94600000.0,94600000.0,0.0,0.0,0.062,229300000.0,164200000.0,577000000.0,0.432,3.044,34.335,32.269,5176700000.0,0.0,38.4,1.468,1.374,1158300000.0,3816700000.0,1534500000.0,1534500000.0,30800000.0,,,,,0.0,189500000.0,1.0,229079641.0,214500000,214500000.0,7.154,7575400000.0,0.0,36600000.0,802700000.0,35.317,463100000.0
82,APD,MRQ,2000-12-31,2000-12-31,2000-12-31,2021-09-07,-424800000.0,8301300000.0,,1832700000.0,6468600000.0,,13.568,-138000000.0,85300000.0,85300000.0,1059600000.0,135600000.0,1.426,1.813,2963800000.0,308500000.0,2655300000.0,2963800000.0,569000000.0,148400000.0,0.0,0.018,0.19,245700000.0,394100000.0,0.267,394100000.0,245700000.0,197300000.0,0.63,0.62,0.63,2908900000.0,,2908900000.0,12352412831.0,27.0,11.828,145900000.0,0.681,1.0,416200000.0,0.282,726200000.0,48400000.0,9168200000.0,,401500000.0,491000000.0,0.0,491000000.0,5274900000.0,1285400000.0,3989500000.0,9401512831.0,-8800000.0,-16900000.0,5100000.0,-126000000.0,-40700000.0,-161600000.0,-124200000.0,18600000.0,283900000.0,-6900000.0,135600000.0,135600000.0,135600000.0,0.0,0.0,0.092,188700000.0,227500000.0,581400000.0,0.302,3.232,44.94,42.268,5251400000.0,0.0,41.0,1.617,1.512,1159400000.0,3762700000.0,1475800000.0,1475800000.0,28500000.0,,,,,0.0,173500000.0,1.0,229305191.0,214400000,214400000.0,6.883,7575100000.0,0.0,61700000.0,819400000.0,35.332,547300000.0
83,APD,MRQ,2000-09-30,2000-09-30,2000-09-30,2021-09-07,-407800000.0,8270500000.0,,1805000000.0,6465500000.0,,13.202,-181500000.0,94100000.0,94100000.0,1171600000.0,218500000.0,1.313,1.891,3045000000.0,429200000.0,2615800000.0,3045000000.0,561300000.0,149000000.0,0.0,0.021,0.19,380700000.0,529700000.0,0.335,529700000.0,380700000.0,325000000.0,1.02,1.01,1.02,2821300000.0,,2821300000.0,11730886876.0,38.0,13.287,115200000.0,0.539,1.0,410500000.0,0.259,742200000.0,55700000.0,9104400000.0,,388800000.0,466600000.0,0.0,466600000.0,5333700000.0,1374800000.0,3958900000.0,8254986876.0,-19200000.0,9500000.0,15000000.0,-462700000.0,-40500000.0,-493800000.0,170800000.0,339800000.0,296700000.0,7100000.0,218500000.0,218500000.0,218500000.0,0.0,0.0,0.138,181200000.0,229300000.0,578400000.0,0.186,2.926,66.465,62.069,5256700000.0,0.0,36.0,1.472,1.37,1076100000.0,3667900000.0,1582100000.0,1582100000.0,32100000.0,,,,,0.0,177500000.0,1.0,229305191.0,213700000,224900000.0,7.403,7528300000.0,0.0,106500000.0,791800000.0,35.228,430200000.0
84,APD,MRQ,2000-06-30,2000-06-30,2000-06-30,2021-09-07,-391600000.0,8566800000.0,,1948500000.0,6618300000.0,,12.388,-207600000.0,113300000.0,113300000.0,993700000.0,-192500000.0,1.157,2.194,3589200000.0,789000000.0,2800200000.0,3589200000.0,565900000.0,150400000.0,0.0,0.024,0.19,-277200000.0,-126800000.0,-0.09,-126800000.0,-277200000.0,-330100000.0,-0.9,-0.9,-0.9,2643700000.0,,2643700000.0,10035092935.0,71.0,14.15,168100000.0,0.788,1.0,408200000.0,0.291,326800000.0,52900000.0,10031800000.0,,445400000.0,531700000.0,0.0,531700000.0,5801100000.0,1684100000.0,4117000000.0,7064892935.0,20600000.0,-666100000.0,0.0,535100000.0,-38400000.0,500500000.0,-849300000.0,12000000.0,375700000.0,-6300000.0,-192500000.0,-192500000.0,-192500000.0,0.0,0.0,-0.137,221800000.0,186400000.0,557300000.0,-0.211,2.672,249.643,237.0,5413600000.0,0.0,30.81,1.336,1.243,1039900000.0,3490100000.0,1401900000.0,1401900000.0,32300000.0,,,,,0.0,189500000.0,1.0,229305191.0,213400000,213400000.0,6.569,8240000000.0,0.0,-137600000.0,763400000.0,38.613,264400000.0
85,APD,MRQ,2000-03-31,2000-03-31,2000-03-31,2021-09-07,-340400000.0,8570300000.0,,1894700000.0,6675600000.0,,13.705,-184200000.0,92600000.0,92600000.0,925600000.0,47600000.0,1.108,1.891,3062800000.0,555900000.0,2506900000.0,3062800000.0,566800000.0,144600000.0,0.0,0.025,0.18,102700000.0,247300000.0,0.183,247300000.0,102700000.0,55900000.0,0.22,0.22,0.22,2923300000.0,,2923300000.0,9536939632.0,16.0,8.367,68600000.0,0.322,1.0,428700000.0,0.317,332600000.0,46800000.0,9498300000.0,,429700000.0,552200000.0,0.0,552200000.0,5527500000.0,1709600000.0,3817900000.0,6521439632.0,13200000.0,-6500000.0,0.0,-29500000.0,-38400000.0,-66400000.0,-178400000.0,13900000.0,252800000.0,5200000.0,47600000.0,47600000.0,47600000.0,0.0,0.0,0.035,209800000.0,218900000.0,538300000.0,0.818,2.231,20.677,19.216,5370600000.0,0.0,28.44,1.272,1.183,991100000.0,3723200000.0,1354300000.0,1354300000.0,29900000.0,,,,,0.0,179900000.0,1.0,229305191.0,213300000,213300000.0,6.349,8237700000.0,0.0,8300000.0,793500000.0,38.62,185100000.0
86,APD,MRQ,1999-12-31,1999-12-31,1999-12-31,2021-09-07,-323200000.0,8514900000.0,,1863100000.0,6651800000.0,,13.74,-194400000.0,79500000.0,79500000.0,877100000.0,50600000.0,0.849,1.863,3095000000.0,1084700000.0,2010300000.0,3095000000.0,505800000.0,131700000.0,0.0,0.021,0.18,101000000.0,232700000.0,0.183,232700000.0,101000000.0,59700000.0,0.24,0.23,0.24,2929300000.0,,2929300000.0,10476069491.0,15.0,8.598,54400000.0,0.255,1.0,394100000.0,0.31,339000000.0,41300000.0,8995900000.0,,430500000.0,531400000.0,0.0,531400000.0,5457300000.0,2195500000.0,3261800000.0,7695469491.0,17900000.0,-178700000.0,0.0,177900000.0,-38400000.0,139800000.0,-370700000.0,16100000.0,248800000.0,0.0,50600000.0,50600000.0,50600000.0,0.0,0.0,0.04,197900000.0,196200000.0,554800000.0,0.75,2.627,20.538,18.96,5326000000.0,0.0,33.56,1.529,1.422,1017400000.0,3714000000.0,1271200000.0,1271200000.0,30100000.0,,,,,0.0,167800000.0,1.0,229304812.0,213200000,215500000.0,5.962,8175900000.0,0.0,9100000.0,807200000.0,38.348,-332400000.0
87,APD,MRQ,1999-09-30,1999-09-30,1999-09-30,2021-09-07,-274400000.0,8235500000.0,,1782400000.0,6453100000.0,,13.898,-217100000.0,61600000.0,61600000.0,877300000.0,122600000.0,0.959,1.738,2842200000.0,880600000.0,1961600000.0,2842200000.0,596100000.0,140400000.0,0.0,0.024,0.18,215600000.0,356000000.0,0.282,356000000.0,215600000.0,176600000.0,0.57,0.57,0.57,2961600000.0,,2961600000.0,9461565751.0,12.0,7.06,81100000.0,0.381,1.0,384500000.0,0.305,738800000.0,39000000.0,8419500000.0,,424900000.0,521400000.0,0.0,521400000.0,5146600000.0,1857800000.0,3288800000.0,6707165751.0,-18700000.0,-44300000.0,46600000.0,-10300000.0,-38300000.0,-46200000.0,-275900000.0,-4800000.0,298200000.0,5200000.0,122600000.0,122600000.0,122600000.0,0.0,0.0,0.097,199200000.0,185300000.0,505800000.0,0.316,2.265,14.888,13.797,5192900000.0,0.0,29.25,1.331,1.232,974500000.0,3701800000.0,1261800000.0,1261800000.0,32700000.0,,,,,0.0,166500000.0,1.0,229304812.0,213100000,228300000.0,5.921,7496700000.0,0.0,54000000.0,795500000.0,35.179,-75400000.0
88,APD,MRQ,1999-06-30,1999-06-30,1999-06-30,2021-09-07,-316300000.0,8012100000.0,,1708700000.0,6303400000.0,,13.328,-220900000.0,80300000.0,80300000.0,871000000.0,94600000.0,1.179,1.781,2834700000.0,585000000.0,2249700000.0,2834700000.0,603100000.0,125500000.0,0.0,0.017,0.18,178300000.0,303800000.0,0.245,303800000.0,178300000.0,139000000.0,0.45,0.44,0.45,2832300000.0,,2832300000.0,11865718683.0,14.0,8.835,20100000.0,0.095,1.0,369700000.0,0.298,346400000.0,39300000.0,8970800000.0,,428800000.0,511800000.0,0.0,511800000.0,5043600000.0,1449300000.0,3594300000.0,9229518683.0,-5200000.0,-88600000.0,0.0,64000000.0,-36000000.0,52600000.0,-296000000.0,19100000.0,241000000.0,-2800000.0,94600000.0,94600000.0,94600000.0,0.0,0.0,0.076,202000000.0,167700000.0,561400000.0,0.4,3.259,20.258,18.634,5073600000.0,0.0,40.25,1.834,1.699,1015300000.0,3617600000.0,1240700000.0,1240700000.0,29400000.0,,,,,0.0,172600000.0,1.0,229304812.0,212500000,212500000.0,5.839,7665700000.0,0.0,44400000.0,760300000.0,36.074,259400000.0
89,APD,MRQ,1999-03-31,1999-03-31,1999-03-31,2021-09-07,-283700000.0,7793600000.0,,1715400000.0,6078200000.0,,13.119,-261400000.0,85500000.0,85500000.0,877500000.0,106900000.0,1.279,1.763,2721700000.0,490000000.0,2231700000.0,2721700000.0,590600000.0,133500000.0,0.0,0.02,0.17,192400000.0,325900000.0,0.259,325900000.0,192400000.0,152000000.0,0.51,0.5,0.51,2776000000.0,,2776000000.0,10481889811.0,12.0,7.431,15200000.0,0.072,1.0,380300000.0,0.302,343000000.0,40400000.0,8746000000.0,,432900000.0,466200000.0,0.0,466200000.0,4893300000.0,1340800000.0,3552500000.0,7853689811.0,27700000.0,-33400000.0,0.0,52700000.0,-35900000.0,28800000.0,-275700000.0,14000000.0,276600000.0,-2000000.0,106900000.0,106900000.0,106900000.0,0.0,0.0,0.085,197600000.0,182700000.0,513600000.0,0.333,2.829,15.736,14.574,4911100000.0,0.0,34.25,1.562,1.441,1032200000.0,3561300000.0,1257800000.0,1257800000.0,29300000.0,,,,,0.0,168300000.0,1.0,229304812.0,211600000,211600000.0,5.944,7450600000.0,0.0,45100000.0,760900000.0,35.211,374600000.0
90,APD,MRQ,1998-12-31,1998-12-31,1998-12-31,2021-09-07,-203300000.0,7718900000.0,,1661800000.0,6057100000.0,,13.115,-189500000.0,57800000.0,57800000.0,875600000.0,126400000.0,1.216,1.742,2686000000.0,562800000.0,2123200000.0,2686000000.0,605200000.0,127800000.0,0.0,0.017,0.17,226700000.0,354500000.0,0.277,354500000.0,226700000.0,186300000.0,0.6,0.59,0.6,2772500000.0,,2772500000.0,11869677640.0,13.0,8.363,83600000.0,0.395,1.0,403900000.0,0.316,351700000.0,40400000.0,8628300000.0,,452100000.0,465300000.0,0.0,465300000.0,4829400000.0,1367100000.0,3462300000.0,9172177640.0,-3700000.0,-55000000.0,-24600000.0,-12300000.0,-36000000.0,-65300000.0,-212500000.0,17300000.0,273100000.0,1000000.0,126400000.0,126400000.0,126400000.0,0.0,0.0,0.099,214900000.0,189000000.0,480400000.0,0.283,3.308,17.89,16.667,5240100000.0,0.0,40.0,1.84,1.697,1022700000.0,3490500000.0,1279500000.0,1279500000.0,31700000.0,,,,,0.0,183200000.0,1.0,229304441.0,211400000,211400000.0,6.053,7367200000.0,0.0,59900000.0,788200000.0,34.85,294700000.0
91,APD,MRQ,1998-09-30,1998-09-30,1998-09-30,2021-09-07,-231500000.0,7489600000.0,,1641700000.0,5847900000.0,,12.534,-263700000.0,61500000.0,61500000.0,845700000.0,127700000.0,1.297,1.805,2697500000.0,423200000.0,2274300000.0,2697500000.0,570900000.0,130400000.0,0.0,0.022,0.17,228400000.0,358800000.0,0.286,358800000.0,228400000.0,186800000.0,0.6,0.59,0.6,2667300000.0,,2667300000.0,9397026256.0,10.0,6.367,-29100000.0,-0.137,1.0,410000000.0,0.327,324900000.0,41600000.0,8535100000.0,,428600000.0,380400000.0,0.0,380400000.0,4813800000.0,1265600000.0,3548200000.0,6885326256.0,-49300000.0,-9900000.0,-80000000.0,60100000.0,-36300000.0,-54900000.0,-230500000.0,44500000.0,234600000.0,1500000.0,127700000.0,127700000.0,127700000.0,0.0,0.0,0.102,195200000.0,214800000.0,478700000.0,0.283,2.581,12.592,11.713,4786100000.0,0.0,29.75,1.395,1.299,975200000.0,3400000000.0,1255700000.0,1255700000.0,30000000.0,,,,,0.0,165200000.0,1.0,231439538.0,212800000,216500000.0,5.901,7164700000.0,0.0,59100000.0,733900000.0,33.669,376100000.0
92,APD,MRQ,1998-06-30,1998-06-30,1998-06-30,2021-09-07,-257400000.0,7348300000.0,,1682500000.0,5665800000.0,,12.225,-174500000.0,110800000.0,110800000.0,824200000.0,138100000.0,1.399,1.797,2622500000.0,317500000.0,2305000000.0,2622500000.0,524900000.0,120800000.0,0.0,0.015,0.17,250600000.0,371400000.0,0.3,371400000.0,250600000.0,208600000.0,0.64,0.63,0.64,2627100000.0,,2627100000.0,11750939520.0,12.0,8.202,69500000.0,0.323,1.0,412100000.0,0.333,299400000.0,42000000.0,8358000000.0,,424400000.0,361300000.0,0.0,361300000.0,4721200000.0,1202600000.0,3518600000.0,9368939520.0,25800000.0,-69200000.0,-85000000.0,152500000.0,-32300000.0,40000000.0,-258200000.0,-2100000.0,244000000.0,0.0,138100000.0,138100000.0,138100000.0,0.0,0.0,0.112,200600000.0,211500000.0,530300000.0,0.266,3.566,17.795,16.461,4619600000.0,0.0,40.0,1.913,1.755,949500000.0,3308300000.0,1236300000.0,1236300000.0,28700000.0,,,,,0.0,171900000.0,1.0,234223488.0,214900000,219900000.0,5.753,7048900000.0,0.0,70500000.0,763200000.0,32.801,479900000.0
93,APD,MRQ,1998-03-31,1998-03-31,1998-03-31,2021-09-07,-258100000.0,7159800000.0,,1610100000.0,5549700000.0,,11.773,-177800000.0,85000000.0,85000000.0,816100000.0,120500000.0,1.437,1.753,2467000000.0,212800000.0,2254200000.0,2467000000.0,510400000.0,120600000.0,0.0,0.014,0.15,214000000.0,334600000.0,0.276,334600000.0,214000000.0,175000000.0,0.56,0.55,0.56,2600700000.0,,2600700000.0,12015101388.0,13.0,8.66,41100000.0,0.186,1.0,396500000.0,0.327,277200000.0,39000000.0,8144500000.0,,407500000.0,354300000.0,0.0,354300000.0,4559100000.0,1120100000.0,3439000000.0,9753701388.0,-900000.0,-113900000.0,-50000000.0,124900000.0,-32400000.0,48200000.0,-267000000.0,37600000.0,218900000.0,-1000000.0,120500000.0,120500000.0,120500000.0,0.0,0.0,0.099,190100000.0,206400000.0,543900000.0,0.268,3.75,19.337,17.862,4535500000.0,0.0,41.44,2.027,1.903,951400000.0,3206400000.0,1212600000.0,1212600000.0,27000000.0,,,,,0.0,163100000.0,1.0,235369242.0,220900000,215900000.0,5.489,6882600000.0,0.0,54500000.0,759300000.0,31.157,490000000.0
94,APD,MRQ,1997-12-31,1997-12-31,1997-12-31,2021-09-07,-214400000.0,7074500000.0,,1675700000.0,5398800000.0,,11.659,-154900000.0,85900000.0,85900000.0,831000000.0,160500000.0,1.444,1.726,2347300000.0,112600000.0,2234700000.0,2347300000.0,467800000.0,117600000.0,0.0,0.014,0.15,293500000.0,411100000.0,0.334,411100000.0,293500000.0,253300000.0,0.74,0.72,0.74,2595400000.0,,2595400000.0,12137293051.0,14.0,8.887,121300000.0,0.545,1.0,398900000.0,0.324,258700000.0,40200000.0,7916900000.0,,406000000.0,328600000.0,0.0,328600000.0,4479100000.0,1160300000.0,3318800000.0,9721693051.0,33400000.0,-21100000.0,-150000000.0,-131600000.0,-33000000.0,-313200000.0,71400000.0,248300000.0,276200000.0,-1000000.0,160500000.0,160500000.0,160500000.0,0.0,0.0,0.13,185900000.0,213000000.0,612900000.0,0.203,3.746,19.844,18.359,4475200000.0,0.0,41.125,2.041,1.922,954700000.0,3118300000.0,1229900000.0,1229900000.0,26300000.0,,,,,0.0,159600000.0,1.0,236393752.0,222600000,218100000.0,5.525,6815800000.0,0.0,92800000.0,811700000.0,30.619,515400000.0
95,APD,MRQ,1997-09-30,1997-09-30,1997-09-30,2021-09-07,-179200000.0,7244100000.0,,1624300000.0,5619800000.0,,12.874,-217000000.0,0.0,0.0,1152900000.0,107400000.0,1.444,1.736,2468100000.0,176400000.0,2291700000.0,2468100000.0,449700000.0,119700000.0,0.0,0.014,0.15,195900000.0,315600000.0,0.259,315600000.0,195900000.0,156400000.0,0.49,0.48,0.49,2648100000.0,,2648100000.0,12425092183.0,16.0,9.934,103600000.0,0.504,1.0,65000000.0,0.053,248600000.0,39500000.0,8339000000.0,,386500000.0,576800000.0,0.0,576800000.0,4596000000.0,1124600000.0,3471400000.0,9926692183.0,-18100000.0,-15500000.0,-10000000.0,-88900000.0,-30400000.0,-126400000.0,-212800000.0,7700000.0,320600000.0,500000.0,107400000.0,107400000.0,107400000.0,0.0,0.0,0.088,-114800000.0,179800000.0,616600000.0,0.306,3.749,23.123,21.282,4441200000.0,0.0,41.5,2.129,1.959,1000900000.0,2990200000.0,1217900000.0,1217900000.0,30600000.0,,,,,0.0,-145400000.0,1.0,239197402.0,205700000,239000000.0,5.921,6995500000.0,0.0,49000000.0,745900000.0,34.008,499700000.0
96,APD,MRQ,1997-06-30,1997-06-30,1997-06-30,2021-09-07,-146900000.0,7226100000.0,,1652500000.0,5573600000.0,,11.62,-164300000.0,70600000.0,70600000.0,663400000.0,116000000.0,1.261,1.769,2569000000.0,355600000.0,2213400000.0,2569000000.0,421200000.0,115900000.0,0.0,0.014,0.15,210200000.0,326100000.0,0.283,326100000.0,210200000.0,170800000.0,0.53,0.52,0.53,2609900000.0,,2609900000.0,12276657525.0,16.0,10.11,108200000.0,0.482,1.0,487600000.0,0.424,253600000.0,39400000.0,8160800000.0,,401400000.0,590400000.0,0.0,590400000.0,4616200000.0,1310100000.0,3306100000.0,9724057525.0,-41200000.0,-15300000.0,-25000000.0,-93100000.0,-32800000.0,-142200000.0,-171500000.0,7200000.0,272500000.0,0.0,116000000.0,116000000.0,116000000.0,0.0,0.0,0.101,294700000.0,192900000.0,631900000.0,0.283,3.726,23.375,21.552,4384700000.0,0.0,40.625,2.159,2.026,983800000.0,2915700000.0,1151000000.0,1151000000.0,27900000.0,,,,,0.0,266800000.0,1.0,239361416.0,224600000,219800000.0,5.125,6972500000.0,0.0,54800000.0,729000000.0,31.044,342400000.0
97,APD,MRQ,1997-03-31,1997-03-31,1997-03-31,2021-09-07,-126700000.0,7214400000.0,,1664400000.0,5550000000.0,,11.377,-185900000.0,111800000.0,111800000.0,686300000.0,106000000.0,1.201,1.821,2664400000.0,452800000.0,2211600000.0,2664400000.0,403700000.0,115400000.0,0.0,0.016,0.138,197500000.0,312900000.0,0.269,312900000.0,197500000.0,155000000.0,0.48,0.47,0.48,2557600000.0,,2557600000.0,10728626719.0,15.0,9.189,25200000.0,0.112,1.0,477200000.0,0.41,265800000.0,42500000.0,8114900000.0,,398000000.0,596800000.0,0.0,596800000.0,4656800000.0,1386300000.0,3270500000.0,8147426719.0,-48900000.0,-4200000.0,-25000000.0,-68800000.0,-30400000.0,-114000000.0,-144300000.0,46300000.0,211100000.0,-1700000.0,106000000.0,106000000.0,106000000.0,0.0,0.0,0.091,293200000.0,184000000.0,607400000.0,0.287,3.186,20.471,18.961,4369500000.0,0.0,33.94,1.869,1.75,981500000.0,2832500000.0,1163500000.0,1163500000.0,28500000.0,,,,,0.0,264700000.0,1.0,240053822.0,224800000,219800000.0,5.176,6948600000.0,0.0,49000000.0,705900000.0,30.91,278100000.0
98,APD,MRQ,1996-12-31,1996-12-31,1996-12-31,2021-09-07,-40000000.0,7316600000.0,,1720200000.0,5596400000.0,,11.461,-303000000.0,160700000.0,160700000.0,692700000.0,99900000.0,1.083,1.837,2741900000.0,640000000.0,2101900000.0,2741900000.0,404200000.0,108100000.0,0.0,0.016,0.138,188100000.0,296200000.0,0.262,296200000.0,188100000.0,148200000.0,0.455,0.445,0.455,2578800000.0,,2578800000.0,,,,-73900000.0,-0.328,1.0,437600000.0,0.387,285800000.0,39900000.0,8023300000.0,,405400000.0,624600000.0,0.0,624600000.0,4737800000.0,1588700000.0,3149100000.0,8296260088.0,82000000.0,-312300000.0,-75000000.0,521700000.0,-30200000.0,426100000.0,-574300000.0,36400000.0,229100000.0,1100000.0,99900000.0,99900000.0,99900000.0,0.0,0.0,0.088,268200000.0,169400000.0,637800000.0,0.303,3.217,19.416,18.047,4391300000.0,0.0,34.56,1.969,1.846,969100000.0,2756900000.0,1130300000.0,1130300000.0,26700000.0,,,,,0.0,241500000.0,1.0,240053822.0,225000000,220600000.0,5.024,7030800000.0,0.0,48300000.0,707500000.0,31.248,131500000.0
99,APD,MRQ,1996-09-30,1996-09-30,1996-09-30,2021-09-07,-29800000.0,6522400000.0,,1374700000.0,5147700000.0,,11.587,-244800000.0,78700000.0,78700000.0,644500000.0,94100000.0,1.088,1.533,2194900000.0,456300000.0,1738600000.0,2194900000.0,363500000.0,108900000.0,0.0,0.018,0.138,170200000.0,279100000.0,0.263,279100000.0,170200000.0,134700000.0,0.42,0.39,0.42,2574600000.0,,2574600000.0,,,,-12900000.0,-0.058,1.0,415000000.0,0.392,83500000.0,35500000.0,7291600000.0,,371100000.0,833600000.0,0.0,833600000.0,3947800000.0,1263500000.0,2684300000.0,,-12100000.0,-12500000.0,-77500000.0,65100000.0,-27800000.0,-34500000.0,-209900000.0,31400000.0,231900000.0,1300000.0,94100000.0,94100000.0,94100000.0,0.0,0.0,0.089,271300000.0,143700000.0,526400000.0,0.329,,,15.659,3958500000.0,0.0,29.125,,1.613,785200000.0,2687200000.0,1059500000.0,1059500000.0,30300000.0,,,,,0.0,241000000.0,1.0,,222200000,237000000.0,4.768,6438900000.0,0.0,40600000.0,621900000.0,28.978,111200000.0
100,APD,MRQ,1996-06-30,1996-06-30,1996-06-30,2021-09-07,,,,,,,,-262200000.0,,,594500000.0,98000000.0,,,,,,,,103500000.0,,0.019,0.138,175800000.0,279300000.0,0.278,279300000.0,175800000.0,142000000.0,0.435,0.435,0.435,,,,,,,-65400000.0,-0.292,1.0,411500000.0,0.409,,33800000.0,,,,,,,,,,,8600000.0,-52500000.0,-22800000.0,180100000.0,-30700000.0,131400000.0,-319100000.0,-6500000.0,196800000.0,-500000.0,98000000.0,98000000.0,98000000.0,0.0,0.0,0.097,256100000.0,155400000.0,,0.317,,,,,0.0,28.125,,,,,1006000000.0,1006000000.0,28100000.0,,,,,0.0,228000000.0,1.0,,224200000,224200000.0,4.487,,,44000000.0,,,
101,APD,MRQ,1996-03-31,1996-03-31,1996-03-31,2021-09-07,,,,,,,,-260200000.0,,,609700000.0,135300000.0,,,,,,,,100300000.0,,0.019,0.13,232800000.0,333100000.0,0.328,333100000.0,232800000.0,201600000.0,0.605,0.605,0.605,,,,,,,-58700000.0,-0.263,1.0,406900000.0,0.4,,31200000.0,,,,,,,,,,,-12800000.0,-12200000.0,0.0,77500000.0,-29100000.0,50600000.0,-264400000.0,14100000.0,201500000.0,-500000.0,135300000.0,135300000.0,135300000.0,0.0,0.0,0.133,258900000.0,148000000.0,,0.215,,,,,0.0,27.0,,,,,1016600000.0,1016600000.0,28100000.0,,,,,0.0,230800000.0,1.0,,223600000,223600000.0,4.547,,,66300000.0,,,
102,APD,MRQ,1995-12-31,1995-12-31,1995-12-31,2021-09-07,,,,,,,,-184100000.0,,,559400000.0,89000000.0,,,,,,,,99400000.0,,0.019,0.13,160000000.0,259400000.0,0.273,259400000.0,160000000.0,131300000.0,0.4,0.4,0.4,,,,,,,-58400000.0,-0.261,1.0,391900000.0,0.412,,28700000.0,,,,,,,,,,,7500000.0,-126400000.0,0.0,190100000.0,-29100000.0,168600000.0,-286500000.0,24200000.0,125700000.0,-300000.0,89000000.0,89000000.0,89000000.0,0.0,0.0,0.094,247700000.0,144200000.0,,0.325,,,,,0.0,26.375,,,,,951300000.0,951300000.0,27600000.0,,,,,0.0,220100000.0,1.0,,223600000,223600000.0,4.254,,,42300000.0,,,
0,APD,MRT,2021-06-30,2021-06-30,2021-06-30,2021-09-07,-1681900000.0,26252100000.0,25916900000.0,8376800000.0,17875300000.0,0.378,59.038,-2311600000.0,4291600000.0,4291600000.0,6746300000.0,1990800000.0,3.106,0.975,7666100000.0,499900000.0,7166200000.0,7666100000.0,0.0,1299200000.0,0.0,0.02,5.68,2560500000.0,3859700000.0,0.394,3859700000.0,2560500000.0,2412900000.0,8.92,8.89,8.92,13082900000.0,12643125000.0,13082900000.0,65885785741.0,26.0,17.07,1448800000.0,6.538,1.0,3055700000.0,0.312,1375500000.0,147600000.0,25554000000.0,24393450000.0,447200000.0,3866400000.0,1524900000.0,2341500000.0,12760500000.0,2697100000.0,10063400000.0,63667685741.0,370200000.0,-269000000.0,19000000.0,-673200000.0,-1220700000.0,-1923900000.0,-1547100000.0,1028400000.0,3760400000.0,74100000.0,1975500000.0,1975500000.0,1975500000.0,-18500000.0,15300000.0,0.202,830800000.0,2224900000.0,2118400000.0,0.637,4.866,32.229,32.251,13035600000.0,0.0,287.68,6.495,6.504,1980800000.0,15400200000.0,9802000000.0,9802000000.0,94900000.0,0.076,0.156,0.105,0.261,48700000.0,821900000.0,1.0,221314258.0,221600000,222500000.0,44.233,24876600000.0,0.0,437400000.0,1157000000.0,112.259,5679700000.0
1,APD,MRT,2021-03-31,2021-03-31,2021-03-31,2021-09-07,-1824400000.0,26158900000.0,25549400000.0,8766600000.0,17392300000.0,0.363,57.429,-2806200000.0,5786300000.0,5786300000.0,6289300000.0,1915600000.0,2.905,1.023,8004400000.0,888500000.0,7115900000.0,8004400000.0,0.0,1254100000.0,0.0,0.02,5.52,2477500000.0,3731600000.0,0.403,3731600000.0,2477500000.0,2333400000.0,8.53,8.5,8.53,12726200000.0,12287225000.0,12726200000.0,64472940233.0,26.0,17.278,800300000.0,3.611,1.0,2973200000.0,0.321,1363800000.0,144100000.0,23995800000.0,24326750000.0,430300000.0,2736600000.0,409200000.0,2327400000.0,13024100000.0,3017400000.0,10006700000.0,62254040233.0,3566200000.0,-254800000.0,18600000.0,4581500000.0,-1184600000.0,3319300000.0,-3436800000.0,-380900000.0,3606500000.0,70500000.0,1888400000.0,1888400000.0,1888400000.0,-10300000.0,27200000.0,0.204,786200000.0,2187000000.0,2042200000.0,0.647,4.892,32.967,32.982,12628300000.0,0.0,281.34,6.721,6.731,1934000000.0,15200000000.0,9262500000.0,9262500000.0,91600000.0,0.074,0.154,0.102,0.267,49000000.0,785500000.0,1.0,221276890.0,221600000,222500000.0,41.798,24795100000.0,0.0,445000000.0,1137500000.0,111.891,5749200000.0
2,APD,MRT,2020-12-31,2020-12-31,2020-12-31,2021-09-07,-1713300000.0,26088100000.0,23884975000.0,8809800000.0,17278300000.0,0.376,57.262,-2725500000.0,5788000000.0,5788000000.0,6003900000.0,1928900000.0,2.95,1.026,8006900000.0,915300000.0,7091600000.0,8006900000.0,0.0,1219500000.0,0.0,0.02,5.36,2492000000.0,3711500000.0,0.413,3711500000.0,2492000000.0,2364700000.0,8.56,8.52,8.56,12683600000.0,11948650000.0,12683600000.0,63043685466.0,25.0,16.986,646900000.0,2.921,1.0,2972900000.0,0.331,1376400000.0,127300000.0,23944700000.0,22733700000.0,422900000.0,2748600000.0,412000000.0,2336600000.0,13016200000.0,2985900000.0,10030300000.0,60388885466.0,3381900000.0,-220600000.0,30200000.0,4450900000.0,-1144100000.0,3247900000.0,-3281100000.0,-340300000.0,3372400000.0,42700000.0,1893100000.0,1893100000.0,1893100000.0,4000000.0,35800000.0,0.211,757200000.0,2215700000.0,1962200000.0,0.626,4.761,31.899,31.918,12517100000.0,0.0,273.22,6.727,6.742,2008400000.0,15060500000.0,8976800000.0,8976800000.0,89700000.0,0.079,0.158,0.11,0.278,49400000.0,776900000.0,1.0,221026592.0,221500000,222600000.0,40.527,24711700000.0,0.0,471600000.0,1111400000.0,111.565,5823900000.0
3,APD,MRT,2020-09-30,2020-09-30,2020-09-30,2021-09-07,-2140100000.0,25168500000.0,22275850000.0,8684900000.0,16483600000.0,0.398,54.61,-2509000000.0,5253000000.0,5253000000.0,5858100000.0,1931100000.0,3.594,1.053,7907800000.0,477700000.0,7430100000.0,7907800000.0,0.0,1185000000.0,0.0,0.017,5.18,2474400000.0,3659400000.0,0.413,3659400000.0,2474400000.0,2365100000.0,8.53,8.49,8.53,12079800000.0,11666750000.0,12079800000.0,70071898835.0,28.0,19.148,755700000.0,3.416,1.0,2998200000.0,0.339,1327300000.0,109300000.0,24079300000.0,21131450000.0,404800000.0,3353400000.0,1104900000.0,2248500000.0,12725400000.0,2416700000.0,10308700000.0,65795598835.0,3004300000.0,-207700000.0,34100000.0,4434300000.0,-1103600000.0,3284700000.0,-3560000000.0,-847200000.0,3264700000.0,14900000.0,1886700000.0,1886700000.0,1886700000.0,14300000.0,44400000.0,0.213,760600000.0,2237600000.0,1833200000.0,0.607,5.447,34.873,34.919,11964700000.0,0.0,297.86,7.429,7.44,1757700000.0,14875700000.0,8856300000.0,8856300000.0,83900000.0,0.085,0.162,0.117,0.279,53500000.0,775900000.0,1.0,220894376.0,221200000,222300000.0,40.038,23841200000.0,0.0,478400000.0,1068400000.0,107.781,6268200000.0
4,APD,MRT,2020-06-30,2020-06-30,2020-06-30,2021-09-07,-2353100000.0,24782100000.0,20719425000.0,9006500000.0,15775600000.0,0.426,52.709,-2527300000.0,3921400000.0,3921400000.0,5782400000.0,1955100000.0,3.476,1.094,8197700000.0,838900000.0,7358800000.0,8197700000.0,0.0,1168100000.0,0.0,0.021,5.0,2513000000.0,3681100000.0,0.417,3681100000.0,2513000000.0,2412800000.0,8.61,8.56,8.61,11659300000.0,11410200000.0,11659300000.0,54420063065.0,22.0,14.784,452400000.0,2.045,1.0,3037000000.0,0.344,1180200000.0,100200000.0,25287200000.0,19357275000.0,410900000.0,4682400000.0,2515700000.0,2166700000.0,12758700000.0,2591000000.0,10167700000.0,53327563065.0,1224600000.0,-40600000.0,28000000.0,4387300000.0,-1063200000.0,3295800000.0,-5008800000.0,-2428700000.0,2979700000.0,-42100000.0,1903100000.0,1903100000.0,1903100000.0,14300000.0,52000000.0,0.216,756400000.0,2280600000.0,1668500000.0,0.581,4.574,28.021,28.044,11468900000.0,0.0,241.46,6.047,6.056,1972600000.0,14686600000.0,8819400000.0,8819400000.0,79700000.0,0.092,0.167,0.13,0.285,49600000.0,762200000.0,1.0,220854647.0,221200000,222400000.0,39.871,23601900000.0,0.0,509700000.0,1025600000.0,106.699,6415500000.0
5,APD,MRT,2020-03-31,2020-03-31,2020-03-31,2021-09-07,-2478200000.0,19501200000.0,19406875000.0,4688500000.0,14812700000.0,0.463,51.41,-1956800000.0,2220100000.0,2220100000.0,5903500000.0,1998200000.0,2.595,0.684,3312600000.0,67400000.0,3245200000.0,3312600000.0,0.0,1146600000.0,0.0,0.024,4.82,2556600000.0,3703200000.0,0.412,3703200000.0,2556600000.0,2454300000.0,8.8,8.75,8.8,11371900000.0,11341900000.0,11371900000.0,44984731792.0,18.0,12.148,965800000.0,4.366,1.0,3074700000.0,0.342,1163200000.0,102300000.0,17623600000.0,17345000000.0,399700000.0,2155400000.0,0.0,2155400000.0,7777500000.0,1806900000.0,5970600000.0,44049631792.0,-515800000.0,-53900000.0,42900000.0,-452100000.0,-1022600000.0,-1448500000.0,-1937700000.0,88100000.0,2922600000.0,-52200000.0,1944600000.0,1944600000.0,1944600000.0,14300000.0,53600000.0,0.217,792700000.0,2282000000.0,1649100000.0,0.548,3.874,22.652,22.683,10623700000.0,0.0,199.61,4.906,4.918,1939100000.0,14537200000.0,8978200000.0,8978200000.0,77900000.0,0.1,0.171,0.147,0.285,46900000.0,773800000.0,1.0,220678482.0,221200000,222300000.0,40.589,18338000000.0,0.0,509700000.0,934800000.0,82.902,2881600000.0
6,APD,MRT,2019-12-31,2019-12-31,2019-12-31,2021-09-07,-2088600000.0,19651600000.0,19342700000.0,4719700000.0,14931900000.0,0.463,52.313,-2034000000.0,2406100000.0,2406100000.0,5918100000.0,1941300000.0,2.595,0.668,3341200000.0,75600000.0,3265600000.0,3341200000.0,0.0,1114000000.0,0.0,0.02,4.64,2475200000.0,3589200000.0,0.401,3589200000.0,2475200000.0,2356800000.0,8.55,8.5,8.55,11556000000.0,11290350000.0,11556000000.0,52877068036.0,21.0,14.732,947700000.0,4.29,1.0,3031500000.0,0.339,1232000000.0,118400000.0,17535700000.0,17188075000.0,400600000.0,2223100000.0,0.0,2223100000.0,7721800000.0,1819000000.0,5902800000.0,51799768036.0,-517200000.0,-146000000.0,68900000.0,-397300000.0,-1008200000.0,-1351000000.0,-2147600000.0,47900000.0,2981700000.0,-300000.0,1888100000.0,1888100000.0,1888100000.0,0.0,53200000.0,0.211,810200000.0,2221300000.0,1630000000.0,0.543,4.482,27.435,27.484,10692200000.0,0.0,234.99,5.788,5.8,1814700000.0,14356900000.0,8949600000.0,8949600000.0,75600000.0,0.098,0.167,0.144,0.277,45800000.0,762100000.0,1.0,220433925.0,220900000,222200000.0,40.514,18419600000.0,0.0,468700000.0,923900000.0,83.384,2900700000.0
7,APD,MRT,2019-09-30,2019-09-30,2019-09-30,2021-09-07,-2375600000.0,18942800000.0,19215300000.0,4618300000.0,14324500000.0,0.464,50.175,-1989700000.0,2248700000.0,2248700000.0,5975500000.0,1809400000.0,2.536,0.683,3326000000.0,98600000.0,3227400000.0,3326000000.0,0.0,1082800000.0,0.0,0.021,4.58,2377100000.0,3459900000.0,0.388,3459900000.0,2377100000.0,2240100000.0,7.99,7.94,7.99,11053600000.0,11122075000.0,11053600000.0,50010891139.0,21.0,14.454,980200000.0,4.449,1.0,2943400000.0,0.33,1216600000.0,137000000.0,16982600000.0,16925600000.0,388300000.0,2332200000.0,166000000.0,2166200000.0,7554500000.0,1820900000.0,5733600000.0,48887991139.0,-542600000.0,-138900000.0,68100000.0,-424700000.0,-994000000.0,-1370500000.0,-2113400000.0,29500000.0,2969900000.0,-28600000.0,1760000000.0,1760000000.0,1760000000.0,0.0,49400000.0,0.197,828100000.0,2115300000.0,1635700000.0,0.573,4.423,27.777,27.767,10337600000.0,0.0,221.86,5.481,5.48,1737900000.0,14138400000.0,8918900000.0,8918900000.0,72900000.0,0.092,0.158,0.14,0.267,41200000.0,750000000.0,1.0,220355139.0,220300000,221600000.0,40.485,17726200000.0,0.0,480100000.0,880400000.0,80.464,2797400000.0
8,APD,MRT,2019-06-30,2019-06-30,2019-06-30,2021-09-07,-1781400000.0,19531900000.0,19274175000.0,4915200000.0,14616700000.0,0.464,51.614,-1917900000.0,2696800000.0,2696800000.0,6050500000.0,1750400000.0,2.281,0.686,3819700000.0,546400000.0,3273300000.0,3819700000.0,0.0,1046400000.0,0.0,0.02,4.52,2270100000.0,3316500000.0,0.371,3316500000.0,2270100000.0,2127800000.0,7.77,7.72,7.77,11386100000.0,11073050000.0,11386100000.0,50886307834.0,22.0,15.343,776500000.0,3.52,1.0,2884100000.0,0.323,1261500000.0,142300000.0,17238100000.0,16838425000.0,408300000.0,2228800000.0,0.0,2228800000.0,7805300000.0,2155200000.0,5650100000.0,49831407834.0,-289700000.0,-147900000.0,81300000.0,-600000.0,-979600000.0,-922800000.0,-2045300000.0,19500000.0,2694400000.0,-16000000.0,1709700000.0,1709700000.0,1709700000.0,0.0,40700000.0,0.191,838300000.0,2045800000.0,1543200000.0,0.582,4.377,29.146,29.134,10427600000.0,0.0,226.37,5.577,5.589,1712900000.0,13891900000.0,8934600000.0,8934600000.0,70400000.0,0.089,0.154,0.135,0.254,39400000.0,754100000.0,1.0,220132561.0,220600000,221900000.0,40.501,18270400000.0,0.0,418100000.0,888800000.0,82.821,2760000000.0
9,APD,MRT,2019-03-31,2019-03-31,2019-03-31,2021-09-07,-1744800000.0,19244500000.0,19192700000.0,4895200000.0,14349300000.0,0.467,50.707,-1959400000.0,2735900000.0,2735900000.0,6129900000.0,1738100000.0,2.361,0.693,3790800000.0,488600000.0,3302200000.0,3790800000.0,0.0,1022900000.0,0.0,0.023,4.46,2254500000.0,3277400000.0,0.365,3277400000.0,2254500000.0,2111500000.0,7.72,7.67,7.72,11165700000.0,10848025000.0,11165700000.0,42785368414.0,19.0,13.055,767600000.0,3.486,1.0,2839700000.0,0.317,1230500000.0,143000000.0,16995900000.0,16713350000.0,408300000.0,2256600000.0,2600000.0,2254000000.0,7741100000.0,2073000000.0,5668100000.0,41940768414.0,-331000000.0,-181700000.0,68900000.0,-74900000.0,-965400000.0,-1004000000.0,-1982900000.0,151500000.0,2727000000.0,-61400000.0,1695600000.0,1695600000.0,1695600000.0,-43200000.0,42500000.0,0.189,818700000.0,2021000000.0,1513700000.0,0.578,3.756,24.735,24.736,10193800000.0,0.0,190.96,4.676,4.688,1646000000.0,13662000000.0,8969600000.0,8969600000.0,67300000.0,0.088,0.156,0.135,0.251,37500000.0,754200000.0,1.0,219631171.0,220200000,221400000.0,40.734,18014000000.0,0.0,415900000.0,876100000.0,81.807,2822200000.0
10,APD,MRT,2018-12-31,2018-12-31,2018-12-31,2021-09-07,-1811200000.0,19142000000.0,19009350000.0,5089900000.0,14052100000.0,0.47,49.49,-1715200000.0,2923300000.0,2923300000.0,6161700000.0,1728200000.0,2.21,0.729,3767900000.0,453300000.0,3314600000.0,3767900000.0,0.0,1000800000.0,0.0,0.027,4.4,2193300000.0,3194100000.0,0.357,3194100000.0,2193300000.0,2055300000.0,7.71,7.66,7.71,10882900000.0,10701800000.0,10882900000.0,36157641797.0,16.0,11.32,927200000.0,4.216,1.0,2775900000.0,0.311,1197300000.0,138000000.0,16485800000.0,16464125000.0,403400000.0,2240600000.0,12300000.0,2228300000.0,7938600000.0,2303500000.0,5635100000.0,35136341797.0,200700000.0,-108300000.0,46500000.0,-88000000.0,-931800000.0,-1008500000.0,-1387300000.0,433200000.0,2642400000.0,-54800000.0,1690700000.0,1690700000.0,1690700000.0,-43200000.0,37500000.0,0.189,816000000.0,1959900000.0,1738300000.0,0.571,3.229,20.782,20.759,9959800000.0,0.0,160.05,3.931,3.938,1676000000.0,13497900000.0,8937600000.0,8937600000.0,64900000.0,0.089,0.158,0.133,0.245,36300000.0,758800000.0,1.0,219533532.0,219900000,221000000.0,40.644,17944700000.0,0.0,364600000.0,880800000.0,81.604,2786400000.0
11,APD,MRT,2018-09-30,2018-09-30,2018-09-30,2021-09-07,-1741900000.0,19178300000.0,18776050000.0,5082200000.0,14096100000.0,0.476,49.51,-1568400000.0,2791300000.0,2791300000.0,6189500000.0,1532900000.0,2.173,0.737,3812600000.0,460900000.0,3351700000.0,3812600000.0,0.0,970700000.0,0.0,0.031,5.2,2152600000.0,3123300000.0,0.35,3123300000.0,2152600000.0,2022100000.0,6.83,6.78,6.83,10857500000.0,10534900000.0,10857500000.0,37514170457.0,17.0,12.011,978800000.0,4.463,1.0,2740700000.0,0.307,1227400000.0,130500000.0,16633900000.0,16329675000.0,396100000.0,2475200000.0,184700000.0,2290500000.0,8002000000.0,2338300000.0,5663700000.0,36629470457.0,-482300000.0,-345400000.0,76200000.0,-496700000.0,-897800000.0,-1359800000.0,-1641600000.0,266700000.0,2547200000.0,-33900000.0,1497800000.0,1497800000.0,1497800000.0,-42200000.0,35100000.0,0.168,775100000.0,1965600000.0,1817800000.0,0.761,3.374,24.456,24.458,9923700000.0,0.0,167.05,4.102,4.102,1580500000.0,13409900000.0,8930200000.0,8930200000.0,64500000.0,0.08,0.142,0.132,0.241,38800000.0,760800000.0,1.0,219272496.0,219300000,220800000.0,40.721,17950900000.0,0.0,524300000.0,834700000.0,81.855,2743900000.0
12,APD,MRT,2018-06-30,2018-06-30,2018-06-30,2021-09-07,-1877800000.0,19206000000.0,18598275000.0,5055500000.0,14150500000.0,0.475,47.772,-1391000000.0,2986500000.0,2986500000.0,6168700000.0,1548200000.0,2.396,0.801,3871200000.0,95400000.0,3775800000.0,3871200000.0,0.0,944500000.0,0.0,0.026,4.1,2093300000.0,3037800000.0,0.344,3037800000.0,2093300000.0,1967400000.0,6.91,6.87,6.91,10486000000.0,10342075000.0,10486000000.0,34634627582.0,17.0,11.401,1380200000.0,6.288,1.0,2665700000.0,0.302,1243100000.0,125900000.0,16737800000.0,16065600000.0,322100000.0,2324800000.0,7300000.0,2317500000.0,8396000000.0,2109800000.0,6286200000.0,34135027582.0,653900000.0,-328400000.0,88400000.0,-463400000.0,-863600000.0,-1284300000.0,-633000000.0,1076200000.0,2771200000.0,-7600000.0,1513600000.0,1513600000.0,1513600000.0,-37700000.0,34600000.0,0.171,776400000.0,1889300000.0,1968400000.0,0.593,3.255,22.552,22.537,9902000000.0,0.0,155.73,3.864,3.869,1635500000.0,13200200000.0,8834400000.0,8834400000.0,57300000.0,0.081,0.146,0.13,0.237,42900000.0,761900000.0,1.0,219193653.0,219500000,220900000.0,40.248,17962900000.0,0.0,453800000.0,724600000.0,81.836,2945700000.0
13,APD,MRT,2018-03-31,2018-03-31,2018-03-31,2021-09-07,-1535300000.0,18511100000.0,18260225000.0,5396300000.0,13114800000.0,0.476,48.226,-1080000000.0,3066900000.0,3066900000.0,6109300000.0,1164400000.0,3.08,0.739,3566500000.0,124100000.0,3442400000.0,3566500000.0,0.0,915800000.0,0.0,0.025,3.95,1698400000.0,2614200000.0,0.301,2614200000.0,1698400000.0,1577600000.0,5.22,5.18,5.22,10580800000.0,10073675000.0,10580800000.0,35608617356.0,21.0,13.621,1693200000.0,7.717,1.0,2588000000.0,0.298,1259400000.0,120800000.0,15999000000.0,15867425000.0,339900000.0,2571100000.0,137000000.0,2434100000.0,7817900000.0,1752300000.0,6065600000.0,34817917356.0,1197600000.0,-278800000.0,101200000.0,-426200000.0,-829400000.0,-1194700000.0,-400000.0,1351900000.0,2773200000.0,49400000.0,1141600000.0,1141600000.0,1141600000.0,7800000.0,22800000.0,0.131,955800000.0,1632200000.0,1551600000.0,0.757,3.291,30.499,30.466,8817700000.0,0.0,159.03,4.003,4.012,1721300000.0,12966500000.0,8697300000.0,8697300000.0,56900000.0,0.063,0.113,0.107,0.195,43900000.0,757400000.0,1.0,218939303.0,219400000,220800000.0,39.641,17251700000.0,0.0,436000000.0,776300000.0,78.631,3644000000.0
14,APD,MRT,2017-12-31,2017-12-31,2017-12-31,2021-09-07,-1695600000.0,18208800000.0,18100325000.0,5355500000.0,12853300000.0,0.471,46.667,-1057100000.0,2722600000.0,2722600000.0,6006600000.0,2876500000.0,2.924,0.772,3513300000.0,98400000.0,3414900000.0,3513300000.0,0.0,887600000.0,0.0,0.023,3.8,3450400000.0,4338000000.0,0.509,4338000000.0,3450400000.0,3329500000.0,13.1,12.99,13.1,10215300000.0,9757825000.0,10215300000.0,36560098212.0,11.0,8.428,1457000000.0,6.656,1.0,2515100000.0,0.295,1219900000.0,120900000.0,15948000000.0,15877250000.0,347400000.0,2791100000.0,407100000.0,2384000000.0,7887600000.0,1831600000.0,6056000000.0,35870898212.0,2055800000.0,-244600000.0,92100000.0,-944000000.0,-808500000.0,-1707500000.0,-1654700000.0,-363500000.0,2514100000.0,43600000.0,2855200000.0,2855200000.0,2855200000.0,-1817800000.0,21300000.0,0.335,942700000.0,1572400000.0,1609500000.0,0.29,3.511,12.563,12.525,8631900000.0,0.0,164.08,4.209,4.215,1690500000.0,12792300000.0,8521700000.0,8521700000.0,57200000.0,0.158,0.293,0.217,0.405,42700000.0,740400000.0,1.0,218618346.0,218900000,220400000.0,38.93,16988900000.0,0.0,474300000.0,829300000.0,77.61,3523900000.0
15,APD,MRT,2017-09-30,2017-09-30,2017-09-30,2021-09-07,-1847400000.0,18467200000.0,17537175000.0,5876700000.0,12590500000.0,0.467,46.267,-1039700000.0,3273600000.0,3273600000.0,5751500000.0,3021200000.0,2.361,0.821,3962800000.0,560400000.0,3402400000.0,3962800000.0,0.0,865800000.0,0.0,0.024,3.62,3381900000.0,4247700000.0,0.519,4247700000.0,3381900000.0,3261300000.0,13.76,13.65,13.76,10086200000.0,8994375000.0,10086200000.0,34552913340.0,10.0,8.134,1488700000.0,6.829,1.0,2436100000.0,0.298,1089800000.0,120600000.0,15577600000.0,15765625000.0,335400000.0,2822700000.0,404000000.0,2418700000.0,8281700000.0,2489000000.0,5792700000.0,32959513340.0,1942800000.0,-16300000.0,68400000.0,-1280100000.0,-787900000.0,-2040900000.0,-1412000000.0,-359400000.0,2528400000.0,13400000.0,3000400000.0,3000400000.0,3000400000.0,-1866000000.0,20800000.0,0.366,996100000.0,1440000000.0,1814300000.0,0.263,3.268,10.985,10.99,8440200000.0,0.0,151.22,4.026,4.026,1662100000.0,12846600000.0,8187600000.0,8187600000.0,57600000.0,0.171,0.334,0.215,0.413,39900000.0,713500000.0,1.0,217957369.0,218000000,219800000.0,37.558,17377400000.0,0.0,260900000.0,877000000.0,79.713,3387700000.0
16,APD,MRT,2017-06-30,2017-06-30,2017-06-30,2021-09-07,-2217100000.0,17853800000.0,17427525000.0,5347000000.0,12506800000.0,0.455,43.156,-1013600000.0,2332600000.0,2332600000.0,5554700000.0,2947100000.0,2.198,0.886,3926000000.0,559400000.0,3366600000.0,3926000000.0,0.0,847300000.0,0.0,0.025,3.62,3406700000.0,4254000000.0,0.536,4254000000.0,3406700000.0,3284700000.0,13.45,13.33,13.45,9412400000.0,8242725000.0,9412400000.0,33121565682.0,10.0,7.786,1336400000.0,6.127,1.0,2375300000.0,0.3,1068900000.0,122000000.0,15945100000.0,16228775000.0,293300000.0,3400100000.0,1016100000.0,2384000000.0,8343900000.0,2433200000.0,5910700000.0,31147665682.0,1988300000.0,-8100000.0,103300000.0,-1350500000.0,-767200000.0,-2058700000.0,-2017100000.0,-993900000.0,2350000000.0,5300000.0,2925700000.0,2925700000.0,2925700000.0,-1978000000.0,21400000.0,0.369,996300000.0,1379000000.0,1534300000.0,0.269,3.309,10.646,10.636,8317000000.0,0.0,143.06,3.928,3.935,1616200000.0,12584200000.0,7930000000.0,7930000000.0,62400000.0,0.168,0.355,0.21,0.43,34500000.0,700100000.0,1.0,217724491.0,218100000,219800000.0,36.359,16784900000.0,0.0,359000000.0,957100000.0,76.96,2913800000.0
17,APD,MRT,2017-03-31,2017-03-31,2017-03-31,2021-09-07,-2393700000.0,17871500000.0,17234950000.0,5294100000.0,12577400000.0,0.448,42.76,-967900000.0,1869300000.0,1869300000.0,5388900000.0,3197100000.0,2.034,0.907,3843200000.0,542800000.0,3300400000.0,3843200000.0,0.0,843900000.0,0.0,0.026,3.53,3713500000.0,4557400000.0,0.59,4557400000.0,3713500000.0,3586200000.0,14.58,14.46,14.58,9317400000.0,7650975000.0,9317400000.0,33100644606.0,9.0,7.263,1262100000.0,5.792,1.0,2333700000.0,0.302,1204800000.0,127300000.0,16038300000.0,16484275000.0,322800000.0,3867400000.0,1423200000.0,2444200000.0,8451300000.0,2602300000.0,5849000000.0,29437744606.0,1726700000.0,-7400000.0,125700000.0,-1455500000.0,-746100000.0,-2120200000.0,-2380800000.0,-1403200000.0,2230000000.0,-7200000.0,3170600000.0,3170600000.0,3170600000.0,-2078700000.0,26500000.0,0.411,818800000.0,1514900000.0,1490600000.0,0.242,3.159,9.285,9.279,8198200000.0,0.0,135.29,3.812,3.817,1607100000.0,12692500000.0,7722600000.0,7722600000.0,66500000.0,0.184,0.414,0.225,0.481,33100000.0,684400000.0,1.0,217589952.0,217900000,219700000.0,35.441,16666700000.0,0.0,415600000.0,1195500000.0,76.488,2691800000.0
18,APD,MRT,2016-12-31,2016-12-31,2016-12-31,2021-09-07,-2611700000.0,15956200000.0,16969775000.0,3548800000.0,12407400000.0,0.443,32.896,-898500000.0,655500000.0,655500000.0,5198100000.0,595900000.0,1.211,1.214,4318400000.0,1029400000.0,3289000000.0,4318400000.0,0.0,846000000.0,0.0,0.024,3.44,1104400000.0,1950400000.0,0.259,1950400000.0,1104400000.0,981900000.0,2.61,2.59,2.61,7161500000.0,7050775000.0,7161500000.0,35986786451.0,33.0,18.451,1537400000.0,7.062,1.0,2321800000.0,0.309,1187800000.0,122500000.0,15501500000.0,16681225000.0,330700000.0,2417300000.0,0.0,2417300000.0,8695100000.0,2929800000.0,5765300000.0,31262886451.0,558200000.0,-10100000.0,141700000.0,-1003600000.0,-733700000.0,-1634500000.0,-887200000.0,25200000.0,2435900000.0,-7400000.0,567300000.0,567300000.0,567300000.0,-253100000.0,28600000.0,0.075,830900000.0,1490900000.0,1677500000.0,1.318,4.365,55.108,55.103,8030300000.0,0.0,143.82,4.157,4.164,1633800000.0,10771700000.0,7519900000.0,7519900000.0,69900000.0,0.033,0.08,0.066,0.147,31700000.0,674600000.0,1.0,217375097.0,217700000,219700000.0,34.542,14768400000.0,0.0,414600000.0,812700000.0,67.838,619000000.0
19,APD,MRT,2016-09-30,2016-09-30,2016-09-30,2021-09-07,-2388300000.0,18028600000.0,17295800000.0,4317300000.0,13711300000.0,0.434,32.715,-907700000.0,1293200000.0,1293200000.0,5177300000.0,661500000.0,1.315,1.528,5210900000.0,1301200000.0,3909700000.0,5210900000.0,0.0,854600000.0,0.0,0.017,2.53,1178900000.0,2033500000.0,0.271,2033500000.0,1178900000.0,1063700000.0,2.92,2.89,2.92,7079600000.0,7102175000.0,7079600000.0,37724982499.0,32.0,18.552,1351100000.0,6.244,1.0,2326400000.0,0.31,1233000000.0,115200000.0,17430200000.0,17210900000.0,255000000.0,2505300000.0,0.0,2505300000.0,10815200000.0,3283100000.0,7532100000.0,32556082499.0,1294900000.0,0.0,141300000.0,-237700000.0,-721200000.0,-860200000.0,-864800000.0,44600000.0,2258800000.0,7500000.0,631100000.0,631100000.0,631100000.0,460500000.0,30400000.0,0.084,791300000.0,1535100000.0,1652200000.0,0.866,4.599,51.586,51.486,8259700000.0,0.0,150.34,4.339,4.336,1749000000.0,10475500000.0,7503700000.0,7503700000.0,71800000.0,0.036,0.089,0.068,0.157,31000000.0,683800000.0,1.0,216549704.0,216400000,218300000.0,34.675,16795600000.0,0.0,432600000.0,828300000.0,77.614,1034200000.0
20,APD,MRT,2016-06-30,2016-06-30,2016-06-30,2021-09-07,-2125700000.0,17083500000.0,17122275000.0,3378800000.0,13704700000.0,0.347,32.527,-914700000.0,514800000.0,514800000.0,4184200000.0,610600000.0,0.923,1.406,5683700000.0,1758100000.0,3925600000.0,5683700000.0,0.0,798800000.0,0.0,0.024,3.34,1023800000.0,1822600000.0,0.307,1822600000.0,1023800000.0,918700000.0,2.69,2.67,2.69,7045400000.0,7144525000.0,7045400000.0,36197071944.0,35.0,19.86,980000000.0,4.524,1.0,1752800000.0,0.295,1626400000.0,105100000.0,16967100000.0,17284125000.0,611100000.0,2516000000.0,0.0,2516000000.0,9903300000.0,3658900000.0,6244400000.0,30692171944.0,299500000.0,-4300000.0,105000000.0,-142400000.0,-709000000.0,-1087600000.0,-832300000.0,84300000.0,1894700000.0,-7700000.0,581600000.0,581600000.0,581600000.0,-540200000.0,29000000.0,0.098,614900000.0,1137900000.0,1778000000.0,1.242,4.356,52.772,52.803,8798600000.0,0.0,142.04,5.17,5.182,2153800000.0,10268700000.0,5937000000.0,5937000000.0,26000000.0,0.034,0.081,0.059,0.172,26100000.0,543700000.0,1.0,216081188.0,216600000,218500000.0,27.41,15457100000.0,0.0,337100000.0,1006000000.0,71.362,-280100000.0
21,APD,MRT,2016-03-31,2016-03-31,2016-03-31,2021-09-07,-2046700000.0,16810800000.0,17269275000.0,3031200000.0,13779600000.0,0.376,32.006,-1005900000.0,313100000.0,313100000.0,4579200000.0,589700000.0,0.79,1.411,5818000000.0,2244800000.0,3573200000.0,5818000000.0,0.0,818300000.0,0.0,0.023,3.29,947100000.0,1765400000.0,0.272,1765400000.0,947100000.0,848900000.0,2.57,2.55,2.57,6916600000.0,7279675000.0,6916600000.0,36603134070.0,39.0,20.734,944000000.0,4.368,1.0,1913500000.0,0.295,1650500000.0,98200000.0,16826100000.0,17716150000.0,649800000.0,2555800000.0,0.0,2555800000.0,9757700000.0,3839100000.0,5918600000.0,31064434070.0,117400000.0,-5800000.0,79600000.0,-148100000.0,-697200000.0,-1105600000.0,-932400000.0,82600000.0,1949900000.0,-4300000.0,553600000.0,553600000.0,553600000.0,-440100000.0,36100000.0,0.085,745400000.0,1168100000.0,1470600000.0,1.28,4.491,56.114,56.051,8854100000.0,0.0,144.05,4.785,4.794,1962800000.0,10108800000.0,6492700000.0,6492700000.0,40700000.0,0.032,0.076,0.053,0.146,31100000.0,616800000.0,1.0,215650358.0,216100000,217900000.0,30.045,15160300000.0,0.0,295300000.0,959800000.0,70.154,-807900000.0
22,APD,MRT,2015-12-31,2015-12-31,2015-12-31,2021-09-07,-2208600000.0,17260300000.0,17440025000.0,2779000000.0,14481300000.0,0.409,34.139,-964300000.0,279100000.0,279100000.0,5064400000.0,1352100000.0,0.778,1.325,5817800000.0,1947300000.0,3870500000.0,5817800000.0,0.0,837700000.0,0.0,0.025,3.24,1702300000.0,2540000000.0,0.356,2540000000.0,1702300000.0,1606400000.0,6.11,6.05,6.11,7367100000.0,7383650000.0,7367100000.0,33701750893.0,20.0,13.268,993300000.0,4.603,1.0,2065400000.0,0.29,1606400000.0,95900000.0,17620200000.0,18119175000.0,665600000.0,2581800000.0,0.0,2581800000.0,9761300000.0,3572400000.0,6188900000.0,28029150893.0,40300000.0,-14900000.0,89500000.0,-109800000.0,-687500000.0,-1048700000.0,-899200000.0,82400000.0,1957600000.0,-14900000.0,1316900000.0,1316900000.0,1316900000.0,-438200000.0,35200000.0,0.185,892000000.0,1173400000.0,1533500000.0,0.53,3.805,21.284,21.295,9619000000.0,0.0,130.11,3.931,3.938,1775100000.0,10768700000.0,7129800000.0,7129800000.0,58300000.0,0.076,0.178,0.094,0.239,35900000.0,689300000.0,1.0,215426569.0,215800000,217600000.0,33.039,15653900000.0,0.0,289500000.0,922800000.0,72.539,-793400000.0
23,APD,MRT,2015-09-30,2015-09-30,2015-09-30,2021-09-07,-2125900000.0,17334500000.0,17533800000.0,2793500000.0,14541000000.0,0.446,33.732,-1162400000.0,206400000.0,206400000.0,5598200000.0,1317600000.0,0.767,1.373,5879000000.0,1929900000.0,3949100000.0,5879000000.0,0.0,858500000.0,0.0,0.025,3.2,1680900000.0,2539400000.0,0.325,2539400000.0,1680900000.0,1578100000.0,5.95,5.88,5.95,7249000000.0,7379750000.0,7249000000.0,33075361099.0,20.0,13.025,884600000.0,4.116,1.0,2226100000.0,0.285,1639600000.0,102800000.0,17723100000.0,18388575000.0,657800000.0,2615900000.0,0.0,2615900000.0,9953400000.0,3644400000.0,6309000000.0,27427461099.0,-130200000.0,-38800000.0,121300000.0,-73900000.0,-677500000.0,-960400000.0,-1146700000.0,55300000.0,2047000000.0,-22900000.0,1277900000.0,1277900000.0,1277900000.0,-351700000.0,39700000.0,0.163,992900000.0,1233200000.0,1641700000.0,0.538,3.784,21.463,21.442,8745100000.0,0.0,127.58,3.505,3.504,1860500000.0,10580400000.0,7824300000.0,7824300000.0,76400000.0,0.073,0.173,0.091,0.215,39500000.0,773000000.0,1.0,214982451.0,214900000,217300000.0,36.409,15694900000.0,0.0,300200000.0,859200000.0,73.034,-850900000.0
24,APD,MRT,2015-06-30,2015-06-30,2015-06-30,2021-09-07,-1578400000.0,17671500000.0,17644950000.0,3102300000.0,14569200000.0,0.574,35.251,-1046400000.0,215300000.0,215300000.0,7172100000.0,1046600000.0,1.063,1.274,5863200000.0,1172700000.0,4690500000.0,5863200000.0,0.0,956400000.0,0.0,0.023,3.16,1526100000.0,2482500000.0,0.245,2482500000.0,1526100000.0,1416400000.0,4.83,4.78,4.83,7586000000.0,7408950000.0,7586000000.0,35120761290.0,23.0,14.147,1234200000.0,5.735,1.0,2950400000.0,0.291,1705300000.0,109700000.0,18695200000.0,18644025000.0,681900000.0,2619300000.0,0.0,2619300000.0,9662300000.0,2918900000.0,6743400000.0,29386261290.0,-122300000.0,-34800000.0,127600000.0,13600000.0,-667400000.0,-550300000.0,-1059300000.0,26700000.0,2280600000.0,-28300000.0,1037400000.0,1037400000.0,1037400000.0,9600000.0,9200000.0,0.102,1563700000.0,1386700000.0,1700600000.0,0.654,3.874,28.327,28.329,9720800000.0,0.0,136.83,2.903,2.909,2141700000.0,10411100000.0,10122500000.0,10122500000.0,143900000.0,0.059,0.14,0.082,0.151,48800000.0,978400000.0,1.0,214764754.0,215200000,217400000.0,47.038,15966200000.0,0.0,379000000.0,1076000000.0,74.192,183400000.0
25,APD,MRT,2015-03-31,2015-03-31,2015-03-31,2021-09-07,-1662100000.0,17493800000.0,17806125000.0,3114500000.0,14379300000.0,0.578,34.121,-1189000000.0,195700000.0,195700000.0,7375600000.0,1036900000.0,1.011,1.328,5930200000.0,1418700000.0,4511500000.0,5930200000.0,0.0,962400000.0,0.0,0.021,3.12,1522400000.0,2484800000.0,0.242,2484800000.0,1522400000.0,1409600000.0,4.82,4.77,4.82,7332500000.0,7436625000.0,7332500000.0,38265577528.0,25.0,15.4,963500000.0,4.483,1.0,2911300000.0,0.283,1708800000.0,112800000.0,18438200000.0,18640325000.0,693300000.0,2597800000.0,0.0,2597800000.0,9737500000.0,3081300000.0,6656200000.0,32415377528.0,-161200000.0,-32500000.0,161100000.0,89200000.0,-656900000.0,-423200000.0,-1175800000.0,45200000.0,2152500000.0,-23400000.0,1032600000.0,1032600000.0,1032600000.0,7900000.0,4300000.0,0.1,1535600000.0,1375700000.0,1606900000.0,0.647,4.421,31.392,31.386,9485900000.0,0.0,151.28,3.151,3.16,2110600000.0,10267200000.0,10286900000.0,10286900000.0,144300000.0,0.058,0.139,0.082,0.148,45400000.0,1008900000.0,1.0,214274045.0,214900000,217400000.0,47.868,15785000000.0,0.0,377000000.0,1157500000.0,73.453,33200000.0
26,APD,MRT,2014-12-31,2014-12-31,2014-12-31,2021-09-07,-1470600000.0,17635400000.0,17923425000.0,3137200000.0,14498200000.0,0.583,34.321,-1418100000.0,238800000.0,238800000.0,7595000000.0,1031500000.0,1.045,1.339,6089000000.0,1337700000.0,4751300000.0,6089000000.0,0.0,958200000.0,0.0,0.021,3.08,1528400000.0,2486600000.0,0.238,2486600000.0,1528400000.0,1407500000.0,4.8,4.76,4.8,7351500000.0,7446225000.0,7351500000.0,36605408396.0,24.0,14.721,712400000.0,3.326,1.0,2859300000.0,0.274,1785900000.0,120900000.0,18697800000.0,18624475000.0,709700000.0,2649800000.0,0.0,2649800000.0,9843400000.0,3001900000.0,6841500000.0,30823508396.0,-148800000.0,-20600000.0,163800000.0,111000000.0,-642200000.0,-378000000.0,-1394100000.0,43800000.0,2130500000.0,-24900000.0,1026100000.0,1026100000.0,1026100000.0,6000000.0,5400000.0,0.098,1475800000.0,1383500000.0,1585100000.0,0.642,4.193,30.039,30.048,9607600000.0,0.0,144.23,2.948,2.955,2112300000.0,10152000000.0,10454300000.0,10454300000.0,141700000.0,0.057,0.138,0.082,0.146,44100000.0,1032000000.0,1.0,213710798.0,214200000,216600000.0,48.806,15849500000.0,0.0,381400000.0,1098600000.0,73.994,135300000.0
27,APD,MRT,2014-09-30,2014-09-30,2014-09-30,2021-09-07,-1241900000.0,17779100000.0,17993375000.0,3294800000.0,14484300000.0,0.58,34.63,-1362700000.0,336600000.0,336600000.0,7629900000.0,993100000.0,1.112,1.354,6118500000.0,1294000000.0,4824500000.0,6118500000.0,0.0,956900000.0,0.0,0.023,3.02,1486200000.0,2443100000.0,0.234,2443100000.0,1486200000.0,1361100000.0,4.66,4.61,4.66,7365800000.0,7424350000.0,7365800000.0,33528786820.0,23.0,13.724,827400000.0,3.89,1.0,2809100000.0,0.269,1853100000.0,125100000.0,18744900000.0,18501850000.0,706000000.0,2672800000.0,0.0,2672800000.0,9970500000.0,2963000000.0,7007500000.0,27730386820.0,-113800000.0,2000000.0,141600000.0,1100000.0,-627700000.0,-504300000.0,-1316500000.0,45600000.0,2190100000.0,-11300000.0,991700000.0,991700000.0,991700000.0,2900000.0,1400000.0,0.095,1470000000.0,1339100000.0,1591000000.0,0.648,3.765,27.962,27.936,9532100000.0,0.0,130.18,2.656,2.652,2164400000.0,9993200000.0,10439000000.0,10439000000.0,139800000.0,0.055,0.134,0.08,0.142,44000000.0,1054700000.0,1.0,213015723.0,212700000,215200000.0,49.079,15926000000.0,0.0,369400000.0,1073500000.0,74.875,331800000.0
28,APD,MRT,2014-06-30,2014-06-30,2014-06-30,2021-09-07,-924500000.0,18316200000.0,18011125000.0,3339800000.0,14976400000.0,0.575,36.152,-1673700000.0,337600000.0,337600000.0,7585100000.0,1061400000.0,1.058,1.315,6136000000.0,1185000000.0,4951000000.0,6136000000.0,0.0,934900000.0,0.0,0.023,2.96,1470800000.0,2405700000.0,0.232,2405700000.0,1470800000.0,1339300000.0,4.81,4.77,4.81,7696700000.0,7343425000.0,7696700000.0,33113074167.0,23.0,13.764,412200000.0,1.936,1.0,2763400000.0,0.267,2278100000.0,131500000.0,18680400000.0,18334275000.0,690200000.0,2692900000.0,0.0,2692900000.0,10118600000.0,3156100000.0,6962500000.0,27302874167.0,-81200000.0,-95700000.0,199800000.0,-71500000.0,-612500000.0,-492400000.0,-1708900000.0,61400000.0,2085900000.0,22700000.0,1024800000.0,1024800000.0,1024800000.0,13100000.0,36600000.0,0.099,1400100000.0,1363300000.0,1892300000.0,0.615,3.547,26.642,26.74,9579100000.0,0.0,128.62,2.638,2.646,2196400000.0,10053500000.0,10348500000.0,10348500000.0,135100000.0,0.057,0.14,0.08,0.142,43000000.0,1076500000.0,1.0,212275495.0,212900000,215400000.0,48.607,16038100000.0,0.0,314500000.0,937100000.0,75.332,183700000.0
29,APD,MRT,2014-03-31,2014-03-31,2014-03-31,2021-09-07,-1034600000.0,17963000000.0,17804900000.0,3299900000.0,14663100000.0,0.576,34.703,-1619100000.0,356900000.0,356900000.0,7541900000.0,1036300000.0,1.061,1.369,6167100000.0,1173900000.0,4993200000.0,6167100000.0,0.0,925600000.0,0.0,0.024,2.9,1441300000.0,2366900000.0,0.231,2366900000.0,1441300000.0,1305700000.0,4.72,4.67,4.72,7370900000.0,7054450000.0,7370900000.0,30978240111.0,21.0,13.088,360500000.0,1.697,1.0,2719300000.0,0.265,2288100000.0,135600000.0,18374800000.0,18042450000.0,665300000.0,2670100000.0,0.0,2670100000.0,10091600000.0,3110300000.0,6981300000.0,25197540111.0,-44700000.0,-223600000.0,221400000.0,129900000.0,-596900000.0,-265000000.0,-1786200000.0,57600000.0,1979600000.0,12200000.0,999200000.0,999200000.0,999200000.0,12500000.0,37100000.0,0.097,1386700000.0,1332600000.0,1859800000.0,0.614,3.419,25.218,25.22,9312300000.0,0.0,119.04,2.456,2.464,2179600000.0,9904400000.0,10261200000.0,10261200000.0,134800000.0,0.056,0.142,0.08,0.14,44500000.0,1075800000.0,1.0,211672884.0,212400000,214900000.0,48.311,15674900000.0,0.0,306500000.0,903100000.0,73.799,189600000.0
30,APD,MRT,2013-12-31,2013-12-31,2013-12-31,2021-09-07,-966900000.0,17915200000.0,17619450000.0,3330100000.0,14585100000.0,0.577,34.297,-1558300000.0,387600000.0,387600000.0,7437900000.0,1044400000.0,1.059,1.395,6168300000.0,1147500000.0,5020800000.0,6168300000.0,0.0,922700000.0,0.0,0.025,2.84,1455600000.0,2378300000.0,0.234,2378300000.0,1455600000.0,1316300000.0,4.78,4.73,4.78,7264000000.0,6803100000.0,7264000000.0,29439592604.0,20.0,12.378,262600000.0,1.24,1.0,2725600000.0,0.268,2343400000.0,139300000.0,18207300000.0,17761050000.0,693400000.0,2690800000.0,0.0,2690800000.0,10133800000.0,3145200000.0,6988600000.0,23616392604.0,-158000000.0,-223600000.0,219300000.0,112500000.0,-579500000.0,-279900000.0,-1726800000.0,55500000.0,1820900000.0,8600000.0,1006100000.0,1006100000.0,1006100000.0,11400000.0,38300000.0,0.099,1388000000.0,1337600000.0,1921400000.0,0.594,3.251,23.473,23.385,9152000000.0,0.0,111.78,2.324,2.329,2129400000.0,9785400000.0,10163500000.0,10163500000.0,133900000.0,0.057,0.148,0.082,0.143,45200000.0,1079000000.0,1.0,211275654.0,211800000,214300000.0,47.986,15571800000.0,0.0,310200000.0,907900000.0,73.521,184900000.0
31,APD,MRT,2013-09-30,2013-09-30,2013-09-30,2021-09-07,-1020600000.0,17850100000.0,17488925000.0,3439100000.0,14411000000.0,0.582,33.582,-1524200000.0,450400000.0,450400000.0,7472100000.0,1032500000.0,1.066,1.459,6273600000.0,1217300000.0,5056300000.0,6273600000.0,0.0,907000000.0,0.0,0.026,2.77,1443900000.0,2350900000.0,0.231,2350900000.0,1443900000.0,1302100000.0,4.74,4.68,4.74,7042100000.0,6561925000.0,7042100000.0,28053448004.0,19.0,11.933,28900000.0,0.138,1.0,2708300000.0,0.266,2371100000.0,141800000.0,18074600000.0,17596925000.0,706100000.0,2672400000.0,0.0,2672400000.0,10275400000.0,3227600000.0,7047800000.0,22341948004.0,-4000000.0,-223600000.0,-235200000.0,927400000.0,-565600000.0,115400000.0,-1697000000.0,52800000.0,1553100000.0,11400000.0,994200000.0,994200000.0,994200000.0,10000000.0,38300000.0,0.098,1383900000.0,1324400000.0,1944900000.0,0.584,3.173,22.472,22.483,8974000000.0,0.0,106.57,2.195,2.195,2159000000.0,9646400000.0,10180400000.0,10180400000.0,133700000.0,0.057,0.152,0.082,0.142,43500000.0,1066300000.0,1.0,209645754.0,209700000,212300000.0,48.547,15479000000.0,0.0,307900000.0,890200000.0,73.815,211500000.0
32,APD,MRT,2013-06-30,2013-06-30,2013-06-30,2021-09-07,-1433300000.0,17491300000.0,17261850000.0,3480700000.0,14010600000.0,0.591,31.236,-1469900000.0,418800000.0,418800000.0,7512200000.0,1027500000.0,1.037,1.594,6130300000.0,1482100000.0,4648200000.0,6130300000.0,0.0,894700000.0,0.0,0.029,2.7,1441000000.0,2335700000.0,0.229,2335700000.0,1441000000.0,1295700000.0,4.76,4.7,4.76,6540800000.0,6420700000.0,6540800000.0,24656442016.0,17.0,10.556,101800000.0,0.486,1.0,2687500000.0,0.263,2332000000.0,145300000.0,17513100000.0,17260625000.0,705900000.0,2645200000.0,0.0,2645200000.0,10428100000.0,3357700000.0,7070400000.0,19076842016.0,57600000.0,-815200000.0,-292900000.0,1546300000.0,-552300000.0,684300000.0,-2212100000.0,64400000.0,1571700000.0,1100000.0,995800000.0,995800000.0,995800000.0,-3300000.0,31700000.0,0.098,1346900000.0,1340600000.0,1811000000.0,0.567,2.917,19.157,19.237,8665700000.0,0.0,91.57,1.87,1.88,2210500000.0,9660100000.0,10199700000.0,10199700000.0,135200000.0,0.058,0.155,0.083,0.141,40600000.0,1054100000.0,1.0,208330698.0,209400000,211900000.0,48.709,15159300000.0,0.0,299900000.0,776200000.0,72.394,123000000.0
33,APD,MRT,2013-03-31,2013-03-31,2013-03-31,2021-09-07,-1377100000.0,17221200000.0,16609250000.0,3379200000.0,13842000000.0,0.602,30.545,-1493400000.0,401600000.0,401600000.0,7327500000.0,1221600000.0,1.049,1.619,5981200000.0,1336500000.0,4644700000.0,5981200000.0,0.0,877200000.0,0.0,0.03,2.63,1666900000.0,2544100000.0,0.255,2544100000.0,1666900000.0,1531000000.0,5.67,5.6,5.67,6365500000.0,6413900000.0,6365500000.0,23578361163.0,14.0,9.268,138700000.0,0.666,1.0,2665000000.0,0.267,2330000000.0,135900000.0,17249200000.0,16711475000.0,728100000.0,2627600000.0,0.0,2627600000.0,10305100000.0,3221600000.0,7083500000.0,18088261163.0,68600000.0,-991200000.0,-350500000.0,934700000.0,-539700000.0,37400000.0,-2373800000.0,46400000.0,1632100000.0,-22700000.0,1191900000.0,1191900000.0,1191900000.0,-130000000.0,29700000.0,0.119,1235200000.0,1429800000.0,1823000000.0,0.464,2.842,15.176,15.365,8488800000.0,0.0,87.12,1.81,1.817,2136300000.0,9521400000.0,9992500000.0,9992500000.0,134200000.0,0.072,0.186,0.1,0.167,38800000.0,1013200000.0,1.0,207624669.0,208400000,211000000.0,47.949,14891200000.0,0.0,339100000.0,772200000.0,71.455,157600000.0
34,APD,MRT,2012-12-31,2012-12-31,2012-12-31,2021-09-07,-1245400000.0,17393100000.0,16042900000.0,3563100000.0,13830000000.0,0.614,29.997,-1535700000.0,545600000.0,545600000.0,7229700000.0,1224200000.0,1.201,1.675,6035700000.0,928400000.0,5107300000.0,6035700000.0,0.0,856300000.0,0.0,0.03,2.56,1579700000.0,2436000000.0,0.247,2436000000.0,1579700000.0,1449600000.0,5.68,5.6,5.68,6299300000.0,6388200000.0,6299300000.0,22721163554.0,14.0,9.327,83500000.0,0.398,1.0,2622900000.0,0.266,2365500000.0,130100000.0,17550800000.0,16331300000.0,746500000.0,2597100000.0,0.0,2597100000.0,10551200000.0,2966900000.0,7584300000.0,17883663554.0,138300000.0,-1017600000.0,-371300000.0,1060600000.0,-529000000.0,168000000.0,-2441400000.0,43400000.0,1619200000.0,-10900000.0,1197500000.0,1197500000.0,1197500000.0,-145900000.0,26700000.0,0.122,1308200000.0,1314700000.0,1963900000.0,0.451,2.839,14.934,14.792,8482300000.0,0.0,84.02,1.815,1.791,2132000000.0,9379700000.0,9852600000.0,9852600000.0,131700000.0,0.075,0.187,0.097,0.16,42100000.0,983900000.0,1.0,212850078.0,210000000,212600000.0,46.917,15027600000.0,0.0,252100000.0,793900000.0,71.56,596200000.0
35,APD,MRT,2012-09-30,2012-09-30,2012-09-30,2021-09-07,-1348800000.0,16941800000.0,15292450000.0,3415800000.0,13526000000.0,0.629,30.669,-1521000000.0,454400000.0,454400000.0,7051900000.0,1193300000.0,1.27,1.532,5291900000.0,707700000.0,4584200000.0,5291900000.0,0.0,840800000.0,0.0,0.03,2.5,1578300000.0,2419100000.0,0.252,2419100000.0,1578300000.0,1454600000.0,5.53,5.44,5.53,6477200000.0,6290625000.0,6477200000.0,21363822174.0,14.0,8.831,244100000.0,1.156,1.0,2559800000.0,0.266,2360000000.0,123700000.0,16729400000.0,15727475000.0,786600000.0,2504600000.0,0.0,2504600000.0,9926000000.0,2689900000.0,7236100000.0,17508122174.0,31900000.0,-1038800000.0,71200000.0,419600000.0,-514900000.0,-78400000.0,-2435200000.0,52500000.0,1765100000.0,-18600000.0,1167300000.0,1167300000.0,1167300000.0,-168100000.0,26000000.0,0.121,1277400000.0,1282400000.0,1927700000.0,0.452,2.703,14.999,14.955,8240600000.0,0.0,82.7,1.822,1.817,2077500000.0,9234500000.0,9611700000.0,9611700000.0,126400000.0,0.076,0.186,0.1,0.164,43800000.0,946800000.0,1.0,211706435.0,211200000,214700000.0,45.51,14581800000.0,0.0,287300000.0,719300000.0,69.043,725900000.0
36,APD,MRT,2012-06-30,2012-06-30,2012-06-30,2021-09-07,-1253800000.0,14880900000.0,14629675000.0,3033100000.0,11847800000.0,0.65,30.797,-1542300000.0,361200000.0,361200000.0,6983700000.0,1390100000.0,1.42,1.264,4216900000.0,421400000.0,3795500000.0,4216900000.0,0.0,827200000.0,0.0,0.03,2.44,1839700000.0,2666900000.0,0.28,2666900000.0,1839700000.0,1726300000.0,6.41,6.31,6.41,6513600000.0,6120275000.0,6513600000.0,21488804633.0,12.0,8.058,315600000.0,1.492,1.0,2528400000.0,0.266,1284700000.0,113400000.0,15316500000.0,15303150000.0,699500000.0,2385100000.0,0.0,2385100000.0,8233500000.0,2135400000.0,6098100000.0,17068904633.0,-68900000.0,-349900000.0,-239800000.0,-69900000.0,-503100000.0,-888500000.0,-1791700000.0,32800000.0,1857900000.0,-44500000.0,1353400000.0,1353400000.0,1353400000.0,-187100000.0,36700000.0,0.142,1019400000.0,1509000000.0,1621400000.0,0.381,2.621,12.612,12.594,7708100000.0,0.0,80.73,1.794,1.795,1881500000.0,9232600000.0,9512100000.0,9512100000.0,122800000.0,0.093,0.221,0.12,0.193,47900000.0,937400000.0,1.0,211431991.0,211500000,214700000.0,44.974,13596200000.0,0.0,372900000.0,761600000.0,64.285,897700000.0
37,APD,MRT,2012-03-31,2012-03-31,2012-03-31,2021-09-07,-1128100000.0,14955800000.0,14522325000.0,3342900000.0,11612900000.0,0.664,29.667,-1452200000.0,319500000.0,319500000.0,7118600000.0,1232600000.0,1.316,1.365,4739400000.0,859600000.0,3879800000.0,4739400000.0,0.0,827300000.0,0.0,0.026,2.38,1644300000.0,2471600000.0,0.256,2471600000.0,1644300000.0,1530400000.0,5.66,5.55,5.66,6262700000.0,6049925000.0,6262700000.0,23542263970.0,14.0,9.525,382700000.0,1.813,1.0,2525400000.0,0.262,1107800000.0,113900000.0,15728500000.0,15261825000.0,696000000.0,2218000000.0,0.0,2218000000.0,8548400000.0,2539400000.0,6009000000.0,19333563970.0,62700000.0,-80000000.0,-200800000.0,446400000.0,-490700000.0,-301500000.0,-1473600000.0,42800000.0,1834900000.0,-10300000.0,1195400000.0,1195400000.0,1195400000.0,-89300000.0,37200000.0,0.124,1106200000.0,1419200000.0,1587700000.0,0.42,3.087,16.173,16.219,7644900000.0,0.0,91.8,2.005,2.009,1904900000.0,8882600000.0,9644000000.0,9644000000.0,119600000.0,0.082,0.198,0.108,0.17,50300000.0,941500000.0,1.0,210605272.0,211100000,215000000.0,45.685,13848000000.0,0.0,335000000.0,691100000.0,65.599,803500000.0
38,APD,MRT,2011-12-31,2011-12-31,2011-12-31,2021-09-07,-1275600000.0,14391300000.0,14238550000.0,3176200000.0,11215100000.0,0.681,28.098,-1344700000.0,407300000.0,407300000.0,7151000000.0,1241900000.0,1.359,1.41,4616000000.0,731800000.0,3884200000.0,4616000000.0,0.0,819700000.0,0.0,0.027,2.32,1747000000.0,2566700000.0,0.265,2566700000.0,1747000000.0,1633100000.0,5.68,5.56,5.68,5909000000.0,5940550000.0,5909000000.0,22069160788.0,13.0,8.598,453400000.0,2.156,1.0,2551700000.0,0.263,1127300000.0,113900000.0,15135500000.0,14954875000.0,704100000.0,2113900000.0,0.0,2113900000.0,8334200000.0,2337200000.0,5997000000.0,17929460788.0,160100000.0,16900000.0,-529900000.0,669800000.0,-473800000.0,-383300000.0,-1242600000.0,60300000.0,1798100000.0,-12600000.0,1203700000.0,1203700000.0,1203700000.0,-90900000.0,38200000.0,0.124,1022200000.0,1529500000.0,1482100000.0,0.408,3.034,14.895,14.998,7525900000.0,0.0,85.19,1.848,1.846,1979800000.0,8723800000.0,9702700000.0,9702700000.0,117700000.0,0.085,0.203,0.117,0.18,46400000.0,946200000.0,1.0,210464383.0,210300000,213900000.0,46.137,13264000000.0,0.0,429400000.0,722800000.0,63.072,839000000.0
39,APD,MRT,2011-09-30,2011-09-30,2011-09-30,2021-09-07,-1253400000.0,14290700000.0,14005650000.0,3189800000.0,11100900000.0,0.691,27.21,-1309300000.0,421400000.0,421400000.0,7098300000.0,1261500000.0,1.362,1.441,4561500000.0,634000000.0,3927500000.0,4561500000.0,0.0,834300000.0,0.0,0.029,2.23,1715000000.0,2549300000.0,0.264,2549300000.0,1715000000.0,1599500000.0,5.75,5.63,5.75,5795800000.0,5915800000.0,5795800000.0,20344564461.0,12.0,7.98,401100000.0,1.883,1.0,2575400000.0,0.266,1056700000.0,115500000.0,15032100000.0,14690525000.0,670200000.0,2054400000.0,0.0,2054400000.0,8352000000.0,2342000000.0,6010000000.0,16276964461.0,48200000.0,38100000.0,-501000000.0,457000000.0,-456700000.0,-484600000.0,-1169800000.0,81600000.0,1710400000.0,-8300000.0,1224200000.0,1224200000.0,1224200000.0,-89900000.0,37300000.0,0.127,1018800000.0,1556600000.0,1599700000.0,0.388,2.808,13.296,13.282,7222700000.0,0.0,76.37,1.683,1.682,1777500000.0,8599500000.0,9673700000.0,9673700000.0,118800000.0,0.087,0.207,0.117,0.177,44800000.0,941700000.0,1.0,213132964.0,213000000,217600000.0,45.416,13234000000.0,0.0,375300000.0,623200000.0,62.131,847800000.0
40,APD,MRT,2011-06-30,2011-06-30,2011-06-30,2021-09-07,-865400000.0,14451500000.0,13809450000.0,3276500000.0,11175000000.0,0.667,29.328,-1165000000.0,430100000.0,430100000.0,6775000000.0,1200400000.0,1.557,1.292,4497700000.0,443400000.0,4054300000.0,4497700000.0,0.0,805600000.0,0.0,0.022,2.14,1629000000.0,2434600000.0,0.264,2434600000.0,1629000000.0,1511300000.0,5.49,5.37,5.49,6232200000.0,5853575000.0,6232200000.0,24378681711.0,15.0,10.013,383900000.0,1.807,1.0,2433000000.0,0.264,1264100000.0,117700000.0,15151200000.0,14386375000.0,639600000.0,1983700000.0,0.0,1983700000.0,8054500000.0,2103800000.0,5950700000.0,20253081711.0,24800000.0,38700000.0,-179800000.0,51900000.0,-437100000.0,-513000000.0,-1025800000.0,82100000.0,1548900000.0,18800000.0,1171500000.0,1171500000.0,1171500000.0,-135600000.0,28900000.0,0.127,1000900000.0,1432100000.0,1582700000.0,0.39,3.25,17.288,17.41,7524200000.0,0.0,95.58,2.2,2.206,2105600000.0,8397400000.0,9208000000.0,9208000000.0,118300000.0,0.085,0.2,0.113,0.177,45100000.0,882000000.0,1.0,211896649.0,212500000,217300000.0,43.332,13187400000.0,0.0,339800000.0,548500000.0,62.058,1172700000.0
41,APD,MRT,2011-03-31,2011-03-31,2011-03-31,2021-09-07,-982200000.0,13820700000.0,13446425000.0,2976500000.0,10844200000.0,0.668,27.246,-1063800000.0,270300000.0,270300000.0,6560300000.0,1126700000.0,1.346,1.343,4395900000.0,684100000.0,3711800000.0,4395900000.0,0.0,807700000.0,0.0,0.023,2.05,1541400000.0,2349100000.0,0.261,2349100000.0,1541400000.0,1420200000.0,5.14,5.04,5.14,5825200000.0,5603375000.0,5825200000.0,23126267113.0,15.0,9.845,485200000.0,2.269,1.0,2428000000.0,0.27,1234300000.0,121200000.0,14500700000.0,13939300000.0,597200000.0,1861700000.0,0.0,1861700000.0,7821500000.0,2211300000.0,5610200000.0,19381467113.0,39400000.0,67900000.0,-224700000.0,-1300000.0,-418300000.0,-616400000.0,-895400000.0,81700000.0,1549000000.0,7800000.0,1098200000.0,1098200000.0,1098200000.0,-106100000.0,28500000.0,0.122,1012100000.0,1415900000.0,1460800000.0,0.399,3.327,17.648,17.545,7361800000.0,0.0,90.18,2.156,2.145,1996400000.0,8195200000.0,8988300000.0,8988300000.0,118300000.0,0.082,0.196,0.111,0.171,47800000.0,888700000.0,1.0,214919795.0,213800000,218800000.0,42.041,12586400000.0,0.0,322000000.0,472600000.0,58.87,765200000.0
42,APD,MRT,2010-12-31,2010-12-31,2010-12-31,2021-09-07,-1107300000.0,13459700000.0,13279400000.0,2870200000.0,10589500000.0,0.665,27.124,-1006800000.0,247200000.0,247200000.0,6440800000.0,1073600000.0,1.482,1.288,3992000000.0,374600000.0,3617400000.0,3992000000.0,0.0,827300000.0,0.0,0.022,1.96,1470900000.0,2298200000.0,0.26,2298200000.0,1470900000.0,1349600000.0,4.91,4.81,4.91,5810000000.0,5463475000.0,5810000000.0,23242334715.0,16.0,10.113,620900000.0,2.899,1.0,2393500000.0,0.271,1189300000.0,121300000.0,14078100000.0,13742075000.0,584500000.0,1722700000.0,0.0,1722700000.0,7482500000.0,1937100000.0,5545400000.0,19488334715.0,-75800000.0,-98700000.0,97200000.0,-392300000.0,-408400000.0,-686200000.0,-1015700000.0,72500000.0,1627700000.0,3600000.0,1045900000.0,1045900000.0,1045900000.0,-87500000.0,27700000.0,0.118,1008900000.0,1384600000.0,1458100000.0,0.399,3.354,18.633,18.523,7157500000.0,0.0,90.95,2.206,2.205,1968200000.0,8014600000.0,8834300000.0,8834300000.0,116700000.0,0.079,0.191,0.107,0.166,51100000.0,887100000.0,1.0,214275258.0,214200000,219200000.0,41.243,12270400000.0,0.0,303700000.0,496700000.0,57.285,933100000.0
43,APD,MRT,2010-09-30,2010-09-30,2010-09-30,2021-09-07,-1159400000.0,13505900000.0,13143100000.0,3033800000.0,10472100000.0,0.656,26.14,-988700000.0,374300000.0,374300000.0,6288900000.0,1054500000.0,1.352,1.408,4128300000.0,468500000.0,3659800000.0,4128300000.0,0.0,826800000.0,0.0,0.023,1.92,1456700000.0,2283500000.0,0.265,2283500000.0,1456700000.0,1334800000.0,4.85,4.74,4.85,5546900000.0,5269450000.0,5546900000.0,21384961749.0,15.0,9.365,496300000.0,2.339,1.0,2327200000.0,0.27,1200300000.0,121900000.0,13815500000.0,13645950000.0,571600000.0,1683200000.0,0.0,1683200000.0,7808300000.0,2244100000.0,5564200000.0,17602261749.0,-113900000.0,-111600000.0,88100000.0,-284400000.0,-398700000.0,-579300000.0,-1014300000.0,52400000.0,1485000000.0,-100000.0,1029100000.0,1029100000.0,1029100000.0,-87500000.0,25400000.0,0.119,1006400000.0,1320800000.0,1702000000.0,0.396,3.173,17.105,17.076,7051300000.0,0.0,82.82,2.043,2.04,2017600000.0,7852200000.0,8616100000.0,8616100000.0,114700000.0,0.078,0.195,0.107,0.169,48600000.0,886600000.0,1.0,212536365.0,212200000,217100000.0,40.604,12305600000.0,0.0,305700000.0,408700000.0,57.991,789700000.0
44,APD,MRT,2010-06-30,2010-06-30,2010-06-30,2021-09-07,-1230500000.0,12999400000.0,13023900000.0,2945400000.0,10054000000.0,0.676,24.642,-1037000000.0,405300000.0,405300000.0,6353300000.0,1020400000.0,1.274,1.458,4188000000.0,821600000.0,3366400000.0,4188000000.0,1474700000.0,874300000.0,0.0,0.029,1.88,1452200000.0,2326500000.0,0.264,2326500000.0,1452200000.0,1333200000.0,4.73,4.63,4.73,5231400000.0,5080700000.0,5231400000.0,17875088014.0,12.0,7.683,460600000.0,2.17,1.0,2450800000.0,0.278,1106400000.0,119000000.0,13362900000.0,13532125000.0,499200000.0,1595000000.0,0.0,1595000000.0,7627500000.0,2312800000.0,5314700000.0,13762588014.0,335000000.0,-125800000.0,81800000.0,205900000.0,-389100000.0,-87500000.0,-1069400000.0,60400000.0,1497600000.0,-5700000.0,1000900000.0,1000900000.0,1000900000.0,2100000.0,19500000.0,0.114,1078600000.0,1372200000.0,1415300000.0,0.397,2.631,13.75,13.702,6770800000.0,0.0,64.81,1.563,1.563,1968100000.0,7685500000.0,8804100000.0,8804100000.0,112200000.0,0.077,0.197,0.107,0.165,51900000.0,959200000.0,1.0,212352847.0,212300000,216900000.0,41.47,11893000000.0,0.0,332300000.0,549500000.0,56.02,632600000.0
45,APD,MRT,2010-03-31,2010-03-31,2010-03-31,2021-09-07,-1054400000.0,13152600000.0,12834925000.0,2822000000.0,10330600000.0,0.664,24.826,-1080200000.0,230900000.0,230900000.0,6169800000.0,877100000.0,1.203,1.469,4343400000.0,874900000.0,3468500000.0,4343400000.0,1480000000.0,877000000.0,0.0,0.025,1.84,1257500000.0,2134500000.0,0.25,2134500000.0,1257500000.0,1141000000.0,4.08,3.99,4.08,5265600000.0,5004925000.0,5265600000.0,19784366282.0,16.0,9.269,332600000.0,1.568,1.0,2358200000.0,0.277,1207600000.0,116500000.0,13711800000.0,13541775000.0,504700000.0,1641100000.0,0.0,1641100000.0,7734300000.0,2345700000.0,5388600000.0,15688666282.0,151200000.0,-114400000.0,83000000.0,80400000.0,-379500000.0,-196500000.0,-1068200000.0,54900000.0,1412800000.0,3100000.0,860900000.0,860900000.0,860900000.0,3500000.0,16200000.0,0.101,1214200000.0,1144000000.0,1426900000.0,0.451,2.979,18.224,18.125,6941500000.0,0.0,73.95,1.84,1.839,1976600000.0,7537000000.0,8528000000.0,8528000000.0,107000000.0,0.067,0.172,0.093,0.147,53000000.0,950300000.0,1.0,212152350.0,212100000,216900000.0,40.207,11945000000.0,0.0,280100000.0,484000000.0,56.318,476300000.0
46,APD,MRT,2009-12-31,2009-12-31,2009-12-31,2021-09-07,-1115200000.0,12914500000.0,12516500000.0,2783200000.0,10131300000.0,0.658,23.778,-1176200000.0,323000000.0,323000000.0,5981000000.0,825900000.0,1.298,1.536,4418700000.0,713600000.0,3705100000.0,4418700000.0,1509400000.0,856800000.0,0.0,0.022,1.8,1193200000.0,2050000000.0,0.249,2050000000.0,1193200000.0,1076200000.0,3.87,3.8,3.87,5033900000.0,4848050000.0,5033900000.0,21174181146.0,18.0,10.329,147900000.0,0.699,1.0,2253400000.0,0.274,1171700000.0,117000000.0,13693600000.0,13333600000.0,522600000.0,1595900000.0,0.0,1595900000.0,7730400000.0,2144900000.0,5585500000.0,17160881146.0,204500000.0,-18300000.0,81000000.0,167100000.0,-376300000.0,-111600000.0,-1010500000.0,52100000.0,1324100000.0,2500000.0,814500000.0,814500000.0,814500000.0,-12800000.0,11400000.0,0.099,1207700000.0,1045700000.0,1378500000.0,0.465,3.409,21.069,20.946,6945200000.0,0.0,81.06,2.084,2.084,1796600000.0,7389800000.0,8234400000.0,8234400000.0,110300000.0,0.065,0.168,0.089,0.145,50600000.0,940500000.0,1.0,211705911.0,211700000,217000000.0,38.897,11742800000.0,0.0,261700000.0,414900000.0,55.469,638300000.0
47,APD,MRT,2009-09-30,2009-09-30,2009-09-30,2021-09-07,-1161800000.0,13029100000.0,12351275000.0,2997800000.0,10031300000.0,0.668,22.829,-1179100000.0,488200000.0,488200000.0,6042100000.0,642700000.0,1.197,1.69,4501500000.0,785900000.0,3715600000.0,4501500000.0,0.0,840300000.0,0.0,0.023,1.79,938500000.0,1778800000.0,0.215,1778800000.0,938500000.0,816600000.0,3.01,2.96,3.01,4791900000.0,4771100000.0,4791900000.0,20373037200.0,22.0,11.453,150300000.0,0.716,1.0,2214100000.0,0.268,1178600000.0,121900000.0,13360200000.0,13153325000.0,509600000.0,1555100000.0,0.0,1555100000.0,8099100000.0,2503600000.0,5595500000.0,16298137200.0,384700000.0,-6200000.0,54400000.0,404900000.0,-373300000.0,95000000.0,-1040400000.0,57900000.0,1329400000.0,700000.0,631300000.0,631300000.0,631300000.0,8600000.0,11400000.0,0.076,1390800000.0,823300000.0,1674800000.0,0.595,3.401,25.817,25.774,6859600000.0,0.0,77.58,1.974,1.972,1900300000.0,7234600000.0,8256200000.0,8256200000.0,116300000.0,0.051,0.132,0.071,0.114,60400000.0,943400000.0,1.0,210081686.0,209900000,213500000.0,39.334,11850500000.0,0.0,185300000.0,400800000.0,56.458,494200000.0
48,APD,MRT,2009-06-30,2009-06-30,2009-06-30,2021-09-07,-803600000.0,12243500000.0,12236825000.0,2571100000.0,9672400000.0,0.723,23.49,-1193000000.0,70300000.0,70300000.0,6523900000.0,688800000.0,1.434,1.457,4145200000.0,389400000.0,3755800000.0,4145200000.0,1040700000.0,836000000.0,0.0,0.028,1.78,967700000.0,1803700000.0,0.204,1803700000.0,967700000.0,830900000.0,3.09,3.02,3.09,4928300000.0,4830800000.0,4928300000.0,17575541094.0,18.0,9.744,201300000.0,0.959,1.0,2317700000.0,0.262,1124100000.0,136800000.0,13401500000.0,13064500000.0,495800000.0,1390000000.0,0.0,1390000000.0,7180600000.0,1792800000.0,5387800000.0,13552841094.0,-55900000.0,-58800000.0,-211800000.0,308500000.0,-372000000.0,-257000000.0,-1188000000.0,31300000.0,1394300000.0,-5200000.0,649000000.0,649000000.0,649000000.0,12900000.0,39800000.0,0.073,1435200000.0,882500000.0,1299700000.0,0.576,2.75,20.883,20.903,6675000000.0,0.0,64.59,1.533,1.533,1893500000.0,7086600000.0,8841600000.0,8841600000.0,119900000.0,0.053,0.134,0.074,0.109,59400000.0,985300000.0,1.0,209828783.0,209800000,214000000.0,42.143,11119400000.0,0.0,181900000.0,675700000.0,53.0,778300000.0
49,APD,MRT,2009-03-31,2009-03-31,2009-03-31,2021-09-07,-1051000000.0,11878900000.0,12444925000.0,2596400000.0,9282500000.0,0.773,22.128,-1178700000.0,79700000.0,79700000.0,7137500000.0,640900000.0,1.301,1.534,4102400000.0,645800000.0,3456600000.0,4102400000.0,952800000.0,838600000.0,0.0,0.031,1.77,1009300000.0,1847900000.0,0.192,1847900000.0,1009300000.0,860500000.0,2.88,2.81,2.88,4638100000.0,4990900000.0,4638100000.0,15843697675.0,16.0,8.574,308300000.0,1.471,1.0,2477600000.0,0.258,1026200000.0,148800000.0,12879100000.0,13103200000.0,506600000.0,1283600000.0,0.0,1283600000.0,7114100000.0,1996300000.0,5117800000.0,11792997675.0,-59100000.0,21100000.0,-180800000.0,106700000.0,-370200000.0,-401100000.0,-1138700000.0,30400000.0,1487000000.0,-6300000.0,605900000.0,605900000.0,605900000.0,236400000.0,35000000.0,0.063,1343100000.0,1134500000.0,1307100000.0,0.615,2.543,19.464,19.531,6410100000.0,0.0,56.25,1.227,1.226,1792500000.0,7068700000.0,9615100000.0,9615100000.0,128900000.0,0.049,0.121,0.077,0.105,58500000.0,1037400000.0,1.0,209653292.0,209600000,212300000.0,45.874,10852700000.0,0.0,254600000.0,741800000.0,51.778,600100000.0
50,APD,MRT,2008-12-31,2008-12-31,2008-12-31,2021-09-07,-835300000.0,12253600000.0,12782300000.0,2833400000.0,9420200000.0,0.798,22.57,-1108200000.0,118500000.0,118500000.0,7569200000.0,748000000.0,1.275,1.564,4169200000.0,574000000.0,3595200000.0,4169200000.0,966200000.0,858600000.0,0.0,0.035,1.76,1148200000.0,2006800000.0,0.197,2006800000.0,1148200000.0,990500000.0,3.38,3.27,3.38,4726100000.0,5212450000.0,4726100000.0,14398224946.0,13.0,7.175,383100000.0,1.83,1.0,2633200000.0,0.258,1109900000.0,157700000.0,12972500000.0,13242450000.0,521200000.0,1282300000.0,0.0,1282300000.0,7389600000.0,2221900000.0,5167700000.0,10534924946.0,22000000.0,278900000.0,-548200000.0,279600000.0,-359500000.0,-576700000.0,-890800000.0,29700000.0,1491300000.0,-1800000.0,714600000.0,714600000.0,714600000.0,198200000.0,33400000.0,0.07,1415600000.0,1217600000.0,1578600000.0,0.521,2.229,14.742,14.873,6459000000.0,0.0,50.27,1.033,1.032,2028900000.0,6957700000.0,10202400000.0,10202400000.0,133600000.0,0.056,0.137,0.087,0.113,61800000.0,1078900000.0,1.0,209566838.0,209400000,212100000.0,48.722,11143700000.0,0.0,275900000.0,666200000.0,53.217,611500000.0
51,APD,MRT,2008-09-30,2008-09-30,2008-09-30,2021-09-07,-549300000.0,12571300000.0,12972475000.0,2848100000.0,9723200000.0,0.803,23.707,-1085100000.0,103500000.0,103500000.0,7693100000.0,938100000.0,1.288,1.472,3966800000.0,451400000.0,3515400000.0,3966800000.0,1049200000.0,869000000.0,0.0,0.025,1.7,1437000000.0,2306000000.0,0.221,2306000000.0,1437000000.0,1275000000.0,4.29,4.15,4.29,5030700000.0,5431675000.0,5030700000.0,18412585921.0,13.0,7.985,573700000.0,2.704,1.0,2721400000.0,0.261,1217700000.0,162000000.0,13004900000.0,13286725000.0,503700000.0,1327900000.0,0.0,1327900000.0,7404400000.0,2212000000.0,5192400000.0,14508785921.0,63000000.0,348800000.0,-706000000.0,305500000.0,-349300000.0,-677700000.0,-919800000.0,19600000.0,1658800000.0,1700000.0,909700000.0,909700000.0,909700000.0,175400000.0,28400000.0,0.087,1251400000.0,1470000000.0,1665600000.0,0.396,2.884,15.949,15.965,6614800000.0,0.0,68.49,1.393,1.396,2076600000.0,6990200000.0,10414500000.0,10414500000.0,130700000.0,0.07,0.167,0.108,0.138,61400000.0,1090400000.0,1.0,211838019.0,212200000,219200000.0,49.079,11353600000.0,0.0,365300000.0,713600000.0,53.504,636100000.0
52,APD,MRT,2008-06-30,2008-06-30,2008-06-30,2021-09-07,-51100000.0,13075900000.0,12994525000.0,3121600000.0,9954300000.0,0.759,26.367,-1074100000.0,126200000.0,126200000.0,7290100000.0,940900000.0,1.467,1.327,4030000000.0,382800000.0,3647200000.0,4030000000.0,993000000.0,855500000.0,0.0,0.017,1.64,1457300000.0,2312800000.0,0.234,2312800000.0,1457300000.0,1296300000.0,4.4,4.25,4.4,5568700000.0,5547900000.0,5568700000.0,25074161777.0,17.0,10.841,745400000.0,3.529,1.0,2575900000.0,0.261,1294900000.0,161000000.0,13556300000.0,13209700000.0,534600000.0,865000000.0,0.0,865000000.0,7391700000.0,2128500000.0,5263200000.0,20826161777.0,96300000.0,403900000.0,-616200000.0,-73600000.0,-338200000.0,-948100000.0,-791200000.0,70400000.0,1819500000.0,10400000.0,940900000.0,940900000.0,940900000.0,182500000.0,0.0,0.095,1112100000.0,1463800000.0,1633100000.0,0.373,3.74,22.134,22.468,6859300000.0,0.0,98.86,2.111,2.116,2340800000.0,6821000000.0,9866000000.0,9866000000.0,129300000.0,0.072,0.17,0.11,0.148,68800000.0,960800000.0,1.0,210663178.0,211200000,218200000.0,46.714,11781000000.0,0.0,355400000.0,735300000.0,55.781,993100000.0
53,APD,MRT,2008-03-31,2008-03-31,2008-03-31,2021-09-07,-47100000.0,13228400000.0,12867750000.0,2991500000.0,10236900000.0,0.741,26.021,-1046700000.0,138800000.0,138800000.0,6998500000.0,1155700000.0,1.219,1.373,4386800000.0,740400000.0,3646400000.0,4386800000.0,871700000.0,831000000.0,0.0,0.017,1.58,1635800000.0,2466800000.0,0.259,2466800000.0,1635800000.0,1470100000.0,5.39,5.21,5.39,5524300000.0,5519800000.0,5524300000.0,23608124740.0,14.0,9.57,697500000.0,3.285,1.0,2534000000.0,0.266,1586600000.0,165700000.0,13436100000.0,12862650000.0,533700000.0,842900000.0,0.0,842900000.0,7586700000.0,2453700000.0,5133000000.0,19729224740.0,102400000.0,-190900000.0,-739500000.0,682200000.0,-327900000.0,-317800000.0,-1336100000.0,95800000.0,1744200000.0,8700000.0,1155700000.0,1155700000.0,1155700000.0,-51800000.0,0.0,0.121,1107900000.0,1426100000.0,1569500000.0,0.293,3.571,17.071,17.069,6856400000.0,0.0,92.0,2.07,2.049,2209600000.0,6846000000.0,9532500000.0,9532500000.0,129200000.0,0.09,0.209,0.127,0.172,72500000.0,971400000.0,1.0,214448095.0,212300000,219200000.0,44.901,11641800000.0,0.0,314400000.0,748100000.0,54.837,537800000.0
54,APD,MRT,2007-12-31,2007-12-31,2007-12-31,2021-09-07,-82900000.0,13014300000.0,12530150000.0,2863800000.0,10150500000.0,0.741,26.085,-1049700000.0,96500000.0,96500000.0,6802800000.0,1069000000.0,1.287,1.29,3975400000.0,559800000.0,3415600000.0,3975400000.0,842700000.0,808700000.0,0.0,0.015,1.52,1537300000.0,2346000000.0,0.253,2346000000.0,1537300000.0,1373200000.0,4.96,4.8,4.96,5603000000.0,5457850000.0,5603000000.0,24878499985.0,16.0,10.605,666500000.0,3.103,1.0,2485000000.0,0.268,1519000000.0,164100000.0,13149600000.0,12446425000.0,517300000.0,791600000.0,0.0,791600000.0,7227800000.0,2224600000.0,5003200000.0,21243599985.0,39200000.0,-468700000.0,-432600000.0,600400000.0,-320000000.0,-73100000.0,-1610800000.0,93500000.0,1716200000.0,9700000.0,1069000000.0,1069000000.0,1069000000.0,-8100000.0,0.0,0.115,1088700000.0,1396300000.0,1502300000.0,0.306,3.791,19.872,19.885,6700300000.0,0.0,98.63,2.287,2.281,2080200000.0,6625500000.0,9287800000.0,9287800000.0,127200000.0,0.085,0.196,0.124,0.166,71400000.0,982900000.0,1.0,215386799.0,214800000,222300000.0,43.239,11495300000.0,0.0,304200000.0,838900000.0,53.516,639200000.0
55,APD,MRT,2007-09-30,2007-09-30,2007-09-30,2021-09-07,-142900000.0,12659500000.0,12151575000.0,2858400000.0,9801100000.0,0.753,25.419,-1013200000.0,40500000.0,40500000.0,6698900000.0,1035600000.0,1.18,1.271,3667800000.0,693100000.0,2974700000.0,3667800000.0,872000000.0,789800000.0,0.0,0.015,1.48,1485200000.0,2275000000.0,0.249,2275000000.0,1485200000.0,1322800000.0,4.79,4.64,4.79,5495600000.0,5334975000.0,5495600000.0,24872943120.0,17.0,10.933,486700000.0,2.251,1.0,2449300000.0,0.268,1167300000.0,162400000.0,12696800000.0,11923525000.0,476700000.0,1104200000.0,0.0,1104200000.0,6986600000.0,2422700000.0,4563900000.0,21125743120.0,9500000.0,-539300000.0,-372400000.0,605000000.0,-312000000.0,-14900000.0,-1483100000.0,97200000.0,1499900000.0,7600000.0,1035600000.0,1035600000.0,1035600000.0,-16000000.0,0.0,0.113,1116000000.0,1333300000.0,1543200000.0,0.309,3.844,20.4,20.409,6528800000.0,0.0,97.76,2.309,2.31,2011300000.0,6458500000.0,9148200000.0,9148200000.0,129000000.0,0.085,0.194,0.125,0.162,70900000.0,999800000.0,1.0,216098027.0,216200000,223200000.0,42.314,11492200000.0,0.0,287200000.0,814200000.0,53.155,435700000.0
56,APD,MRT,2007-06-30,2007-06-30,2007-06-30,2021-09-07,-62400000.0,12568800000.0,11781875000.0,3014900000.0,9553900000.0,0.711,25.249,-895700000.0,31700000.0,31700000.0,6089200000.0,871200000.0,1.107,1.271,3778900000.0,1029600000.0,2749300000.0,3778900000.0,697400000.0,724100000.0,0.0,0.018,1.44,1287900000.0,2012000000.0,0.24,2012000000.0,1287900000.0,1129900000.0,4.02,3.9,4.02,5456300000.0,5192075000.0,5456300000.0,20685655485.0,16.0,10.281,389500000.0,1.802,1.0,2286800000.0,0.273,1424400000.0,158000000.0,12168100000.0,11393075000.0,541100000.0,817900000.0,0.0,817900000.0,6936500000.0,2723500000.0,4213000000.0,17409055485.0,-25100000.0,-320700000.0,-511700000.0,713800000.0,-305300000.0,-76300000.0,-1207800000.0,58600000.0,1285200000.0,1800000.0,871200000.0,871200000.0,871200000.0,-14800000.0,0.0,0.104,1094500000.0,1192300000.0,1535700000.0,0.358,3.191,19.983,19.993,6626400000.0,0.0,80.37,2.078,2.074,2302700000.0,6247600000.0,8376000000.0,8376000000.0,123100000.0,0.074,0.168,0.113,0.154,71200000.0,942800000.0,1.0,216611366.0,216100000,223100000.0,38.76,11144400000.0,0.0,258700000.0,924500000.0,51.571,291400000.0
57,APD,MRT,2007-03-31,2007-03-31,2007-03-31,2021-09-07,-102700000.0,11878000000.0,11462375000.0,2908700000.0,8969300000.0,0.716,24.372,-889800000.0,37300000.0,37300000.0,5983200000.0,796600000.0,1.286,1.217,3313900000.0,609400000.0,2704500000.0,3313900000.0,682700000.0,724000000.0,0.0,0.019,1.4,1216900000.0,1940900000.0,0.237,1940900000.0,1216900000.0,1073700000.0,3.64,3.54,3.64,5276500000.0,5089650000.0,5276500000.0,19094194080.0,16.0,9.838,298100000.0,1.377,1.0,2222300000.0,0.271,1121100000.0,143200000.0,11771200000.0,11101700000.0,530700000.0,796200000.0,0.0,796200000.0,6423100000.0,2262300000.0,4160800000.0,16008494080.0,-32000000.0,175500000.0,-591500000.0,361600000.0,-298900000.0,-508600000.0,-708300000.0,37900000.0,1187900000.0,4500000.0,796600000.0,796600000.0,796600000.0,-9200000.0,0.0,0.097,1090500000.0,1131800000.0,1506600000.0,0.385,3.034,20.096,20.319,6335700000.0,0.0,73.96,1.951,1.951,2113500000.0,6054400000.0,8205500000.0,8205500000.0,129200000.0,0.069,0.157,0.11,0.148,70600000.0,927800000.0,1.0,216448000.0,216500000,223400000.0,37.901,10756900000.0,0.0,277100000.0,919900000.0,49.685,646400000.0
58,APD,MRT,2006-12-31,2006-12-31,2006-12-31,2021-09-07,-127100000.0,11500000000.0,11251000000.0,2650100000.0,8849900000.0,0.723,23.588,-1136800000.0,64500000.0,64500000.0,5975000000.0,773000000.0,1.101,1.213,3150200000.0,814200000.0,2336000000.0,3150200000.0,666500000.0,714300000.0,0.0,0.019,1.36,1178600000.0,1892900000.0,0.233,1892900000.0,1178600000.0,1047400000.0,3.51,3.41,3.51,5111500000.0,5012450000.0,5111500000.0,18060923434.0,15.0,9.541,107200000.0,0.495,1.0,2162000000.0,0.266,1121700000.0,131200000.0,11058000000.0,10850700000.0,536400000.0,765600000.0,0.0,765600000.0,6199700000.0,2406000000.0,3793700000.0,15246323434.0,-7900000.0,60200000.0,-488900000.0,401500000.0,-296500000.0,-371200000.0,-894200000.0,209100000.0,1244000000.0,2500000.0,773000000.0,773000000.0,773000000.0,-5900000.0,0.0,0.095,1056200000.0,1105800000.0,1483900000.0,0.387,2.983,19.724,20.023,6264200000.0,0.0,70.28,1.874,1.872,2049200000.0,5901400000.0,8137000000.0,8137000000.0,134400000.0,0.069,0.154,0.109,0.145,75600000.0,916000000.0,1.0,216936873.0,216700000,223400000.0,37.55,10378300000.0,0.0,274400000.0,899100000.0,47.892,244100000.0
59,APD,MRT,2006-09-30,2006-09-30,2006-09-30,2021-09-07,-221700000.0,11180700000.0,11032225000.0,2612600000.0,8568100000.0,0.715,22.21,-1208700000.0,35200000.0,35200000.0,5817000000.0,723400000.0,1.124,1.235,2849800000.0,569600000.0,2280200000.0,2849800000.0,642000000.0,704700000.0,0.0,0.02,1.34,1103800000.0,1808500000.0,0.229,1808500000.0,1103800000.0,985400000.0,3.26,3.18,3.26,4924000000.0,4911775000.0,4924000000.0,17542869431.0,16.0,9.7,138800000.0,0.626,1.0,2068000000.0,0.262,1096900000.0,118400000.0,10575000000.0,10692125000.0,492300000.0,728300000.0,0.0,728300000.0,6078700000.0,2323400000.0,3755300000.0,14623869431.0,-19300000.0,61700000.0,-379400000.0,243600000.0,-293600000.0,-422600000.0,-946700000.0,214200000.0,1347500000.0,2500000.0,723400000.0,723400000.0,723400000.0,4500000.0,0.0,0.092,1026100000.0,1041900000.0,1647500000.0,0.411,2.97,20.215,20.359,6111700000.0,0.0,66.37,1.855,1.866,1997900000.0,5743500000.0,7885000000.0,7885000000.0,139900000.0,0.066,0.147,0.103,0.14,76200000.0,891500000.0,1.0,220338548.0,221700000,227500000.0,35.566,10083800000.0,0.0,262000000.0,931800000.0,45.484,289200000.0
60,APD,MRT,2006-06-30,2006-06-30,2006-06-30,2021-09-07,-296300000.0,11290800000.0,10839250000.0,2612500000.0,8678300000.0,0.746,22.63,-1275600000.0,60500000.0,60500000.0,5898300000.0,774000000.0,1.267,1.203,2979500000.0,572800000.0,2406700000.0,2979500000.0,847600000.0,724200000.0,0.0,0.021,1.32,1160900000.0,1885100000.0,0.233,1885100000.0,1160900000.0,1053400000.0,3.47,3.4,3.47,5046600000.0,4817150000.0,5046600000.0,17058164146.0,15.0,9.049,-42100000.0,-0.189,1.0,2193000000.0,0.271,1146000000.0,107500000.0,11002600000.0,10530000000.0,581100000.0,736400000.0,0.0,736400000.0,6073000000.0,2061200000.0,4011800000.0,14329264146.0,-21600000.0,-172800000.0,-221900000.0,374300000.0,-289700000.0,-122700000.0,-1195300000.0,206500000.0,1233500000.0,3700000.0,774000000.0,774000000.0,774000000.0,-17300000.0,0.0,0.096,1127500000.0,1065500000.0,1326200000.0,0.38,2.839,18.513,18.421,6284400000.0,0.0,63.92,1.771,1.762,1970900000.0,5688300000.0,8091300000.0,8091300000.0,147000000.0,0.071,0.161,0.11,0.143,62300000.0,1039700000.0,1.0,224174971.0,223000000,229200000.0,36.284,10144800000.0,0.0,279400000.0,919700000.0,45.492,551300000.0
61,APD,MRT,2006-03-31,2006-03-31,2006-03-31,2021-09-07,-351400000.0,11032500000.0,10594000000.0,2563000000.0,8469500000.0,0.748,22.297,-1297100000.0,73900000.0,73900000.0,5786500000.0,754300000.0,1.353,1.174,2802800000.0,453600000.0,2349200000.0,2802800000.0,763900000.0,710700000.0,0.0,0.019,1.3,1126500000.0,1837200000.0,0.232,1837200000.0,1126500000.0,1022500000.0,3.37,3.3,3.37,4967700000.0,4709225000.0,4967700000.0,17495673527.0,16.0,9.523,-117000000.0,-0.525,1.0,2137500000.0,0.27,1100200000.0,104000000.0,10767200000.0,10262650000.0,567800000.0,718200000.0,0.0,718200000.0,5833100000.0,1894000000.0,3939100000.0,14958273527.0,-337000000.0,-179700000.0,-415400000.0,359400000.0,-287100000.0,-333900000.0,-1222000000.0,217500000.0,1180100000.0,-2200000.0,754300000.0,754300000.0,754300000.0,-13500000.0,0.0,0.095,1101100000.0,1036400000.0,1231600000.0,0.386,3.011,19.831,19.938,6155100000.0,0.0,67.19,1.888,1.889,1921300000.0,5553700000.0,7924000000.0,7924000000.0,141200000.0,0.071,0.16,0.11,0.142,48100000.0,1020800000.0,1.0,222626485.0,222800000,228500000.0,35.566,9932300000.0,0.0,268200000.0,1034800000.0,44.579,669000000.0
62,APD,MRT,2005-12-31,2005-12-31,2005-12-31,2021-09-07,-408300000.0,10624900000.0,10512700000.0,2463000000.0,8161900000.0,0.732,21.211,-1005100000.0,70700000.0,70700000.0,5587700000.0,725600000.0,1.424,1.211,2608100000.0,335700000.0,2272400000.0,2608100000.0,850800000.0,702700000.0,0.0,0.022,1.28,1095200000.0,1797900000.0,0.234,1797900000.0,1095200000.0,986700000.0,3.22,3.16,3.22,4708800000.0,4694825000.0,4708800000.0,15590610844.0,14.0,8.672,197300000.0,0.889,1.0,2110100000.0,0.274,1008900000.0,108500000.0,10423700000.0,10056650000.0,552400000.0,679400000.0,0.0,679400000.0,5701300000.0,1729700000.0,3971600000.0,13146510844.0,-202000000.0,-59100000.0,-391700000.0,206100000.0,-281700000.0,-466500000.0,-959600000.0,74700000.0,1202400000.0,-7000000.0,725600000.0,725600000.0,725600000.0,-6000000.0,0.0,0.094,1104100000.0,1006000000.0,1285900000.0,0.398,2.792,18.118,18.382,5989000000.0,0.0,59.19,1.708,1.707,1839900000.0,5426400000.0,7697800000.0,7697800000.0,136800000.0,0.069,0.155,0.109,0.142,31600000.0,1006200000.0,1.0,222106958.0,222000000,227100000.0,34.675,9616000000.0,0.0,261100000.0,956500000.0,43.315,733300000.0
63,APD,MRT,2005-09-30,2005-09-30,2005-09-30,2021-09-07,-433200000.0,10408800000.0,10519825000.0,2414700000.0,7994100000.0,0.729,20.14,-917200000.0,55800000.0,55800000.0,5571500000.0,711700000.0,1.243,1.243,2493700000.0,447000000.0,2046700000.0,2493700000.0,821600000.0,699600000.0,0.0,0.023,1.25,1080600000.0,1780200000.0,0.232,1780200000.0,1080600000.0,970600000.0,3.15,3.08,3.15,4545500000.0,4702825000.0,4545500000.0,14657093785.0,14.0,8.233,386600000.0,1.713,1.0,2101500000.0,0.274,977000000.0,110000000.0,9926500000.0,9980400000.0,453500000.0,663700000.0,0.0,663700000.0,5652200000.0,1943200000.0,3709000000.0,12224293785.0,-90500000.0,-107700000.0,-362500000.0,168900000.0,-276200000.0,-469800000.0,-961200000.0,59700000.0,1303800000.0,-200000.0,711700000.0,711700000.0,711700000.0,-7100000.0,0.0,0.093,1110700000.0,990800000.0,1352600000.0,0.397,2.689,17.176,17.505,5777700000.0,0.0,55.14,1.593,1.622,1804700000.0,5317200000.0,7673000000.0,7673000000.0,132300000.0,0.068,0.151,0.108,0.141,18000000.0,1008100000.0,1.0,221695571.0,225700000,231400000.0,33.996,9431800000.0,0.0,258900000.0,952700000.0,41.789,471500000.0
64,APD,MRT,2005-06-30,2005-06-30,2005-06-30,2021-09-07,-379000000.0,10309800000.0,10427725000.0,2422500000.0,7887300000.0,0.736,20.357,-876800000.0,82100000.0,82100000.0,5582700000.0,700800000.0,1.338,1.195,2514900000.0,453600000.0,2061300000.0,2514900000.0,806900000.0,711400000.0,0.0,0.02,1.22,1069100000.0,1780500000.0,0.232,1780500000.0,1069100000.0,957400000.0,3.1,3.02,3.1,4614900000.0,4677450000.0,4614900000.0,15925933092.0,15.0,8.945,457100000.0,2.016,1.0,2088000000.0,0.272,999400000.0,111700000.0,9933200000.0,9911350000.0,516700000.0,661300000.0,0.0,661300000.0,5515800000.0,1810000000.0,3705800000.0,13825333092.0,-7400000.0,-102600000.0,-215700000.0,68600000.0,-269900000.0,-417000000.0,-895200000.0,81200000.0,1333900000.0,-8600000.0,700800000.0,700800000.0,700800000.0,4300000.0,0.0,0.091,1090900000.0,997100000.0,1222400000.0,0.394,2.996,19.728,19.452,5796700000.0,0.0,60.3,1.802,1.782,1569100000.0,5216100000.0,7670700000.0,7670700000.0,132500000.0,0.067,0.15,0.108,0.139,16800000.0,1001800000.0,1.0,229275839.0,226700000,232400000.0,33.836,9310400000.0,0.0,256600000.0,971600000.0,41.069,612500000.0
65,APD,MRT,2005-03-31,2005-03-31,2005-03-31,2021-09-07,-331800000.0,10707300000.0,10332775000.0,2771200000.0,7936100000.0,0.724,21.526,-786500000.0,410900000.0,410900000.0,5439300000.0,673200000.0,1.502,1.143,2511500000.0,396500000.0,2115000000.0,2511500000.0,864400000.0,702800000.0,0.0,0.019,1.19,1044200000.0,1747000000.0,0.233,1747000000.0,1044200000.0,928900000.0,2.99,2.91,2.99,4910100000.0,4585125000.0,4910100000.0,16697217483.0,16.0,9.558,599100000.0,2.626,1.0,2045500000.0,0.273,1019300000.0,115300000.0,9943200000.0,9860525000.0,525400000.0,672800000.0,0.0,672800000.0,5611100000.0,1845400000.0,3765700000.0,14404717483.0,268600000.0,-118000000.0,170300000.0,-186500000.0,-248000000.0,-264200000.0,-832800000.0,70900000.0,1385600000.0,500000.0,673200000.0,673200000.0,673200000.0,4300000.0,0.0,0.09,1077500000.0,968000000.0,1321300000.0,0.398,2.934,21.397,21.167,5846000000.0,0.0,63.29,1.925,1.929,1557800000.0,5096900000.0,7484800000.0,7484800000.0,130300000.0,0.065,0.147,0.106,0.14,13800000.0,984400000.0,1.0,227598633.0,228100000,234300000.0,32.814,9688000000.0,0.0,255700000.0,913900000.0,42.473,925800000.0
66,APD,MRT,2004-12-31,2004-12-31,2004-12-31,2021-09-07,-301100000.0,10653400000.0,10146575000.0,2611000000.0,8042400000.0,0.723,20.94,-750300000.0,272700000.0,272700000.0,5340000000.0,639100000.0,1.447,1.208,2565200000.0,323800000.0,2241400000.0,2565200000.0,894400000.0,702300000.0,0.0,0.019,1.1,999700000.0,1702000000.0,0.232,1702000000.0,999700000.0,881900000.0,2.85,2.78,2.85,4740800000.0,4392850000.0,4740800000.0,15424553570.0,15.0,9.063,486800000.0,2.15,1.0,1998000000.0,0.272,1022300000.0,117800000.0,10118700000.0,9793200000.0,519300000.0,672100000.0,0.0,672100000.0,5728800000.0,1804900000.0,3923900000.0,13177153570.0,179800000.0,-123900000.0,134100000.0,-111400000.0,-233500000.0,-210800000.0,-832300000.0,41100000.0,1237100000.0,6300000.0,639100000.0,639100000.0,639100000.0,4300000.0,0.0,0.087,1072100000.0,925900000.0,1345500000.0,0.386,2.78,20.618,20.34,5917600000.0,0.0,57.97,1.796,1.789,1539100000.0,4989200000.0,7338000000.0,7338000000.0,129200000.0,0.063,0.145,0.102,0.136,10500000.0,977600000.0,1.0,227309877.0,226400000,232300000.0,32.412,9631100000.0,0.0,242800000.0,923700000.0,42.54,806100000.0
67,APD,MRT,2004-09-30,2004-09-30,2004-09-30,2021-09-07,-440700000.0,10040400000.0,9929875000.0,2416900000.0,7623500000.0,0.708,19.857,-686500000.0,146300000.0,146300000.0,5094700000.0,604100000.0,1.417,1.221,2393700000.0,280100000.0,2113600000.0,2393700000.0,820300000.0,697300000.0,0.0,0.019,1.04,954200000.0,1651500000.0,0.235,1651500000.0,954200000.0,833300000.0,2.7,2.64,2.7,4444000000.0,4203275000.0,4444000000.0,14730432271.0,15.0,8.919,401000000.0,1.792,1.0,1937200000.0,0.275,931900000.0,120900000.0,9650300000.0,9749300000.0,505900000.0,629800000.0,0.0,629800000.0,5427500000.0,1705600000.0,3721900000.0,12360132271.0,70100000.0,-103400000.0,146000000.0,-183900000.0,-218900000.0,-256800000.0,-743800000.0,46100000.0,1087500000.0,3700000.0,604100000.0,604100000.0,604100000.0,4300000.0,0.0,0.086,1050800000.0,886400000.0,1319600000.0,0.385,2.781,20.46,20.141,5702200000.0,0.0,54.38,1.758,1.731,1764700000.0,4887100000.0,7031900000.0,7031900000.0,126100000.0,0.061,0.144,0.098,0.136,6900000.0,956200000.0,1.0,227291877.0,223800000,228900000.0,31.42,9108500000.0,0.0,229200000.0,893900000.0,40.699,711300000.0
68,APD,MRT,2004-06-30,2004-06-30,2004-06-30,2021-09-07,-516300000.0,9930000000.0,9788150000.0,2337800000.0,7592200000.0,0.723,18.911,-667700000.0,89500000.0,89500000.0,5187100000.0,567300000.0,1.405,1.301,2459800000.0,331700000.0,2128100000.0,2459800000.0,953600000.0,701700000.0,0.0,0.019,0.98,906600000.0,1608300000.0,0.227,1608300000.0,906600000.0,783200000.0,2.55,2.5,2.55,4245600000.0,4037900000.0,4245600000.0,14433358949.0,16.0,8.974,333900000.0,1.487,1.0,1889100000.0,0.267,906400000.0,123400000.0,9729900000.0,9710950000.0,522100000.0,608200000.0,0.0,608200000.0,5522000000.0,1664000000.0,3858000000.0,11921458949.0,-51800000.0,-376200000.0,151600000.0,5200000.0,-204300000.0,-47500000.0,-1021700000.0,21500000.0,1001600000.0,15800000.0,567300000.0,567300000.0,567300000.0,0.0,0.0,0.08,1059600000.0,829500000.0,1324800000.0,0.384,2.808,21.014,20.569,5680000000.0,0.0,52.45,1.685,1.664,1497400000.0,4784600000.0,7076200000.0,7076200000.0,123100000.0,0.058,0.14,0.093,0.128,0.0,956200000.0,1.0,227291877.0,224500000,229400000.0,31.52,9023600000.0,0.0,215900000.0,783800000.0,40.194,673800000.0
69,APD,MRT,2004-03-31,2004-03-31,2004-03-31,2021-09-07,-490000000.0,9962500000.0,9542875000.0,2325500000.0,7637000000.0,0.714,18.511,-646500000.0,142300000.0,142300000.0,5003600000.0,430900000.0,1.224,1.361,2654200000.0,652700000.0,2001500000.0,2654200000.0,994900000.0,693400000.0,0.0,0.018,0.92,706900000.0,1400300000.0,0.206,1400300000.0,706900000.0,580500000.0,1.94,1.91,1.94,4141000000.0,3919300000.0,4141000000.0,13870566604.0,20.0,9.905,321400000.0,1.437,1.0,1810000000.0,0.266,900900000.0,126400000.0,9673900000.0,9628050000.0,528900000.0,601800000.0,0.0,601800000.0,5635500000.0,1899600000.0,3735900000.0,11391066604.0,68900000.0,-345400000.0,141300000.0,62800000.0,-198900000.0,5200000.0,-920100000.0,71400000.0,967900000.0,15900000.0,430900000.0,430900000.0,430900000.0,0.0,0.0,0.063,1176900000.0,633100000.0,1173800000.0,0.474,2.751,26.436,25.835,5715800000.0,0.0,50.12,1.672,1.646,1389300000.0,4686700000.0,6813600000.0,6813600000.0,122000000.0,0.045,0.11,0.073,0.104,0.0,924500000.0,1.0,227275870.0,223700000,228800000.0,30.459,9061600000.0,0.0,149600000.0,812600000.0,40.508,425900000.0
70,APD,MRT,2003-12-31,2003-12-31,2003-12-31,2021-09-07,-511800000.0,9786600000.0,9262450000.0,2214700000.0,7571900000.0,0.706,17.947,-598300000.0,92900000.0,92900000.0,4810300000.0,403300000.0,1.536,1.408,2572400000.0,198700000.0,2373700000.0,2572400000.0,1079400000.0,673200000.0,0.0,0.017,0.9,669400000.0,1342600000.0,0.205,1342600000.0,669400000.0,546700000.0,1.83,1.8,1.83,3982500000.0,3805275000.0,3982500000.0,14440955912.0,22.0,10.756,380200000.0,1.713,1.0,1724900000.0,0.264,881600000.0,122700000.0,9943100000.0,9526775000.0,502400000.0,585000000.0,0.0,585000000.0,5608300000.0,1441400000.0,4166900000.0,12006455912.0,-11900000.0,-380200000.0,119500000.0,-50600000.0,-193600000.0,-124700000.0,-880500000.0,100500000.0,978500000.0,14800000.0,403300000.0,403300000.0,403300000.0,0.0,0.0,0.062,1125600000.0,599300000.0,1146200000.0,0.492,3.015,29.771,28.869,5721100000.0,0.0,52.83,1.837,1.794,1305500000.0,4597100000.0,6535200000.0,6535200000.0,121100000.0,0.044,0.106,0.07,0.102,0.0,880700000.0,1.0,227265870.0,221900000,227000000.0,29.451,8905000000.0,0.0,143400000.0,810300000.0,40.131,773300000.0
71,APD,MRT,2003-09-30,2003-09-30,2003-09-30,2021-09-07,-567200000.0,9473500000.0,8984775000.0,2109500000.0,7364000000.0,0.701,17.217,-612900000.0,76200000.0,76200000.0,4613100000.0,397300000.0,1.334,1.455,2510700000.0,342100000.0,2168600000.0,2510700000.0,1005900000.0,654800000.0,0.0,0.02,0.88,668000000.0,1322800000.0,0.21,1322800000.0,668000000.0,544500000.0,1.81,1.78,1.81,3782500000.0,3710125000.0,3782500000.0,12476600537.0,19.0,9.432,423100000.0,1.926,1.0,1684200000.0,0.267,829900000.0,123500000.0,9496900000.0,9324675000.0,483100000.0,553500000.0,0.0,553500000.0,5502900000.0,1581200000.0,3921700000.0,10249600537.0,-177500000.0,-535700000.0,76500000.0,-70600000.0,-188600000.0,-182700000.0,-1046600000.0,102100000.0,1036000000.0,15800000.0,397300000.0,397300000.0,397300000.0,0.0,0.0,0.063,1089700000.0,594500000.0,1123500000.0,0.486,2.71,25.798,24.917,5637100000.0,0.0,45.1,1.628,1.573,1271300000.0,4516600000.0,6297300000.0,6297300000.0,121100000.0,0.044,0.107,0.072,0.106,0.0,842600000.0,1.0,227263870.0,219700000,223600000.0,28.663,8643600000.0,0.0,147200000.0,862800000.0,39.343,528300000.0
72,APD,MRT,2003-06-30,2003-06-30,2003-06-30,2021-09-07,-444900000.0,8948900000.0,8740150000.0,2018400000.0,6930500000.0,0.693,17.165,-607800000.0,141300000.0,141300000.0,4373700000.0,410300000.0,1.729,1.326,2368300000.0,217600000.0,2150700000.0,2368300000.0,914200000.0,644300000.0,0.0,0.021,0.86,694500000.0,1338800000.0,0.221,1338800000.0,694500000.0,573000000.0,1.87,1.85,1.87,3771200000.0,3629600000.0,3771200000.0,11805093792.0,17.0,8.818,461900000.0,2.102,1.0,1679300000.0,0.277,610200000.0,121500000.0,9398300000.0,9167475000.0,437900000.0,550700000.0,0.0,550700000.0,4998800000.0,1167400000.0,3831400000.0,9454093792.0,-44500000.0,-348800000.0,50200000.0,-131300000.0,-183800000.0,-264900000.0,-859200000.0,108700000.0,1069700000.0,9900000.0,410300000.0,410300000.0,410300000.0,0.0,0.0,0.068,1064700000.0,614600000.0,913900000.0,0.46,2.507,23.042,22.246,5443400000.0,0.0,41.6,1.562,1.51,1201400000.0,4440700000.0,6053000000.0,6053000000.0,121000000.0,0.047,0.113,0.076,0.115,0.0,798700000.0,1.0,227261870.0,219700000,223300000.0,27.551,8338700000.0,0.0,162700000.0,802400000.0,37.955,851000000.0
73,APD,MRT,2003-03-31,2003-03-31,2003-03-31,2021-09-07,-524900000.0,8840800000.0,8562050000.0,1923100000.0,6917700000.0,0.677,16.811,-600400000.0,73400000.0,73400000.0,4145600000.0,525000000.0,1.442,1.352,2424400000.0,395900000.0,2028500000.0,2424400000.0,887300000.0,627800000.0,0.0,0.02,0.84,867700000.0,1495500000.0,0.258,1495500000.0,867700000.0,751200000.0,2.4,2.36,2.4,3684900000.0,3567725000.0,3684900000.0,11711970487.0,13.0,7.831,426500000.0,1.946,1.0,1651500000.0,0.285,589100000.0,116500000.0,9268800000.0,9010975000.0,431600000.0,519800000.0,0.0,519800000.0,4981200000.0,1333900000.0,3647300000.0,9413970487.0,-24400000.0,-357200000.0,52900000.0,-28400000.0,-181300000.0,-156800000.0,-908900000.0,65100000.0,1026900000.0,14400000.0,525000000.0,525000000.0,525000000.0,0.0,0.0,0.091,859100000.0,792400000.0,543700000.0,0.35,2.555,17.931,17.262,5489100000.0,0.0,41.43,1.624,1.567,1211000000.0,4460100000.0,5797100000.0,5797100000.0,122900000.0,0.061,0.147,0.096,0.15,0.0,759600000.0,1.0,227225935.0,219200000,222500000.0,26.447,8251700000.0,0.0,226200000.0,832000000.0,37.645,589200000.0
74,APD,MRT,2002-12-31,2002-12-31,2002-12-31,2021-09-07,-524200000.0,8675900000.0,8319550000.0,1834500000.0,6841400000.0,0.665,16.152,-616500000.0,104800000.0,104800000.0,3911600000.0,537500000.0,1.431,1.355,2402800000.0,375500000.0,2027300000.0,2402800000.0,866300000.0,607800000.0,0.0,0.019,0.83,903500000.0,1511300000.0,0.273,1511300000.0,903500000.0,784600000.0,2.46,2.42,2.46,3601900000.0,3470675000.0,3601900000.0,11844928837.0,13.0,7.838,436800000.0,1.959,1.0,1620100000.0,0.293,557000000.0,118900000.0,9134700000.0,8828275000.0,430700000.0,499700000.0,0.0,499700000.0,4881200000.0,1282200000.0,3599000000.0,9713628837.0,36500000.0,-316700000.0,102600000.0,-309800000.0,-178400000.0,-385600000.0,-640200000.0,285600000.0,1053300000.0,9000000.0,537500000.0,537500000.0,537500000.0,0.0,0.0,0.097,849200000.0,770900000.0,487300000.0,0.337,2.697,18.072,17.378,5478600000.0,0.0,42.75,1.756,1.723,1085400000.0,4392600000.0,5531700000.0,5531700000.0,119900000.0,0.065,0.155,0.102,0.163,0.0,742100000.0,1.0,227219388.0,223000000,218800000.0,24.806,8118900000.0,0.0,247100000.0,822100000.0,36.408,552300000.0
75,APD,MRT,2002-09-30,2002-09-30,2002-09-30,2021-09-07,-566900000.0,8495000000.0,8160300000.0,1909300000.0,6585700000.0,0.662,15.932,-627600000.0,253700000.0,253700000.0,3815700000.0,525400000.0,1.52,1.402,2385000000.0,344000000.0,2041000000.0,2385000000.0,827400000.0,591100000.0,0.0,0.02,0.82,888500000.0,1479600000.0,0.274,1479600000.0,888500000.0,766200000.0,2.42,2.36,2.42,3460400000.0,3362850000.0,3460400000.0,11573686490.0,13.0,7.822,436300000.0,2.009,1.0,1585500000.0,0.294,502000000.0,122300000.0,8868100000.0,8731375000.0,392600000.0,484200000.0,0.0,484200000.0,4850200000.0,1256200000.0,3594000000.0,9545486490.0,187500000.0,-154000000.0,103800000.0,-313200000.0,-175600000.0,-385000000.0,-493600000.0,292900000.0,1063900000.0,2200000.0,525400000.0,525400000.0,525400000.0,0.0,0.0,0.097,824400000.0,761100000.0,839300000.0,0.339,2.758,18.168,17.36,5377800000.0,0.0,42.01,1.767,1.689,1049000000.0,4312800000.0,5401200000.0,5401200000.0,120300000.0,0.064,0.156,0.102,0.165,0.0,718100000.0,1.0,227219388.0,217200000,222700000.0,24.867,7993000000.0,0.0,240800000.0,798500000.0,36.8,653100000.0
76,APD,MRT,2002-06-30,2002-06-30,2002-06-30,2021-09-07,-392000000.0,8236500000.0,8057575000.0,1781000000.0,6455500000.0,0.67,15.682,-658000000.0,185800000.0,185800000.0,3832600000.0,484200000.0,1.604,1.302,2214000000.0,206600000.0,2007400000.0,2214000000.0,689200000.0,563300000.0,0.0,0.016,0.81,839000000.0,1402300000.0,0.26,1402300000.0,839000000.0,701600000.0,2.24,2.19,2.24,3523700000.0,3274200000.0,3523700000.0,13451554992.0,16.0,9.592,462300000.0,2.057,1.0,1567200000.0,0.29,381900000.0,137400000.0,8772300000.0,8703975000.0,366400000.0,568500000.0,0.0,568500000.0,4586300000.0,1110500000.0,3475800000.0,11466954992.0,69700000.0,-115200000.0,93700000.0,-948700000.0,-172800000.0,-1027800000.0,-27600000.0,738300000.0,1120300000.0,4800000.0,484200000.0,484200000.0,484200000.0,0.0,0.0,0.09,874800000.0,692400000.0,486700000.0,0.362,3.254,23.682,22.531,5148300000.0,0.0,50.47,2.124,2.1,1018100000.0,4214500000.0,5399800000.0,5399800000.0,121900000.0,0.06,0.148,0.096,0.155,0.0,693700000.0,1.0,227203388.0,224700000,218000000.0,24.031,7854600000.0,0.0,217400000.0,843900000.0,34.956,670500000.0
77,APD,MRT,2002-03-31,2002-03-31,2002-03-31,2021-09-07,-498100000.0,7870800000.0,8053150000.0,1631300000.0,6239500000.0,0.68,14.79,-727300000.0,97800000.0,97800000.0,3895200000.0,475200000.0,1.674,1.351,2082400000.0,113500000.0,1968900000.0,2082400000.0,718900000.0,557000000.0,0.0,0.015,0.8,844400000.0,1401400000.0,0.256,1401400000.0,844400000.0,685800000.0,2.21,2.16,2.21,3296700000.0,3148000000.0,3296700000.0,14071354990.0,17.0,10.041,453900000.0,2.036,1.0,1581500000.0,0.289,343100000.0,158600000.0,8538000000.0,8780175000.0,364400000.0,530600000.0,0.0,530600000.0,4453200000.0,974300000.0,3478900000.0,11735054990.0,-2800000.0,-106800000.0,98400000.0,-1024100000.0,-169900000.0,-1095600000.0,-82900000.0,732600000.0,1181200000.0,-5500000.0,475200000.0,475200000.0,475200000.0,0.0,0.0,0.087,888800000.0,692700000.0,460300000.0,0.362,3.56,24.695,23.371,4996900000.0,0.0,51.65,2.143,2.102,962500000.0,4118900000.0,5476700000.0,5476700000.0,121000000.0,0.059,0.151,0.096,0.154,0.0,694100000.0,1.0,227203388.0,222900000,216600000.0,24.57,7527700000.0,0.0,210600000.0,868600000.0,33.772,657000000.0
78,APD,MRT,2001-12-31,2001-12-31,2001-12-31,2021-09-07,-476400000.0,8038900000.0,8156575000.0,1628600000.0,6410300000.0,0.699,14.373,-748300000.0,68300000.0,68300000.0,4093900000.0,443700000.0,1.306,1.497,2404600000.0,415100000.0,1989500000.0,2404600000.0,714800000.0,563900000.0,0.0,0.017,0.79,799200000.0,1363100000.0,0.239,1363100000.0,799200000.0,621300000.0,2.07,2.02,2.07,3170600000.0,3046275000.0,3170600000.0,13069467949.0,16.0,9.588,325600000.0,1.476,1.0,1604600000.0,0.282,380700000.0,177900000.0,8747100000.0,8910600000.0,404200000.0,516900000.0,0.0,516900000.0,4747400000.0,1247400000.0,3500000000.0,10657967949.0,-17000000.0,-101500000.0,7100000.0,-588800000.0,-167600000.0,-749300000.0,-345200000.0,494900000.0,1073900000.0,3600000.0,443700000.0,443700000.0,443700000.0,0.0,0.0,0.078,902500000.0,702100000.0,463600000.0,0.382,3.361,24.021,22.662,5114700000.0,0.0,46.91,1.87,1.816,948700000.0,4036400000.0,5698500000.0,5698500000.0,123700000.0,0.054,0.146,0.09,0.14,0.0,694500000.0,1.0,227200340.0,220600000,215700000.0,25.832,7658200000.0,0.0,177600000.0,863300000.0,34.715,381200000.0
79,APD,MRT,2001-09-30,2001-09-30,2001-09-30,2021-09-07,-452500000.0,8084100000.0,8222175000.0,1684800000.0,6399300000.0,0.712,14.459,-708300000.0,66200000.0,66200000.0,4216400000.0,465600000.0,1.246,1.565,2477700000.0,450200000.0,2027500000.0,2477700000.0,702000000.0,573000000.0,0.0,0.02,0.78,847300000.0,1420300000.0,0.242,1420300000.0,847300000.0,656100000.0,2.17,2.12,2.17,3105800000.0,2980850000.0,3105800000.0,11569011617.0,14.0,8.145,375700000.0,1.749,1.0,1641400000.0,0.28,384700000.0,191200000.0,8758500000.0,9015875000.0,410500000.0,499500000.0,0.0,499500000.0,4860300000.0,1352400000.0,3507900000.0,8770211617.0,-27900000.0,-97500000.0,-100000.0,-667600000.0,-165200000.0,-832900000.0,-277700000.0,497000000.0,1084000000.0,-1300000.0,465600000.0,465600000.0,465600000.0,0.0,0.0,0.079,896000000.0,745400000.0,512200000.0,0.359,2.824,18.836,17.779,5118500000.0,0.0,38.58,1.497,1.415,981300000.0,3965900000.0,5857800000.0,5857800000.0,121800000.0,0.057,0.156,0.094,0.145,0.0,698700000.0,1.0,227325340.0,214800000,219300000.0,27.271,7699400000.0,0.0,190500000.0,826800000.0,35.845,332400000.0
80,APD,MRT,2001-06-30,2001-06-30,2001-06-30,2021-09-07,-480800000.0,8218800000.0,8268775000.0,1780100000.0,6438700000.0,0.731,14.048,-691600000.0,116100000.0,116100000.0,4411500000.0,581000000.0,1.489,1.683,2914900000.0,372300000.0,2542600000.0,2914900000.0,510100000.0,582600000.0,0.0,0.017,0.77,1042700000.0,1625300000.0,0.269,1625300000.0,1042700000.0,839600000.0,2.71,2.66,2.71,3018900000.0,2909725000.0,3018900000.0,13354480355.0,13.0,8.217,293500000.0,1.366,1.0,1631800000.0,0.27,744600000.0,203100000.0,9077100000.0,9102350000.0,414800000.0,511900000.0,0.0,511900000.0,5081800000.0,1195900000.0,3885900000.0,10428380355.0,2800000.0,-18300000.0,17600000.0,-541700000.0,-162700000.0,-692400000.0,-294600000.0,382200000.0,985100000.0,4700000.0,581000000.0,581000000.0,581000000.0,0.0,0.0,0.096,795400000.0,836400000.0,533500000.0,0.284,3.454,17.949,16.882,5182200000.0,0.0,45.75,1.726,1.627,1038600000.0,3905800000.0,6043300000.0,6043300000.0,122400000.0,0.07,0.2,0.115,0.173,0.0,713800000.0,1.0,227942740.0,214900000,214900000.0,28.121,7474200000.0,0.0,258600000.0,836300000.0,34.78,584200000.0
81,APD,MRT,2001-03-31,2001-03-31,2001-03-31,2021-09-07,-484100000.0,8284500000.0,8355775000.0,1904900000.0,6379600000.0,0.717,13.472,-691400000.0,100600000.0,100600000.0,4365900000.0,256200000.0,1.321,1.826,3026700000.0,511100000.0,2515600000.0,3026700000.0,534300000.0,591100000.0,0.0,0.02,0.76,530700000.0,1121800000.0,0.187,1121800000.0,530700000.0,323400000.0,1.19,1.16,1.19,2889800000.0,2815925000.0,2889800000.0,11675158214.0,22.0,10.408,360900000.0,1.683,1.0,1628400000.0,0.272,709100000.0,207300000.0,9059700000.0,9341025000.0,405700000.0,493800000.0,0.0,493800000.0,5277300000.0,1441800000.0,3835500000.0,8796658214.0,7900000.0,-683100000.0,-8000000.0,79700000.0,-160400000.0,-90500000.0,-952100000.0,384000000.0,1052300000.0,-1800000.0,256200000.0,256200000.0,256200000.0,0.0,0.0,0.043,821000000.0,807400000.0,577000000.0,0.639,3.044,34.335,32.269,5176700000.0,0.0,38.4,1.468,1.374,1158300000.0,3816700000.0,5994300000.0,5994300000.0,123700000.0,0.031,0.091,0.057,0.089,0.0,730000000.0,1.0,229079641.0,214500000,214500000.0,27.945,7575400000.0,0.0,67200000.0,802700000.0,35.317,463100000.0
82,APD,MRT,2000-12-31,2000-12-31,2000-12-31,2021-09-07,-424800000.0,8301300000.0,8427225000.0,1832700000.0,6468600000.0,0.69,13.568,-711300000.0,85300000.0,85300000.0,4150500000.0,209200000.0,1.426,1.813,2963800000.0,308500000.0,2655300000.0,2963800000.0,569000000.0,592400000.0,0.0,0.018,0.75,451900000.0,1044300000.0,0.18,1044300000.0,451900000.0,248100000.0,0.97,0.95,0.97,2908900000.0,2824300000.0,2908900000.0,12352412831.0,27.0,11.828,497800000.0,2.322,1.0,1663600000.0,0.286,726200000.0,203800000.0,9168200000.0,9450675000.0,401500000.0,491000000.0,0.0,491000000.0,5274900000.0,1285400000.0,3989500000.0,9401512831.0,5800000.0,-680000000.0,20100000.0,-83100000.0,-158000000.0,-221300000.0,-981100000.0,384300000.0,1209100000.0,-900000.0,209200000.0,209200000.0,209200000.0,0.0,0.0,0.036,801500000.0,862100000.0,581400000.0,0.773,3.232,44.94,42.268,5251400000.0,0.0,41.0,1.617,1.512,1159400000.0,3762700000.0,5814100000.0,5814100000.0,122800000.0,0.025,0.074,0.048,0.078,0.0,720400000.0,1.0,229305191.0,214400000,214400000.0,27.118,7575100000.0,0.0,38900000.0,819400000.0,35.332,547300000.0
83,APD,MRT,2000-09-30,2000-09-30,2000-09-30,2021-09-07,-407800000.0,8270500000.0,8480625000.0,1805000000.0,6465500000.0,0.661,13.221,-767700000.0,94100000.0,94100000.0,3968000000.0,124200000.0,1.313,1.891,3045000000.0,429200000.0,2615800000.0,3045000000.0,561300000.0,575700000.0,0.0,0.021,0.74,307200000.0,882900000.0,0.157,882900000.0,307200000.0,110500000.0,0.58,0.57,0.58,2821300000.0,2829400000.0,2821300000.0,11730886876.0,38.0,13.287,406300000.0,1.904,1.0,1641500000.0,0.293,742200000.0,196700000.0,9104400000.0,9407600000.0,388800000.0,466600000.0,0.0,466600000.0,5333700000.0,1374800000.0,3958900000.0,8254986876.0,32500000.0,-841800000.0,15000000.0,220800000.0,-155700000.0,80100000.0,-1227600000.0,381800000.0,1174000000.0,6000000.0,124200000.0,124200000.0,124200000.0,0.0,0.0,0.022,810700000.0,830800000.0,578400000.0,1.276,2.926,66.465,62.069,5256700000.0,0.0,36.0,1.472,1.37,1076100000.0,3667900000.0,5609500000.0,5609500000.0,124400000.0,0.015,0.044,0.033,0.055,0.0,714700000.0,1.0,229305191.0,213400000,216200000.0,26.286,7528300000.0,0.0,-13700000.0,791800000.0,35.278,430200000.0
84,APD,MRT,2000-06-30,2000-06-30,2000-06-30,2021-09-07,-391600000.0,8566800000.0,8471875000.0,1948500000.0,6618300000.0,0.624,12.388,-803300000.0,113300000.0,113300000.0,3673700000.0,28300000.0,1.157,2.194,3589200000.0,789000000.0,2800200000.0,3589200000.0,565900000.0,567100000.0,0.0,0.024,0.73,142100000.0,709200000.0,0.134,709200000.0,142100000.0,-37900000.0,0.13,0.12,0.13,2643700000.0,2864475000.0,2643700000.0,10035092935.0,71.0,14.15,372200000.0,1.744,1.0,1615500000.0,0.305,326800000.0,180000000.0,10031800000.0,9236375000.0,445400000.0,531700000.0,0.0,531700000.0,5801100000.0,1684100000.0,4117000000.0,7064892935.0,33000000.0,-895600000.0,46600000.0,673200000.0,-153500000.0,527700000.0,-1674300000.0,37200000.0,1175500000.0,4100000.0,28300000.0,28300000.0,28300000.0,0.0,0.0,0.005,828700000.0,786800000.0,557300000.0,5.615,2.672,249.643,237.0,5413600000.0,0.0,30.81,1.336,1.243,1039900000.0,3490100000.0,5289200000.0,5289200000.0,125000000.0,0.003,0.01,0.015,0.027,0.0,703700000.0,1.0,229305191.0,213400000,213400000.0,24.785,8240000000.0,0.0,-66200000.0,763400000.0,38.613,264400000.0
85,APD,MRT,2000-03-31,2000-03-31,2000-03-31,2021-09-07,-340400000.0,8570300000.0,8333200000.0,1894700000.0,6675600000.0,0.615,13.705,-816600000.0,92600000.0,92600000.0,3551000000.0,315400000.0,1.108,1.891,3062800000.0,555900000.0,2506900000.0,3062800000.0,566800000.0,542200000.0,0.0,0.025,0.72,597600000.0,1139800000.0,0.222,1139800000.0,597600000.0,431200000.0,1.48,1.46,1.48,2923300000.0,2911625000.0,2923300000.0,9536939632.0,16.0,8.367,224200000.0,1.051,1.0,1577000000.0,0.308,332600000.0,166400000.0,9498300000.0,8971125000.0,429700000.0,552200000.0,0.0,552200000.0,5527500000.0,1709600000.0,3817900000.0,6521439632.0,7200000.0,-318100000.0,46600000.0,202100000.0,-151100000.0,79800000.0,-1121000000.0,44300000.0,1040800000.0,7600000.0,315400000.0,315400000.0,315400000.0,0.0,0.0,0.062,808900000.0,768100000.0,538300000.0,0.486,2.231,20.677,19.216,5370600000.0,0.0,28.44,1.272,1.183,991100000.0,3723200000.0,5128000000.0,5128000000.0,122100000.0,0.038,0.108,0.067,0.117,0.0,686800000.0,1.0,229305191.0,213300000,213300000.0,24.041,8237700000.0,0.0,115800000.0,793500000.0,38.62,185100000.0
86,APD,MRT,1999-12-31,1999-12-31,1999-12-31,2021-09-07,-323200000.0,8514900000.0,8139025000.0,1863100000.0,6651800000.0,0.618,13.74,-893800000.0,79500000.0,79500000.0,3502900000.0,374700000.0,0.849,1.863,3095000000.0,1084700000.0,2010300000.0,3095000000.0,505800000.0,531100000.0,0.0,0.021,0.71,687300000.0,1218400000.0,0.242,1218400000.0,687300000.0,527300000.0,1.77,1.74,1.77,2929300000.0,2874800000.0,2929300000.0,10476069491.0,15.0,8.598,170800000.0,0.801,1.0,1528600000.0,0.304,339000000.0,160000000.0,8995900000.0,8783050000.0,430500000.0,531400000.0,0.0,531400000.0,5457300000.0,2195500000.0,3261800000.0,7695469491.0,21700000.0,-345000000.0,46600000.0,284300000.0,-148600000.0,175000000.0,-1218300000.0,44400000.0,1064600000.0,400000.0,374700000.0,374700000.0,374700000.0,0.0,0.0,0.074,796700000.0,731900000.0,554800000.0,0.401,2.627,20.538,18.96,5326000000.0,0.0,33.56,1.529,1.422,1017400000.0,3714000000.0,5031500000.0,5031500000.0,121500000.0,0.046,0.13,0.078,0.137,0.0,675200000.0,1.0,229304812.0,213200000,215500000.0,23.6,8175900000.0,0.0,152600000.0,807200000.0,38.348,-332400000.0
87,APD,MRT,1999-09-30,1999-09-30,1999-09-30,2021-09-07,-274400000.0,8235500000.0,7940025000.0,1782400000.0,6453100000.0,0.635,13.957,-888900000.0,61600000.0,61600000.0,3501400000.0,450500000.0,0.959,1.738,2842200000.0,880600000.0,1961600000.0,2842200000.0,596100000.0,527200000.0,0.0,0.024,0.7,813000000.0,1340200000.0,0.266,1340200000.0,813000000.0,653900000.0,2.12,2.09,2.12,2961600000.0,2835600000.0,2961600000.0,9461565751.0,12.0,7.06,200000000.0,0.943,1.0,1538400000.0,0.305,738800000.0,159100000.0,8419500000.0,8691150000.0,424900000.0,521400000.0,0.0,521400000.0,5146600000.0,1857800000.0,3288800000.0,6707165751.0,100000.0,-221300000.0,22000000.0,94100000.0,-146200000.0,-30100000.0,-1060100000.0,45600000.0,1088900000.0,1400000.0,450500000.0,450500000.0,450500000.0,0.0,0.0,0.089,813700000.0,724700000.0,505800000.0,0.33,2.265,14.888,13.797,5192900000.0,0.0,29.25,1.331,1.232,974500000.0,3701800000.0,5039800000.0,5039800000.0,123100000.0,0.057,0.159,0.094,0.161,0.0,690600000.0,1.0,229304812.0,212200000,216000000.0,23.75,7496700000.0,0.0,203400000.0,795500000.0,35.328,-75400000.0
88,APD,MRT,1999-06-30,1999-06-30,1999-06-30,2021-09-07,-316300000.0,8012100000.0,7753550000.0,1708700000.0,6303400000.0,0.649,13.328,-935500000.0,80300000.0,80300000.0,3469800000.0,455600000.0,1.179,1.781,2834700000.0,585000000.0,2249700000.0,2834700000.0,603100000.0,517200000.0,0.0,0.017,0.69,825800000.0,1343000000.0,0.267,1343000000.0,825800000.0,664100000.0,2.16,2.12,2.16,2832300000.0,2762025000.0,2832300000.0,11865718683.0,14.0,8.835,89800000.0,0.423,1.0,1563900000.0,0.311,346400000.0,161700000.0,8970800000.0,8720050000.0,428800000.0,511800000.0,0.0,511800000.0,5043600000.0,1449300000.0,3594300000.0,9229518683.0,-30500000.0,-186900000.0,-104600000.0,164500000.0,-144200000.0,-38800000.0,-1014700000.0,94900000.0,1025300000.0,-2300000.0,455600000.0,455600000.0,455600000.0,0.0,0.0,0.091,809700000.0,754200000.0,561400000.0,0.319,3.259,20.258,18.634,5073600000.0,0.0,40.25,1.834,1.699,1015300000.0,3617600000.0,5033700000.0,5033700000.0,120400000.0,0.059,0.165,0.095,0.164,0.0,689300000.0,1.0,229304812.0,212500000,212500000.0,23.688,7665700000.0,0.0,208500000.0,760300000.0,36.074,259400000.0
89,APD,MRT,1999-03-31,1999-03-31,1999-03-31,2021-09-07,-283700000.0,7793600000.0,7587600000.0,1715400000.0,6078200000.0,0.663,13.119,-889100000.0,85500000.0,85500000.0,3423000000.0,499100000.0,1.279,1.763,2721700000.0,490000000.0,2231700000.0,2721700000.0,590600000.0,512500000.0,0.0,0.02,0.68,898100000.0,1410600000.0,0.28,1410600000.0,898100000.0,733700000.0,2.35,2.31,2.35,2776000000.0,2710725000.0,2776000000.0,10481889811.0,12.0,7.431,139200000.0,0.658,1.0,1606300000.0,0.319,343000000.0,164400000.0,8746000000.0,8566850000.0,432900000.0,466200000.0,0.0,466200000.0,4893300000.0,1340800000.0,3552500000.0,7853689811.0,500000.0,-167500000.0,-189600000.0,253000000.0,-140500000.0,-51400000.0,-976900000.0,73700000.0,1028300000.0,500000.0,499100000.0,499100000.0,499100000.0,0.0,0.0,0.099,808300000.0,798000000.0,513600000.0,0.289,2.829,15.736,14.574,4911100000.0,0.0,34.25,1.562,1.441,1032200000.0,3561300000.0,5029300000.0,5029300000.0,119700000.0,0.066,0.184,0.105,0.179,0.0,688600000.0,1.0,229304812.0,211600000,211600000.0,23.768,7450600000.0,0.0,234600000.0,760900000.0,35.211,374600000.0
90,APD,MRT,1998-12-31,1998-12-31,1998-12-31,2021-09-07,-203300000.0,7718900000.0,7429150000.0,1661800000.0,6057100000.0,0.671,13.115,-805500000.0,57800000.0,57800000.0,3361600000.0,512700000.0,1.216,1.742,2686000000.0,562800000.0,2123200000.0,2686000000.0,605200000.0,499600000.0,0.0,0.017,0.66,919700000.0,1419300000.0,0.285,1419300000.0,919700000.0,756700000.0,2.4,2.36,2.4,2772500000.0,2666900000.0,2772500000.0,11869677640.0,13.0,8.363,165100000.0,0.781,1.0,1622500000.0,0.326,351700000.0,163000000.0,8628300000.0,8416475000.0,452100000.0,465300000.0,0.0,465300000.0,4829400000.0,1367100000.0,3462300000.0,9172177640.0,-28100000.0,-248000000.0,-239600000.0,325200000.0,-137000000.0,-32000000.0,-968200000.0,97300000.0,970600000.0,1500000.0,512700000.0,512700000.0,512700000.0,0.0,0.0,0.103,800800000.0,821700000.0,480400000.0,0.275,3.308,17.89,16.667,5240100000.0,0.0,40.0,1.84,1.697,1022700000.0,3490500000.0,4984100000.0,4984100000.0,117400000.0,0.069,0.192,0.109,0.185,0.0,683400000.0,1.0,229304441.0,211400000,211400000.0,23.577,7367200000.0,0.0,244000000.0,788200000.0,34.85,294700000.0
91,APD,MRT,1998-09-30,1998-09-30,1998-09-30,2021-09-07,-231500000.0,7489600000.0,7268050000.0,1641700000.0,5847900000.0,0.679,12.377,-770900000.0,61500000.0,61500000.0,3317000000.0,546800000.0,1.297,1.805,2697500000.0,423200000.0,2274300000.0,2697500000.0,570900000.0,489400000.0,0.0,0.022,0.64,986500000.0,1475900000.0,0.299,1475900000.0,986500000.0,823700000.0,2.54,2.48,2.54,2667300000.0,2622625000.0,2667300000.0,9397026256.0,10.0,6.367,202800000.0,0.941,1.0,1617500000.0,0.328,324900000.0,162800000.0,8535100000.0,8238625000.0,428600000.0,380400000.0,0.0,380400000.0,4813800000.0,1265600000.0,3548200000.0,6885326256.0,9000000.0,-214100000.0,-365000000.0,205900000.0,-134000000.0,-279900000.0,-684300000.0,328300000.0,973700000.0,-500000.0,546800000.0,546800000.0,546800000.0,0.0,0.0,0.111,771800000.0,845700000.0,478700000.0,0.252,2.581,12.592,11.713,4786100000.0,0.0,29.75,1.395,1.299,975200000.0,3400000000.0,4934500000.0,4934500000.0,112000000.0,0.075,0.208,0.12,0.2,0.0,659800000.0,1.0,231439538.0,215500000,220100000.0,22.898,7164700000.0,0.0,276900000.0,733900000.0,33.247,376100000.0
92,APD,MRT,1998-06-30,1998-06-30,1998-06-30,2021-09-07,-257400000.0,7348300000.0,7206675000.0,1682500000.0,5665800000.0,0.679,12.225,-724200000.0,110800000.0,110800000.0,3624200000.0,526500000.0,1.399,1.797,2622500000.0,317500000.0,2305000000.0,2622500000.0,524900000.0,478700000.0,0.0,0.015,0.62,954000000.0,1432700000.0,0.293,1432700000.0,954000000.0,793300000.0,2.43,2.38,2.43,2627100000.0,2617825000.0,2627100000.0,11750939520.0,12.0,8.202,335500000.0,1.561,1.0,1272500000.0,0.26,299400000.0,160700000.0,8358000000.0,8189600000.0,424400000.0,361300000.0,0.0,361300000.0,4721200000.0,1202600000.0,3518600000.0,9368939520.0,40200000.0,-219700000.0,-295000000.0,56900000.0,-128100000.0,-351400000.0,-666600000.0,291500000.0,1059700000.0,-1500000.0,526500000.0,526500000.0,526500000.0,0.0,0.0,0.108,461800000.0,810700000.0,530300000.0,0.255,3.566,17.795,16.461,4619600000.0,0.0,40.0,1.913,1.755,949500000.0,3308300000.0,4896700000.0,4896700000.0,112600000.0,0.073,0.201,0.116,0.195,0.0,349200000.0,1.0,234223488.0,214900000,219900000.0,22.786,7048900000.0,0.0,266800000.0,763200000.0,32.801,479900000.0
93,APD,MRT,1998-03-31,1998-03-31,1998-03-31,2021-09-07,-258100000.0,7159800000.0,7176125000.0,1610100000.0,5549700000.0,0.67,11.773,-714000000.0,85000000.0,85000000.0,3463400000.0,504400000.0,1.437,1.753,2467000000.0,212800000.0,2254200000.0,2467000000.0,510400000.0,473800000.0,0.0,0.014,0.6,913600000.0,1387400000.0,0.288,1387400000.0,913600000.0,755500000.0,2.32,2.27,2.32,2600700000.0,2613525000.0,2600700000.0,12015101388.0,13.0,8.66,374200000.0,1.694,1.0,1348000000.0,0.28,277200000.0,158100000.0,8144500000.0,8140300000.0,407500000.0,354300000.0,0.0,354300000.0,4559100000.0,1120100000.0,3439000000.0,9753701388.0,-26800000.0,-165800000.0,-235000000.0,-188700000.0,-128600000.0,-533600000.0,-579900000.0,300800000.0,1088200000.0,-1500000.0,504400000.0,504400000.0,504400000.0,0.0,0.0,0.105,555900000.0,792100000.0,543900000.0,0.259,3.75,19.337,17.862,4535500000.0,0.0,41.44,2.027,1.903,951400000.0,3206400000.0,4811400000.0,4811400000.0,111800000.0,0.07,0.193,0.112,0.19,0.0,444100000.0,1.0,235369242.0,220900000,215900000.0,21.781,6882600000.0,0.0,251100000.0,759300000.0,31.157,490000000.0
94,APD,MRT,1997-12-31,1997-12-31,1997-12-31,2021-09-07,-214400000.0,7074500000.0,7189775000.0,1675700000.0,5398800000.0,0.662,11.659,-722100000.0,85900000.0,85900000.0,3333600000.0,489900000.0,1.444,1.726,2347300000.0,112600000.0,2234700000.0,2347300000.0,467800000.0,468600000.0,0.0,0.014,0.587,897100000.0,1365700000.0,0.287,1365700000.0,897100000.0,735500000.0,2.24,2.19,2.24,2595400000.0,2602750000.0,2595400000.0,12137293051.0,14.0,8.887,358300000.0,1.61,1.0,1428700000.0,0.3,258700000.0,161600000.0,7916900000.0,8132900000.0,406000000.0,328600000.0,0.0,328600000.0,4479100000.0,1160300000.0,3318800000.0,9721693051.0,-74800000.0,-56100000.0,-210000000.0,-382400000.0,-126600000.0,-695800000.0,-457200000.0,309500000.0,1080400000.0,-2200000.0,489900000.0,489900000.0,489900000.0,0.0,0.0,0.103,659000000.0,769700000.0,612900000.0,0.262,3.746,19.844,18.359,4475200000.0,0.0,41.125,2.041,1.922,954700000.0,3118300000.0,4762300000.0,4762300000.0,113300000.0,0.068,0.188,0.11,0.188,0.0,545700000.0,1.0,236393752.0,222600000,218100000.0,21.394,6815800000.0,0.0,245600000.0,811700000.0,30.619,515400000.0
95,APD,MRT,1997-09-30,1997-09-30,1997-09-30,2021-09-07,-179200000.0,7244100000.0,7250300000.0,1624300000.0,5619800000.0,0.643,12.031,-870200000.0,0.0,0.0,3195300000.0,429300000.0,1.444,1.736,2468100000.0,176400000.0,2291700000.0,2468100000.0,449700000.0,459100000.0,0.0,0.014,0.575,791700000.0,1250800000.0,0.268,1250800000.0,791700000.0,630400000.0,1.95,1.91,1.95,2648100000.0,2598600000.0,2648100000.0,12425092183.0,16.0,9.934,163100000.0,0.741,1.0,1467400000.0,0.315,248600000.0,161300000.0,8339000000.0,8159500000.0,386500000.0,576800000.0,0.0,576800000.0,4596000000.0,1124600000.0,3471400000.0,9926692183.0,-26200000.0,-347300000.0,-135000000.0,270900000.0,-123800000.0,43500000.0,-1102900000.0,97600000.0,1033300000.0,-100000.0,429300000.0,429300000.0,429300000.0,0.0,0.0,0.092,741300000.0,726100000.0,616600000.0,0.295,3.749,23.123,21.282,4441200000.0,0.0,41.5,2.129,1.959,1000900000.0,2990200000.0,4662700000.0,4662700000.0,113700000.0,0.059,0.165,0.097,0.17,0.0,627600000.0,1.0,239197402.0,220100000,224900000.0,21.184,6995500000.0,0.0,201100000.0,745900000.0,31.783,499700000.0
96,APD,MRT,1997-06-30,1997-06-30,1997-06-30,2021-09-07,-146900000.0,7226100000.0,7069875000.0,1652500000.0,5573600000.0,0.637,11.62,-898000000.0,70600000.0,70600000.0,2686900000.0,416000000.0,1.261,1.769,2569000000.0,355600000.0,2213400000.0,2569000000.0,421200000.0,448300000.0,0.0,0.014,0.562,766000000.0,1214300000.0,0.27,1214300000.0,766000000.0,608700000.0,1.885,1.825,1.885,2609900000.0,2580225000.0,2609900000.0,12276657525.0,16.0,10.11,46600000.0,0.207,1.0,1817400000.0,0.403,253600000.0,157300000.0,8160800000.0,7897650000.0,401400000.0,590400000.0,0.0,590400000.0,4616200000.0,1310100000.0,3306100000.0,9724057525.0,-20200000.0,-344300000.0,-202500000.0,424900000.0,-121200000.0,135400000.0,-1100000000.0,121300000.0,944600000.0,700000.0,416000000.0,416000000.0,416000000.0,0.0,0.0,0.092,1127400000.0,690000000.0,631900000.0,0.298,3.726,23.375,21.552,4384700000.0,0.0,40.625,2.159,2.026,983800000.0,2915700000.0,4504300000.0,4504300000.0,113400000.0,0.059,0.161,0.097,0.17,0.0,1014000000.0,1.0,239361416.0,224600000,219800000.0,20.055,6972500000.0,0.0,192700000.0,729000000.0,31.044,342400000.0
97,APD,MRT,1997-03-31,1997-03-31,1997-03-31,2021-09-07,-126700000.0,7214400000.0,,1664400000.0,5550000000.0,,11.377,-995900000.0,111800000.0,111800000.0,2618000000.0,398000000.0,1.201,1.821,2664400000.0,452800000.0,2211600000.0,2664400000.0,403700000.0,435900000.0,0.0,0.016,0.55,731600000.0,1167500000.0,0.268,1167500000.0,731600000.0,579900000.0,1.79,1.74,1.79,2557600000.0,,2557600000.0,10728626719.0,15.0,9.189,-127000000.0,-0.565,1.0,1741300000.0,0.399,265800000.0,151700000.0,8114900000.0,,398000000.0,596800000.0,0.0,596800000.0,4656800000.0,1386300000.0,3270500000.0,8147426719.0,29600000.0,-381500000.0,-200300000.0,698100000.0,-119100000.0,409000000.0,-1247600000.0,107600000.0,868900000.0,200000.0,398000000.0,398000000.0,398000000.0,0.0,0.0,0.091,1088800000.0,652500000.0,607400000.0,0.307,3.186,20.471,18.961,4369500000.0,0.0,33.94,1.869,1.75,981500000.0,2832500000.0,4359300000.0,4359300000.0,113600000.0,,,,0.168,0.0,975200000.0,1.0,240053822.0,224800000,219800000.0,19.392,6948600000.0,0.0,181900000.0,705900000.0,30.91,278100000.0
98,APD,MRT,1996-12-31,1996-12-31,1996-12-31,2021-09-07,-40000000.0,7316600000.0,,1720200000.0,5596400000.0,,11.461,-1070200000.0,160700000.0,160700000.0,2541400000.0,427300000.0,1.083,1.837,2741900000.0,640000000.0,2101900000.0,2741900000.0,404200000.0,420800000.0,0.0,0.016,0.542,766900000.0,1187700000.0,0.282,1187700000.0,766900000.0,626500000.0,1.915,1.875,1.915,2578800000.0,,2578800000.0,,,,-210900000.0,-0.937,1.0,1671000000.0,0.397,285800000.0,140400000.0,8023300000.0,,405400000.0,624600000.0,0.0,624600000.0,4737800000.0,1588700000.0,3149100000.0,8296260088.0,65700000.0,-389500000.0,-175300000.0,844400000.0,-117800000.0,573600000.0,-1367700000.0,75400000.0,859300000.0,1400000.0,427300000.0,427300000.0,427300000.0,0.0,0.0,0.101,1054500000.0,616500000.0,637800000.0,0.283,3.217,19.416,18.047,4391300000.0,0.0,34.56,1.969,1.846,969100000.0,2756900000.0,4212400000.0,4212400000.0,113200000.0,,,,0.182,0.0,941300000.0,1.0,240053822.0,225000000,220600000.0,18.722,7030800000.0,0.0,199200000.0,707500000.0,31.248,131500000.0
99,APD,MRT,1996-09-30,1996-09-30,1996-09-30,2021-09-07,-29800000.0,6522400000.0,,1374700000.0,5147700000.0,,11.525,-951300000.0,78700000.0,78700000.0,2408100000.0,416400000.0,1.088,1.533,2194900000.0,456300000.0,1738600000.0,2194900000.0,363500000.0,412100000.0,0.0,0.018,0.535,738800000.0,1150900000.0,0.285,1150900000.0,738800000.0,609600000.0,1.86,1.83,1.86,2574600000.0,,2574600000.0,,,,-195400000.0,-0.875,1.0,1625300000.0,0.403,83500000.0,129200000.0,7291600000.0,,371100000.0,833600000.0,0.0,833600000.0,3947800000.0,1263500000.0,2684300000.0,,-8800000.0,-203600000.0,-100300000.0,512800000.0,-116700000.0,316100000.0,-1079900000.0,63200000.0,755900000.0,0.0,416400000.0,416400000.0,416400000.0,0.0,0.0,0.103,1034000000.0,591300000.0,526400000.0,0.288,,,15.659,3958500000.0,0.0,29.125,,1.613,785200000.0,2687200000.0,4033400000.0,4033400000.0,114100000.0,,,,0.183,0.0,919900000.0,1.0,,223400000,227100000.0,18.055,6438900000.0,0.0,193200000.0,621900000.0,28.822,111200000.0
100,APD,MRT,1996-06-30,1996-06-30,1996-06-30,2021-09-07,,,,,,,,,,,,,,,,,,,,,,0.019,0.528,,,,,,,,,,,,,,,,,,1.0,,,,,,,,,,,,,,,,,,,,,,,,,,,,,,,,,,,,,,,,28.125,,,,,,,,,,,,,,1.0,,224200000,,,,,,,,
101,APD,MRT,1996-03-31,1996-03-31,1996-03-31,2021-09-07,,,,,,,,,,,,,,,,,,,,,,0.019,0.52,,,,,,,,,,,,,,,,,,1.0,,,,,,,,,,,,,,,,,,,,,,,,,,,,,,,,,,,,,,,,27.0,,,,,,,,,,,,,,1.0,,223600000,,,,,,,,
102,APD,MRT,1995-12-31,1995-12-31,1995-12-31,2021-09-07,,,,,,,,,,,,,,,,,,,,,,0.019,0.512,,,,,,,,,,,,,,,,,,1.0,,,,,,,,,,,,,,,,,,,,,,,,,,,,,,,,,,,,,,,,26.375,,,,,,,,,,,,,,1.0,,223600000,,,,,,,,
103,APD,MRT,1995-09-30,1995-09-30,1995-09-30,2021-09-07,,,,,,,,-870300000.0,,,2317000000.0,368200000.0,,,,,,,,382200000.0,,0.019,0.505,653100000.0,1035300000.0,0.266,1035300000.0,653100000.0,552800000.0,1.645,1.645,1.645,,,,,,,-151400000.0,-0.675,1.0,1573800000.0,0.404,,100300000.0,,,,,,,,,,,-12400000.0,-75600000.0,-124100000.0,403400000.0,-115300000.0,181800000.0,-916300000.0,33600000.0,718900000.0,3200000.0,368200000.0,368200000.0,368200000.0,0.0,0.0,0.095,971900000.0,601900000.0,,0.307,,,15.845,,0.0,26.065,,1.502,,,3890800000.0,3890800000.0,103200000.0,,,,0.168,0.0,868700000.0,1.0,,224200000,224200000.0,17.354,,,184600000.0,,,
