None,ticker,dimension,calendardate,datekey,reportperiod,lastupdated,accoci,assets,assetsavg,assetsc,assetsnc,assetturnover,bvps,capex,cashneq,cashnequsd,cor,consolinc,currentratio,de,debt,debtc,debtnc,debtusd,deferredrev,depamor,deposits,divyield,dps,ebit,ebitda,ebitdamargin,ebitdausd,ebitusd,ebt,eps,epsdil,epsusd,equity,equityavg,equityusd,ev,evebit,evebitda,fcf,fcfps,fxusd,gp,grossmargin,intangibles,intexp,invcap,invcapavg,inventory,investments,investmentsc,investmentsnc,liabilities,liabilitiesc,liabilitiesnc,marketcap,ncf,ncfbus,ncfcommon,ncfdebt,ncfdiv,ncff,ncfi,ncfinv,ncfo,ncfx,netinc,netinccmn,netinccmnusd,netincdis,netincnci,netmargin,opex,opinc,payables,payoutratio,pb,pe,pe1,ppnenet,prefdivis,price,ps,ps1,receivables,retearn,revenue,revenueusd,rnd,roa,roe,roic,ros,sbcomp,sgna,sharefactor,sharesbas,shareswa,shareswadil,sps,tangibles,taxassets,taxexp,taxliabilities,tbvps,workingcapital
0,ACV1,MRY,2010-12-31,2010-09-30,2010-09-30,2021-08-25,-70297000.0,1878275000.0,1727980250.0,804104000.0,1074171000.0,0.924,13.519,-25833000.0,301978000.0,301978000.0,762557000.0,155310000.0,2.837,0.416,150422000.0,181000.0,150241000.0,150422000.0,0.0,29101000.0,0.0,0.0,0.0,220342000.0,249443000.0,0.156,249443000.0,220342000.0,218018000.0,1.59,1.56,1.59,1324612000.0,1258944250.0,1324612000.0,3604205506.0,16.0,14.449,111638000.0,1.139,1.0,834676000.0,0.523,688715000.0,2324000.0,754580000.0,654306750.0,171306000.0,53706000.0,0.0,53706000.0,551035000.0,283424000.0,267611000.0,3714277506.0,-167797000.0,-390389000.0,-2432000.0,137552000.0,-32495000.0,105208000.0,-409178000.0,4350000.0,137471000.0,-1298000.0,155310000.0,155310000.0,155310000.0,-174000.0,0.0,0.097,614508000.0,220168000.0,126916000.0,0.0,2.804,23.915,23.679,247049000.0,0.0,37.65,2.325,2.31,283183000.0,902902000.0,1597233000.0,1597233000.0,0.0,0.09,0.123,0.337,0.138,12813000.0,596124000.0,1.0,98652789.0,97985000.0,99852000.0,16.301,1189560000.0,32149000.0,62708000.0,76908000.0,12.14,520680000.0
1,ACV1,MRY,2009-12-31,2009-09-30,2009-09-30,2021-08-25,-58439000.0,1558014000.0,1468916750.0,865628000.0,692386000.0,0.976,12.252,-65241000.0,469775000.0,469775000.0,698778000.0,119374000.0,3.138,0.298,604000.0,175000.0,429000.0,604000.0,0.0,24966000.0,0.0,0.0,0.0,184706000.0,209672000.0,0.146,209672000.0,184706000.0,187379000.0,1.22,1.2,1.22,1196646000.0,1150653500.0,1196646000.0,2321421643.0,13.0,11.072,142889000.0,1.463,1.0,735202000.0,0.513,313955000.0,-2673000.0,499064000.0,530019250.0,126777000.0,58412000.0,0.0,58412000.0,356592000.0,275824000.0,80768000.0,2716798643.0,24443000.0,-95272000.0,2057000.0,-1462000.0,-28452000.0,-27366000.0,-150916000.0,8500000.0,208130000.0,-5405000.0,119374000.0,119374000.0,119374000.0,-1541000.0,0.0,0.083,552037000.0,183165000.0,150097000.0,0.0,2.27,22.759,22.689,249911000.0,0.0,27.68,1.895,1.885,228979000.0,792196000.0,1433980000.0,1433980000.0,0.0,0.081,0.104,0.348,0.129,10500000.0,545261000.0,1.0,98150240.0,97670000.0,99108000.0,14.682,1244059000.0,27409000.0,68005000.0,35635000.0,12.737,589804000.0
2,ACV1,MRY,2008-12-31,2008-09-30,2008-09-30,2021-08-25,-37020000.0,1467300000.0,1506952250.0,883490000.0,583810000.0,0.958,11.284,-64059000.0,445332000.0,445332000.0,686175000.0,228154000.0,3.099,0.316,867000.0,184000.0,683000.0,867000.0,0.0,23609000.0,0.0,0.0,0.0,283336000.0,306945000.0,0.213,306945000.0,283336000.0,292922000.0,2.32,2.27,2.32,1110606000.0,1059348750.0,1110606000.0,2496298186.0,9.0,8.133,106843000.0,1.086,1.0,757281000.0,0.525,234015000.0,-9586000.0,503710000.0,658839250.0,149512000.0,65841000.0,8398000.0,57443000.0,350969000.0,285110000.0,65859000.0,2650320186.0,340761000.0,227260000.0,-49016000.0,-120432000.0,-24797000.0,-183447000.0,359989000.0,185800000.0,170902000.0,-6683000.0,228154000.0,228154000.0,228154000.0,-122115000.0,0.0,0.158,596060000.0,161221000.0,147467000.0,0.0,2.386,11.616,11.741,221667000.0,0.0,27.24,1.836,1.857,244316000.0,702375000.0,1443456000.0,1443456000.0,0.0,0.151,0.215,0.43,0.196,6543000.0,584875000.0,1.0,97295161.0,98424000.0,100644000.0,14.666,1233285000.0,22974000.0,64768000.0,36969000.0,12.53,598380000.0
3,ACV1,MRY,2007-12-31,2007-09-30,2007-09-30,2021-08-25,6868000.0,1487560000.0,1404521500.0,856546000.0,631014000.0,0.937,10.15,-53806000.0,73066000.0,73066000.0,642172000.0,78264000.0,2.059,0.518,120486000.0,120127000.0,359000.0,120486000.0,0.0,24985000.0,0.0,0.0,0.0,106482000.0,131467000.0,0.1,131467000.0,106482000.0,106482000.0,0.82,0.8,0.82,973364000.0,902681250.0,973364000.0,2470017247.0,23.0,18.788,34998000.0,0.365,1.0,673277000.0,0.512,227565000.0,0.0,891365000.0,790950000.0,154546000.0,255600000.0,255600000.0,0.0,503789000.0,416050000.0,87739000.0,2427127247.0,-113403000.0,-6287000.0,70018000.0,-1035000.0,-16049000.0,62419000.0,-187998000.0,-156115000.0,88804000.0,8165000.0,78264000.0,78264000.0,78264000.0,-5700000.0,0.0,0.059,576413000.0,96864000.0,129828000.0,0.0,2.494,31.012,30.232,198341000.0,0.0,24.79,1.845,1.807,238541000.0,585143000.0,1315449000.0,1315449000.0,0.0,0.056,0.087,0.135,0.081,3547000.0,543314000.0,1.0,97907513.0,95896000.0,98358000.0,13.717,1259995000.0,0.0,28218000.0,16067000.0,13.139,440496000.0
4,ACV1,MRY,2006-12-31,2006-09-30,2006-09-30,2021-08-25,3035000.0,2577706000.0,2450374750.0,1423910000.0,1153796000.0,0.484,18.715,-44301000.0,98894000.0,98894000.0,572485000.0,205321000.0,2.468,0.473,122286000.0,585000.0,121701000.0,122286000.0,0.0,21044000.0,0.0,0.0,0.0,234671000.0,255715000.0,0.216,255715000.0,234671000.0,230482000.0,2.22,2.2,2.22,1729781000.0,1650707500.0,1729781000.0,4665366051.0,20.0,18.244,33141000.0,0.359,1.0,613515000.0,0.517,311403000.0,4189000.0,1712821000.0,1289458500.0,185189000.0,99485000.0,99485000.0,0.0,818777000.0,576874000.0,241903000.0,4700094051.0,102774000.0,-4583000.0,29418000.0,4498000.0,-45379000.0,-9652000.0,-78159000.0,-34685000.0,77442000.0,6135000.0,205321000.0,205321000.0,205321000.0,-139476000.0,0.0,0.173,518320000.0,95195000.0,125546000.0,0.0,2.717,22.891,22.788,211291000.0,0.0,50.59,3.963,3.943,244594000.0,1467224000.0,1186000000.0,1186000000.0,0.0,0.084,0.124,0.182,0.198,10339000.0,518320000.0,1.0,92905595.0,92426000.0,93485000.0,12.832,2266303000.0,0.0,25161000.0,32075000.0,24.52,847036000.0
5,ACV1,MRY,2005-12-31,2005-09-30,2005-09-30,2021-08-25,-15099000.0,2302123000.0,2215822000.0,1189624000.0,1112499000.0,0.576,16.748,-38783000.0,103691000.0,103691000.0,617076000.0,210901000.0,2.22,0.503,124893000.0,809000.0,124084000.0,124893000.0,0.0,23420000.0,0.0,0.0,0.0,244631000.0,268051000.0,0.21,268051000.0,244631000.0,238097000.0,2.31,2.27,2.31,1531622000.0,1460489000.0,1531622000.0,4178422281.0,17.0,15.588,30092000.0,0.329,1.0,659848000.0,0.517,687526000.0,6534000.0,1099869000.0,1064259000.0,689692000.0,64800000.0,64800000.0,0.0,770501000.0,535930000.0,234571000.0,4114779281.0,4656000.0,-60247000.0,24312000.0,-1284000.0,-40780000.0,-17752000.0,-74447000.0,15504000.0,68875000.0,-1717000.0,210901000.0,210901000.0,210901000.0,-141062000.0,0.0,0.165,556279000.0,103569000.0,261327000.0,0.0,2.687,19.51,19.372,335400000.0,0.0,44.75,3.222,3.205,285940000.0,1307282000.0,1276924000.0,1276924000.0,0.0,0.095,0.144,0.23,0.192,0.0,545823000.0,1.0,91950375.0,91451000.0,92838000.0,13.963,1614597000.0,0.0,27196000.0,54376000.0,17.655,653694000.0
6,ACV1,MRY,2004-12-31,2004-09-30,2004-09-30,2021-08-25,-18136000.0,2058780000.0,2094104000.0,1118433000.0,940347000.0,1.556,14.593,-74731000.0,99035000.0,99035000.0,1687366000.0,141770000.0,2.101,0.567,121791000.0,545000.0,121246000.0,121791000.0,0.0,47583000.0,0.0,0.0,0.0,234070000.0,281653000.0,0.086,281653000.0,234070000.0,212644000.0,1.57,1.54,1.57,1313706000.0,1232701500.0,1313706000.0,3934117165.0,17.0,13.968,174771000.0,1.941,1.0,1570630000.0,0.482,565792000.0,21426000.0,983310000.0,1066906500.0,626834000.0,102854000.0,102854000.0,0.0,745074000.0,532434000.0,212640000.0,3943404165.0,-27988000.0,-125437000.0,11619000.0,-203315000.0,-33490000.0,-225186000.0,-54243000.0,140271000.0,249502000.0,1939000.0,141770000.0,141770000.0,141770000.0,0.0,0.0,0.044,1334118000.0,236512000.0,258983000.0,0.0,3.002,27.816,27.694,293901000.0,0.0,43.48,1.21,1.201,250008000.0,1137161000.0,3257996000.0,3257996000.0,0.0,0.068,0.115,0.219,0.072,0.0,1248516000.0,1.0,90694668.0,90026000.0,91832000.0,36.19,1492988000.0,0.0,70874000.0,44673000.0,16.584,585999000.0
7,ACV1,MRY,2003-12-31,2003-09-30,2003-09-30,2021-08-25,-40695000.0,1945609000.0,1836154500.0,1165489000.0,780120000.0,1.575,12.135,-61351000.0,370148000.0,370148000.0,1449250000.0,162153000.0,2.504,0.832,320882000.0,295000.0,320587000.0,320882000.0,0.0,45791000.0,0.0,0.0,0.0,273791000.0,319582000.0,0.111,319582000.0,273791000.0,251400000.0,1.85,1.8,1.85,1062129000.0,983977000.0,1062129000.0,3479318682.0,13.0,10.887,163426000.0,1.867,1.0,1442167000.0,0.499,439748000.0,22391000.0,991086000.0,1006242000.0,531157000.0,0.0,0.0,0.0,883480000.0,465509000.0,417971000.0,3457059682.0,45338000.0,-1574000.0,11789000.0,-9422000.0,-23746000.0,-21379000.0,-168618000.0,-107325000.0,224777000.0,10558000.0,162153000.0,162153000.0,162153000.0,0.0,0.0,0.056,1168376000.0,273791000.0,220633000.0,0.0,3.255,21.32,21.196,264335000.0,0.0,39.213,1.196,1.187,226054000.0,1035513000.0,2891417000.0,2891417000.0,0.0,0.088,0.165,0.272,0.095,0.0,1168376000.0,1.0,88160312.0,87527000.0,89957000.0,33.035,1505861000.0,0.0,89247000.0,61480000.0,17.205,699980000.0
8,ACV1,MRY,2002-12-31,2002-09-30,2002-09-30,2021-08-25,-77603000.0,1729491000.0,1610528750.0,984217000.0,745274000.0,1.646,10.02,-55464000.0,217485000.0,217485000.0,1342964000.0,137665000.0,2.138,1.005,323883000.0,3702000.0,320181000.0,323883000.0,0.0,47214000.0,0.0,0.0,0.0,234428000.0,281642000.0,0.106,281642000.0,234428000.0,211792000.0,1.6,1.55,1.6,862459000.0,801597500.0,862459000.0,3025310745.0,13.0,10.742,176229000.0,2.048,1.0,1308012000.0,0.493,423112000.0,22636000.0,952330000.0,967748250.0,522208000.0,0.0,0.0,0.0,867032000.0,460447000.0,406585000.0,2848501745.0,15515000.0,-110133000.0,1121000.0,-223000.0,-20351000.0,-56681000.0,-158714000.0,881000.0,231693000.0,-783000.0,137665000.0,137665000.0,137665000.0,0.0,0.0,0.052,1073584000.0,234428000.0,233942000.0,0.0,3.303,20.692,20.429,247850000.0,0.0,32.687,1.075,1.061,209010000.0,897106000.0,2650976000.0,2650976000.0,0.0,0.085,0.172,0.242,0.088,0.0,1073584000.0,1.0,87145678.0,86070000.0,88821000.0,30.8,1306379000.0,0.0,74127000.0,52829000.0,15.178,523770000.0
9,ACV1,MRY,2001-12-31,2001-09-30,2001-09-30,2021-08-25,-61284000.0,1516501000.0,1465512250.0,876949000.0,639552000.0,1.623,8.651,-36752000.0,201970000.0,201970000.0,1217233000.0,110376000.0,2.247,1.06,324069000.0,2886000.0,321183000.0,324069000.0,0.0,37315000.0,0.0,0.0,0.0,189066000.0,226381000.0,0.095,226381000.0,189066000.0,167236000.0,1.307,1.273,1.307,736009000.0,696164250.0,736009000.0,2378850599.0,13.0,10.508,128453000.0,1.51,1.0,1161884000.0,0.488,343871000.0,21830000.0,904426000.0,929858500.0,478311000.0,869000.0,869000.0,0.0,780492000.0,390303000.0,390189000.0,2205794599.0,87333000.0,-18791000.0,14142000.0,-21543000.0,-18215000.0,-25616000.0,-54741000.0,-538000.0,165205000.0,2485000.0,110376000.0,110376000.0,110376000.0,0.0,0.0,0.046,972818000.0,189066000.0,191410000.0,0.0,2.997,19.984,19.837,235822000.0,0.0,25.927,0.927,0.927,169657000.0,779792000.0,2379117000.0,2379117000.0,0.0,0.075,0.159,0.203,0.079,0.0,972818000.0,1.0,85078218.0,85078218.0,,27.964,1172630000.0,0.0,56860000.0,69568000.0,13.783,486646000.0
10,ACV1,MRY,2000-12-31,2000-09-30,2000-09-30,2021-08-25,-54400000.0,1385598000.0,1328111000.0,740537000.0,645061000.0,1.61,7.551,-37527000.0,114637000.0,114637000.0,1120079000.0,103184000.0,2.173,1.192,344936000.0,3988000.0,340948000.0,344936000.0,0.0,36575000.0,0.0,0.0,0.0,173490000.0,210065000.0,0.098,210065000.0,173490000.0,154281000.0,1.233,1.22,1.233,632260000.0,610251750.0,632260000.0,1841815151.0,11.0,8.768,81603000.0,0.975,1.0,1017658000.0,0.476,347635000.0,19209000.0,927473000.0,905347750.0,445257000.0,314000.0,314000.0,0.0,753338000.0,340789000.0,412549000.0,1608365151.0,58706000.0,-144832000.0,-748000.0,118400000.0,-16182000.0,106470000.0,-167649000.0,1538000.0,119130000.0,755000.0,103184000.0,103184000.0,103184000.0,0.0,0.0,0.048,844168000.0,173490000.0,183770000.0,0.0,2.544,15.587,15.579,240091000.0,0.0,19.208,0.752,0.752,154207000.0,687631000.0,2137737000.0,2137737000.0,0.0,0.078,0.169,0.192,0.081,0.0,853425000.0,1.0,83732676.0,83732676.0,,25.53,1037963000.0,0.0,51097000.0,56265000.0,12.396,399748000.0
11,ACV1,MRY,1999-12-31,1999-09-30,1999-09-30,2021-08-25,-31160000.0,1184534000.0,1117022250.0,645554000.0,538980000.0,1.769,6.797,-47822000.0,55931000.0,55931000.0,973702000.0,86290000.0,1.919,1.082,228892000.0,3719000.0,225173000.0,228892000.0,0.0,32336000.0,0.0,0.0,0.0,146502000.0,178838000.0,0.091,178838000.0,146502000.0,133783000.0,1.02,1.007,1.02,568820000.0,548855500.0,568820000.0,1461175260.0,10.0,8.17,35737000.0,0.427,1.0,1002226000.0,0.507,245084000.0,12719000.0,776010000.0,730316250.0,421888000.0,1885000.0,1885000.0,0.0,615714000.0,336401000.0,279313000.0,1290115260.0,-16464000.0,-62304000.0,-35785000.0,54444000.0,-14394000.0,9265000.0,-107633000.0,-398000.0,83559000.0,-1655000.0,86290000.0,86290000.0,86290000.0,0.0,0.0,0.044,855724000.0,146502000.0,198887000.0,0.0,2.268,14.951,15.114,238753000.0,0.0,15.417,0.653,0.653,144075000.0,600629000.0,1975928000.0,1975928000.0,0.0,0.077,0.157,0.201,0.074,0.0,855724000.0,1.0,83683152.0,83683152.0,,23.612,939450000.0,0.0,47493000.0,53246000.0,11.226,309153000.0
12,ACV1,MRY,1998-12-31,1998-09-30,1998-09-30,2021-08-25,-28131000.0,1068184000.0,1048261750.0,591565000.0,476619000.0,1.75,6.459,-55934000.0,72395000.0,72395000.0,902095000.0,83067000.0,1.886,1.0,174998000.0,3238000.0,171760000.0,174998000.0,0.0,29054000.0,0.0,0.0,0.0,140985000.0,170039000.0,0.093,170039000.0,140985000.0,132378000.0,0.973,0.913,0.973,533991000.0,522570250.0,533991000.0,1408465303.0,10.0,8.283,54418000.0,0.658,1.0,932616000.0,0.508,204757000.0,8607000.0,652405000.0,657202500.0,369204000.0,910000.0,910000.0,0.0,534193000.0,313625000.0,220568000.0,1288366303.0,-3645000.0,-33889000.0,-134223000.0,114012000.0,-13220000.0,-33431000.0,-80762000.0,10650000.0,110352000.0,196000.0,83067000.0,83067000.0,83067000.0,0.0,0.0,0.045,791631000.0,140985000.0,177564000.0,0.0,2.413,15.51,16.016,223476000.0,0.0,15.583,0.702,0.702,129063000.0,528733000.0,1834711000.0,1834711000.0,0.0,0.079,0.159,0.215,0.077,0.0,791631000.0,1.0,82675912.0,82675912.0,,22.192,863427000.0,0.0,49311000.0,49068000.0,10.444,277940000.0
13,ACV1,MRY,1997-12-31,1997-09-30,1997-09-30,2021-08-25,-22555000.0,1000059000.0,,580259000.0,419800000.0,,,-58196000.0,76040000.0,76040000.0,880416000.0,85417000.0,1.864,1.012,154384000.0,4943000.0,149441000.0,154384000.0,0.0,28169000.0,0.0,0.0,0.0,144359000.0,172528000.0,0.097,172528000.0,144359000.0,136121000.0,1.02,0.94,1.02,497004000.0,,497004000.0,,,,21532000.0,,1.0,894842000.0,0.504,184400000.0,8238000.0,582751000.0,,343868000.0,11560000.0,11560000.0,0.0,503055000.0,311252000.0,191803000.0,,9829000.0,-15628000.0,4422000.0,-4130000.0,-10909000.0,-10617000.0,-57579000.0,-6214000.0,79728000.0,-1703000.0,85417000.0,85417000.0,85417000.0,0.0,0.0,0.048,750483000.0,144359000.0,174322000.0,0.0,,,19.894,190998000.0,0.0,20.292,,,120774000.0,458886000.0,1775258000.0,1775258000.0,0.0,,,,0.081,0.0,766117000.0,1.0,,,,,815659000.0,0.0,50704000.0,39030000.0,,269007000.0
14,ACV1,MRY,1996-12-31,1996-09-30,1996-09-30,2021-08-25,,,,,,,,-40894000.0,,,805080000.0,62744000.0,,,,,,,,26159000.0,,0.0,0.0,112082000.0,138241000.0,0.087,138241000.0,112082000.0,100014000.0,0.753,0.707,0.753,,,,,,,51851000.0,,1.0,785329000.0,0.494,,12068000.0,,,,,,,,,,,-76374000.0,-118533000.0,958000.0,-23958000.0,-9724000.0,-2724000.0,-166087000.0,-946000.0,92745000.0,-308000.0,62744000.0,62744000.0,62744000.0,0.0,0.0,0.039,673247000.0,112082000.0,,0.0,,,19.201,,0.0,14.458,,,,,1590409000.0,1590409000.0,0.0,,,,0.07,0.0,673247000.0,1.0,,,,,,,37270000.0,,,
0,ACV1,MRQ,2011-03-31,2011-03-31,2011-03-31,2021-08-25,-56194000.0,2049919000.0,,976740000.0,1073179000.0,,14.825,-3139000.0,462255000.0,462255000.0,198142000.0,36503000.0,3.852,0.347,150338000.0,170000.0,150168000.0,150338000.0,0.0,7373000.0,0.0,0.0,0.0,55213000.0,62586000.0,0.153,62586000.0,55213000.0,53480000.0,0.36,0.35,0.36,1521119000.0,,1521119000.0,3578047758.0,14.0,12.878,57342000.0,0.559,1.0,210079000.0,0.515,701834000.0,1733000.0,782606000.0,,174397000.0,52786000.0,6350000.0,46436000.0,527813000.0,253562000.0,274251000.0,3829296758.0,60631000.0,0.0,10837000.0,-2786000.0,-8752000.0,863000.0,-2473000.0,600000.0,60481000.0,1760000.0,36503000.0,36503000.0,36503000.0,-138000.0,0.0,0.089,155004000.0,55075000.0,116979000.0,0.0,2.517,22.172,21.297,240567000.0,0.0,37.27,2.303,2.299,282363000.0,969840000.0,408221000.0,408221000.0,0.0,,,,,2377000.0,147999000.0,1.0,102744748.0,102604000.0,103826000.0,3.979,1348085000.0,30101000.0,16977000.0,83762000.0,13.139,723178000.0
1,ACV1,MRQ,2010-12-31,2010-12-31,2010-12-31,2021-08-25,-70466000.0,1978616000.0,,910206000.0,1068410000.0,,14.655,-3827000.0,401624000.0,401624000.0,189755000.0,47630000.0,3.759,0.351,150375000.0,173000.0,150202000.0,150375000.0,0.0,7397000.0,0.0,0.0,0.0,72209000.0,79606000.0,0.196,79606000.0,72209000.0,70417000.0,0.48,0.47,0.48,1464261000.0,,1464261000.0,3511246630.0,15.0,13.178,9274000.0,0.093,1.0,215585000.0,0.532,688615000.0,1792000.0,796643000.0,,175774000.0,52729000.0,0.0,52729000.0,513300000.0,242109000.0,271191000.0,3662802630.0,99646000.0,0.0,79126000.0,1901000.0,-8443000.0,89365000.0,-3206000.0,600000.0,13101000.0,386000.0,47630000.0,47630000.0,47630000.0,113000.0,0.0,0.118,143263000.0,72322000.0,111877000.0,0.0,2.501,22.019,21.788,242965000.0,0.0,37.04,2.234,2.257,274317000.0,942089000.0,405340000.0,405340000.0,0.0,,,,,2543000.0,137731000.0,1.0,98887760.0,99915000.0,101906000.0,4.057,1290001000.0,38486000.0,22787000.0,83012000.0,12.911,668097000.0
2,ACV1,MRQ,2010-09-30,2010-09-30,2010-09-30,2021-08-25,-70297000.0,1878275000.0,,804104000.0,1074171000.0,,13.519,-4976000.0,301978000.0,301978000.0,206959000.0,41349000.0,2.837,0.416,150422000.0,181000.0,150241000.0,150422000.0,0.0,7293000.0,0.0,0.0,0.0,54756000.0,62049000.0,0.144,62049000.0,54756000.0,53255000.0,0.43,0.42,0.43,1324612000.0,,1324612000.0,3604205506.0,16.0,14.449,45489000.0,0.464,1.0,224923000.0,0.521,688715000.0,1501000.0,754580000.0,,171306000.0,53706000.0,0.0,53706000.0,551035000.0,283424000.0,267611000.0,3714277506.0,41463000.0,-6764000.0,2055000.0,-44000.0,-8392000.0,-5599000.0,-8287000.0,3350000.0,50465000.0,4884000.0,41349000.0,41349000.0,41349000.0,-36000.0,0.0,0.096,169911000.0,55012000.0,126916000.0,0.0,2.804,23.915,23.679,247049000.0,0.0,37.65,2.325,2.31,283183000.0,902902000.0,431882000.0,431882000.0,0.0,,,,,3340000.0,162251000.0,1.0,98652789.0,97985000.0,99852000.0,4.408,1189560000.0,32149000.0,11906000.0,76908000.0,12.14,520680000.0
3,ACV1,MRQ,2010-06-30,2010-06-30,2010-06-30,2021-08-25,-96012000.0,1799253000.0,,740764000.0,1058489000.0,,12.847,-5628000.0,260515000.0,260515000.0,202459000.0,47227000.0,2.648,0.426,150443000.0,172000.0,150271000.0,150443000.0,0.0,7339000.0,0.0,0.0,0.0,66260000.0,73599000.0,0.176,73599000.0,66260000.0,65437000.0,0.48,0.47,0.48,1259077000.0,,1259077000.0,2577821900.0,12.0,10.901,36228000.0,0.37,1.0,215123000.0,0.515,669477000.0,823000.0,739968000.0,,184015000.0,57482000.0,0.0,57482000.0,536862000.0,279736000.0,257126000.0,2668449900.0,169395000.0,462000.0,1669000.0,140654000.0,-8375000.0,134419000.0,-5132000.0,0.0,41856000.0,-1748000.0,47227000.0,47227000.0,47227000.0,68000.0,0.0,0.113,148795000.0,66328000.0,138302000.0,0.0,2.119,18.324,18.304,247244000.0,0.0,27.09,1.721,1.712,252451000.0,869945000.0,417582000.0,417582000.0,0.0,,,,,2977000.0,148687000.0,1.0,98503134.0,98009000.0,99707000.0,4.261,1129776000.0,21868000.0,18210000.0,69767000.0,11.527,461028000.0
4,ACV1,MRQ,2010-03-31,2010-03-31,2010-03-31,2021-08-25,-83341000.0,1623236000.0,,559854000.0,1063382000.0,,12.529,-6576000.0,91120000.0,91120000.0,183917000.0,30141000.0,1.942,0.32,492000.0,172000.0,320000.0,492000.0,0.0,7524000.0,0.0,0.0,0.0,43676000.0,51200000.0,0.133,51200000.0,43676000.0,43710000.0,0.31,0.3,0.31,1226805000.0,,1226805000.0,2480490258.0,14.0,11.932,6598000.0,0.067,1.0,200888000.0,0.522,673287000.0,-34000.0,570966000.0,,161803000.0,57632000.0,0.0,57632000.0,392136000.0,288355000.0,103781000.0,2572762258.0,-1720000.0,-435000.0,1662000.0,-3791000.0,-8370000.0,-10260000.0,-3496000.0,1000000.0,13174000.0,-1138000.0,30141000.0,30141000.0,30141000.0,-248000.0,0.0,0.078,157460000.0,43428000.0,146648000.0,0.0,2.097,20.358,20.271,248703000.0,0.0,26.15,1.733,1.725,262812000.0,831093000.0,384805000.0,384805000.0,0.0,,,,,3641000.0,157168000.0,1.0,98384790.0,97918000.0,99649000.0,3.93,949949000.0,28536000.0,13569000.0,62867000.0,9.701,271499000.0
5,ACV1,MRQ,2009-12-31,2009-12-31,2009-12-31,2021-08-25,-57425000.0,1611157000.0,,522024000.0,1089133000.0,,12.527,-8653000.0,92840000.0,92840000.0,169222000.0,36593000.0,1.903,0.311,568000.0,180000.0,388000.0,568000.0,0.0,6945000.0,0.0,0.0,0.0,55358000.0,62303000.0,0.172,62303000.0,55358000.0,55616000.0,0.37,0.37,0.37,1225283000.0,,1225283000.0,2405526160.0,13.0,11.731,23323000.0,0.238,1.0,193742000.0,0.534,692889000.0,-258000.0,551713000.0,,147874000.0,58540000.0,1000000.0,57540000.0,381440000.0,274283000.0,107157000.0,2874697160.0,-376935000.0,-383652000.0,-7818000.0,733000.0,-7358000.0,-13352000.0,-392263000.0,0.0,31976000.0,-3296000.0,36593000.0,36593000.0,36593000.0,42000.0,0.0,0.101,138342000.0,55400000.0,126820000.0,0.0,2.346,23.125,23.063,251382000.0,0.0,29.29,1.991,1.984,236034000.0,809322000.0,362964000.0,362964000.0,0.0,,,,,2855000.0,128018000.0,1.0,98146028.0,97809000.0,99549000.0,3.711,918268000.0,25451000.0,19023000.0,75123000.0,9.388,247741000.0
6,ACV1,MRQ,2009-09-30,2009-09-30,2009-09-30,2021-08-25,-58439000.0,1558014000.0,,865628000.0,692386000.0,,12.252,-12600000.0,469775000.0,469775000.0,183845000.0,31663000.0,3.138,0.298,604000.0,175000.0,429000.0,604000.0,0.0,6698000.0,0.0,0.0,0.0,42676000.0,49374000.0,0.128,49374000.0,42676000.0,44972000.0,0.32,0.32,0.32,1196646000.0,,1196646000.0,2321421643.0,13.0,11.072,70851000.0,0.725,1.0,201346000.0,0.523,313955000.0,-2296000.0,499064000.0,,126777000.0,58412000.0,0.0,58412000.0,356592000.0,275824000.0,80768000.0,2716798643.0,73734000.0,-1519000.0,1018000.0,3973000.0,-7364000.0,-1988000.0,-5355000.0,8500000.0,83451000.0,-2374000.0,31663000.0,31663000.0,31663000.0,-278000.0,0.0,0.082,156997000.0,44349000.0,150097000.0,0.0,2.27,22.759,22.689,249911000.0,0.0,27.68,1.895,1.885,228979000.0,792196000.0,385191000.0,385191000.0,0.0,,,,,2277000.0,155533000.0,1.0,98150240.0,97670000.0,99108000.0,3.944,1244059000.0,27409000.0,13309000.0,35635000.0,12.737,589804000.0
7,ACV1,MRQ,2009-06-30,2009-06-30,2009-06-30,2021-08-25,-53125000.0,1470035000.0,,777072000.0,692963000.0,,12.013,-17027000.0,396041000.0,396041000.0,173143000.0,27979000.0,3.49,0.248,664000.0,176000.0,488000.0,664000.0,0.0,6796000.0,0.0,0.0,0.0,38210000.0,45006000.0,0.128,45006000.0,38210000.0,38587000.0,0.29,0.28,0.29,1173308000.0,,1173308000.0,2155620279.0,7.0,6.543,62116000.0,0.636,1.0,178480000.0,0.508,317611000.0,-377000.0,534395000.0,,119073000.0,66293000.0,8473000.0,57820000.0,291441000.0,222652000.0,68789000.0,2495471279.0,55574000.0,-8714000.0,229000.0,-1189000.0,-7361000.0,-8381000.0,-25725000.0,0.0,79143000.0,10537000.0,27979000.0,27979000.0,27979000.0,-658000.0,0.0,0.08,140928000.0,37552000.0,104893000.0,0.0,2.127,10.628,10.596,245970000.0,0.0,25.43,1.739,1.731,217688000.0,768998000.0,351623000.0,351623000.0,0.0,,,,,2135000.0,135887000.0,1.0,98130998.0,97668000.0,99047000.0,3.6,1152424000.0,0.0,10608000.0,29713000.0,11.799,554420000.0
8,ACV1,MRQ,2009-03-31,2009-03-31,2009-03-31,2021-08-25,-77346000.0,1419105000.0,,744554000.0,674551000.0,,11.532,-20481000.0,340467000.0,340467000.0,170966000.0,28078000.0,3.351,0.256,616000.0,151000.0,465000.0,616000.0,0.0,5520000.0,0.0,0.0,0.0,42847000.0,48367000.0,0.14,48367000.0,42847000.0,42847000.0,0.29,0.28,0.29,1125992000.0,,1125992000.0,1891865997.0,6.0,5.842,41089000.0,0.421,1.0,173366000.0,0.503,313154000.0,0.0,543880000.0,,138353000.0,64945000.0,8470000.0,56475000.0,287712000.0,222220000.0,65492000.0,2217116997.0,14553000.0,-23000.0,672000.0,-15092000.0,-7358000.0,-21631000.0,-20441000.0,0.0,61570000.0,-4945000.0,28078000.0,28078000.0,28078000.0,-248000.0,0.0,0.082,131426000.0,41940000.0,100763000.0,0.0,1.969,9.726,9.746,234140000.0,0.0,22.61,1.531,1.525,223653000.0,748380000.0,344332000.0,344332000.0,0.0,,,,,2414000.0,131447000.0,1.0,98059133.0,97640000.0,99075000.0,3.527,1105951000.0,0.0,14769000.0,32896000.0,11.327,522334000.0
9,ACV1,MRQ,2008-12-31,2008-12-31,2008-12-31,2021-08-25,-72577000.0,1428513000.0,,764644000.0,663869000.0,,11.348,-15133000.0,325914000.0,325914000.0,170824000.0,31654000.0,3.057,0.286,663000.0,151000.0,512000.0,663000.0,0.0,5952000.0,0.0,0.0,0.0,60973000.0,66925000.0,0.19,66925000.0,60973000.0,60973000.0,0.32,0.32,0.32,1106668000.0,,1106668000.0,1956670091.0,7.0,6.07,-31167000.0,-0.32,1.0,182010000.0,0.516,310426000.0,0.0,542738000.0,,159117000.0,65137000.0,8440000.0,56697000.0,316357000.0,250098000.0,66259000.0,2401135091.0,-119418000.0,-85016000.0,138000.0,10846000.0,-6369000.0,4634000.0,-99395000.0,0.0,-16034000.0,-8623000.0,31654000.0,31654000.0,31654000.0,-357000.0,0.0,0.09,122686000.0,59324000.0,134930000.0,0.0,2.17,10.49,10.565,220842000.0,0.0,24.51,1.652,1.645,233607000.0,727660000.0,352834000.0,352834000.0,0.0,,,,,3674000.0,122394000.0,1.0,97965528.0,97525000.0,98889000.0,3.618,1118087000.0,0.0,29319000.0,42390000.0,11.465,514546000.0
10,ACV1,MRQ,2008-09-30,2008-09-30,2008-09-30,2021-08-25,-37020000.0,1467300000.0,,883490000.0,583810000.0,,11.284,-18215000.0,445332000.0,445332000.0,186495000.0,147087000.0,3.099,0.316,867000.0,184000.0,683000.0,867000.0,0.0,6419000.0,0.0,0.0,0.0,162758000.0,169177000.0,0.438,169177000.0,162758000.0,172344000.0,1.5,1.47,1.5,1110606000.0,,1110606000.0,2496298186.0,9.0,8.133,32919000.0,0.334,1.0,199492000.0,0.517,234015000.0,-9586000.0,503710000.0,,149512000.0,65841000.0,8398000.0,57443000.0,350969000.0,285110000.0,65859000.0,2650320186.0,248596000.0,229613000.0,4936000.0,3522000.0,-6333000.0,5188000.0,211615000.0,0.0,51134000.0,-8439000.0,147087000.0,147087000.0,147087000.0,-126912000.0,0.0,0.381,157170000.0,42322000.0,147467000.0,0.0,2.386,11.616,11.741,221667000.0,0.0,27.24,1.836,1.857,244316000.0,702375000.0,385987000.0,385987000.0,0.0,,,,,2740000.0,155570000.0,1.0,97295161.0,98424000.0,100644000.0,3.922,1233285000.0,22974000.0,25257000.0,36969000.0,12.53,598380000.0
11,ACV1,MRQ,2008-06-30,2008-06-30,2008-06-30,2021-08-25,23438000.0,1435337000.0,,717836000.0,717501000.0,,10.315,-16921000.0,155145000.0,155145000.0,171651000.0,21133000.0,2.301,0.403,1123000.0,254000.0,869000.0,1123000.0,0.0,5256000.0,0.0,0.0,0.0,34113000.0,39369000.0,0.108,39369000.0,34113000.0,34113000.0,0.21,0.21,0.21,1018304000.0,,1018304000.0,2389643212.0,14.0,12.648,12912000.0,0.131,1.0,193262000.0,0.53,234332000.0,0.0,735039000.0,,159151000.0,66710000.0,0.0,66710000.0,410388000.0,311944000.0,98444000.0,2644890212.0,-193645000.0,-1196000.0,-93615000.0,-122532000.0,-6539000.0,-221140000.0,-3082000.0,7500000.0,29833000.0,200000.0,21133000.0,21133000.0,21133000.0,8552000.0,0.0,0.058,152057000.0,41205000.0,128055000.0,0.0,2.597,22.499,21.711,213258000.0,0.0,26.27,2.014,1.975,232001000.0,568672000.0,364913000.0,364913000.0,0.0,,,,,832000.0,149331000.0,1.0,100681013.0,98719000.0,100717000.0,3.696,1201005000.0,0.0,12980000.0,33402000.0,12.166,405892000.0
12,ACV1,MRQ,2008-03-31,2008-03-31,2008-03-31,2021-08-25,22108000.0,1605310000.0,,878786000.0,726524000.0,,10.957,-16874000.0,378872000.0,378872000.0,163309000.0,29027000.0,2.158,0.463,123625000.0,120916000.0,2709000.0,123625000.0,0.0,5917000.0,0.0,0.0,0.0,40965000.0,46882000.0,0.134,46882000.0,40965000.0,40965000.0,0.29,0.28,0.29,1091272000.0,,1091272000.0,2704784052.0,16.0,14.287,43400000.0,0.436,1.0,186060000.0,0.533,339644000.0,0.0,603135000.0,,202466000.0,74333000.0,0.0,74333000.0,505442000.0,407284000.0,98158000.0,2705980052.0,254101000.0,-1070000.0,31822000.0,-8176000.0,-6523000.0,21971000.0,166878000.0,181650000.0,60274000.0,2095000.0,29027000.0,29027000.0,29027000.0,-2390000.0,0.0,0.083,149783000.0,36277000.0,145883000.0,0.0,2.48,22.268,21.754,236797000.0,0.0,27.41,2.125,2.144,260715000.0,635389000.0,349369000.0,349369000.0,0.0,,,,,836000.0,147713000.0,1.0,98722366.0,99592000.0,102007000.0,3.508,1265666000.0,0.0,11938000.0,31618000.0,12.709,471502000.0
13,ACV1,MRQ,2007-12-31,2007-12-31,2007-12-31,2021-08-25,10254000.0,1519862000.0,,885685000.0,634177000.0,,10.37,-12049000.0,124771000.0,124771000.0,164720000.0,30907000.0,2.235,0.484,123575000.0,120832000.0,2743000.0,123575000.0,0.0,6017000.0,0.0,0.0,0.0,45500000.0,51517000.0,0.15,51517000.0,45500000.0,45500000.0,0.32,0.31,0.32,1017213000.0,,1017213000.0,2439942953.0,15.0,13.305,17612000.0,0.18,1.0,178467000.0,0.52,328925000.0,0.0,793473000.0,,197510000.0,258950000.0,258950000.0,0.0,492766000.0,396268000.0,96498000.0,2410291953.0,31709000.0,-87000.0,7841000.0,6754000.0,-5402000.0,10534000.0,-15422000.0,-3350000.0,29661000.0,-539000.0,30907000.0,30907000.0,30907000.0,-1365000.0,0.0,0.09,137050000.0,41417000.0,137696000.0,0.0,2.37,20.95,20.45,228571000.0,0.0,24.54,1.843,1.841,265978000.0,612885000.0,343187000.0,343187000.0,0.0,,,,,2135000.0,132261000.0,1.0,98218906.0,98091000.0,100608000.0,3.499,1190937000.0,0.0,14593000.0,37431000.0,12.141,489417000.0
14,ACV1,MRQ,2007-09-30,2007-09-30,2007-09-30,2021-08-25,6868000.0,1487560000.0,,856546000.0,631014000.0,,10.15,-29105000.0,73066000.0,73066000.0,135036000.0,36490000.0,2.059,0.518,120486000.0,120127000.0,359000.0,120486000.0,0.0,6254000.0,0.0,0.0,0.0,44917000.0,51171000.0,0.2,51171000.0,44917000.0,44917000.0,0.39,0.38,0.39,973364000.0,,973364000.0,2470017247.0,23.0,18.788,10454000.0,0.109,1.0,120859000.0,0.472,227565000.0,0.0,891365000.0,,154546000.0,255600000.0,255600000.0,0.0,503789000.0,416050000.0,87739000.0,2427127247.0,13017000.0,-6287000.0,2633000.0,2788000.0,-5386000.0,835000.0,-40659000.0,-5725000.0,39559000.0,5341000.0,36490000.0,36490000.0,36490000.0,-8916000.0,0.0,0.143,86471000.0,34388000.0,129828000.0,0.0,2.494,31.012,30.232,198341000.0,0.0,24.79,1.845,1.807,238541000.0,585143000.0,255895000.0,255895000.0,0.0,,,,,460000.0,86797000.0,1.0,97907513.0,95896000.0,98358000.0,2.668,1259995000.0,0.0,8427000.0,16067000.0,13.139,440496000.0
15,ACV1,MRQ,2007-06-30,2007-06-30,2007-06-30,2021-08-25,-2967000.0,1415144000.0,,809744000.0,605400000.0,,9.515,-6169000.0,80045000.0,80045000.0,153421000.0,25096000.0,2.069,0.515,122935000.0,120866000.0,2069000.0,122935000.0,0.0,5023000.0,0.0,0.0,0.0,34727000.0,39750000.0,0.122,39750000.0,34727000.0,34727000.0,0.26,0.25,0.26,927184000.0,,927184000.0,2339634761.0,17.0,14.85,16139000.0,0.166,1.0,171593000.0,0.528,319877000.0,0.0,746759000.0,,199210000.0,249875000.0,249875000.0,0.0,477336000.0,391398000.0,85938000.0,2310586761.0,-13727000.0,0.0,7614000.0,568000.0,-5374000.0,5242000.0,-37985000.0,-31625000.0,22308000.0,-353000.0,25096000.0,25096000.0,25096000.0,-1870000.0,0.0,0.077,140035000.0,31558000.0,129632000.0,0.0,2.492,21.47,20.991,202533000.0,0.0,23.72,1.902,1.903,249884000.0,553205000.0,325014000.0,325014000.0,0.0,,,,,447000.0,138613000.0,1.0,97410909.0,97443000.0,99989000.0,3.335,1095267000.0,0.0,9631000.0,25457000.0,11.24,418346000.0
16,ACV1,MRQ,2007-03-31,2007-03-31,2007-03-31,2021-08-25,-11046000.0,1399827000.0,,801076000.0,598751000.0,,9.228,-8829000.0,93772000.0,93772000.0,183575000.0,22558000.0,2.77,0.564,122820000.0,736000.0,122084000.0,122820000.0,0.0,6891000.0,0.0,0.0,0.0,34056000.0,40947000.0,0.107,40947000.0,34056000.0,34056000.0,0.23,0.23,0.23,887580000.0,,887580000.0,2159695187.0,16.0,13.492,3902000.0,0.041,1.0,199837000.0,0.521,315309000.0,0.0,824350000.0,,201721000.0,218250000.0,218250000.0,0.0,500756000.0,289216000.0,211540000.0,2165647187.0,-34889000.0,0.0,35614000.0,-1263000.0,-5289000.0,34139000.0,-84762000.0,-102400000.0,12731000.0,3003000.0,22558000.0,22558000.0,22558000.0,-797000.0,0.0,0.059,167275000.0,32562000.0,134543000.0,0.0,2.44,19.157,19.067,196103000.0,0.0,22.88,1.742,1.77,256052000.0,533560000.0,383412000.0,383412000.0,0.0,,,,,573000.0,166682000.0,1.0,94652412.0,96181000.0,98996000.0,3.986,1084518000.0,0.0,11498000.0,34963000.0,11.276,511860000.0
17,ACV1,MRQ,2006-12-31,2006-12-31,2006-12-31,2021-08-25,-11317000.0,1315555000.0,,721958000.0,593597000.0,,8.786,-9703000.0,128661000.0,128661000.0,170140000.0,-5880000.0,2.454,0.575,122709000.0,664000.0,122045000.0,122709000.0,0.0,6817000.0,0.0,0.0,0.0,-7218000.0,-401000.0,-0.001,-401000.0,-7218000.0,-7218000.0,-0.06,-0.06,-0.06,822597000.0,,822597000.0,1926542325.0,11.0,10.089,4503000.0,0.048,1.0,180988000.0,0.515,314077000.0,0.0,701326000.0,,201924000.0,115850000.0,115850000.0,0.0,472888000.0,294200000.0,178688000.0,2009597325.0,-77804000.0,0.0,24157000.0,-3128000.0,0.0,22203000.0,-24592000.0,-16365000.0,14206000.0,174000.0,-5880000.0,-5880000.0,-5880000.0,5883000.0,0.0,-0.017,182632000.0,-1644000.0,132945000.0,0.0,2.443,13.639,13.491,215555000.0,0.0,21.45,1.64,1.639,239468000.0,518968000.0,351128000.0,351128000.0,0.0,,,,,2067000.0,151222000.0,1.0,93687521.0,93630000.0,95673000.0,3.75,1001478000.0,0.0,-1338000.0,21059000.0,10.696,427758000.0
18,ACV1,MRQ,2006-09-30,2006-09-30,2006-09-30,2021-08-25,3035000.0,2577706000.0,,1423910000.0,1153796000.0,,18.715,-4641000.0,98894000.0,98894000.0,90241000.0,65843000.0,2.468,0.473,122286000.0,585000.0,121701000.0,122286000.0,0.0,1923000.0,0.0,0.0,0.0,75336000.0,77259000.0,0.498,77259000.0,75336000.0,74720000.0,0.7,0.7,0.7,1729781000.0,,1729781000.0,4665366051.0,20.0,18.244,28790000.0,0.311,1.0,64999000.0,0.419,311403000.0,616000.0,1712821000.0,,185189000.0,99485000.0,99485000.0,0.0,818777000.0,576874000.0,241903000.0,4700094051.0,48323000.0,-4583000.0,9340000.0,1461000.0,-12086000.0,-495000.0,-45156000.0,-37270000.0,33431000.0,4144000.0,65843000.0,65843000.0,65843000.0,-49604000.0,0.0,0.424,39267000.0,25732000.0,125546000.0,0.0,2.717,22.891,22.788,211291000.0,0.0,50.59,3.963,3.943,244594000.0,1467224000.0,155240000.0,155240000.0,0.0,,,,,1502000.0,39267000.0,1.0,92905595.0,92426000.0,93485000.0,1.68,2266303000.0,0.0,8877000.0,32075000.0,24.52,847036000.0
19,ACV1,MRQ,2006-06-30,2006-06-30,2006-06-30,2021-08-25,-2000000.0,2468285000.0,,1317183000.0,1151102000.0,,17.847,-8706000.0,158142000.0,158142000.0,165495000.0,30524000.0,2.41,0.473,123414000.0,1130000.0,122284000.0,123414000.0,0.0,6460000.0,0.0,0.0,0.0,35806000.0,42266000.0,0.12,42266000.0,35806000.0,34775000.0,0.33,0.33,0.33,1652957000.0,,1652957000.0,4484900243.0,27.0,26.748,-4732000.0,-0.051,1.0,187678000.0,0.531,712051000.0,1031000.0,1174947000.0,,747652000.0,62215000.0,62215000.0,0.0,781720000.0,546559000.0,235161000.0,4519134243.0,933000.0,5000.0,3977000.0,5413000.0,-12065000.0,-2431000.0,-6261000.0,2360000.0,3974000.0,1887000.0,30524000.0,30524000.0,30524000.0,-10078000.0,0.0,0.086,161950000.0,25728000.0,270762000.0,0.0,2.734,22.773,22.452,351958000.0,0.0,48.72,-14.0,-13.979,294265000.0,1413467000.0,353173000.0,353173000.0,0.0,,,,,1927000.0,161950000.0,1.0,92757271.0,92619000.0,93602000.0,3.813,1756234000.0,0.0,4251000.0,58458000.0,18.962,770624000.0
20,ACV1,MRQ,2006-03-31,2006-03-31,2006-03-31,2021-08-25,-18985000.0,2415395000.0,,1292465000.0,1122930000.0,,17.803,-9128000.0,157209000.0,157209000.0,165910000.0,56851000.0,2.39,0.47,122975000.0,876000.0,122099000.0,122975000.0,0.0,6461000.0,0.0,0.0,0.0,65370000.0,71831000.0,0.196,71831000.0,65370000.0,64173000.0,0.62,0.61,0.62,1643600000.0,,1643600000.0,4074338886.0,19.0,18.219,17861000.0,0.193,1.0,199767000.0,0.546,689244000.0,1197000.0,1151056000.0,,740261000.0,64575000.0,64575000.0,0.0,771795000.0,540861000.0,230934000.0,4074747886.0,31607000.0,0.0,14390000.0,-7610000.0,-10641000.0,-3164000.0,-21593000.0,-12575000.0,26989000.0,577000.0,56851000.0,56851000.0,56851000.0,-42082000.0,0.0,0.155,176479000.0,23288000.0,281341000.0,0.0,2.479,18.408,18.277,348295000.0,0.0,44.23,18.28,18.319,281978000.0,1395008000.0,365677000.0,365677000.0,0.0,,,,,2058000.0,176479000.0,1.0,92126337.0,92322000.0,93174000.0,3.961,1726151000.0,0.0,7322000.0,51891000.0,18.697,751604000.0
21,ACV1,MRQ,2005-12-31,2005-12-31,2005-12-31,2021-08-25,-21281000.0,2340113000.0,,1220424000.0,1119689000.0,,17.165,-21826000.0,125602000.0,125602000.0,150839000.0,52103000.0,2.281,0.484,125193000.0,922000.0,124271000.0,125193000.0,0.0,6200000.0,0.0,0.0,0.0,58159000.0,64359000.0,0.206,64359000.0,58159000.0,56814000.0,0.57,0.56,0.57,1576492000.0,,1576492000.0,4233113301.0,19.0,17.453,-8778000.0,-0.096,1.0,161071000.0,0.516,685732000.0,1345000.0,1119010000.0,,716629000.0,52000000.0,52000000.0,0.0,763621000.0,534962000.0,228659000.0,4211911301.0,21911000.0,-5000.0,1711000.0,5234000.0,-10587000.0,-3562000.0,-5149000.0,12800000.0,13048000.0,-473000.0,52103000.0,52103000.0,52103000.0,-37712000.0,0.0,0.167,140624000.0,20447000.0,255965000.0,0.0,2.672,19.72,19.551,346865000.0,0.0,45.75,5.682,5.668,277133000.0,1348798000.0,311910000.0,311910000.0,0.0,,,,,4852000.0,140624000.0,1.0,92063635.0,91846000.0,92467000.0,3.396,1654381000.0,0.0,4711000.0,77905000.0,18.013,685462000.0
22,ACV1,MRQ,2005-09-30,2005-09-30,2005-09-30,2021-08-25,-15099000.0,2302123000.0,,1189624000.0,1112499000.0,,16.748,27162000.0,103691000.0,103691000.0,-735370000.0,58968000.0,2.22,0.503,124893000.0,809000.0,124084000.0,124893000.0,0.0,-15695000.0,0.0,0.0,0.0,4913000.0,-10782000.0,0.008,-10782000.0,4913000.0,4353000.0,0.65,0.64,0.65,1531622000.0,,1531622000.0,4178422281.0,17.0,15.588,-20111000.0,-0.22,1.0,-618194000.0,0.457,687526000.0,560000.0,1099869000.0,,689692000.0,64800000.0,64800000.0,0.0,770501000.0,535930000.0,234571000.0,4114779281.0,32092000.0,96090000.0,664000.0,-15244000.0,-10576000.0,-25156000.0,75503000.0,-55620000.0,-47273000.0,-679000.0,58968000.0,58968000.0,58968000.0,-141062000.0,0.0,-0.044,-482045000.0,-136149000.0,261327000.0,0.0,2.687,19.51,19.372,335400000.0,0.0,44.75,3.222,3.205,285940000.0,1307282000.0,-1353564000.0,-1353564000.0,0.0,,,,,0.0,-481443000.0,1.0,91950375.0,91451000.0,92838000.0,-14.801,1614597000.0,0.0,-54615000.0,54376000.0,17.655,653694000.0
23,ACV1,MRQ,2005-06-30,2005-06-30,2005-06-30,2021-08-25,-17536000.0,2228072000.0,,1129208000.0,1098864000.0,,16.107,-21480000.0,71599000.0,71599000.0,471119000.0,53437000.0,2.186,0.509,135242000.0,1059000.0,134183000.0,135242000.0,0.0,14006000.0,0.0,0.0,0.0,84213000.0,98219000.0,0.109,98219000.0,84213000.0,82211000.0,0.58,0.57,0.58,1476181000.0,,1476181000.0,4029044740.0,13.0,11.102,51480000.0,0.562,1.0,427760000.0,0.476,682680000.0,2002000.0,1092562000.0,,711470000.0,31730000.0,31730000.0,0.0,751891000.0,516473000.0,235418000.0,3981721740.0,-6796000.0,-53927000.0,1218000.0,9334000.0,-10570000.0,-18000.0,-79030000.0,-3900000.0,72960000.0,-708000.0,53437000.0,53437000.0,53437000.0,0.0,0.0,0.059,343547000.0,84213000.0,258863000.0,0.0,2.697,19.917,19.785,331188000.0,0.0,43.33,1.144,1.141,273156000.0,1258890000.0,898879000.0,898879000.0,0.0,,,,,0.0,339867000.0,1.0,91892955.0,91647000.0,93028000.0,9.808,1545392000.0,0.0,28774000.0,46925000.0,16.862,612735000.0
24,ACV1,MRQ,2005-03-31,2005-03-31,2005-03-31,2021-08-25,-2819000.0,2185426000.0,,1121973000.0,1063453000.0,,15.8,-22492000.0,78395000.0,78395000.0,459854000.0,49078000.0,2.183,0.515,125718000.0,1053000.0,124665000.0,125718000.0,0.0,12998000.0,0.0,0.0,0.0,77743000.0,90741000.0,0.103,90741000.0,77743000.0,75505000.0,0.54,0.53,0.54,1442876000.0,,1442876000.0,4378595394.0,14.0,12.147,20682000.0,0.226,1.0,424221000.0,0.48,652619000.0,2238000.0,1066280000.0,,696755000.0,27830000.0,27830000.0,0.0,742550000.0,513850000.0,228700000.0,4363179394.0,-18541000.0,-13014000.0,16001000.0,-29485000.0,-10538000.0,-24022000.0,-33457000.0,1725000.0,43174000.0,-4236000.0,49078000.0,49078000.0,49078000.0,0.0,0.0,0.056,346478000.0,77743000.0,263764000.0,0.0,3.024,22.043,21.954,327494000.0,0.0,47.86,1.281,1.283,278876000.0,1216023000.0,884075000.0,884075000.0,0.0,,,,,0.0,342890000.0,1.0,91165470.0,91324000.0,93163000.0,9.681,1532807000.0,0.0,26427000.0,41686000.0,16.784,608123000.0
25,ACV1,MRQ,2004-12-31,2004-12-31,2004-12-31,2021-08-25,7018000.0,2147667000.0,,1103655000.0,1044012000.0,,15.339,-21973000.0,126491000.0,126491000.0,421473000.0,49418000.0,2.13,0.544,141907000.0,539000.0,141368000.0,141907000.0,0.0,12111000.0,0.0,0.0,0.0,77762000.0,89873000.0,0.106,89873000.0,77762000.0,76028000.0,0.54,0.53,0.54,1391277000.0,,1391277000.0,4340198056.0,14.0,12.368,-21959000.0,-0.242,1.0,426061000.0,0.503,646528000.0,1734000.0,998325000.0,,688028000.0,0.0,0.0,0.0,756390000.0,518230000.0,238160000.0,4420296056.0,-2099000.0,-89396000.0,6429000.0,34111000.0,-9096000.0,31444000.0,-37463000.0,73299000.0,14000.0,3906000.0,49418000.0,49418000.0,49418000.0,0.0,0.0,0.058,348299000.0,77762000.0,263073000.0,0.0,3.177,23.333,23.239,313945000.0,0.0,48.57,1.323,1.319,243817000.0,1177483000.0,847534000.0,847534000.0,0.0,,,,,0.0,344509000.0,1.0,91008772.0,90703000.0,92450000.0,9.344,1501139000.0,0.0,26610000.0,64166000.0,16.55,585425000.0
26,ACV1,MRQ,2004-09-30,2004-09-30,2004-09-30,2021-08-25,-18136000.0,2058780000.0,,1118433000.0,940347000.0,,14.593,-21063000.0,99035000.0,99035000.0,498571000.0,47980000.0,2.101,0.567,121791000.0,545000.0,121246000.0,121791000.0,0.0,12332000.0,0.0,0.0,0.0,71753000.0,84085000.0,0.099,84085000.0,71753000.0,67043000.0,0.53,0.52,0.53,1313706000.0,,1313706000.0,3934117165.0,17.0,13.968,66233000.0,0.736,1.0,352129000.0,0.414,565792000.0,4710000.0,983310000.0,,626834000.0,102854000.0,102854000.0,0.0,745074000.0,532434000.0,212640000.0,3943404165.0,-36367000.0,-1747000.0,1160000.0,-203771000.0,-9070000.0,-211681000.0,88479000.0,111247000.0,87296000.0,-461000.0,47980000.0,47980000.0,47980000.0,0.0,0.0,0.056,267787000.0,84342000.0,258983000.0,0.0,3.002,27.816,27.694,293901000.0,0.0,43.48,1.21,1.201,250008000.0,1137161000.0,850700000.0,850700000.0,0.0,,,,,0.0,261224000.0,1.0,90694668.0,90026000.0,91832000.0,9.449,1492988000.0,0.0,19063000.0,44673000.0,16.584,585999000.0
27,ACV1,MRQ,2004-06-30,2004-06-30,2004-06-30,2021-08-25,-29684000.0,2176951000.0,,1250476000.0,926475000.0,,13.9,-19042000.0,330477000.0,330477000.0,404267000.0,51464000.0,2.461,0.736,321190000.0,577000.0,320613000.0,321190000.0,0.0,9784000.0,0.0,0.0,0.0,85992000.0,95776000.0,0.116,95776000.0,85992000.0,80485000.0,0.57,0.56,0.57,1254074000.0,,1254074000.0,4578666884.0,19.0,16.18,24554000.0,0.272,1.0,418957000.0,0.509,563786000.0,5507000.0,1095805000.0,,623137000.0,19026000.0,19026000.0,0.0,922877000.0,508073000.0,414804000.0,4536553884.0,16118000.0,33717000.0,4017000.0,32000.0,-9055000.0,-5006000.0,-21938000.0,-42320000.0,43596000.0,-534000.0,51464000.0,51464000.0,51464000.0,0.0,0.0,0.063,343112000.0,75845000.0,245668000.0,0.0,3.617,32.518,32.141,284127000.0,0.0,50.14,1.436,1.432,233179000.0,1098252000.0,823224000.0,823224000.0,0.0,,,,,0.0,335343000.0,1.0,90477740.0,90218000.0,92312000.0,9.125,1613165000.0,0.0,29021000.0,46415000.0,17.881,742403000.0
28,ACV1,MRQ,2004-03-31,2004-03-31,2004-03-31,2021-08-25,-24884000.0,2115068000.0,,1189425000.0,925643000.0,,13.392,-18371000.0,279039000.0,279039000.0,401810000.0,40585000.0,2.391,0.756,321152000.0,462000.0,320690000.0,321152000.0,0.0,12914000.0,0.0,0.0,0.0,68267000.0,81181000.0,0.099,81181000.0,68267000.0,62438000.0,0.45,0.44,0.45,1204379000.0,,1204379000.0,4018251156.0,18.0,14.809,72298000.0,0.804,1.0,417511000.0,0.51,565155000.0,5829000.0,1094653000.0,,618124000.0,12026000.0,12026000.0,0.0,910689000.0,497373000.0,413316000.0,3949705156.0,110196000.0,-32192000.0,8017000.0,407000.0,-9075000.0,-651000.0,20540000.0,71344000.0,90669000.0,-362000.0,40585000.0,40585000.0,40585000.0,0.0,0.0,0.05,349244000.0,68267000.0,251047000.0,0.0,3.279,30.241,29.642,282149000.0,0.0,43.87,1.286,1.284,233222000.0,1055842000.0,819321000.0,819321000.0,0.0,,,,,0.0,341144000.0,1.0,90032030.0,89934000.0,91864000.0,9.11,1549913000.0,0.0,21853000.0,41619000.0,17.234,692052000.0
29,ACV1,MRQ,2003-12-31,2003-12-31,2003-12-31,2021-08-25,-22659000.0,2025617000.0,,1126887000.0,898730000.0,,13.003,-16255000.0,252213000.0,252213000.0,382718000.0,1741000.0,2.484,0.748,320759000.0,195000.0,320564000.0,320759000.0,0.0,12553000.0,0.0,0.0,0.0,8058000.0,20611000.0,0.027,20611000.0,8058000.0,2678000.0,0.02,0.02,0.02,1158647000.0,,1158647000.0,3731452724.0,17.0,14.005,11686000.0,0.131,1.0,382033000.0,0.5,546708000.0,5380000.0,1093858000.0,,601644000.0,0.0,0.0,0.0,866970000.0,453597000.0,413373000.0,3780718724.0,-117935000.0,-125215000.0,-1575000.0,17000.0,-6290000.0,-7848000.0,-141324000.0,0.0,27941000.0,3296000.0,1741000.0,1741000.0,1741000.0,0.0,0.0,0.002,373975000.0,8058000.0,231604000.0,0.0,3.263,29.565,28.804,275451000.0,0.0,42.053,1.278,1.266,232086000.0,1030964000.0,764751000.0,764751000.0,0.0,,,,,0.0,310805000.0,1.0,89902950.0,89109000.0,91199000.0,8.582,1478909000.0,0.0,937000.0,34463000.0,16.597,673290000.0
30,ACV1,MRQ,2003-09-30,2003-09-30,2003-09-30,2021-08-25,-40695000.0,1945609000.0,,1165489000.0,780120000.0,,12.135,-26440000.0,370148000.0,370148000.0,376005000.0,45718000.0,2.504,0.832,320882000.0,295000.0,320587000.0,320882000.0,0.0,9112000.0,0.0,0.0,0.0,76304000.0,85416000.0,0.114,85416000.0,76304000.0,70881000.0,0.52,0.51,0.52,1062129000.0,,1062129000.0,3479318682.0,13.0,10.887,76805000.0,0.878,1.0,375623000.0,0.5,439748000.0,5423000.0,991086000.0,,531157000.0,0.0,0.0,0.0,883480000.0,465509000.0,417971000.0,3457059682.0,-38320000.0,-653000.0,4277000.0,-8748000.0,-6180000.0,-10651000.0,-133410000.0,-107325000.0,103245000.0,2496000.0,45718000.0,45718000.0,45718000.0,0.0,0.0,0.061,299319000.0,76304000.0,220633000.0,0.0,3.255,21.32,21.196,264335000.0,0.0,39.213,1.196,1.187,226054000.0,1035513000.0,751628000.0,751628000.0,0.0,,,,,0.0,299319000.0,1.0,88160312.0,87527000.0,89957000.0,8.587,1505861000.0,0.0,25163000.0,61480000.0,17.205,699980000.0
31,ACV1,MRQ,2003-06-30,2003-06-30,2003-06-30,2021-08-25,-44589000.0,1870434000.0,,1106511000.0,763923000.0,,11.546,-13478000.0,301143000.0,301143000.0,371889000.0,42564000.0,2.461,0.85,323402000.0,2860000.0,320542000.0,323402000.0,0.0,13388000.0,0.0,0.0,0.0,70748000.0,84136000.0,0.114,84136000.0,70748000.0,65096000.0,0.49,0.47,0.49,1010951000.0,,1010951000.0,3074343445.0,12.0,9.853,56332000.0,0.643,1.0,364168000.0,0.495,437445000.0,5652000.0,1005701000.0,,548152000.0,0.0,0.0,0.0,859483000.0,449547000.0,409936000.0,2997595445.0,54250000.0,-813000.0,1646000.0,-300000.0,-6161000.0,-4815000.0,-13833000.0,0.0,69810000.0,3088000.0,42564000.0,42564000.0,42564000.0,0.0,0.0,0.058,293420000.0,70748000.0,222475000.0,0.0,2.965,19.246,19.106,252690000.0,0.0,34.067,1.056,1.051,216729000.0,995974000.0,736057000.0,736057000.0,0.0,,,,,0.0,293420000.0,1.0,87992038.0,87561000.0,90110000.0,8.406,1432989000.0,0.0,22532000.0,53748000.0,16.366,656964000.0
32,ACV1,MRQ,2003-03-31,2003-03-31,2003-03-31,2021-08-25,-61425000.0,1791644000.0,,1039098000.0,752546000.0,,10.927,-11992000.0,246893000.0,246893000.0,349068000.0,37855000.0,2.431,0.878,323641000.0,3357000.0,320284000.0,323641000.0,0.0,11399000.0,0.0,0.0,0.0,64882000.0,76281000.0,0.108,76281000.0,64882000.0,59148000.0,0.43,0.42,0.43,954194000.0,,954194000.0,3005573837.0,12.0,9.96,48615000.0,0.557,1.0,357888000.0,0.506,431097000.0,5734000.0,1009879000.0,,547138000.0,0.0,0.0,0.0,837450000.0,427416000.0,410034000.0,2878349837.0,51231000.0,-92000.0,4917000.0,717000.0,-6143000.0,-509000.0,-12290000.0,0.0,60607000.0,3423000.0,37855000.0,37855000.0,37855000.0,0.0,0.0,0.054,293006000.0,64882000.0,218051000.0,0.0,3.017,19.241,19.179,248533000.0,0.0,32.853,1.034,1.031,204988000.0,959572000.0,706956000.0,706956000.0,0.0,,,,,0.0,293006000.0,1.0,87612110.0,87324000.0,89994000.0,8.096,1360547000.0,0.0,21293000.0,50445000.0,15.58,611682000.0
33,ACV1,MRQ,2002-12-31,2002-12-31,2002-12-31,2021-08-25,-67692000.0,1736931000.0,,989213000.0,747718000.0,,10.442,-9441000.0,195662000.0,195662000.0,352288000.0,36016000.0,2.356,0.912,322886000.0,2701000.0,320185000.0,322886000.0,0.0,11892000.0,0.0,0.0,0.0,61857000.0,73749000.0,0.106,73749000.0,61857000.0,56275000.0,0.41,0.4,0.41,908634000.0,,908634000.0,3051684540.0,12.0,10.387,-18326000.0,-0.211,1.0,344488000.0,0.494,425989000.0,5582000.0,1018302000.0,,548444000.0,0.0,0.0,0.0,828297000.0,419864000.0,408433000.0,2945286540.0,-21823000.0,-16000.0,949000.0,-1091000.0,-5262000.0,-5404000.0,-9085000.0,0.0,-8885000.0,1551000.0,36016000.0,36016000.0,36016000.0,0.0,0.0,0.052,282631000.0,61857000.0,214768000.0,0.0,3.241,20.399,20.204,247994000.0,0.0,33.6,1.077,1.07,209201000.0,927860000.0,696776000.0,696776000.0,0.0,,,,,0.0,282631000.0,1.0,87657338.0,87017000.0,89766000.0,8.007,1310942000.0,0.0,20259000.0,65926000.0,15.065,569349000.0
34,ACV1,MRQ,2002-09-30,2002-09-30,2002-09-30,2021-08-25,-77603000.0,1729491000.0,,984217000.0,745274000.0,,10.02,-10332000.0,217485000.0,217485000.0,350557000.0,39320000.0,2.138,1.005,323883000.0,3702000.0,320181000.0,323883000.0,0.0,11728000.0,0.0,0.0,0.0,66135000.0,77863000.0,0.112,77863000.0,66135000.0,60492000.0,0.453,0.443,0.453,862459000.0,,862459000.0,3025310745.0,13.0,10.742,84270000.0,0.979,1.0,347323000.0,0.498,423112000.0,5643000.0,952330000.0,,522208000.0,0.0,0.0,0.0,867032000.0,460447000.0,406585000.0,2848501745.0,68021000.0,-9498000.0,-6875000.0,-1144000.0,-5229000.0,-10476000.0,-15230000.0,-16000.0,94602000.0,-875000.0,39320000.0,39320000.0,39320000.0,0.0,0.0,0.056,281188000.0,66135000.0,233942000.0,0.0,3.303,20.692,20.429,247850000.0,0.0,32.687,1.075,1.061,209010000.0,897106000.0,697880000.0,697880000.0,0.0,,,,,0.0,281188000.0,1.0,87145678.0,86070000.0,,8.108,1306379000.0,0.0,21172000.0,52829000.0,15.178,523770000.0
35,ACV1,MRQ,2002-06-30,2002-06-30,2002-06-30,2021-08-25,-75310000.0,1642995000.0,,909378000.0,733617000.0,,9.482,-12909000.0,149464000.0,149464000.0,345000000.0,36401000.0,2.133,0.999,326273000.0,3818000.0,322455000.0,326273000.0,0.0,12362000.0,0.0,0.0,0.0,61511000.0,73873000.0,0.108,73873000.0,61511000.0,56002000.0,0.42,0.407,0.42,821805000.0,,821805000.0,2986162355.0,13.0,11.218,43195000.0,0.498,1.0,336074000.0,0.493,416121000.0,5509000.0,977248000.0,,513631000.0,0.0,0.0,0.0,821190000.0,426435000.0,394755000.0,2761927355.0,49309000.0,587000.0,6267000.0,480000.0,-5210000.0,1537000.0,-8587000.0,439000.0,56104000.0,255000.0,36401000.0,36401000.0,36401000.0,0.0,0.0,0.053,274563000.0,61511000.0,214736000.0,0.0,3.361,21.224,20.965,250949000.0,0.0,31.867,1.075,1.075,218008000.0,863016000.0,681074000.0,681074000.0,0.0,,,,,0.0,274563000.0,1.0,86671360.0,86671360.0,,7.858,1226874000.0,0.0,19601000.0,52684000.0,14.155,482943000.0
36,ACV1,MRQ,2002-03-31,2002-03-31,2002-03-31,2021-08-25,-86944000.0,1561675000.0,,842073000.0,719602000.0,,8.939,-16359000.0,100155000.0,100155000.0,336822000.0,32650000.0,2.111,1.022,324390000.0,3268000.0,321122000.0,324390000.0,0.0,11917000.0,0.0,0.0,0.0,56386000.0,68303000.0,0.104,68303000.0,56386000.0,50231000.0,0.38,0.367,0.38,772321000.0,,772321000.0,3342809456.0,16.0,13.319,56712000.0,0.656,1.0,320940000.0,0.488,408625000.0,6155000.0,978294000.0,,508927000.0,414000.0,414000.0,0.0,789354000.0,398991000.0,390363000.0,3110349456.0,8706000.0,-5626000.0,3858000.0,739000.0,-5195000.0,-40598000.0,-23430000.0,458000.0,73071000.0,-337000.0,32650000.0,32650000.0,32650000.0,0.0,0.0,0.05,264554000.0,56386000.0,210072000.0,0.0,4.027,25.328,24.879,247081000.0,0.0,36.0,1.247,1.247,208733000.0,831824000.0,657762000.0,657762000.0,0.0,,,,,0.0,264554000.0,1.0,86398596.0,86398596.0,,7.613,1153050000.0,0.0,17581000.0,53982000.0,13.346,443082000.0
37,ACV1,MRQ,2001-12-31,2001-12-31,2001-12-31,2021-08-25,-77725000.0,1507954000.0,,795018000.0,712936000.0,,8.714,-15864000.0,91449000.0,91449000.0,310585000.0,29294000.0,2.158,1.011,323909000.0,2786000.0,321123000.0,323909000.0,0.0,11207000.0,0.0,0.0,0.0,50396000.0,61603000.0,0.1,61603000.0,50396000.0,45067000.0,0.347,0.333,0.347,749805000.0,,749805000.0,2688637957.0,14.0,11.322,-7948000.0,-0.092,1.0,303675000.0,0.494,408857000.0,5329000.0,963121000.0,,505568000.0,1017000.0,1017000.0,0.0,758149000.0,368436000.0,389713000.0,2566538957.0,-110521000.0,-95596000.0,-2129000.0,-298000.0,-4717000.0,-7144000.0,-111467000.0,0.0,7916000.0,174000.0,29294000.0,29294000.0,29294000.0,0.0,0.0,0.048,253279000.0,50396000.0,206812000.0,0.0,3.423,22.117,21.724,244603000.0,0.0,29.827,1.056,1.056,170093000.0,804369000.0,614260000.0,614260000.0,0.0,,,,,0.0,253279000.0,1.0,86048468.0,86048468.0,,7.139,1099097000.0,0.0,15773000.0,60344000.0,12.773,426582000.0
38,ACV1,MRQ,2001-09-30,2001-09-30,2001-09-30,2021-08-25,-61284000.0,1516501000.0,,876949000.0,639552000.0,,8.651,-13238000.0,201970000.0,201970000.0,308465000.0,31787000.0,2.247,1.06,324069000.0,2886000.0,321183000.0,324069000.0,0.0,9126000.0,0.0,0.0,0.0,53284000.0,62410000.0,0.101,62410000.0,53284000.0,48161000.0,0.373,0.367,0.373,736009000.0,,736009000.0,2378850599.0,13.0,10.508,55541000.0,0.653,1.0,308796000.0,0.5,343871000.0,5123000.0,904426000.0,,478311000.0,869000.0,869000.0,0.0,780492000.0,390303000.0,390189000.0,2205794599.0,44156000.0,568000.0,1919000.0,-7917000.0,-4684000.0,-10682000.0,-12288000.0,6000.0,68779000.0,-1653000.0,31787000.0,31787000.0,31787000.0,0.0,0.0,0.051,255512000.0,53284000.0,191410000.0,0.0,2.997,19.984,19.837,235822000.0,0.0,25.927,0.927,0.927,169657000.0,779792000.0,617261000.0,617261000.0,0.0,,,,,0.0,255512000.0,1.0,85078218.0,85078218.0,,7.255,1172630000.0,0.0,16374000.0,69568000.0,13.783,486646000.0
39,ACV1,MRQ,2001-06-30,2001-06-30,2001-06-30,2021-08-25,-62223000.0,1472084000.0,,835958000.0,636126000.0,,8.279,-9779000.0,157814000.0,157814000.0,311550000.0,29071000.0,2.255,1.094,330870000.0,2972000.0,327898000.0,330870000.0,0.0,9330000.0,0.0,0.0,0.0,49332000.0,58662000.0,0.097,58662000.0,49332000.0,44047000.0,0.347,0.333,0.347,702989000.0,,702989000.0,2577289463.0,14.0,12.121,30786000.0,0.363,1.0,293497000.0,0.485,343625000.0,5285000.0,930782000.0,,487024000.0,819000.0,819000.0,0.0,769095000.0,370733000.0,398362000.0,2379694463.0,17358000.0,-6713000.0,2206000.0,-7224000.0,-4673000.0,-9691000.0,-14831000.0,156000.0,40565000.0,1315000.0,29071000.0,29071000.0,29071000.0,0.0,0.0,0.048,244165000.0,49332000.0,201067000.0,0.0,3.385,22.299,22.12,232152000.0,0.0,28.027,1.059,1.059,162576000.0,752688000.0,605047000.0,605047000.0,0.0,,,,,0.0,244165000.0,1.0,84908223.0,84908223.0,,7.126,1128459000.0,0.0,14976000.0,59240000.0,13.29,465225000.0
40,ACV1,MRQ,2001-03-31,2001-03-31,2001-03-31,2021-08-25,-59858000.0,1435572000.0,,801336000.0,634236000.0,,8.023,-8432000.0,140456000.0,140456000.0,302961000.0,25892000.0,2.252,1.116,338051000.0,5746000.0,332305000.0,338051000.0,0.0,9369000.0,0.0,0.0,0.0,45435000.0,54804000.0,0.092,54804000.0,45435000.0,39765000.0,0.307,0.3,0.307,678499000.0,,678499000.0,2462452919.0,14.0,11.718,27854000.0,0.329,1.0,289981000.0,0.489,344539000.0,5670000.0,932849000.0,,474810000.0,995000.0,995000.0,0.0,757073000.0,355779000.0,401294000.0,2236100919.0,29905000.0,-1509000.0,4179000.0,1983000.0,-4660000.0,1502000.0,-9925000.0,-485000.0,36286000.0,2042000.0,25892000.0,25892000.0,25892000.0,0.0,0.0,0.044,244546000.0,45435000.0,193736000.0,0.0,3.296,21.686,21.548,232047000.0,0.0,26.44,1.01,1.01,158227000.0,728291000.0,592942000.0,592942000.0,0.0,,,,,0.0,244546000.0,1.0,84572652.0,84572652.0,,7.011,1091033000.0,0.0,13873000.0,53581000.0,12.901,445557000.0
41,ACV1,MRQ,2000-12-31,2000-12-31,2000-12-31,2021-08-25,-51340000.0,1437892000.0,,787749000.0,650143000.0,,7.905,-5303000.0,110551000.0,110551000.0,294257000.0,23626000.0,2.167,1.155,336903000.0,3877000.0,333026000.0,336903000.0,0.0,9490000.0,0.0,0.0,0.0,41015000.0,50505000.0,0.09,50505000.0,41015000.0,35263000.0,0.28,0.273,0.28,667160000.0,,667160000.0,2639054834.0,15.0,12.84,14272000.0,0.169,1.0,269610000.0,0.478,349314000.0,5752000.0,951377000.0,,482254000.0,546000.0,546000.0,0.0,770732000.0,363553000.0,407179000.0,2408755834.0,-4086000.0,-11137000.0,5838000.0,-8385000.0,-4198000.0,-6745000.0,-17697000.0,-215000.0,19575000.0,781000.0,23626000.0,23626000.0,23626000.0,0.0,0.0,0.042,228595000.0,41015000.0,209651000.0,0.0,3.61,24.093,23.924,236765000.0,0.0,28.542,1.107,1.107,167982000.0,707059000.0,563867000.0,563867000.0,0.0,,,,,0.0,228595000.0,1.0,84394365.0,84394365.0,,6.681,1088578000.0,0.0,11637000.0,65965000.0,12.899,424196000.0
42,ACV1,MRQ,2000-09-30,2000-09-30,2000-09-30,2021-08-25,-54400000.0,1385598000.0,,740537000.0,645061000.0,,7.551,-9699000.0,114637000.0,114637000.0,310812000.0,28128000.0,2.173,1.192,344936000.0,3988000.0,340948000.0,344936000.0,0.0,778000.0,0.0,0.0,0.0,47887000.0,48665000.0,0.1,48665000.0,47887000.0,41980000.0,0.333,0.333,0.333,632260000.0,,632260000.0,1841815151.0,11.0,8.768,26465000.0,0.316,1.0,174218000.0,0.359,347635000.0,5907000.0,927473000.0,,445257000.0,314000.0,314000.0,0.0,753338000.0,340789000.0,412549000.0,1608365151.0,-20227000.0,-29198000.0,783000.0,-21709000.0,-4191000.0,-25117000.0,-33884000.0,5000.0,36164000.0,2610000.0,28128000.0,28128000.0,28128000.0,0.0,0.0,0.058,126331000.0,47887000.0,183770000.0,0.0,2.544,15.587,15.579,240091000.0,0.0,19.208,0.752,0.752,154207000.0,687631000.0,485030000.0,485030000.0,0.0,,,,,0.0,126331000.0,1.0,83732676.0,83732676.0,,5.793,1037963000.0,0.0,13852000.0,56265000.0,12.396,399748000.0
43,ACV1,MRQ,2000-06-30,2000-06-30,2000-06-30,2021-08-25,-44539000.0,1394779000.0,,761278000.0,633501000.0,,7.407,-8731000.0,134864000.0,134864000.0,280377000.0,25466000.0,2.201,1.252,368314000.0,5566000.0,362748000.0,368314000.0,0.0,12549000.0,0.0,0.0,0.0,43626000.0,56175000.0,0.098,56175000.0,43626000.0,38010000.0,0.307,0.3,0.307,619330000.0,,619330000.0,1969796805.0,12.0,9.581,43542000.0,0.521,1.0,292718000.0,0.511,327801000.0,5616000.0,954599000.0,,448913000.0,333000.0,333000.0,0.0,775449000.0,345829000.0,429620000.0,1703720805.0,76295000.0,-2598000.0,752000.0,45396000.0,-4187000.0,41961000.0,-17113000.0,276000.0,52273000.0,-826000.0,25466000.0,25466000.0,25466000.0,0.0,0.0,0.044,249092000.0,43626000.0,201545000.0,0.0,2.751,17.036,16.979,240934000.0,0.0,20.375,0.783,0.783,152885000.0,663695000.0,573095000.0,573095000.0,0.0,,,,,0.0,249092000.0,1.0,83618199.0,83618199.0,,6.854,1066978000.0,0.0,12544000.0,58709000.0,12.76,415449000.0
44,ACV1,MRQ,2000-03-31,2000-03-31,2000-03-31,2021-08-25,-38659000.0,1329457000.0,,696793000.0,632664000.0,,7.209,-10985000.0,58569000.0,58569000.0,271520000.0,22757000.0,2.042,1.206,324645000.0,6656000.0,317989000.0,324645000.0,0.0,11969000.0,0.0,0.0,0.0,38224000.0,50193000.0,0.091,50193000.0,38224000.0,33965000.0,0.273,0.267,0.273,602662000.0,,602662000.0,1515212426.0,9.0,7.707,20513000.0,0.245,1.0,282293000.0,0.51,330062000.0,4259000.0,924261000.0,,456943000.0,628000.0,628000.0,0.0,726795000.0,341210000.0,385585000.0,1327195426.0,5615000.0,-97921000.0,226000.0,81626000.0,-4186000.0,82666000.0,-108494000.0,-139000.0,31498000.0,-55000.0,22757000.0,22757000.0,22757000.0,0.0,0.0,0.041,244069000.0,38224000.0,199901000.0,0.0,2.202,13.653,13.685,244108000.0,0.0,15.875,0.631,0.631,155629000.0,642415000.0,553813000.0,553813000.0,0.0,,,,,0.0,244069000.0,1.0,83602862.0,83602862.0,,6.624,999395000.0,0.0,11208000.0,60437000.0,11.954,355583000.0
45,ACV1,MRQ,1999-12-31,1999-12-31,1999-12-31,2021-08-25,-35872000.0,1202610000.0,,660786000.0,541824000.0,,7.036,-8112000.0,52954000.0,52954000.0,257370000.0,26833000.0,2.033,1.05,240971000.0,5358000.0,235613000.0,240971000.0,0.0,11279000.0,0.0,0.0,0.0,43753000.0,55032000.0,0.105,55032000.0,43753000.0,40326000.0,0.32,0.32,0.32,586755000.0,,586755000.0,1607959520.0,10.0,8.391,-8917000.0,-0.107,1.0,268429000.0,0.511,250567000.0,3427000.0,815058000.0,,439256000.0,489000.0,489000.0,0.0,615855000.0,325002000.0,290853000.0,1434998520.0,-2977000.0,-15115000.0,-2509000.0,13087000.0,-3618000.0,6960000.0,-8158000.0,1396000.0,-805000.0,-974000.0,26833000.0,26833000.0,26833000.0,0.0,0.0,0.051,224676000.0,43753000.0,188561000.0,0.0,2.446,15.185,15.365,236267000.0,0.0,17.208,0.704,0.704,146024000.0,623845000.0,525799000.0,525799000.0,0.0,,,,,0.0,233933000.0,1.0,83389744.0,83389744.0,,6.305,952043000.0,0.0,13493000.0,64656000.0,11.417,335784000.0
46,ACV1,MRQ,1999-09-30,1999-09-30,1999-09-30,2021-08-25,-31160000.0,1184534000.0,,645554000.0,538980000.0,,6.797,-14110000.0,55931000.0,55931000.0,259358000.0,24949000.0,1.919,1.082,228892000.0,3719000.0,225173000.0,228892000.0,0.0,1344000.0,0.0,0.0,0.0,42846000.0,44190000.0,0.084,44190000.0,42846000.0,38680000.0,0.3,0.293,0.3,568820000.0,,568820000.0,1461175260.0,10.0,8.17,5752000.0,0.069,1.0,264191000.0,0.505,245084000.0,4166000.0,776010000.0,,421888000.0,1885000.0,1885000.0,0.0,615714000.0,336401000.0,279313000.0,1290115260.0,4810000.0,-9611000.0,-1602000.0,5922000.0,-3627000.0,2040000.0,-17306000.0,-614000.0,19862000.0,214000.0,24949000.0,24949000.0,24949000.0,0.0,0.0,0.048,221345000.0,42846000.0,198887000.0,0.0,2.268,14.951,15.114,238753000.0,0.0,15.417,0.653,0.653,144075000.0,600629000.0,523549000.0,523549000.0,0.0,,,,,0.0,221345000.0,1.0,83683152.0,83683152.0,,6.256,939450000.0,0.0,13731000.0,53246000.0,11.226,309153000.0
47,ACV1,MRQ,1999-06-30,1999-06-30,1999-06-30,2021-08-25,-35407000.0,1135602000.0,,611281000.0,524321000.0,,6.44,-14104000.0,51121000.0,51121000.0,247786000.0,22671000.0,1.884,1.087,222181000.0,3684000.0,218497000.0,222181000.0,0.0,10125000.0,0.0,0.0,0.0,37074000.0,47199000.0,0.094,47199000.0,37074000.0,33964000.0,0.267,0.267,0.267,544109000.0,,544109000.0,1657348442.0,12.0,9.605,11588000.0,0.137,1.0,252646000.0,0.505,237098000.0,3110000.0,745147000.0,,408841000.0,1271000.0,1271000.0,0.0,591493000.0,324417000.0,267076000.0,1499757442.0,1052000.0,-3769000.0,-11287000.0,14861000.0,-3635000.0,-1408000.0,-22896000.0,-742000.0,25692000.0,-336000.0,22671000.0,22671000.0,22671000.0,0.0,0.0,0.045,215572000.0,37074000.0,194897000.0,0.0,2.756,17.859,18.112,233188000.0,0.0,17.75,0.782,0.782,130480000.0,579307000.0,500432000.0,500432000.0,0.0,,,,,0.0,215572000.0,1.0,84493377.0,84493377.0,,5.923,898504000.0,0.0,11293000.0,48356000.0,10.634,286864000.0
48,ACV1,MRQ,1999-03-31,1999-03-31,1999-03-31,2021-08-25,-33166000.0,1099048000.0,,584472000.0,514576000.0,,6.299,-9968000.0,50069000.0,50069000.0,237801000.0,20050000.0,1.893,1.04,207660000.0,3760000.0,203900000.0,207660000.0,0.0,10592000.0,0.0,0.0,0.0,34618000.0,45210000.0,0.093,45210000.0,34618000.0,31701000.0,0.233,0.233,0.233,538744000.0,,538744000.0,1461200543.0,10.0,8.548,32014000.0,0.374,1.0,249595000.0,0.512,234896000.0,2917000.0,712917000.0,,386422000.0,529000.0,529000.0,0.0,560304000.0,308826000.0,251478000.0,1332855543.0,4349000.0,-45174000.0,-16521000.0,33344000.0,-3703000.0,18120000.0,-54719000.0,957000.0,41982000.0,-1034000.0,20050000.0,20050000.0,20050000.0,0.0,0.0,0.041,214977000.0,34618000.0,179795000.0,0.0,2.474,16.163,16.115,229222000.0,0.0,15.583,0.707,0.707,127402000.0,560271000.0,487396000.0,487396000.0,0.0,,,,,0.0,214977000.0,1.0,85530837.0,85530837.0,,5.698,864152000.0,0.0,11651000.0,49709000.0,10.103,275646000.0
49,ACV1,MRQ,1998-12-31,1998-12-31,1998-12-31,2021-08-25,-28499000.0,1048905000.0,,570632000.0,478273000.0,,6.353,-9640000.0,45720000.0,45720000.0,228757000.0,18620000.0,1.985,0.929,174065000.0,3521000.0,170544000.0,174065000.0,0.0,10275000.0,0.0,0.0,0.0,31964000.0,42239000.0,0.091,42239000.0,31964000.0,29438000.0,0.22,0.213,0.22,543749000.0,,543749000.0,1625434530.0,12.0,9.63,-13617000.0,-0.159,1.0,235794000.0,0.508,202623000.0,2526000.0,687191000.0,,375694000.0,909000.0,909000.0,0.0,505156000.0,287436000.0,217720000.0,1522831530.0,-26675000.0,-3750000.0,-6375000.0,317000.0,-3429000.0,-9487000.0,-12712000.0,1000.0,-3977000.0,-499000.0,18620000.0,18620000.0,18620000.0,0.0,0.0,0.04,203830000.0,31964000.0,163010000.0,0.0,2.801,18.572,18.533,223437000.0,0.0,17.792,0.821,0.821,128485000.0,543923000.0,464551000.0,464551000.0,0.0,,,,,0.0,203830000.0,1.0,85592404.0,85592404.0,,5.427,846282000.0,0.0,10818000.0,51690000.0,9.887,283196000.0
50,ACV1,MRQ,1998-09-30,1998-09-30,1998-09-30,2021-08-25,-28131000.0,1068184000.0,,591565000.0,476619000.0,,6.459,-18927000.0,72395000.0,72395000.0,231181000.0,22637000.0,1.886,1.0,174998000.0,3238000.0,171760000.0,174998000.0,0.0,-344000.0,0.0,0.0,0.0,38250000.0,37906000.0,0.081,37906000.0,38250000.0,36076000.0,0.26,0.253,0.26,533991000.0,,533991000.0,1408465303.0,10.0,8.283,22901000.0,0.277,1.0,235455000.0,0.505,204757000.0,2174000.0,652405000.0,,369204000.0,910000.0,910000.0,0.0,534193000.0,313625000.0,220568000.0,1288366303.0,-79870000.0,-15218000.0,-86773000.0,968000.0,-3654000.0,-89459000.0,-33179000.0,-1000.0,41828000.0,940000.0,22637000.0,22637000.0,22637000.0,0.0,0.0,0.049,197205000.0,38250000.0,177564000.0,0.0,2.413,15.51,16.016,223476000.0,0.0,15.583,0.702,0.702,129063000.0,528733000.0,466636000.0,466636000.0,0.0,,,,,0.0,197205000.0,1.0,82675912.0,82675912.0,,5.644,863427000.0,0.0,13439000.0,49068000.0,10.444,277940000.0
51,ACV1,MRQ,1998-06-30,1998-06-30,1998-06-30,2021-08-25,-31519000.0,1108161000.0,,656728000.0,451433000.0,,5.872,-10758000.0,152265000.0,152265000.0,227104000.0,21155000.0,2.221,1.213,272364000.0,6869000.0,265495000.0,272364000.0,0.0,9677000.0,0.0,0.0,0.0,35901000.0,45578000.0,0.097,45578000.0,35901000.0,33712000.0,0.253,0.233,0.253,500847000.0,,500847000.0,1720141875.0,,,19033000.0,0.223,1.0,240376000.0,0.514,190761000.0,2189000.0,741789000.0,,354907000.0,909000.0,909000.0,0.0,607314000.0,295710000.0,311604000.0,1648892875.0,73454000.0,-11621000.0,-47444000.0,116953000.0,-3344000.0,66165000.0,-21457000.0,4100000.0,29791000.0,-1045000.0,21155000.0,21155000.0,21155000.0,0.0,0.0,0.045,204475000.0,35901000.0,156225000.0,0.0,3.292,,,205684000.0,0.0,19.333,,,122209000.0,509750000.0,467480000.0,467480000.0,0.0,,,,,0.0,204475000.0,1.0,85287562.0,85287562.0,,5.481,917400000.0,0.0,12557000.0,51857000.0,10.757,361018000.0
52,ACV1,MRQ,1998-03-31,1998-03-31,1998-03-31,2021-08-25,-27583000.0,1013271000.0,,582015000.0,431256000.0,,6.271,-10173000.0,78811000.0,78811000.0,225770000.0,19583000.0,2.003,0.896,150060000.0,3730000.0,146330000.0,150060000.0,0.0,9686000.0,0.0,0.0,0.0,33371000.0,43057000.0,0.095,43057000.0,33371000.0,31208000.0,0.227,0.213,0.227,534466000.0,,534466000.0,1825638164.0,,,26349000.0,0.309,1.0,229425000.0,0.504,183873000.0,2163000.0,610136000.0,,357552000.0,5009000.0,5009000.0,0.0,478805000.0,290511000.0,188294000.0,1729374164.0,21919000.0,-49000.0,-875000.0,-3956000.0,-3414000.0,-8245000.0,-8915000.0,1289000.0,36522000.0,2557000.0,19583000.0,19583000.0,19583000.0,0.0,0.0,0.043,196054000.0,33371000.0,155892000.0,0.0,3.236,,,201991000.0,0.0,20.292,,,114718000.0,491949000.0,455195000.0,455195000.0,0.0,,,,,0.0,196054000.0,1.0,85225832.0,85225832.0,,5.341,829398000.0,0.0,11625000.0,47742000.0,9.732,291504000.0
53,ACV1,MRQ,1997-12-31,1997-12-31,1997-12-31,2021-08-25,-25534000.0,1003431000.0,,572158000.0,431273000.0,,6.113,-16076000.0,56892000.0,56892000.0,218040000.0,19692000.0,1.976,0.926,153156000.0,4576000.0,148580000.0,153156000.0,0.0,10035000.0,0.0,0.0,0.0,33463000.0,43498000.0,0.098,43498000.0,33463000.0,31382000.0,0.233,0.213,0.233,520977000.0,,520977000.0,,,,-13865000.0,-0.163,1.0,227360000.0,0.51,185610000.0,2081000.0,624480000.0,,361746000.0,6298000.0,6298000.0,0.0,482454000.0,289605000.0,192849000.0,1821702148.0,-19148000.0,-7001000.0,869000.0,47000.0,-2808000.0,-1892000.0,-17211000.0,5262000.0,2211000.0,-2256000.0,19692000.0,19692000.0,19692000.0,0.0,0.0,0.044,193897000.0,33463000.0,158639000.0,0.0,3.497,,,199655000.0,0.0,21.375,,,117106000.0,475787000.0,445400000.0,445400000.0,0.0,,,,,0.0,193897000.0,1.0,85225832.0,85225832.0,,5.226,817821000.0,0.0,11690000.0,46573000.0,9.596,282553000.0
54,ACV1,MRQ,1997-09-30,1997-09-30,1997-09-30,2021-08-25,-22555000.0,1000059000.0,,580259000.0,419800000.0,,,-14581000.0,76040000.0,76040000.0,,,1.864,1.012,154384000.0,4943000.0,149441000.0,154384000.0,0.0,1164000.0,0.0,0.0,0.0,,,,,,,,,,497004000.0,,497004000.0,,,,19022000.0,,1.0,,,184400000.0,,582751000.0,,343868000.0,11560000.0,11560000.0,0.0,503055000.0,311252000.0,191803000.0,,6063000.0,-1441000.0,385000.0,-5139000.0,-2808000.0,-7562000.0,-19211000.0,-2810000.0,33603000.0,-767000.0,,,,,,,,,174322000.0,,,,19.894,190998000.0,,20.292,,,120774000.0,458886000.0,,,,,,,,0.0,,1.0,,,,,815659000.0,0.0,,39030000.0,,269007000.0
55,ACV1,MRQ,1997-06-30,1997-06-30,1997-06-30,2021-08-25,,,,,,,,-13541000.0,,,226734000.0,19210000.0,,,,,,,,9117000.0,,0.0,0.0,32679000.0,41796000.0,0.092,41796000.0,32679000.0,30613000.0,0.227,0.213,0.227,,,,,,,-3229000.0,,1.0,229476000.0,0.503,,2066000.0,,,,,,,,,,,-15460000.0,-517000.0,861000.0,-1619000.0,-2803000.0,-3561000.0,-22091000.0,-1250000.0,10312000.0,-120000.0,19210000.0,19210000.0,19210000.0,0.0,0.0,0.042,196797000.0,32679000.0,,0.0,,,,,0.0,18.75,,,,,456210000.0,456210000.0,0.0,,,,,0.0,196797000.0,1.0,,,,,,,11403000.0,,,
56,ACV1,MRQ,1997-03-31,1997-03-31,1997-03-31,2021-08-25,,,,,,,,-21065000.0,,,,,,,,,,,,8946000.0,,0.0,0.0,,,,,,,,,,,,,,,,-11215000.0,,1.0,,,,,,,,,,,,,,,-21501000.0,-7455000.0,1320000.0,172000.0,-2794000.0,-1302000.0,-28865000.0,-1100000.0,9850000.0,-1184000.0,,,,,,,,,,,,,,,,17.417,,,,,,,,,,,,0.0,,1.0,,,,,,,,,,
57,ACV1,MRQ,1996-12-31,1996-12-31,1996-12-31,2021-08-25,,,,,,,,-9009000.0,,,,,,,,,,,,8942000.0,,0.0,0.0,,,,,,,,,,,,,,,,16954000.0,,1.0,,,,,,,,,,,,,,,40727000.0,-6215000.0,1856000.0,2456000.0,-2504000.0,1808000.0,12588000.0,-1054000.0,25963000.0,368000.0,,,,,,,,,,,,,,,,16.0,,,,,,,,,,,,0.0,,1.0,,,,,,,,,,
0,ACV1,MRT,2011-03-31,2011-03-31,2011-03-31,2021-08-25,-56194000.0,2049919000.0,1926515750.0,976740000.0,1073179000.0,0.863,14.825,-17570000.0,462255000.0,462255000.0,797315000.0,172709000.0,3.852,0.347,150338000.0,170000.0,150168000.0,150338000.0,0.0,29402000.0,0.0,0.0,0.0,248438000.0,277840000.0,0.167,277840000.0,248438000.0,242589000.0,1.75,1.71,1.75,1521119000.0,1392267250.0,1521119000.0,3578047758.0,14.0,12.878,148333000.0,1.446,1.0,865710000.0,0.521,701834000.0,5849000.0,782606000.0,768449250.0,174397000.0,52786000.0,6350000.0,46436000.0,527813000.0,253562000.0,274251000.0,3829296758.0,371135000.0,-6302000.0,93687000.0,139725000.0,-33962000.0,219048000.0,-19098000.0,4550000.0,165903000.0,5282000.0,172709000.0,172709000.0,172709000.0,7000.0,0.0,0.104,616973000.0,248737000.0,116979000.0,0.0,2.517,22.172,21.297,240567000.0,0.0,37.27,2.303,2.299,282363000.0,969840000.0,1663025000.0,1663025000.0,0.0,0.09,0.124,0.323,0.149,11237000.0,596668000.0,1.0,102744748.0,102604000.0,103826000.0,16.208,1348085000.0,30101000.0,69880000.0,83762000.0,13.139,723178000.0
1,ACV1,MRT,2010-12-31,2010-12-31,2010-12-31,2021-08-25,-70466000.0,1978616000.0,1819845000.0,910206000.0,1068410000.0,0.901,14.655,-21007000.0,401624000.0,401624000.0,783090000.0,166347000.0,3.759,0.351,150375000.0,173000.0,150202000.0,150375000.0,0.0,29553000.0,0.0,0.0,0.0,236901000.0,266454000.0,0.163,266454000.0,236901000.0,232819000.0,1.7,1.66,1.7,1464261000.0,1318688750.0,1464261000.0,3511246630.0,15.0,13.178,97589000.0,0.977,1.0,856519000.0,0.522,688615000.0,4082000.0,796643000.0,715539250.0,175774000.0,52729000.0,0.0,52729000.0,513300000.0,242109000.0,271191000.0,3662802630.0,308784000.0,-6737000.0,84512000.0,138720000.0,-33580000.0,207925000.0,-20121000.0,4950000.0,118596000.0,2384000.0,166347000.0,166347000.0,166347000.0,-103000.0,0.0,0.101,619429000.0,237090000.0,111877000.0,0.0,2.501,22.019,21.788,242965000.0,0.0,37.04,2.234,2.257,274317000.0,942089000.0,1639609000.0,1639609000.0,0.0,0.091,0.126,0.331,0.144,12501000.0,605837000.0,1.0,98887760.0,99915000.0,101906000.0,16.41,1290001000.0,38486000.0,66472000.0,83012000.0,12.911,668097000.0
2,ACV1,MRT,2010-09-30,2010-09-30,2010-09-30,2021-08-25,-70297000.0,1878275000.0,1727980250.0,804104000.0,1074171000.0,0.924,13.519,-25833000.0,301978000.0,301978000.0,762557000.0,155310000.0,2.837,0.416,150422000.0,181000.0,150241000.0,150422000.0,0.0,29101000.0,0.0,0.0,0.0,220342000.0,249443000.0,0.156,249443000.0,220342000.0,218018000.0,1.59,1.56,1.59,1324612000.0,1258944250.0,1324612000.0,3604205506.0,16.0,14.449,111638000.0,1.139,1.0,834676000.0,0.523,688715000.0,2324000.0,754580000.0,654306750.0,171306000.0,53706000.0,0.0,53706000.0,551035000.0,283424000.0,267611000.0,3714277506.0,-167797000.0,-390389000.0,-2432000.0,137552000.0,-32495000.0,105208000.0,-409178000.0,4350000.0,137471000.0,-1298000.0,155310000.0,155310000.0,155310000.0,-174000.0,0.0,0.097,614508000.0,220168000.0,126916000.0,0.0,2.804,23.915,23.679,247049000.0,0.0,37.65,2.325,2.31,283183000.0,902902000.0,1597233000.0,1597233000.0,0.0,0.09,0.123,0.337,0.138,12813000.0,596124000.0,1.0,98652789.0,97985000.0,99852000.0,16.301,1189560000.0,32149000.0,62708000.0,76908000.0,12.14,520680000.0
3,ACV1,MRT,2010-06-30,2010-06-30,2010-06-30,2021-08-25,-96012000.0,1799253000.0,1647915000.0,740764000.0,1058489000.0,0.941,12.847,-33457000.0,260515000.0,260515000.0,739443000.0,145624000.0,2.648,0.426,150443000.0,172000.0,150271000.0,150443000.0,0.0,28506000.0,0.0,0.0,0.0,207970000.0,236476000.0,0.153,236476000.0,207970000.0,209735000.0,1.48,1.46,1.48,1259077000.0,1226952750.0,1259077000.0,2577821900.0,12.0,10.901,137000000.0,1.398,1.0,811099000.0,0.523,669477000.0,-1765000.0,739968000.0,590427750.0,184015000.0,57482000.0,0.0,57482000.0,536862000.0,279736000.0,257126000.0,2668449900.0,-135526000.0,-385144000.0,-3469000.0,141569000.0,-31467000.0,108819000.0,-406246000.0,9500000.0,170457000.0,-8556000.0,145624000.0,145624000.0,145624000.0,-416000.0,0.0,0.094,601594000.0,209505000.0,138302000.0,0.0,2.119,18.324,18.304,247244000.0,0.0,27.09,1.721,1.712,252451000.0,869945000.0,1550542000.0,1550542000.0,0.0,0.088,0.119,0.352,0.134,11750000.0,589406000.0,1.0,98503134.0,98009000.0,99707000.0,15.82,1129776000.0,21868000.0,64111000.0,69767000.0,11.527,461028000.0
4,ACV1,MRT,2010-03-31,2010-03-31,2010-03-31,2021-08-25,-83341000.0,1623236000.0,1565610500.0,559854000.0,1063382000.0,0.948,12.529,-44856000.0,91120000.0,91120000.0,710127000.0,126376000.0,1.942,0.32,492000.0,172000.0,320000.0,492000.0,0.0,27963000.0,0.0,0.0,0.0,179920000.0,207883000.0,0.14,207883000.0,179920000.0,182885000.0,1.29,1.27,1.29,1226805000.0,1205510500.0,1226805000.0,2480490258.0,14.0,11.932,162888000.0,1.664,1.0,774456000.0,0.522,673287000.0,-2965000.0,570966000.0,539034500.0,161803000.0,57632000.0,0.0,57632000.0,392136000.0,288355000.0,103781000.0,2572762258.0,-249347000.0,-394320000.0,-4909000.0,-274000.0,-30453000.0,-33981000.0,-426839000.0,9500000.0,207744000.0,3729000.0,126376000.0,126376000.0,126376000.0,-1142000.0,0.0,0.085,593727000.0,180729000.0,146648000.0,0.0,2.097,20.358,20.271,248703000.0,0.0,26.15,1.733,1.725,262812000.0,831093000.0,1484583000.0,1484583000.0,0.0,0.081,0.105,0.334,0.121,10908000.0,576606000.0,1.0,98384790.0,97918000.0,99649000.0,15.161,949949000.0,28536000.0,56509000.0,62867000.0,9.701,271499000.0
5,ACV1,MRT,2009-12-31,2009-12-31,2009-12-31,2021-08-25,-57425000.0,1611157000.0,1514577750.0,522024000.0,1089133000.0,0.953,12.527,-58761000.0,92840000.0,92840000.0,697176000.0,124313000.0,1.903,0.311,568000.0,180000.0,388000.0,568000.0,0.0,25959000.0,0.0,0.0,0.0,179091000.0,205050000.0,0.142,205050000.0,179091000.0,182022000.0,1.27,1.25,1.27,1225283000.0,1180307250.0,1225283000.0,2405526160.0,13.0,11.731,197379000.0,2.018,1.0,746934000.0,0.517,692889000.0,-2931000.0,551713000.0,532263000.0,147874000.0,58540000.0,1000000.0,57540000.0,381440000.0,274283000.0,107157000.0,2874697160.0,-233074000.0,-393908000.0,-5899000.0,-11575000.0,-29441000.0,-45352000.0,-443784000.0,8500000.0,256140000.0,-78000.0,124313000.0,124313000.0,124313000.0,-1142000.0,0.0,0.086,567693000.0,179241000.0,126820000.0,0.0,2.346,23.125,23.063,251382000.0,0.0,29.29,1.991,1.984,236034000.0,809322000.0,1444110000.0,1444110000.0,0.0,0.082,0.105,0.336,0.124,9681000.0,550885000.0,1.0,98146028.0,97809000.0,99549000.0,14.765,918268000.0,25451000.0,57709000.0,75123000.0,9.388,247741000.0
6,ACV1,MRT,2009-09-30,2009-09-30,2009-09-30,2021-08-25,-58439000.0,1558014000.0,1468916750.0,865628000.0,692386000.0,0.976,12.252,-65241000.0,469775000.0,469775000.0,698778000.0,119374000.0,3.138,0.298,604000.0,175000.0,429000.0,604000.0,0.0,24966000.0,0.0,0.0,0.0,184706000.0,209672000.0,0.146,209672000.0,184706000.0,187379000.0,1.22,1.2,1.22,1196646000.0,1150653500.0,1196646000.0,2321421643.0,13.0,11.072,142889000.0,1.463,1.0,735202000.0,0.513,313955000.0,-2673000.0,499064000.0,530019250.0,126777000.0,58412000.0,0.0,58412000.0,356592000.0,275824000.0,80768000.0,2716798643.0,24443000.0,-95272000.0,2057000.0,-1462000.0,-28452000.0,-27366000.0,-150916000.0,8500000.0,208130000.0,-5405000.0,119374000.0,119374000.0,119374000.0,-1541000.0,0.0,0.083,552037000.0,183165000.0,150097000.0,0.0,2.27,22.759,22.689,249911000.0,0.0,27.68,1.895,1.885,228979000.0,792196000.0,1433980000.0,1433980000.0,0.0,0.081,0.104,0.348,0.129,10500000.0,545261000.0,1.0,98150240.0,97670000.0,99108000.0,14.682,1244059000.0,27409000.0,68005000.0,35635000.0,12.737,589804000.0
7,ACV1,MRT,2009-06-30,2009-06-30,2009-06-30,2021-08-25,-53125000.0,1470035000.0,1446238250.0,777072000.0,692963000.0,0.992,12.013,-70856000.0,396041000.0,396041000.0,701428000.0,234798000.0,3.49,0.248,664000.0,176000.0,488000.0,664000.0,0.0,24687000.0,0.0,0.0,0.0,304788000.0,329475000.0,0.23,329475000.0,304788000.0,314751000.0,2.4,2.35,2.4,1173308000.0,1129143500.0,1173308000.0,2155620279.0,7.0,6.543,104957000.0,1.075,1.0,733348000.0,0.511,317611000.0,-9963000.0,534395000.0,531180750.0,119073000.0,66293000.0,8473000.0,57820000.0,291441000.0,222652000.0,68789000.0,2495471279.0,199305000.0,135860000.0,5975000.0,-1913000.0,-27421000.0,-20190000.0,66054000.0,0.0,175813000.0,-11470000.0,234798000.0,234798000.0,234798000.0,-128175000.0,0.0,0.164,552210000.0,181138000.0,104893000.0,0.0,2.127,10.628,10.596,245970000.0,0.0,25.43,1.739,1.731,217688000.0,768998000.0,1434776000.0,1434776000.0,0.0,0.162,0.208,0.574,0.212,10963000.0,545298000.0,1.0,98130998.0,97668000.0,99047000.0,14.69,1152424000.0,0.0,79953000.0,29713000.0,11.799,554420000.0
8,ACV1,MRT,2009-03-31,2009-03-31,2009-03-31,2021-08-25,-77346000.0,1419105000.0,1437563750.0,744554000.0,674551000.0,1.007,11.532,-70750000.0,340467000.0,340467000.0,699936000.0,227952000.0,3.351,0.256,616000.0,151000.0,465000.0,616000.0,0.0,23147000.0,0.0,0.0,0.0,300691000.0,323838000.0,0.224,323838000.0,300691000.0,310277000.0,2.32,2.28,2.32,1125992000.0,1090392500.0,1125992000.0,1891865997.0,6.0,5.842,55753000.0,0.571,1.0,748130000.0,0.517,313154000.0,-9586000.0,543880000.0,581341750.0,138353000.0,64945000.0,8470000.0,56475000.0,287712000.0,222220000.0,65492000.0,2217116997.0,-49914000.0,143378000.0,-87869000.0,-123256000.0,-26599000.0,-232949000.0,88697000.0,7500000.0,126503000.0,-21807000.0,227952000.0,227952000.0,227952000.0,-118965000.0,0.0,0.157,563339000.0,184791000.0,100763000.0,0.0,1.969,9.726,9.746,234140000.0,0.0,22.61,1.531,1.525,223653000.0,748380000.0,1448066000.0,1448066000.0,0.0,0.159,0.209,0.517,0.208,9660000.0,558742000.0,1.0,98059133.0,97640000.0,99075000.0,14.831,1105951000.0,0.0,82325000.0,32896000.0,11.327,522334000.0
9,ACV1,MRT,2008-12-31,2008-12-31,2008-12-31,2021-08-25,-72577000.0,1428513000.0,1484115000.0,764644000.0,663869000.0,0.979,11.348,-67143000.0,325914000.0,325914000.0,692279000.0,228901000.0,3.057,0.286,663000.0,151000.0,512000.0,663000.0,0.0,23544000.0,0.0,0.0,0.0,298809000.0,322353000.0,0.222,322353000.0,298809000.0,308395000.0,2.32,2.28,2.32,1106668000.0,1081712500.0,1106668000.0,1956670091.0,7.0,6.07,58064000.0,0.595,1.0,760824000.0,0.524,310426000.0,-9586000.0,542738000.0,596155500.0,159117000.0,65137000.0,8440000.0,56697000.0,316357000.0,250098000.0,66259000.0,2401135091.0,189634000.0,142331000.0,-56719000.0,-116340000.0,-25764000.0,-189347000.0,276016000.0,189150000.0,125207000.0,-14767000.0,228901000.0,228901000.0,228901000.0,-121107000.0,0.0,0.158,581696000.0,179128000.0,134930000.0,0.0,2.17,10.49,10.565,220842000.0,0.0,24.51,1.652,1.645,233607000.0,727660000.0,1453103000.0,1453103000.0,0.0,0.154,0.212,0.501,0.206,8082000.0,575008000.0,1.0,97965528.0,97525000.0,98889000.0,14.9,1118087000.0,0.0,79494000.0,42390000.0,11.465,514546000.0
10,ACV1,MRT,2008-09-30,2008-09-30,2008-09-30,2021-08-25,-37020000.0,1467300000.0,1506952250.0,883490000.0,583810000.0,0.958,11.284,-64059000.0,445332000.0,445332000.0,686175000.0,228154000.0,3.099,0.316,867000.0,184000.0,683000.0,867000.0,0.0,23609000.0,0.0,0.0,0.0,283336000.0,306945000.0,0.213,306945000.0,283336000.0,292922000.0,2.32,2.27,2.32,1110606000.0,1059348750.0,1110606000.0,2496298186.0,9.0,8.133,106843000.0,1.086,1.0,757281000.0,0.525,234015000.0,-9586000.0,503710000.0,658839250.0,149512000.0,65841000.0,8398000.0,57443000.0,350969000.0,285110000.0,65859000.0,2650320186.0,340761000.0,227260000.0,-49016000.0,-120432000.0,-24797000.0,-183447000.0,359989000.0,185800000.0,170902000.0,-6683000.0,228154000.0,228154000.0,228154000.0,-122115000.0,0.0,0.158,596060000.0,161221000.0,147467000.0,0.0,2.386,11.616,11.741,221667000.0,0.0,27.24,1.836,1.857,244316000.0,702375000.0,1443456000.0,1443456000.0,0.0,0.151,0.215,0.43,0.196,6543000.0,584875000.0,1.0,97295161.0,98424000.0,100644000.0,14.666,1233285000.0,22974000.0,64768000.0,36969000.0,12.53,598380000.0
11,ACV1,MRT,2008-06-30,2008-06-30,2008-06-30,2021-08-25,23438000.0,1435337000.0,1512017250.0,717836000.0,717501000.0,0.869,10.315,-74949000.0,155145000.0,155145000.0,634716000.0,117557000.0,2.301,0.403,1123000.0,254000.0,869000.0,1123000.0,0.0,23444000.0,0.0,0.0,0.0,165495000.0,188939000.0,0.144,188939000.0,165495000.0,165495000.0,1.21,1.18,1.21,1018304000.0,1025038250.0,1018304000.0,2389643212.0,14.0,12.648,84378000.0,0.855,1.0,678648000.0,0.517,234332000.0,0.0,735039000.0,755753000.0,159151000.0,66710000.0,0.0,66710000.0,410388000.0,311944000.0,98444000.0,2644890212.0,105182000.0,-8640000.0,-51319000.0,-121166000.0,-23850000.0,-187800000.0,107715000.0,180075000.0,159327000.0,7097000.0,117557000.0,117557000.0,117557000.0,-4119000.0,0.0,0.09,525361000.0,153287000.0,128055000.0,0.0,2.597,22.499,21.711,213258000.0,0.0,26.27,2.014,1.975,232001000.0,568672000.0,1313364000.0,1313364000.0,0.0,0.078,0.115,0.219,0.126,4263000.0,516102000.0,1.0,100681013.0,98719000.0,100717000.0,13.304,1201005000.0,0.0,47938000.0,33402000.0,12.166,405892000.0
12,ACV1,MRT,2008-03-31,2008-03-31,2008-03-31,2021-08-25,22108000.0,1605310000.0,1506969000.0,878786000.0,726524000.0,0.845,10.957,-64197000.0,378872000.0,378872000.0,616486000.0,121520000.0,2.158,0.463,123625000.0,120916000.0,2709000.0,123625000.0,0.0,23211000.0,0.0,0.0,0.0,166109000.0,189320000.0,0.149,189320000.0,166109000.0,166109000.0,1.26,1.22,1.26,1091272000.0,1002258250.0,1091272000.0,2704784052.0,16.0,14.287,87605000.0,0.88,1.0,656979000.0,0.516,339644000.0,0.0,603135000.0,758683000.0,202466000.0,74333000.0,0.0,74333000.0,505442000.0,407284000.0,98158000.0,2705980052.0,285100000.0,-7444000.0,49910000.0,1934000.0,-22685000.0,38582000.0,72812000.0,140950000.0,151802000.0,6544000.0,121520000.0,121520000.0,121520000.0,-14541000.0,0.0,0.095,513339000.0,143640000.0,145883000.0,0.0,2.48,22.268,21.754,236797000.0,0.0,27.41,2.125,2.144,260715000.0,635389000.0,1273465000.0,1273465000.0,0.0,0.081,0.121,0.219,0.13,3878000.0,505384000.0,1.0,98722366.0,99592000.0,102007000.0,12.787,1265666000.0,0.0,44589000.0,31618000.0,12.709,471502000.0
13,ACV1,MRT,2007-12-31,2007-12-31,2007-12-31,2021-08-25,10254000.0,1519862000.0,1455598250.0,885685000.0,634177000.0,0.898,10.37,-56152000.0,124771000.0,124771000.0,636752000.0,115051000.0,2.235,0.484,123575000.0,120832000.0,2743000.0,123575000.0,0.0,24185000.0,0.0,0.0,0.0,159200000.0,183385000.0,0.14,183385000.0,159200000.0,159200000.0,1.2,1.17,1.2,1017213000.0,951335250.0,1017213000.0,2439942953.0,15.0,13.305,48107000.0,0.49,1.0,670756000.0,0.513,328925000.0,0.0,793473000.0,813986750.0,197510000.0,258950000.0,258950000.0,0.0,492766000.0,396268000.0,96498000.0,2410291953.0,-3890000.0,-6374000.0,53702000.0,8847000.0,-21451000.0,50750000.0,-178828000.0,-143100000.0,104259000.0,7452000.0,115051000.0,115051000.0,115051000.0,-12948000.0,0.0,0.088,530831000.0,139925000.0,137696000.0,0.0,2.37,20.95,20.45,228571000.0,0.0,24.54,1.843,1.841,265978000.0,612885000.0,1307508000.0,1307508000.0,0.0,0.079,0.121,0.196,0.122,3615000.0,524353000.0,1.0,98218906.0,98091000.0,100608000.0,13.33,1190937000.0,0.0,44149000.0,37431000.0,12.141,489417000.0
14,ACV1,MRT,2007-09-30,2007-09-30,2007-09-30,2021-08-25,6868000.0,1487560000.0,1404521500.0,856546000.0,631014000.0,0.937,10.15,-53806000.0,73066000.0,73066000.0,642172000.0,78264000.0,2.059,0.518,120486000.0,120127000.0,359000.0,120486000.0,0.0,24985000.0,0.0,0.0,0.0,106482000.0,131467000.0,0.1,131467000.0,106482000.0,106482000.0,0.82,0.8,0.82,973364000.0,902681250.0,973364000.0,2470017247.0,23.0,18.788,34998000.0,0.365,1.0,673277000.0,0.512,227565000.0,0.0,891365000.0,790950000.0,154546000.0,255600000.0,255600000.0,0.0,503789000.0,416050000.0,87739000.0,2427127247.0,-113403000.0,-6287000.0,70018000.0,-1035000.0,-16049000.0,62419000.0,-187998000.0,-156115000.0,88804000.0,8165000.0,78264000.0,78264000.0,78264000.0,-5700000.0,0.0,0.059,576413000.0,96864000.0,129828000.0,0.0,2.494,31.012,30.232,198341000.0,0.0,24.79,1.845,1.807,238541000.0,585143000.0,1315449000.0,1315449000.0,0.0,0.056,0.087,0.135,0.081,3547000.0,543314000.0,1.0,97907513.0,95896000.0,98358000.0,13.717,1259995000.0,0.0,28218000.0,16067000.0,13.139,440496000.0
15,ACV1,MRT,2007-06-30,2007-06-30,2007-06-30,2021-08-25,-2967000.0,1415144000.0,1677058000.0,809744000.0,605400000.0,0.724,9.515,-29342000.0,80045000.0,80045000.0,597377000.0,107617000.0,2.069,0.515,122935000.0,120866000.0,2069000.0,122935000.0,0.0,20654000.0,0.0,0.0,0.0,136901000.0,157555000.0,0.13,157555000.0,136901000.0,136285000.0,1.13,1.12,1.13,927184000.0,1091785500.0,927184000.0,2339634761.0,17.0,14.85,53334000.0,0.547,1.0,617417000.0,0.508,319877000.0,616000.0,746759000.0,996314000.0,199210000.0,249875000.0,249875000.0,0.0,477336000.0,391398000.0,85938000.0,2310586761.0,-78097000.0,-4583000.0,76725000.0,-2362000.0,-22749000.0,61089000.0,-192495000.0,-187660000.0,82676000.0,6968000.0,107617000.0,107617000.0,107617000.0,-46388000.0,0.0,0.089,529209000.0,88208000.0,129632000.0,0.0,2.492,21.47,20.991,202533000.0,0.0,23.72,1.902,1.903,249884000.0,553205000.0,1214794000.0,1214794000.0,0.0,0.064,0.099,0.137,0.113,4589000.0,495784000.0,1.0,97410909.0,97443000.0,99989000.0,12.467,1095267000.0,0.0,28668000.0,25457000.0,11.24,418346000.0
16,ACV1,MRT,2007-03-31,2007-03-31,2007-03-31,2021-08-25,-11046000.0,1399827000.0,1940343250.0,801076000.0,598751000.0,0.641,9.228,-31879000.0,93772000.0,93772000.0,609451000.0,113045000.0,2.77,0.564,122820000.0,736000.0,122084000.0,122820000.0,0.0,22091000.0,0.0,0.0,0.0,137980000.0,160071000.0,0.129,160071000.0,137980000.0,136333000.0,1.2,1.2,1.2,887580000.0,1273228750.0,887580000.0,2159695187.0,16.0,13.492,32463000.0,0.338,1.0,633502000.0,0.51,315309000.0,1647000.0,824350000.0,1103361000.0,201721000.0,218250000.0,218250000.0,0.0,500756000.0,289216000.0,211540000.0,2165647187.0,-63437000.0,-4578000.0,73088000.0,2483000.0,-29440000.0,53416000.0,-160771000.0,-153675000.0,64342000.0,9208000.0,113045000.0,113045000.0,113045000.0,-54596000.0,0.0,0.091,551124000.0,82378000.0,134543000.0,0.0,2.44,19.157,19.067,196103000.0,0.0,22.88,1.742,1.77,256052000.0,533560000.0,1242953000.0,1242953000.0,0.0,0.058,0.089,0.125,0.111,6069000.0,519121000.0,1.0,94652412.0,96181000.0,98996000.0,12.923,1084518000.0,0.0,23288000.0,34963000.0,11.276,511860000.0
17,ACV1,MRT,2006-12-31,2006-12-31,2006-12-31,2021-08-25,-11317000.0,1315555000.0,2194235250.0,721958000.0,593597000.0,0.558,8.786,-32178000.0,128661000.0,128661000.0,591786000.0,147338000.0,2.454,0.575,122709000.0,664000.0,122045000.0,122709000.0,0.0,21661000.0,0.0,0.0,0.0,169294000.0,190955000.0,0.156,190955000.0,169294000.0,166450000.0,1.59,1.58,1.59,822597000.0,1462233750.0,822597000.0,1926542325.0,11.0,10.089,46422000.0,0.496,1.0,633432000.0,0.517,314077000.0,2844000.0,701326000.0,1185037500.0,201924000.0,115850000.0,115850000.0,0.0,472888000.0,294200000.0,178688000.0,2009597325.0,3059000.0,-4578000.0,51864000.0,-3864000.0,-34792000.0,16113000.0,-97602000.0,-63850000.0,78600000.0,6782000.0,147338000.0,147338000.0,147338000.0,-95881000.0,0.0,0.12,560328000.0,73104000.0,132945000.0,0.0,2.443,13.639,13.491,215555000.0,0.0,21.45,1.64,1.639,239468000.0,518968000.0,1225218000.0,1225218000.0,0.0,0.067,0.101,0.143,0.138,7554000.0,528918000.0,1.0,93687521.0,93630000.0,95673000.0,13.086,1001478000.0,0.0,19112000.0,21059000.0,10.696,427758000.0
18,ACV1,MRT,2006-09-30,2006-09-30,2006-09-30,2021-08-25,3035000.0,2577706000.0,2450374750.0,1423910000.0,1153796000.0,0.484,18.715,-44301000.0,98894000.0,98894000.0,572485000.0,205321000.0,2.468,0.473,122286000.0,585000.0,121701000.0,122286000.0,0.0,21044000.0,0.0,0.0,0.0,234671000.0,255715000.0,0.216,255715000.0,234671000.0,230482000.0,2.22,2.2,2.22,1729781000.0,1650707500.0,1729781000.0,4665366051.0,20.0,18.244,33141000.0,0.359,1.0,613515000.0,0.517,311403000.0,4189000.0,1712821000.0,1289458500.0,185189000.0,99485000.0,99485000.0,0.0,818777000.0,576874000.0,241903000.0,4700094051.0,102774000.0,-4583000.0,29418000.0,4498000.0,-45379000.0,-9652000.0,-78159000.0,-34685000.0,77442000.0,6135000.0,205321000.0,205321000.0,205321000.0,-139476000.0,0.0,0.173,518320000.0,95195000.0,125546000.0,0.0,2.717,22.891,22.788,211291000.0,0.0,50.59,3.963,3.943,244594000.0,1467224000.0,1186000000.0,1186000000.0,0.0,0.084,0.124,0.182,0.198,10339000.0,518320000.0,1.0,92905595.0,92426000.0,93485000.0,12.832,2266303000.0,0.0,25161000.0,32075000.0,24.52,847036000.0
19,ACV1,MRT,2006-06-30,2006-06-30,2006-06-30,2021-08-25,-2000000.0,2468285000.0,2381479000.0,1317183000.0,1151102000.0,-0.136,17.847,-12498000.0,158142000.0,158142000.0,-253126000.0,198446000.0,2.41,0.473,123414000.0,1130000.0,122284000.0,123414000.0,0.0,3426000.0,0.0,0.0,0.0,164248000.0,167674000.0,-0.519,167674000.0,164248000.0,160115000.0,2.17,2.14,2.17,1652957000.0,1601167750.0,1652957000.0,4484900243.0,27.0,26.748,-15760000.0,-0.17,1.0,-69678000.0,0.216,712051000.0,4133000.0,1174947000.0,1136220500.0,747652000.0,62215000.0,62215000.0,0.0,781720000.0,546559000.0,235161000.0,4519134243.0,86543000.0,96090000.0,20742000.0,-12207000.0,-43869000.0,-34313000.0,42500000.0,-53035000.0,-3262000.0,1312000.0,198446000.0,198446000.0,198446000.0,-230934000.0,0.0,-0.615,-2992000.0,-66686000.0,270762000.0,0.0,2.734,22.773,22.452,351958000.0,0.0,48.72,-14.0,-13.979,294265000.0,1413467000.0,-322804000.0,-322804000.0,0.0,0.083,0.124,0.145,-0.509,8837000.0,-2390000.0,1.0,92757271.0,92619000.0,93602000.0,-3.485,1756234000.0,0.0,-38331000.0,58458000.0,18.962,770624000.0
20,ACV1,MRT,2006-03-31,2006-03-31,2006-03-31,2021-08-25,-18985000.0,2415395000.0,2321425750.0,1292465000.0,1122930000.0,0.096,17.803,-25272000.0,157209000.0,157209000.0,52498000.0,221359000.0,2.39,0.47,122975000.0,876000.0,122099000.0,122975000.0,0.0,10972000.0,0.0,0.0,0.0,212655000.0,223627000.0,1.003,223627000.0,212655000.0,207551000.0,2.42,2.38,2.42,1643600000.0,1556973750.0,1643600000.0,4074338886.0,19.0,18.219,40452000.0,0.438,1.0,170404000.0,0.764,689244000.0,5104000.0,1151056000.0,1115624250.0,740261000.0,64575000.0,64575000.0,0.0,771795000.0,540861000.0,230934000.0,4074747886.0,78814000.0,42158000.0,17983000.0,-8286000.0,-42374000.0,-31900000.0,-30269000.0,-59295000.0,65724000.0,-1283000.0,221359000.0,221359000.0,221359000.0,-220856000.0,0.0,0.993,178605000.0,-8201000.0,281341000.0,0.0,2.479,18.408,18.277,348295000.0,0.0,44.23,18.28,18.319,281978000.0,1395008000.0,222902000.0,222902000.0,0.0,0.095,0.142,0.191,0.954,6910000.0,175527000.0,1.0,92126337.0,92322000.0,93174000.0,2.414,1726151000.0,0.0,-13808000.0,51891000.0,18.697,751604000.0
21,ACV1,MRT,2005-12-31,2005-12-31,2005-12-31,2021-08-25,-21281000.0,2340113000.0,2263933500.0,1220424000.0,1119689000.0,0.327,17.165,-38636000.0,125602000.0,125602000.0,346442000.0,213586000.0,2.281,0.484,125193000.0,922000.0,124271000.0,125193000.0,0.0,17509000.0,0.0,0.0,0.0,225028000.0,242537000.0,0.327,242537000.0,225028000.0,218883000.0,2.34,2.3,2.34,1576492000.0,1506792750.0,1576492000.0,4233113301.0,19.0,17.453,43273000.0,0.471,1.0,394858000.0,0.533,685732000.0,6145000.0,1119010000.0,1094430250.0,716629000.0,52000000.0,52000000.0,0.0,763621000.0,534962000.0,228659000.0,4211911301.0,28666000.0,29144000.0,19594000.0,-30161000.0,-42271000.0,-52758000.0,-42133000.0,-44995000.0,81909000.0,-6096000.0,213586000.0,213586000.0,213586000.0,-178774000.0,0.0,0.288,348604000.0,46254000.0,255965000.0,0.0,2.672,19.72,19.551,346865000.0,0.0,45.75,5.682,5.668,277133000.0,1348798000.0,741300000.0,741300000.0,0.0,0.094,0.142,0.206,0.304,4852000.0,341938000.0,1.0,92063635.0,91846000.0,92467000.0,8.071,1654381000.0,0.0,5297000.0,77905000.0,18.013,685462000.0
22,ACV1,MRT,2005-09-30,2005-09-30,2005-09-30,2021-08-25,-15099000.0,2302123000.0,2215822000.0,1189624000.0,1112499000.0,0.576,16.748,-38783000.0,103691000.0,103691000.0,617076000.0,210901000.0,2.22,0.503,124893000.0,809000.0,124084000.0,124893000.0,0.0,23420000.0,0.0,0.0,0.0,244631000.0,268051000.0,0.21,268051000.0,244631000.0,238097000.0,2.31,2.27,2.31,1531622000.0,1460489000.0,1531622000.0,4178422281.0,17.0,15.588,30092000.0,0.329,1.0,659848000.0,0.517,687526000.0,6534000.0,1099869000.0,1064259000.0,689692000.0,64800000.0,64800000.0,0.0,770501000.0,535930000.0,234571000.0,4114779281.0,4656000.0,-60247000.0,24312000.0,-1284000.0,-40780000.0,-17752000.0,-74447000.0,15504000.0,68875000.0,-1717000.0,210901000.0,210901000.0,210901000.0,-141062000.0,0.0,0.165,556279000.0,103569000.0,261327000.0,0.0,2.687,19.51,19.372,335400000.0,0.0,44.75,3.222,3.205,285940000.0,1307282000.0,1276924000.0,1276924000.0,0.0,0.095,0.144,0.23,0.192,0.0,545823000.0,1.0,91950375.0,91451000.0,92838000.0,13.963,1614597000.0,0.0,27196000.0,54376000.0,17.655,653694000.0
23,ACV1,MRT,2005-06-30,2005-06-30,2005-06-30,2021-08-25,-17536000.0,2228072000.0,2154986250.0,1129208000.0,1098864000.0,1.615,16.107,-87008000.0,71599000.0,71599000.0,1851017000.0,199913000.0,2.186,0.509,135242000.0,1059000.0,134183000.0,135242000.0,0.0,51447000.0,0.0,0.0,0.0,311471000.0,362918000.0,0.104,362918000.0,311471000.0,300787000.0,2.19,2.15,2.19,1476181000.0,1406010000.0,1476181000.0,4029044740.0,13.0,11.102,116436000.0,1.27,1.0,1630171000.0,0.468,682680000.0,10684000.0,1092562000.0,1035119250.0,711470000.0,31730000.0,31730000.0,0.0,751891000.0,516473000.0,235418000.0,3981721740.0,-63803000.0,-158084000.0,24808000.0,-189811000.0,-39274000.0,-204277000.0,-61471000.0,182371000.0,203444000.0,-1499000.0,199913000.0,199913000.0,199913000.0,0.0,0.0,0.057,1306111000.0,324060000.0,258863000.0,0.0,2.697,19.917,19.785,331188000.0,0.0,43.33,1.144,1.141,273156000.0,1258890000.0,3481188000.0,3481188000.0,0.0,0.093,0.142,0.301,0.089,0.0,1288490000.0,1.0,91892955.0,91647000.0,93028000.0,37.985,1545392000.0,0.0,100874000.0,46925000.0,16.862,612735000.0
24,ACV1,MRT,2005-03-31,2005-03-31,2005-03-31,2021-08-25,-2819000.0,2185426000.0,2142206000.0,1121973000.0,1063453000.0,1.59,15.8,-84570000.0,78395000.0,78395000.0,1784165000.0,197940000.0,2.183,0.515,125718000.0,1053000.0,124665000.0,125718000.0,0.0,47225000.0,0.0,0.0,0.0,313250000.0,360475000.0,0.106,360475000.0,313250000.0,299061000.0,2.18,2.14,2.18,1442876000.0,1350483250.0,1442876000.0,4378595394.0,14.0,12.147,89510000.0,0.98,1.0,1621368000.0,0.476,652619000.0,14189000.0,1066280000.0,1035930000.0,696755000.0,27830000.0,27830000.0,0.0,742550000.0,513850000.0,228700000.0,4363179394.0,-40889000.0,-70440000.0,27607000.0,-199113000.0,-37759000.0,-209265000.0,-4379000.0,143951000.0,174080000.0,-1325000.0,197940000.0,197940000.0,197940000.0,0.0,0.0,0.058,1305676000.0,315692000.0,263764000.0,0.0,3.024,22.043,21.954,327494000.0,0.0,47.86,1.281,1.283,278876000.0,1216023000.0,3405533000.0,3405533000.0,0.0,0.092,0.147,0.302,0.092,0.0,1283966000.0,1.0,91165470.0,91324000.0,93163000.0,37.291,1532807000.0,0.0,101121000.0,41686000.0,16.784,608123000.0
25,ACV1,MRT,2004-12-31,2004-12-31,2004-12-31,2021-08-25,7018000.0,2147667000.0,2124616500.0,1103655000.0,1044012000.0,1.572,15.339,-80449000.0,126491000.0,126491000.0,1726121000.0,189447000.0,2.13,0.544,141907000.0,539000.0,141368000.0,141907000.0,0.0,47141000.0,0.0,0.0,0.0,303774000.0,350915000.0,0.105,350915000.0,303774000.0,285994000.0,2.09,2.05,2.09,1391277000.0,1290859000.0,1391277000.0,4340198056.0,14.0,12.368,141126000.0,1.556,1.0,1614658000.0,0.483,646528000.0,17780000.0,998325000.0,1043023250.0,688028000.0,0.0,0.0,0.0,756390000.0,518230000.0,238160000.0,4420296056.0,87848000.0,-89618000.0,19623000.0,-169221000.0,-36296000.0,-185894000.0,49618000.0,213570000.0,221575000.0,2549000.0,189447000.0,189447000.0,189447000.0,0.0,0.0,0.057,1308442000.0,306216000.0,263073000.0,0.0,3.177,23.333,23.239,313945000.0,0.0,48.57,1.323,1.319,243817000.0,1177483000.0,3340779000.0,3340779000.0,0.0,0.089,0.147,0.291,0.091,0.0,1282220000.0,1.0,91008772.0,90703000.0,92450000.0,36.832,1501139000.0,0.0,96547000.0,64166000.0,16.55,585425000.0
26,ACV1,MRT,2004-09-30,2004-09-30,2004-09-30,2021-08-25,-18136000.0,2058780000.0,2094104000.0,1118433000.0,940347000.0,1.556,14.593,-74731000.0,99035000.0,99035000.0,1687366000.0,141770000.0,2.101,0.567,121791000.0,545000.0,121246000.0,121791000.0,0.0,47583000.0,0.0,0.0,0.0,234070000.0,281653000.0,0.086,281653000.0,234070000.0,212644000.0,1.57,1.54,1.57,1313706000.0,1232701500.0,1313706000.0,3934117165.0,17.0,13.968,174771000.0,1.941,1.0,1570630000.0,0.482,565792000.0,21426000.0,983310000.0,1066906500.0,626834000.0,102854000.0,102854000.0,0.0,745074000.0,532434000.0,212640000.0,3943404165.0,-27988000.0,-125437000.0,11619000.0,-203315000.0,-33490000.0,-225186000.0,-54243000.0,140271000.0,249502000.0,1939000.0,141770000.0,141770000.0,141770000.0,0.0,0.0,0.044,1334118000.0,236512000.0,258983000.0,0.0,3.002,27.816,27.694,293901000.0,0.0,43.48,1.21,1.201,250008000.0,1137161000.0,3257996000.0,3257996000.0,0.0,0.068,0.115,0.219,0.072,0.0,1248516000.0,1.0,90694668.0,90026000.0,91832000.0,36.19,1492988000.0,0.0,70874000.0,44673000.0,16.584,585999000.0
27,ACV1,MRT,2004-06-30,2004-06-30,2004-06-30,2021-08-25,-29684000.0,2176951000.0,2065811250.0,1250476000.0,926475000.0,1.529,13.9,-80108000.0,330477000.0,330477000.0,1564800000.0,139508000.0,2.461,0.736,321190000.0,577000.0,320613000.0,321190000.0,0.0,44363000.0,0.0,0.0,0.0,238621000.0,282984000.0,0.09,282984000.0,238621000.0,216482000.0,1.56,1.53,1.56,1254074000.0,1169807250.0,1254074000.0,4578666884.0,19.0,16.18,185343000.0,2.054,1.0,1594124000.0,0.505,563786000.0,22139000.0,1095805000.0,1068850500.0,623137000.0,19026000.0,19026000.0,0.0,922877000.0,508073000.0,414804000.0,4536553884.0,-29941000.0,-124343000.0,14736000.0,-8292000.0,-30600000.0,-24156000.0,-276132000.0,-78301000.0,265451000.0,4896000.0,139508000.0,139508000.0,139508000.0,0.0,0.0,0.044,1365650000.0,228474000.0,245668000.0,0.0,3.617,32.518,32.141,284127000.0,0.0,50.14,1.436,1.432,233179000.0,1098252000.0,3158924000.0,3158924000.0,0.0,0.068,0.119,0.223,0.076,0.0,1286611000.0,1.0,90477740.0,90218000.0,92312000.0,35.014,1613165000.0,0.0,76974000.0,46415000.0,17.881,742403000.0
28,ACV1,MRT,2004-03-31,2004-03-31,2004-03-31,2021-08-25,-24884000.0,2115068000.0,1989182000.0,1189425000.0,925643000.0,1.544,13.392,-74544000.0,279039000.0,279039000.0,1532422000.0,130608000.0,2.391,0.756,321152000.0,462000.0,320690000.0,321152000.0,0.0,47967000.0,0.0,0.0,0.0,223377000.0,271344000.0,0.088,271344000.0,223377000.0,201093000.0,1.48,1.44,1.48,1204379000.0,1109026500.0,1204379000.0,4018251156.0,18.0,14.809,217121000.0,2.414,1.0,1539335000.0,0.501,565155000.0,22284000.0,1094653000.0,1046324500.0,618124000.0,12026000.0,12026000.0,0.0,910689000.0,497373000.0,413316000.0,3949705156.0,8191000.0,-158873000.0,12365000.0,-8624000.0,-27706000.0,-23965000.0,-268027000.0,-35981000.0,291665000.0,8518000.0,130608000.0,130608000.0,130608000.0,0.0,0.0,0.043,1315958000.0,223377000.0,251047000.0,0.0,3.279,30.241,29.642,282149000.0,0.0,43.87,1.286,1.284,233222000.0,1055842000.0,3071757000.0,3071757000.0,0.0,0.066,0.118,0.213,0.073,0.0,1244688000.0,1.0,90032030.0,89934000.0,91864000.0,34.156,1549913000.0,0.0,70485000.0,41619000.0,17.234,692052000.0
29,ACV1,MRT,2003-12-31,2003-12-31,2003-12-31,2021-08-25,-22659000.0,2025617000.0,1908326000.0,1126887000.0,898730000.0,1.551,13.003,-68165000.0,252213000.0,252213000.0,1479680000.0,127878000.0,2.484,0.748,320759000.0,195000.0,320564000.0,320759000.0,0.0,46452000.0,0.0,0.0,0.0,219992000.0,266444000.0,0.09,266444000.0,219992000.0,197803000.0,1.46,1.42,1.46,1158647000.0,1046480250.0,1158647000.0,3731452724.0,17.0,14.005,193438000.0,2.171,1.0,1479712000.0,0.5,546708000.0,22189000.0,1093858000.0,1025131000.0,601644000.0,0.0,0.0,0.0,866970000.0,453597000.0,413373000.0,3780718724.0,-50774000.0,-126773000.0,9265000.0,-8314000.0,-24774000.0,-23823000.0,-300857000.0,-107325000.0,261603000.0,12303000.0,127878000.0,127878000.0,127878000.0,0.0,0.0,0.043,1259720000.0,219992000.0,231604000.0,0.0,3.263,29.565,28.804,275451000.0,0.0,42.053,1.278,1.266,232086000.0,1030964000.0,2959392000.0,2959392000.0,0.0,0.067,0.122,0.215,0.074,0.0,1196550000.0,1.0,89902950.0,89109000.0,91199000.0,33.211,1478909000.0,0.0,69925000.0,34463000.0,16.597,673290000.0
30,ACV1,MRT,2003-09-30,2003-09-30,2003-09-30,2021-08-25,-40695000.0,1945609000.0,1836154500.0,1165489000.0,780120000.0,1.575,12.135,-61351000.0,370148000.0,370148000.0,1449250000.0,162153000.0,2.504,0.832,320882000.0,295000.0,320587000.0,320882000.0,0.0,45791000.0,0.0,0.0,0.0,273791000.0,319582000.0,0.111,319582000.0,273791000.0,251400000.0,1.85,1.8,1.85,1062129000.0,983977000.0,1062129000.0,3479318682.0,13.0,10.887,163426000.0,1.867,1.0,1442167000.0,0.499,439748000.0,22391000.0,991086000.0,1006242000.0,531157000.0,0.0,0.0,0.0,883480000.0,465509000.0,417971000.0,3457059682.0,45338000.0,-1574000.0,11789000.0,-9422000.0,-23746000.0,-21379000.0,-168618000.0,-107325000.0,224777000.0,10558000.0,162153000.0,162153000.0,162153000.0,0.0,0.0,0.056,1168376000.0,273791000.0,220633000.0,0.0,3.255,21.32,21.196,264335000.0,0.0,39.213,1.196,1.187,226054000.0,1035513000.0,2891417000.0,2891417000.0,0.0,0.088,0.165,0.272,0.095,0.0,1168376000.0,1.0,88160312.0,87527000.0,89957000.0,33.035,1505861000.0,0.0,89247000.0,61480000.0,17.205,699980000.0
31,ACV1,MRT,2003-06-30,2003-06-30,2003-06-30,2021-08-25,-44589000.0,1870434000.0,1782125000.0,1106511000.0,763923000.0,1.592,11.546,-45243000.0,301143000.0,301143000.0,1423802000.0,155755000.0,2.461,0.85,323402000.0,2860000.0,320542000.0,323402000.0,0.0,48407000.0,0.0,0.0,0.0,263622000.0,312029000.0,0.11,312029000.0,263622000.0,241011000.0,1.783,1.733,1.783,1010951000.0,934059500.0,1010951000.0,3074343445.0,12.0,9.853,170891000.0,1.952,1.0,1413867000.0,0.498,437445000.0,22611000.0,1005701000.0,996553000.0,548152000.0,0.0,0.0,0.0,859483000.0,449547000.0,409936000.0,2997595445.0,151679000.0,-10419000.0,637000.0,-1818000.0,-22795000.0,-21204000.0,-50438000.0,-16000.0,216134000.0,7187000.0,155755000.0,155755000.0,155755000.0,0.0,0.0,0.055,1150245000.0,263622000.0,222475000.0,0.0,2.965,19.246,19.106,252690000.0,0.0,34.067,1.056,1.051,216729000.0,995974000.0,2837669000.0,2837669000.0,0.0,0.087,0.167,0.265,0.093,0.0,1150245000.0,1.0,87992038.0,87561000.0,,32.408,1432989000.0,0.0,85256000.0,53748000.0,16.366,656964000.0
32,ACV1,MRT,2003-03-31,2003-03-31,2003-03-31,2021-08-25,-61425000.0,1791644000.0,1725265250.0,1039098000.0,752546000.0,1.613,10.927,-44674000.0,246893000.0,246893000.0,1396913000.0,149592000.0,2.431,0.878,323641000.0,3357000.0,320284000.0,323641000.0,0.0,47381000.0,0.0,0.0,0.0,254385000.0,301766000.0,0.108,301766000.0,254385000.0,231917000.0,1.713,1.67,1.713,954194000.0,886773000.0,954194000.0,3005573837.0,12.0,9.96,157754000.0,1.807,1.0,1385773000.0,0.498,431097000.0,22468000.0,1009879000.0,989439750.0,547138000.0,0.0,0.0,0.0,837450000.0,427416000.0,410034000.0,2878349837.0,146738000.0,-9019000.0,5258000.0,-1038000.0,-21844000.0,-14852000.0,-45192000.0,423000.0,202428000.0,4354000.0,149592000.0,149592000.0,149592000.0,0.0,0.0,0.054,1131388000.0,254385000.0,218051000.0,0.0,3.017,19.241,19.179,248533000.0,0.0,32.853,1.034,1.031,204988000.0,959572000.0,2782686000.0,2782686000.0,0.0,0.087,0.169,0.257,0.091,0.0,1131388000.0,1.0,87612110.0,87324000.0,,31.866,1360547000.0,0.0,82325000.0,50445000.0,15.58,611682000.0
33,ACV1,MRT,2002-12-31,2002-12-31,2002-12-31,2021-08-25,-67692000.0,1736931000.0,1667773000.0,989213000.0,747718000.0,1.639,10.442,-49041000.0,195662000.0,195662000.0,1384667000.0,144387000.0,2.356,0.912,322886000.0,2701000.0,320185000.0,322886000.0,0.0,47899000.0,0.0,0.0,0.0,245889000.0,293788000.0,0.107,293788000.0,245889000.0,223000000.0,1.663,1.617,1.663,908634000.0,841304750.0,908634000.0,3051684540.0,12.0,10.387,165851000.0,1.906,1.0,1348825000.0,0.493,425989000.0,22889000.0,1018302000.0,981543500.0,548444000.0,0.0,0.0,0.0,828297000.0,419864000.0,408433000.0,2945286540.0,104213000.0,-14553000.0,4199000.0,-1016000.0,-20896000.0,-54941000.0,-56332000.0,881000.0,214892000.0,594000.0,144387000.0,144387000.0,144387000.0,0.0,0.0,0.053,1102936000.0,245889000.0,214768000.0,0.0,3.241,20.399,20.204,247994000.0,0.0,33.6,1.077,1.07,209201000.0,927860000.0,2733492000.0,2733492000.0,0.0,0.087,0.172,0.251,0.09,0.0,1102936000.0,1.0,87657338.0,87017000.0,,31.413,1310942000.0,0.0,78613000.0,65926000.0,15.065,569349000.0
34,ACV1,MRT,2002-09-30,2002-09-30,2002-09-30,2021-08-25,-77603000.0,1729491000.0,1610528750.0,984217000.0,745274000.0,1.646,10.02,-55464000.0,217485000.0,217485000.0,1342964000.0,137665000.0,2.138,1.005,323883000.0,3702000.0,320181000.0,323883000.0,0.0,47214000.0,0.0,0.0,0.0,234428000.0,281642000.0,0.106,281642000.0,234428000.0,211792000.0,1.6,1.55,1.6,862459000.0,801597500.0,862459000.0,3025310745.0,13.0,10.742,176229000.0,2.048,1.0,1308012000.0,0.493,423112000.0,22636000.0,952330000.0,967748250.0,522208000.0,0.0,0.0,0.0,867032000.0,460447000.0,406585000.0,2848501745.0,15515000.0,-110133000.0,1121000.0,-223000.0,-20351000.0,-56681000.0,-158714000.0,881000.0,231693000.0,-783000.0,137665000.0,137665000.0,137665000.0,0.0,0.0,0.052,1073584000.0,234428000.0,233942000.0,0.0,3.303,20.692,20.429,247850000.0,0.0,32.687,1.075,1.061,209010000.0,897106000.0,2650976000.0,2650976000.0,0.0,0.085,0.172,0.242,0.088,0.0,1073584000.0,1.0,87145678.0,86070000.0,88821000.0,30.8,1306379000.0,0.0,74127000.0,52829000.0,15.178,523770000.0
35,ACV1,MRT,2002-06-30,2002-06-30,2002-06-30,2021-08-25,-75310000.0,1642995000.0,1557281250.0,909378000.0,733617000.0,1.651,9.482,-58370000.0,149464000.0,149464000.0,1300872000.0,130132000.0,2.133,0.999,326273000.0,3818000.0,322455000.0,326273000.0,0.0,44612000.0,0.0,0.0,0.0,221577000.0,266189000.0,0.104,266189000.0,221577000.0,199461000.0,1.52,1.473,1.52,821805000.0,769985000.0,821805000.0,2986162355.0,13.0,11.218,147500000.0,1.702,1.0,1269485000.0,0.494,416121000.0,22116000.0,977248000.0,955772250.0,513631000.0,0.0,0.0,0.0,821190000.0,426435000.0,394755000.0,2761927355.0,-8350000.0,-100067000.0,9915000.0,-6996000.0,-19806000.0,-56887000.0,-155772000.0,903000.0,205870000.0,-1561000.0,130132000.0,130132000.0,130132000.0,0.0,0.0,0.051,1047908000.0,221577000.0,214736000.0,0.0,3.361,21.224,20.965,250949000.0,0.0,31.867,1.075,1.075,218008000.0,863016000.0,2570357000.0,2570357000.0,0.0,0.084,0.169,0.232,0.086,0.0,1047908000.0,1.0,86671360.0,86671360.0,,29.656,1226874000.0,0.0,69329000.0,52684000.0,14.155,482943000.0
36,ACV1,MRT,2002-03-31,2002-03-31,2002-03-31,2021-08-25,-86944000.0,1561675000.0,1514553500.0,842073000.0,719602000.0,1.647,8.939,-55240000.0,100155000.0,100155000.0,1267422000.0,122802000.0,2.111,1.022,324390000.0,3268000.0,321122000.0,324390000.0,0.0,41580000.0,0.0,0.0,0.0,209398000.0,250978000.0,0.101,250978000.0,209398000.0,187506000.0,1.447,1.4,1.447,772321000.0,740281000.0,772321000.0,3342809456.0,16.0,13.319,135091000.0,1.564,1.0,1226908000.0,0.492,408625000.0,21892000.0,978294000.0,944155750.0,508927000.0,414000.0,414000.0,0.0,789354000.0,398991000.0,390363000.0,3110349456.0,-40301000.0,-107367000.0,5854000.0,-14700000.0,-19269000.0,-68115000.0,-162016000.0,620000.0,190331000.0,-501000.0,122802000.0,122802000.0,122802000.0,0.0,0.0,0.049,1017510000.0,209398000.0,210072000.0,0.0,4.027,25.328,24.879,247081000.0,0.0,36.0,1.247,1.247,208733000.0,831824000.0,2494330000.0,2494330000.0,0.0,0.081,0.166,0.222,0.084,0.0,1017510000.0,1.0,86398596.0,86398596.0,,28.87,1153050000.0,0.0,64704000.0,53982000.0,13.346,443082000.0
37,ACV1,MRT,2001-12-31,2001-12-31,2001-12-31,2021-08-25,-77725000.0,1507954000.0,1483027750.0,795018000.0,712936000.0,1.638,8.714,-47313000.0,91449000.0,91449000.0,1233561000.0,116044000.0,2.158,1.011,323909000.0,2786000.0,321123000.0,323909000.0,0.0,39032000.0,0.0,0.0,0.0,198447000.0,237479000.0,0.098,237479000.0,198447000.0,177040000.0,1.373,1.333,1.373,749805000.0,716825500.0,749805000.0,2688637957.0,14.0,11.322,106233000.0,1.235,1.0,1195949000.0,0.492,408857000.0,21407000.0,963121000.0,932794500.0,505568000.0,1017000.0,1017000.0,0.0,758149000.0,368436000.0,389713000.0,2566538957.0,-19102000.0,-103250000.0,6175000.0,-13456000.0,-18734000.0,-26015000.0,-148511000.0,-323000.0,153546000.0,1878000.0,116044000.0,116044000.0,116044000.0,0.0,0.0,0.048,997502000.0,198447000.0,206812000.0,0.0,3.423,22.117,21.724,244603000.0,0.0,29.827,1.056,1.056,170093000.0,804369000.0,2429510000.0,2429510000.0,0.0,0.078,0.162,0.213,0.082,0.0,997502000.0,1.0,86048468.0,86048468.0,,28.234,1099097000.0,0.0,60996000.0,60344000.0,12.773,426582000.0
38,ACV1,MRT,2001-09-30,2001-09-30,2001-09-30,2021-08-25,-61284000.0,1516501000.0,1465512250.0,876949000.0,639552000.0,1.623,8.651,-36752000.0,201970000.0,201970000.0,1217233000.0,110376000.0,2.247,1.06,324069000.0,2886000.0,321183000.0,324069000.0,0.0,37315000.0,0.0,0.0,0.0,189066000.0,226381000.0,0.095,226381000.0,189066000.0,167236000.0,1.307,1.273,1.307,736009000.0,696164250.0,736009000.0,2378850599.0,13.0,10.508,128453000.0,1.51,1.0,1161884000.0,0.488,343871000.0,21830000.0,904426000.0,929858500.0,478311000.0,869000.0,869000.0,0.0,780492000.0,390303000.0,390189000.0,2205794599.0,87333000.0,-18791000.0,14142000.0,-21543000.0,-18215000.0,-25616000.0,-54741000.0,-538000.0,165205000.0,2485000.0,110376000.0,110376000.0,110376000.0,0.0,0.0,0.046,972818000.0,189066000.0,191410000.0,0.0,2.997,19.984,19.837,235822000.0,0.0,25.927,0.927,0.927,169657000.0,779792000.0,2379117000.0,2379117000.0,0.0,0.075,0.159,0.203,0.079,0.0,972818000.0,1.0,85078218.0,85078218.0,,27.964,1172630000.0,0.0,56860000.0,69568000.0,13.783,486646000.0
39,ACV1,MRT,2001-06-30,2001-06-30,2001-06-30,2021-08-25,-62223000.0,1472084000.0,1432786500.0,835958000.0,636126000.0,1.568,8.279,-33213000.0,157814000.0,157814000.0,1219580000.0,106717000.0,2.255,1.094,330870000.0,2972000.0,327898000.0,330870000.0,0.0,28967000.0,0.0,0.0,0.0,183669000.0,212636000.0,0.095,212636000.0,183669000.0,161055000.0,1.267,1.24,1.267,702989000.0,670227000.0,702989000.0,2577289463.0,14.0,12.121,99377000.0,1.17,1.0,1027306000.0,0.457,343625000.0,22614000.0,930782000.0,935620250.0,487024000.0,819000.0,819000.0,0.0,769095000.0,370733000.0,398362000.0,2379694463.0,22950000.0,-48557000.0,13006000.0,-35335000.0,-17722000.0,-40051000.0,-76337000.0,-539000.0,132590000.0,6748000.0,106717000.0,106717000.0,106717000.0,0.0,0.0,0.047,843637000.0,183669000.0,201067000.0,0.0,3.385,22.299,22.12,232152000.0,0.0,28.027,1.059,1.059,162576000.0,752688000.0,2246886000.0,2246886000.0,0.0,0.074,0.159,0.196,0.082,0.0,843637000.0,1.0,84908223.0,84908223.0,,26.463,1128459000.0,0.0,54338000.0,59240000.0,13.29,465225000.0
40,ACV1,MRT,2001-03-31,2001-03-31,2001-03-31,2021-08-25,-59858000.0,1435572000.0,1413460250.0,801336000.0,634236000.0,1.567,8.023,-32165000.0,140456000.0,140456000.0,1188407000.0,103112000.0,2.252,1.116,338051000.0,5746000.0,332305000.0,338051000.0,0.0,32186000.0,0.0,0.0,0.0,177963000.0,210149000.0,0.095,210149000.0,177963000.0,155018000.0,1.227,1.207,1.227,678499000.0,649312250.0,678499000.0,2462452919.0,14.0,11.718,112133000.0,1.326,1.0,1026527000.0,0.463,344539000.0,22945000.0,932849000.0,941574500.0,474810000.0,995000.0,995000.0,0.0,757073000.0,355779000.0,401294000.0,2236100919.0,81887000.0,-44442000.0,11552000.0,17285000.0,-17236000.0,11601000.0,-78619000.0,-419000.0,144298000.0,4607000.0,103112000.0,103112000.0,103112000.0,0.0,0.0,0.047,848564000.0,177963000.0,193736000.0,0.0,3.296,21.686,21.548,232047000.0,0.0,26.44,1.01,1.01,158227000.0,728291000.0,2214934000.0,2214934000.0,0.0,0.073,0.159,0.189,0.08,0.0,848564000.0,1.0,84572652.0,84572652.0,,26.19,1091033000.0,0.0,51906000.0,53581000.0,12.901,445557000.0
41,ACV1,MRT,2000-12-31,2000-12-31,2000-12-31,2021-08-25,-51340000.0,1437892000.0,1386931500.0,787749000.0,650143000.0,1.569,7.905,-34718000.0,110551000.0,110551000.0,1156966000.0,99977000.0,2.167,1.155,336903000.0,3877000.0,333026000.0,336903000.0,0.0,34786000.0,0.0,0.0,0.0,170752000.0,205538000.0,0.094,205538000.0,170752000.0,149218000.0,1.193,1.173,1.193,667160000.0,630353000.0,667160000.0,2639054834.0,15.0,12.84,104792000.0,1.242,1.0,1018839000.0,0.468,349314000.0,21534000.0,951377000.0,939427500.0,482254000.0,546000.0,546000.0,0.0,770732000.0,363553000.0,407179000.0,2408755834.0,57597000.0,-140854000.0,7599000.0,96928000.0,-16762000.0,92765000.0,-177188000.0,-73000.0,139510000.0,2510000.0,99977000.0,99977000.0,99977000.0,0.0,0.0,0.046,848087000.0,170752000.0,209651000.0,0.0,3.61,24.093,23.924,236765000.0,0.0,28.542,1.107,1.107,167982000.0,707059000.0,2175805000.0,2175805000.0,0.0,0.072,0.159,0.182,0.078,0.0,848087000.0,1.0,84394365.0,84394365.0,,25.781,1088578000.0,0.0,49241000.0,65965000.0,12.899,424196000.0
42,ACV1,MRT,2000-09-30,2000-09-30,2000-09-30,2021-08-25,-54400000.0,1385598000.0,1328111000.0,740537000.0,645061000.0,1.61,7.551,-37527000.0,114637000.0,114637000.0,1120079000.0,103184000.0,2.173,1.192,344936000.0,3988000.0,340948000.0,344936000.0,0.0,36575000.0,0.0,0.0,0.0,173490000.0,210065000.0,0.098,210065000.0,173490000.0,154281000.0,1.233,1.22,1.233,632260000.0,610251750.0,632260000.0,1841815151.0,11.0,8.768,81603000.0,0.975,1.0,1017658000.0,0.476,347635000.0,19209000.0,927473000.0,905347750.0,445257000.0,314000.0,314000.0,0.0,753338000.0,340789000.0,412549000.0,1608365151.0,58706000.0,-144832000.0,-748000.0,118400000.0,-16182000.0,106470000.0,-167649000.0,1538000.0,119130000.0,755000.0,103184000.0,103184000.0,103184000.0,0.0,0.0,0.048,844168000.0,173490000.0,183770000.0,0.0,2.544,15.587,15.579,240091000.0,0.0,19.208,0.752,0.752,154207000.0,687631000.0,2137737000.0,2137737000.0,0.0,0.078,0.169,0.192,0.081,0.0,853425000.0,1.0,83732676.0,83732676.0,,25.53,1037963000.0,0.0,51097000.0,56265000.0,12.396,399748000.0
43,ACV1,MRT,2000-06-30,2000-06-30,2000-06-30,2021-08-25,-44539000.0,1394779000.0,1277845000.0,761278000.0,633501000.0,1.703,7.407,-41938000.0,134864000.0,134864000.0,1068625000.0,100005000.0,2.201,1.252,368314000.0,5566000.0,362748000.0,368314000.0,0.0,37141000.0,0.0,0.0,0.0,168449000.0,205590000.0,0.094,205590000.0,168449000.0,150981000.0,1.2,1.18,1.2,619330000.0,594391750.0,619330000.0,1969796805.0,12.0,9.581,60890000.0,0.728,1.0,1107631000.0,0.509,327801000.0,17468000.0,954599000.0,867482000.0,448913000.0,333000.0,333000.0,0.0,775449000.0,345829000.0,429620000.0,1703720805.0,83743000.0,-125245000.0,-3133000.0,146031000.0,-15618000.0,133627000.0,-151071000.0,919000.0,102828000.0,-1641000.0,100005000.0,100005000.0,100005000.0,0.0,0.0,0.046,939182000.0,168449000.0,201545000.0,0.0,2.751,17.036,16.979,240934000.0,0.0,20.375,0.783,0.783,152885000.0,663695000.0,2176256000.0,2176256000.0,0.0,0.078,0.168,0.194,0.077,0.0,948439000.0,1.0,83618199.0,83618199.0,,26.026,1066978000.0,0.0,50976000.0,58709000.0,12.76,415449000.0
44,ACV1,MRT,2000-03-31,2000-03-31,2000-03-31,2021-08-25,-38659000.0,1329457000.0,1213050750.0,696793000.0,632664000.0,1.734,7.209,-47311000.0,58569000.0,58569000.0,1036034000.0,97210000.0,2.042,1.206,324645000.0,6656000.0,317989000.0,324645000.0,0.0,34717000.0,0.0,0.0,0.0,161897000.0,196614000.0,0.093,196614000.0,161897000.0,146935000.0,1.16,1.147,1.16,602662000.0,575586500.0,602662000.0,1515212426.0,9.0,7.707,28936000.0,0.346,1.0,1067559000.0,0.507,330062000.0,14962000.0,924261000.0,815119000.0,456943000.0,628000.0,628000.0,0.0,726795000.0,341210000.0,385585000.0,1327195426.0,8500000.0,-126416000.0,-15172000.0,115496000.0,-15066000.0,90258000.0,-156854000.0,-99000.0,76247000.0,-1151000.0,97210000.0,97210000.0,97210000.0,0.0,0.0,0.046,905662000.0,161897000.0,199901000.0,0.0,2.202,13.653,13.685,244108000.0,0.0,15.875,0.631,0.631,155629000.0,642415000.0,2103593000.0,2103593000.0,0.0,0.08,0.169,0.199,0.077,0.0,914919000.0,1.0,83602862.0,83602862.0,,25.162,999395000.0,0.0,49725000.0,60437000.0,11.954,355583000.0
45,ACV1,MRT,1999-12-31,1999-12-31,1999-12-31,2021-08-25,-35872000.0,1202610000.0,1155448500.0,660786000.0,541824000.0,1.763,7.036,-46294000.0,52954000.0,52954000.0,1002315000.0,94503000.0,2.033,1.05,240971000.0,5358000.0,235613000.0,240971000.0,0.0,33340000.0,0.0,0.0,0.0,158291000.0,191631000.0,0.094,191631000.0,158291000.0,144671000.0,1.12,1.113,1.12,586755000.0,559607000.0,586755000.0,1607959520.0,10.0,8.391,40437000.0,0.485,1.0,1034861000.0,0.508,250567000.0,13620000.0,815058000.0,762283000.0,439256000.0,489000.0,489000.0,0.0,615855000.0,325002000.0,290853000.0,1434998520.0,7234000.0,-73669000.0,-31919000.0,67214000.0,-14583000.0,25712000.0,-103079000.0,997000.0,86731000.0,-2130000.0,94503000.0,94503000.0,94503000.0,0.0,0.0,0.046,876570000.0,158291000.0,188561000.0,0.0,2.446,15.185,15.365,236267000.0,0.0,17.208,0.704,0.704,146024000.0,623845000.0,2037176000.0,2037176000.0,0.0,0.082,0.169,0.208,0.078,0.0,885827000.0,1.0,83389744.0,83389744.0,,24.43,952043000.0,0.0,50168000.0,64656000.0,11.417,335784000.0
46,ACV1,MRT,1999-09-30,1999-09-30,1999-09-30,2021-08-25,-31160000.0,1184534000.0,1117022250.0,645554000.0,538980000.0,1.769,6.797,-47822000.0,55931000.0,55931000.0,973702000.0,86290000.0,1.919,1.082,228892000.0,3719000.0,225173000.0,228892000.0,0.0,32336000.0,0.0,0.0,0.0,146502000.0,178838000.0,0.091,178838000.0,146502000.0,133783000.0,1.02,1.007,1.02,568820000.0,548855500.0,568820000.0,1461175260.0,10.0,8.17,35737000.0,0.427,1.0,1002226000.0,0.507,245084000.0,12719000.0,776010000.0,730316250.0,421888000.0,1885000.0,1885000.0,0.0,615714000.0,336401000.0,279313000.0,1290115260.0,-16464000.0,-62304000.0,-35785000.0,54444000.0,-14394000.0,9265000.0,-107633000.0,-398000.0,83559000.0,-1655000.0,86290000.0,86290000.0,86290000.0,0.0,0.0,0.044,855724000.0,146502000.0,198887000.0,0.0,2.268,14.951,15.114,238753000.0,0.0,15.417,0.653,0.653,144075000.0,600629000.0,1975928000.0,1975928000.0,0.0,0.077,0.157,0.201,0.074,0.0,855724000.0,1.0,83683152.0,83683152.0,,23.612,939450000.0,0.0,47493000.0,53246000.0,11.226,309153000.0
47,ACV1,MRT,1999-06-30,1999-06-30,1999-06-30,2021-08-25,-35407000.0,1135602000.0,1087934750.0,611281000.0,524321000.0,1.764,6.44,-52639000.0,51121000.0,51121000.0,945525000.0,83978000.0,1.884,1.087,222181000.0,3684000.0,218497000.0,222181000.0,0.0,30648000.0,0.0,0.0,0.0,141906000.0,172554000.0,0.09,172554000.0,141906000.0,131179000.0,0.98,0.967,0.98,544109000.0,540148250.0,544109000.0,1657348442.0,12.0,9.605,52886000.0,0.626,1.0,973490000.0,0.507,237098000.0,10727000.0,745147000.0,699415000.0,408841000.0,1271000.0,1271000.0,0.0,591493000.0,324417000.0,267076000.0,1499757442.0,-101144000.0,-67911000.0,-120956000.0,49490000.0,-14421000.0,-82234000.0,-123506000.0,215000.0,105525000.0,-929000.0,83978000.0,83978000.0,83978000.0,0.0,0.0,0.044,831584000.0,141906000.0,194897000.0,0.0,2.756,17.859,18.112,233188000.0,0.0,17.75,0.782,0.782,130480000.0,579307000.0,1919015000.0,1919015000.0,0.0,0.077,0.155,0.203,0.074,0.0,831584000.0,1.0,84493377.0,84493377.0,,22.712,898504000.0,0.0,47201000.0,48356000.0,10.634,286864000.0
48,ACV1,MRT,1999-03-31,1999-03-31,1999-03-31,2021-08-25,-33166000.0,1099048000.0,1081074500.0,584472000.0,514576000.0,1.745,6.299,-49293000.0,50069000.0,50069000.0,924843000.0,82462000.0,1.893,1.04,207660000.0,3760000.0,203900000.0,207660000.0,0.0,30200000.0,0.0,0.0,0.0,140733000.0,170933000.0,0.091,170933000.0,140733000.0,130927000.0,0.967,0.933,0.967,538744000.0,529332750.0,538744000.0,1461200543.0,10.0,8.548,60331000.0,0.705,1.0,961220000.0,0.51,234896000.0,9806000.0,712917000.0,698575500.0,386422000.0,529000.0,529000.0,0.0,560304000.0,308826000.0,251478000.0,1332855543.0,-28742000.0,-75763000.0,-157113000.0,151582000.0,-14130000.0,-14661000.0,-122067000.0,5057000.0,109624000.0,-1638000.0,82462000.0,82462000.0,82462000.0,0.0,0.0,0.044,820487000.0,140733000.0,179795000.0,0.0,2.474,16.163,16.115,229222000.0,0.0,15.583,0.707,0.707,127402000.0,560271000.0,1886063000.0,1886063000.0,0.0,0.076,0.156,0.201,0.075,0.0,820487000.0,1.0,85530837.0,85530837.0,,22.051,864152000.0,0.0,48465000.0,49709000.0,10.103,275646000.0
49,ACV1,MRT,1998-12-31,1998-12-31,1998-12-31,2021-08-25,-28499000.0,1048905000.0,1059630250.0,570632000.0,478273000.0,1.75,6.353,-49498000.0,45720000.0,45720000.0,912812000.0,81995000.0,1.985,0.929,174065000.0,3521000.0,170544000.0,174065000.0,0.0,29294000.0,0.0,0.0,0.0,139486000.0,168780000.0,0.091,168780000.0,139486000.0,130434000.0,0.96,0.913,0.96,543749000.0,528263250.0,543749000.0,1625434530.0,12.0,9.63,54666000.0,0.639,1.0,941050000.0,0.508,202623000.0,9052000.0,687191000.0,672880250.0,375694000.0,909000.0,909000.0,0.0,505156000.0,287436000.0,217720000.0,1522831530.0,-11172000.0,-30638000.0,-141467000.0,114282000.0,-13841000.0,-41026000.0,-76263000.0,5389000.0,104164000.0,1953000.0,81995000.0,81995000.0,81995000.0,0.0,0.0,0.044,801564000.0,139486000.0,163010000.0,0.0,2.801,18.572,18.533,223437000.0,0.0,17.792,0.821,0.821,128485000.0,543923000.0,1853862000.0,1853862000.0,0.0,0.077,0.155,0.207,0.075,0.0,801564000.0,1.0,85592404.0,85592404.0,,21.659,846282000.0,0.0,48439000.0,51690000.0,9.887,283196000.0
50,ACV1,MRT,1998-09-30,1998-09-30,1998-09-30,2021-08-25,-28131000.0,1068184000.0,1048261750.0,591565000.0,476619000.0,1.75,6.459,-55934000.0,72395000.0,72395000.0,902095000.0,83067000.0,1.886,1.0,174998000.0,3238000.0,171760000.0,174998000.0,0.0,29054000.0,0.0,0.0,0.0,140985000.0,170039000.0,0.093,170039000.0,140985000.0,132378000.0,0.973,0.913,0.973,533991000.0,522570250.0,533991000.0,1408465303.0,10.0,8.283,54418000.0,0.658,1.0,932616000.0,0.508,204757000.0,8607000.0,652405000.0,657202500.0,369204000.0,910000.0,910000.0,0.0,534193000.0,313625000.0,220568000.0,1288366303.0,-3645000.0,-33889000.0,-134223000.0,114012000.0,-13220000.0,-33431000.0,-80762000.0,10650000.0,110352000.0,196000.0,83067000.0,83067000.0,83067000.0,0.0,0.0,0.045,791631000.0,140985000.0,177564000.0,0.0,2.413,15.51,16.016,223476000.0,0.0,15.583,0.702,0.702,129063000.0,528733000.0,1834711000.0,1834711000.0,0.0,0.079,0.159,0.215,0.077,0.0,791631000.0,1.0,82675912.0,82675912.0,,22.192,863427000.0,0.0,49311000.0,49068000.0,10.444,277940000.0
51,ACV1,MRT,1998-06-30,1998-06-30,1998-06-30,2021-08-25,-31519000.0,1108161000.0,1031230500.0,656728000.0,451433000.0,,5.872,-51588000.0,152265000.0,152265000.0,,,2.221,1.213,272364000.0,6869000.0,265495000.0,272364000.0,0.0,30562000.0,0.0,0.0,0.0,,,,,,,,,,500847000.0,513323500.0,500847000.0,1720141875.0,,,50539000.0,0.593,1.0,,,190761000.0,,741789000.0,639789000.0,354907000.0,909000.0,909000.0,0.0,607314000.0,295710000.0,311604000.0,1648892875.0,82288000.0,-20112000.0,-47065000.0,107905000.0,-12374000.0,48466000.0,-66794000.0,7841000.0,102127000.0,-1511000.0,,,,,,,,,156225000.0,,3.292,,,205684000.0,,19.333,,,122209000.0,509750000.0,,,,,,,,0.0,,1.0,85287562.0,85287562.0,,,917400000.0,0.0,,51857000.0,10.757,361018000.0
52,ACV1,MRT,1998-03-31,1998-03-31,1998-03-31,2021-08-25,-27583000.0,1013271000.0,,582015000.0,431256000.0,,6.271,-54371000.0,78811000.0,78811000.0,,,2.003,0.896,150060000.0,3730000.0,146330000.0,150060000.0,0.0,30002000.0,0.0,0.0,0.0,,,,,,,,,,534466000.0,,534466000.0,1825638164.0,,,28277000.0,0.332,1.0,,,183873000.0,,610136000.0,,357552000.0,5009000.0,5009000.0,0.0,478805000.0,290511000.0,188294000.0,1729374164.0,-6626000.0,-9008000.0,1240000.0,-10667000.0,-11833000.0,-21260000.0,-67428000.0,2491000.0,82648000.0,-586000.0,,,,,,,,,155892000.0,,3.236,,,201991000.0,,20.292,,,114718000.0,491949000.0,,,,,,,,0.0,,1.0,85225832.0,85225832.0,,,829398000.0,0.0,,47742000.0,9.732,291504000.0
53,ACV1,MRT,1997-12-31,1997-12-31,1997-12-31,2021-08-25,-25534000.0,1003431000.0,,572158000.0,431273000.0,,6.113,-65263000.0,56892000.0,56892000.0,,,1.976,0.926,153156000.0,4576000.0,148580000.0,153156000.0,0.0,29262000.0,0.0,0.0,0.0,,,,,,,,,,520977000.0,,520977000.0,,,,-9287000.0,-0.109,1.0,,,185610000.0,,624480000.0,,361746000.0,6298000.0,6298000.0,0.0,482454000.0,289605000.0,192849000.0,1821702148.0,-50046000.0,-16414000.0,3435000.0,-6539000.0,-11213000.0,-14317000.0,-87378000.0,102000.0,55976000.0,-4327000.0,,,,,,,,,158639000.0,,3.497,,,199655000.0,,21.375,,,117106000.0,475787000.0,,,,,,,,0.0,,1.0,85225832.0,85225832.0,,,817821000.0,0.0,,46573000.0,9.596,282553000.0
54,ACV1,MRT,1997-09-30,1997-09-30,1997-09-30,2021-08-25,-22555000.0,1000059000.0,,580259000.0,419800000.0,,,-58196000.0,76040000.0,76040000.0,880416000.0,85417000.0,1.864,1.012,154384000.0,4943000.0,149441000.0,154384000.0,0.0,28169000.0,0.0,0.0,0.0,144359000.0,172528000.0,0.097,172528000.0,144359000.0,136121000.0,1.02,0.94,1.02,497004000.0,,497004000.0,,,,21532000.0,,1.0,894842000.0,0.504,184400000.0,8238000.0,582751000.0,,343868000.0,11560000.0,11560000.0,0.0,503055000.0,311252000.0,191803000.0,,9829000.0,-15628000.0,4422000.0,-4130000.0,-10909000.0,-10617000.0,-57579000.0,-6214000.0,79728000.0,-1703000.0,85417000.0,85417000.0,85417000.0,0.0,0.0,0.048,750483000.0,144359000.0,174322000.0,0.0,,,19.894,190998000.0,0.0,20.292,,,120774000.0,458886000.0,1775258000.0,1775258000.0,0.0,,,,0.081,0.0,766117000.0,1.0,,,,,815659000.0,0.0,50704000.0,39030000.0,,269007000.0
55,ACV1,MRT,1997-06-30,1997-06-30,1997-06-30,2021-08-25,,,,,,,,,,,,,,,,,,,,,,0.0,0.0,,,,,,,,,,,,,,,,,,1.0,,,,,,,,,,,,,,,,,,,,,,,,,,,,,,,,,,,,,,,,18.75,,,,,,,,,,,,,,1.0,,,,,,,,,,
56,ACV1,MRT,1997-03-31,1997-03-31,1997-03-31,2021-08-25,,,,,,,,,,,,,,,,,,,,,,0.0,0.0,,,,,,,,,,,,,,,,,,1.0,,,,,,,,,,,,,,,,,,,,,,,,,,,,,,,,,,,,,,,,17.417,,,,,,,,,,,,,,1.0,,,,,,,,,,
57,ACV1,MRT,1996-12-31,1996-12-31,1996-12-31,2021-08-25,,,,,,,,,,,,,,,,,,,,,,0.0,0.0,,,,,,,,,,,,,,,,,,1.0,,,,,,,,,,,,,,,,,,,,,,,,,,,,,,,,,,,,,,,,16.0,,,,,,,,,,,,,,1.0,,,,,,,,,,
58,ACV1,MRT,1996-09-30,1996-09-30,1996-09-30,2021-08-25,,,,,,,,-40894000.0,,,805080000.0,62744000.0,,,,,,,,26159000.0,,0.0,0.0,112082000.0,138241000.0,0.087,138241000.0,112082000.0,100014000.0,0.753,0.707,0.753,,,,,,,51851000.0,,1.0,785329000.0,0.494,,12068000.0,,,,,,,,,,,-76374000.0,-118533000.0,958000.0,-23958000.0,-9724000.0,-2724000.0,-166087000.0,-946000.0,92745000.0,-308000.0,62744000.0,62744000.0,62744000.0,0.0,0.0,0.039,673247000.0,112082000.0,,0.0,,,19.201,,0.0,14.458,,,,,1590409000.0,1590409000.0,0.0,,,,0.07,0.0,673247000.0,1.0,,,,,,,37270000.0,,,
