None,ticker,dimension,calendardate,datekey,reportperiod,lastupdated,accoci,assets,assetsavg,assetsc,assetsnc,assetturnover,bvps,capex,cashneq,cashnequsd,cor,consolinc,currentratio,de,debt,debtc,debtnc,debtusd,deferredrev,depamor,deposits,divyield,dps,ebit,ebitda,ebitdamargin,ebitdausd,ebitusd,ebt,eps,epsdil,epsusd,equity,equityavg,equityusd,ev,evebit,evebitda,fcf,fcfps,fxusd,gp,grossmargin,intangibles,intexp,invcap,invcapavg,inventory,investments,investmentsc,investmentsnc,liabilities,liabilitiesc,liabilitiesnc,marketcap,ncf,ncfbus,ncfcommon,ncfdebt,ncfdiv,ncff,ncfi,ncfinv,ncfo,ncfx,netinc,netinccmn,netinccmnusd,netincdis,netincnci,netmargin,opex,opinc,payables,payoutratio,pb,pe,pe1,ppnenet,prefdivis,price,ps,ps1,receivables,retearn,revenue,revenueusd,rnd,roa,roe,roic,ros,sbcomp,sgna,sharefactor,sharesbas,shareswa,shareswadil,sps,tangibles,taxassets,taxexp,taxliabilities,tbvps,workingcapital
0,AVP,MRY,2018-12-31,2018-12-31,2018-12-31,2021-09-13,-1030400000.0,3010000000.0,3202850000.0,1762000000.0,1248000000.0,1.739,-2.047,-90100000.0,532700000.0,532700000.0,2364000000.0,-21800000.0,1.177,-3.775,1593600000.0,12000000.0,1581600000.0,1593600000.0,0.0,107700000.0,0.0,0.0,0.0,245000000.0,352700000.0,0.063,352700000.0,245000000.0,110400000.0,-0.1,-0.1,-0.1,-904500000.0,-847525000.0,-904500000.0,1866887433.0,8.0,5.293,2600000.0,0.006,1.0,3207300000.0,0.576,87400000.0,134600000.0,2487000000.0,2742000000.0,542000000.0,0.0,0.0,0.0,3414700000.0,1496500000.0,1918200000.0,672387433.0,-345100000.0,0.0,-3200000.0,-299800000.0,0.0,-306900000.0,-93400000.0,0.0,92700000.0,-37500000.0,-19500000.0,-19500000.0,-19500000.0,0.0,-2300000.0,-0.004,2979200000.0,228100000.0,816500000.0,0.0,-0.743,-34.481,-15.2,557600000.0,0.0,1.52,0.121,0.121,349700000.0,2234300000.0,5571300000.0,5571300000.0,0.0,-0.006,0.023,0.089,0.044,13800000.0,2972100000.0,1.0,442360153.0,441900000,441900000.0,12.608,2922600000.0,212600000.0,129900000.0,256000000.0,6.614,265500000.0
1,AVP,MRY,2017-12-31,2017-12-31,2017-12-31,2021-09-13,-926200000.0,3697900000.0,3527050000.0,2233300000.0,1464600000.0,1.621,-1.649,-91400000.0,881500000.0,881500000.0,2203300000.0,20000000.0,1.432,-5.441,1897900000.0,25700000.0,1872200000.0,1897900000.0,0.0,114000000.0,0.0,0.0,0.0,263500000.0,377500000.0,0.066,377500000.0,263500000.0,122700000.0,0.0,0.0,0.0,-725000000.0,-804775000.0,-725000000.0,2171295036.0,8.0,5.752,171200000.0,0.389,1.0,3512300000.0,0.615,95700000.0,140800000.0,3059000000.0,3146050000.0,598200000.0,0.0,0.0,0.0,3944800000.0,1559600000.0,2385200000.0,945995036.0,227100000.0,22000000.0,-7200000.0,7400000.0,0.0,0.0,-69600000.0,0.0,262600000.0,34100000.0,22000000.0,22000000.0,22000000.0,0.0,-2000000.0,0.004,3265600000.0,246700000.0,832200000.0,,-1.305,43.0,,702700000.0,0.0,2.15,0.166,0.165,457200000.0,2320300000.0,5715600000.0,5715600000.0,0.0,0.006,-0.027,0.084,0.046,24200000.0,3231000000.0,1.0,439997691.0,439700000,439700000.0,12.999,3602200000.0,0.0,100700000.0,443800000.0,8.192,673700000.0
2,AVP,MRY,2016-12-31,2016-12-31,2016-12-31,2021-09-13,-1033200000.0,3418900000.0,3647900000.0,1992300000.0,1426600000.0,1.567,-1.941,-79700000.0,654400000.0,654400000.0,2257000000.0,-107400000.0,1.341,-4.493,1893900000.0,18100000.0,1875800000.0,1893900000.0,0.0,113900000.0,0.0,0.0,0.0,153600000.0,267500000.0,0.047,267500000.0,153600000.0,17000000.0,-0.29,-0.29,-0.29,-848000000.0,-840200000.0,-848000000.0,3641485771.0,24.0,13.613,-19300000.0,-0.044,1.0,3460700000.0,0.605,93600000.0,136600000.0,3079100000.0,3405225000.0,586400000.0,0.0,0.0,0.0,3810400000.0,1485700000.0,2324700000.0,2205085771.0,-30300000.0,-4500000.0,-5600000.0,-260700000.0,0.0,137000000.0,-177300000.0,0.0,60400000.0,-50400000.0,-107600000.0,-107600000.0,-107600000.0,14000000.0,200000.0,-0.019,3309800000.0,150900000.0,768100000.0,0.0,-2.6,-20.493,-17.379,711300000.0,0.0,5.04,0.386,0.385,458900000.0,2322200000.0,5717700000.0,5717700000.0,0.0,-0.029,0.128,0.045,0.027,24000000.0,3136900000.0,1.0,437517018.0,437000000,437000000.0,13.084,3325300000.0,0.0,124600000.0,360800000.0,7.609,506600000.0
3,AVP,MRY,2015-12-31,2015-12-31,2015-12-31,2021-09-13,-1366200000.0,3870400000.0,4376500000.0,2341100000.0,1529300000.0,1.408,-2.459,-84200000.0,686900000.0,686900000.0,2445400000.0,-1145600000.0,1.067,-4.603,2205700000.0,55200000.0,2150500000.0,2205700000.0,0.0,126100000.0,0.0,0.059,0.24,-209200000.0,-83100000.0,-0.013,-83100000.0,-209200000.0,-329700000.0,-2.6,-2.6,-2.6,-1070300000.0,-452050000.0,-1070300000.0,3489463439.0,-17.0,-41.991,27900000.0,0.064,1.0,3715100000.0,0.603,92300000.0,120500000.0,3101800000.0,3999600000.0,624000000.0,0.0,0.0,0.0,4926800000.0,2195100000.0,2731700000.0,1763363439.0,-275800000.0,208300000.0,-3100000.0,-312700000.0,-108800000.0,-445500000.0,138300000.0,18400000.0,112100000.0,-80700000.0,-1148900000.0,-1148900000.0,-1148900000.0,349100000.0,3300000.0,-0.186,3623800000.0,91300000.0,774200000.0,-0.092,-1.648,-1.535,-1.558,766900000.0,0.0,4.05,0.286,0.286,443000000.0,2448100000.0,6160500000.0,6160500000.0,0.0,-0.263,2.542,-0.052,-0.034,51200000.0,3543200000.0,1.0,435398380.0,435200000,435200000.0,14.156,3778100000.0,0.0,819200000.0,263900000.0,8.681,146000000.0
4,AVP,MRY,2014-12-31,2014-12-31,2014-12-31,2021-09-13,-1217600000.0,5596800000.0,5971825000.0,3064500000.0,2532300000.0,1.281,0.667,-110600000.0,936400000.0,936400000.0,3006900000.0,-384900000.0,1.427,18.259,2550400000.0,121700000.0,2428700000.0,2550400000.0,0.0,169400000.0,0.0,0.026,0.24,265500000.0,434900000.0,0.057,434900000.0,265500000.0,156700000.0,-0.88,-0.88,-0.88,289800000.0,764275000.0,289800000.0,5885116676.0,22.0,13.532,249200000.0,0.574,1.0,4641100000.0,0.607,249300000.0,108800000.0,4814300000.0,5361175000.0,707700000.0,0.0,0.0,0.0,5291500000.0,2147200000.0,3144300000.0,4081416676.0,-147400000.0,0.0,-9600000.0,-88900000.0,-110200000.0,-218800000.0,-105100000.0,10100000.0,359800000.0,-183300000.0,-388600000.0,-388600000.0,-388600000.0,40400000.0,3700000.0,-0.051,4346300000.0,294800000.0,806300000.0,-0.273,14.084,-10.503,-10.67,1036800000.0,0.0,9.39,0.534,0.533,515600000.0,3702900000.0,7648000000.0,7648000000.0,0.0,-0.065,-0.508,0.05,0.035,38900000.0,4206800000.0,1.0,434655663.0,434500000,434500000.0,17.602,5347500000.0,0.0,545300000.0,272800000.0,12.307,917300000.0
5,AVP,MRY,2013-12-31,2013-12-31,2013-12-31,2021-09-13,-870400000.0,6492300000.0,6819900000.0,3441200000.0,3051100000.0,1.246,2.561,-176700000.0,1107900000.0,1107900000.0,3172800000.0,-51900000.0,1.536,4.833,2720700000.0,188000000.0,2532700000.0,2720700000.0,0.0,187700000.0,0.0,0.014,0.24,271900000.0,459600000.0,0.054,459600000.0,271900000.0,154000000.0,-0.13,-0.13,-0.13,1110100000.0,1128900000.0,1110100000.0,9445505848.0,35.0,20.552,358900000.0,0.828,1.0,5324000000.0,0.627,282500000.0,117900000.0,5582100000.0,6034200000.0,967700000.0,0.0,0.0,0.0,5364800000.0,2240500000.0,3124300000.0,7469505848.0,-101700000.0,0.0,6500000.0,-457200000.0,-106800000.0,-467900000.0,-88600000.0,-13900000.0,535600000.0,-80800000.0,-56400000.0,-56400000.0,-56400000.0,119400000.0,4500000.0,-0.007,4868100000.0,455900000.0,896500000.0,-1.846,6.729,-132.438,-132.462,1393300000.0,0.0,17.22,0.879,0.878,676300000.0,4196700000.0,8496800000.0,8496800000.0,0.0,-0.008,-0.05,0.045,0.032,43300000.0,4742100000.0,1.0,433769213.0,433400000,434200000.0,19.605,6209800000.0,0.0,210400000.0,285500000.0,14.328,1200700000.0
6,AVP,MRY,2012-12-31,2012-12-31,2012-12-31,2021-09-13,-876700000.0,7382500000.0,7630100000.0,3928900000.0,3453600000.0,1.384,2.818,-213100000.0,1206900000.0,1206900000.0,4103100000.0,-38200000.0,1.453,5.052,3195800000.0,572000000.0,2623800000.0,3195800000.0,0.0,212500000.0,0.0,0.052,0.75,397200000.0,609700000.0,0.058,609700000.0,397200000.0,292900000.0,-0.1,-0.1,-0.1,1217100000.0,1431875000.0,1217100000.0,8421149450.0,21.0,13.812,343000000.0,0.794,1.0,6458300000.0,0.612,370900000.0,104300000.0,6295900000.0,6262425000.0,1101100000.0,0.0,0.0,0.0,6149200000.0,2704600000.0,3444600000.0,6205849450.0,-35500000.0,0.0,-2600000.0,-113000000.0,-329300000.0,-401300000.0,-213700000.0,-300000.0,556100000.0,23400000.0,-42500000.0,-42500000.0,-42500000.0,131500000.0,4300000.0,-0.004,5940400000.0,517900000.0,914300000.0,-7.5,5.099,-146.02,-143.6,1526000000.0,0.0,14.36,0.588,0.587,752100000.0,4357800000.0,10561400000.0,10561400000.0,0.0,-0.006,-0.03,0.063,0.038,41100000.0,5889300000.0,1.0,432162218.0,431900000,432500000.0,24.453,7011600000.0,0.0,335400000.0,336200000.0,16.234,1224300000.0
7,AVP,MRY,2011-12-31,2011-12-31,2011-12-31,2021-09-13,-854400000.0,7735000000.0,7904575000.0,4098800000.0,3636200000.0,1.404,3.648,-259300000.0,1245100000.0,1245100000.0,4065000000.0,517800000.0,1.418,3.916,3308400000.0,849300000.0,2459100000.0,3308400000.0,0.0,221100000.0,0.0,0.053,0.92,911000000.0,1132100000.0,0.102,1132100000.0,911000000.0,818100000.0,1.18,1.18,1.18,1570400000.0,1811825000.0,1570400000.0,9787933904.0,11.0,8.646,396500000.0,0.921,1.0,7034500000.0,0.634,753000000.0,92900000.0,6154300000.0,6200200000.0,1161300000.0,0.0,0.0,0.0,6149800000.0,2891000000.0,3258800000.0,7525633904.0,65200000.0,-13000000.0,9100000.0,110000000.0,-403400000.0,-284500000.0,-268900000.0,4900000.0,655800000.0,-37200000.0,513600000.0,513600000.0,513600000.0,157800000.0,4200000.0,0.046,5977900000.0,1056600000.0,850200000.0,0.78,4.792,14.653,14.805,1571500000.0,0.0,17.47,0.678,0.678,761500000.0,4726100000.0,11099500000.0,11099500000.0,0.0,0.065,0.283,0.147,0.082,36600000.0,5942500000.0,1.0,430774694.0,430500000,432100000.0,25.783,6982000000.0,0.0,304500000.0,377800000.0,16.218,1207800000.0
8,AVP,MRY,2010-12-31,2010-12-31,2010-12-31,2021-09-13,-605800000.0,7873700000.0,7306150000.0,4184300000.0,3689400000.0,1.487,3.863,-319300000.0,1179900000.0,1179900000.0,4041300000.0,609300000.0,1.415,3.743,3136200000.0,727600000.0,2408600000.0,3136200000.0,0.0,194800000.0,0.0,0.03,0.88,1043600000.0,1238400000.0,0.114,1238400000.0,1043600000.0,956500000.0,1.4,1.39,1.4,1656500000.0,1419250000.0,1656500000.0,14734379838.0,14.0,11.898,382700000.0,0.892,1.0,6821500000.0,0.628,1043400000.0,87100000.0,5830300000.0,5886575000.0,1152900000.0,0.0,0.0,0.0,6201100000.0,2956300000.0,3244800000.0,12471979838.0,-131700000.0,-785800000.0,9800000.0,604700000.0,-384100000.0,234400000.0,-1034400000.0,9400000.0,702000000.0,-33700000.0,606300000.0,606300000.0,606300000.0,-14100000.0,3000000.0,0.056,5803000000.0,1018500000.0,809800000.0,0.629,7.529,20.571,20.757,1627400000.0,0.0,29.06,1.148,1.147,826300000.0,4610800000.0,10862800000.0,10862800000.0,0.0,0.083,0.427,0.177,0.096,57600000.0,5748400000.0,1.0,429180311.0,428800000,431400000.0,25.333,6830300000.0,0.0,350200000.0,483000000.0,15.929,1228000000.0
9,AVP,MRY,2009-12-31,2009-12-31,2009-12-31,2021-09-13,-692600000.0,6823400000.0,6590650000.0,4206200000.0,2617200000.0,1.548,2.981,-285100000.0,1298100000.0,1298100000.0,3825500000.0,628200000.0,1.835,4.33,2445000000.0,137800000.0,2307200000.0,2445000000.0,0.0,175300000.0,0.0,0.027,0.84,1025100000.0,1200400000.0,0.118,1200400000.0,1025100000.0,920300000.0,1.45,1.45,1.45,1272600000.0,940375000.0,1272600000.0,14918065418.0,15.0,12.428,496900000.0,1.164,1.0,6379700000.0,0.625,229300000.0,104800000.0,5449300000.0,5572200000.0,1049800000.0,0.0,0.0,0.0,5510800000.0,2291700000.0,3219100000.0,13452265418.0,206900000.0,5800000.0,4500000.0,-300000.0,-364700000.0,-361800000.0,-218900000.0,61000000.0,782000000.0,5600000.0,625800000.0,625800000.0,625800000.0,-9000000.0,2400000.0,0.061,5381400000.0,998300000.0,739000000.0,0.579,10.571,21.496,21.724,1469000000.0,0.0,31.5,1.318,1.318,765700000.0,4383900000.0,10205200000.0,10205200000.0,0.0,0.095,0.665,0.184,0.1,54900000.0,5374100000.0,1.0,427056045.0,426900000,428500000.0,23.905,6594100000.0,0.0,294500000.0,536200000.0,15.446,1914500000.0
10,AVP,MRY,2008-12-31,2008-12-31,2008-12-31,2021-09-13,-965900000.0,6074000000.0,6035875000.0,3556900000.0,2517100000.0,1.741,1.583,-364000000.0,1104700000.0,1104700000.0,3883900000.0,875600000.0,1.221,7.944,2487600000.0,1031400000.0,1456200000.0,2487600000.0,0.0,181600000.0,0.0,0.033,0.8,1316200000.0,1497800000.0,0.143,1497800000.0,1316200000.0,1215800000.0,2.04,2.03,2.04,674900000.0,914000000.0,674900000.0,11687013738.0,9.0,7.803,384100000.0,0.901,1.0,6623600000.0,0.63,0.0,100400000.0,4544700000.0,4740300000.0,1007900000.0,0.0,0.0,0.0,5361700000.0,2912200000.0,2449500000.0,10243913738.0,141300000.0,-77700000.0,-90700000.0,281500000.0,-346700000.0,-141500000.0,-403400000.0,41400000.0,748100000.0,-61900000.0,875300000.0,875300000.0,875300000.0,6900000.0,300000.0,0.083,5337300000.0,1286300000.0,724300000.0,0.392,15.178,11.703,11.779,1343900000.0,0.0,24.03,0.975,0.975,687800000.0,4118900000.0,10507500000.0,10507500000.0,0.0,0.145,0.958,0.278,0.125,54800000.0,5299100000.0,1.0,426296868.0,426360000,428250000.0,24.645,6074000000.0,0.0,340500000.0,509100000.0,14.246,644700000.0
11,AVP,MRY,2007-12-31,2007-12-31,2007-12-31,2021-09-13,-417000000.0,5716200000.0,5402400000.0,3515400000.0,2200800000.0,1.84,1.642,-267300000.0,963400000.0,963400000.0,3941200000.0,533300000.0,1.151,7.033,2097400000.0,929500000.0,1167900000.0,2097400000.0,0.0,172100000.0,0.0,0.019,0.74,905700000.0,1077800000.0,0.108,1077800000.0,905700000.0,793500000.0,1.22,1.21,1.22,711600000.0,681275000.0,711600000.0,18335968849.0,20.0,17.012,322500000.0,0.744,1.0,5997500000.0,0.603,0.0,112200000.0,3796800000.0,3796225000.0,1041800000.0,0.0,0.0,0.0,5004600000.0,3053400000.0,1951200000.0,16960868849.0,-235500000.0,0.0,-581300000.0,290300000.0,-325700000.0,-597100000.0,-287200000.0,-900000.0,589800000.0,59000000.0,530700000.0,530700000.0,530700000.0,0.0,2600000.0,0.053,5131400000.0,866100000.0,800300000.0,0.607,23.835,31.959,32.402,1278200000.0,0.0,39.53,1.707,1.724,795000000.0,3586500000.0,9938700000.0,9938700000.0,0.0,0.098,0.779,0.239,0.091,61600000.0,5124800000.0,1.0,429063214.0,433470000,436020000.0,22.928,5716200000.0,0.0,262800000.0,533300000.0,13.187,462000000.0
12,AVP,MRY,2006-12-31,2006-12-31,2006-12-31,2021-09-13,-656300000.0,5238200000.0,5159250000.0,3334400000.0,1903800000.0,1.699,1.767,-158400000.0,1198900000.0,1198900000.0,3416500000.0,477600000.0,1.32,5.627,1786300000.0,615600000.0,1170700000.0,1786300000.0,0.0,159600000.0,0.0,0.021,0.7,800600000.0,960200000.0,0.11,960200000.0,800600000.0,701000000.0,1.07,1.06,1.07,790400000.0,881275000.0,790400000.0,15408202760.0,19.0,16.047,637700000.0,1.425,1.0,5347400000.0,0.61,0.0,99600000.0,3300400000.0,3454200000.0,900300000.0,0.0,0.0,0.0,4447800000.0,2525200000.0,1922600000.0,14687902760.0,140200000.0,-39400000.0,-322600000.0,141700000.0,-317600000.0,-490400000.0,-207900000.0,-10100000.0,796100000.0,42400000.0,477600000.0,477600000.0,477600000.0,0.0,0.0,0.054,4599600000.0,747800000.0,655800000.0,0.654,18.583,30.754,30.879,1100200000.0,0.0,33.04,1.676,1.687,700400000.0,3396800000.0,8763900000.0,8763900000.0,0.0,0.093,0.542,0.232,0.091,62900000.0,4586000000.0,1.0,444549115.0,447400000,449160000.0,19.589,5238200000.0,0.0,223400000.0,440300000.0,11.708,809200000.0
13,AVP,MRY,2005-12-31,2005-12-31,2005-12-31,2021-09-13,-740900000.0,4761400000.0,4484125000.0,2919000000.0,1842400000.0,1.817,1.703,-176500000.0,1058700000.0,1058700000.0,3113200000.0,847600000.0,1.168,4.995,1649000000.0,882500000.0,766500000.0,1649000000.0,0.0,139600000.0,0.0,0.023,0.66,1171400000.0,1311000000.0,0.161,1311000000.0,1171400000.0,1117300000.0,1.82,1.81,1.82,794200000.0,962900000.0,794200000.0,13719882121.0,12.0,10.465,719000000.0,1.542,1.0,5036400000.0,0.618,0.0,54100000.0,2852000000.0,2929425000.0,801700000.0,0.0,0.0,0.0,3967200000.0,2499700000.0,1467500000.0,13087082121.0,289100000.0,-156600000.0,-666600000.0,753700000.0,-313800000.0,-226700000.0,-343100000.0,-10000000.0,895500000.0,-36600000.0,847600000.0,847600000.0,847600000.0,0.0,0.0,0.104,3895400000.0,1141000000.0,538200000.0,0.363,16.478,15.44,15.687,1050800000.0,0.0,28.55,1.606,1.633,634100000.0,3233100000.0,8149600000.0,8149600000.0,0.0,0.189,0.88,0.4,0.144,10100000.0,3887400000.0,1.0,458391668.0,466280000,469470000.0,17.478,4761400000.0,0.0,269700000.0,430900000.0,10.211,419300000.0
14,AVP,MRY,2004-12-31,2004-12-31,2004-12-31,2021-09-13,-679500000.0,4148100000.0,3780225000.0,2506400000.0,1641700000.0,2.05,2.012,-230500000.0,769600000.0,769600000.0,2932500000.0,846100000.0,1.557,3.366,918000000.0,51700000.0,866300000.0,918000000.0,0.0,133700000.0,0.0,0.014,0.56,1210500000.0,1344200000.0,0.173,1344200000.0,1210500000.0,1176700000.0,1.79,1.77,1.79,950200000.0,668400000.0,950200000.0,18794930093.0,16.0,13.982,652100000.0,1.381,1.0,4815300000.0,0.622,0.0,33800000.0,2687000000.0,2638500000.0,740500000.0,0.0,0.0,0.0,3197900000.0,1609500000.0,1588400000.0,18303230093.0,75600000.0,-47500000.0,-101900000.0,-195400000.0,-269700000.0,-567000000.0,-279400000.0,-1400000.0,882600000.0,39400000.0,846100000.0,846100000.0,846100000.0,0.0,0.0,0.109,3614600000.0,1200700000.0,490100000.0,0.313,19.263,21.632,21.62,1014800000.0,0.0,38.7,2.362,2.359,599100000.0,2693500000.0,7747800000.0,7747800000.0,0.0,0.224,1.266,0.459,0.156,8800000.0,3586300000.0,1.0,472951682.0,472350000,477960000.0,16.403,4148100000.0,0.0,330600000.0,471200000.0,8.782,896900000.0
15,AVP,MRY,2003-12-31,2003-12-31,2003-12-31,2021-09-13,-729400000.0,3581600000.0,3441250000.0,2226100000.0,1355500000.0,1.989,0.788,-148500000.0,694000000.0,694000000.0,2631600000.0,664800000.0,1.385,8.646,1121800000.0,244100000.0,877700000.0,1121800000.0,0.0,123500000.0,0.0,0.012,0.42,1017000000.0,1140500000.0,0.167,1140500000.0,1017000000.0,983700000.0,1.41,1.39,1.41,371300000.0,121250000.0,371300000.0,16727708992.0,16.0,14.667,596800000.0,1.267,1.0,4213500000.0,0.616,0.0,33300000.0,2402400000.0,2534250000.0,653400000.0,0.0,0.0,0.0,3210300000.0,1607000000.0,1603300000.0,15961908992.0,87200000.0,-20400000.0,-113700000.0,-180400000.0,-201400000.0,-495500000.0,-178400000.0,-9500000.0,745300000.0,15800000.0,664800000.0,664800000.0,664800000.0,0.0,0.0,0.097,3199300000.0,1014200000.0,400100000.0,0.298,42.989,24.01,23.933,855600000.0,0.0,33.745,2.332,2.322,553200000.0,2202400000.0,6845100000.0,6845100000.0,0.0,0.193,5.483,0.401,0.149,0.0,3170700000.0,1.0,473015528.0,471080000,483130000.0,14.531,3581600000.0,0.0,318900000.0,531300000.0,7.603,619100000.0
16,AVP,MRY,2002-12-31,2002-12-31,2002-12-31,2021-09-13,-791400000.0,3327500000.0,3173925000.0,2048200000.0,1279300000.0,1.953,-0.27,-116200000.0,606800000.0,606800000.0,2438200000.0,534600000.0,1.037,-27.057,1372200000.0,605200000.0,767000000.0,1372200000.0,0.0,124800000.0,0.0,0.015,0.4,878900000.0,1003700000.0,0.162,1003700000.0,878900000.0,826900000.0,1.13,1.11,1.13,-127700000.0,-77125000.0,-127700000.0,13696518929.0,16.0,13.646,449200000.0,0.951,1.0,3761900000.0,0.607,0.0,52000000.0,2117400000.0,2599125000.0,614700000.0,0.0,0.0,0.0,3455200000.0,1975500000.0,1479700000.0,12671818929.0,98300000.0,-10200000.0,-113900000.0,-26700000.0,-191200000.0,-331800000.0,-123000000.0,3400000.0,565400000.0,-12300000.0,534600000.0,534600000.0,534600000.0,0.0,0.0,0.086,2888500000.0,873400000.0,379900000.0,0.354,-99.231,23.703,23.836,769100000.0,0.0,26.935,2.044,2.051,555400000.0,1735300000.0,6200100000.0,6200100000.0,0.0,0.168,-6.932,0.338,0.142,0.0,2864100000.0,1.0,470459214.0,472120000,490940000.0,13.132,3327500000.0,0.0,292300000.0,513500000.0,7.048,72700000.0
17,AVP,MRY,2001-12-31,2001-12-31,2001-12-31,2021-09-13,-489500000.0,3181000000.0,2927075000.0,1885100000.0,1295900000.0,2.05,-0.159,-147100000.0,508500000.0,508500000.0,2364600000.0,444600000.0,1.294,-43.357,1325100000.0,88800000.0,1236300000.0,1325100000.0,0.0,109000000.0,0.0,0.016,0.38,756000000.0,865000000.0,0.144,865000000.0,756000000.0,684900000.0,0.94,0.925,0.94,-75100000.0,-146850000.0,-75100000.0,12130514526.0,16.0,14.024,600400000.0,1.268,1.0,3635700000.0,0.606,0.0,71100000.0,2540600000.0,2648850000.0,612500000.0,0.0,0.0,0.0,3256100000.0,1457000000.0,1799100000.0,10984914526.0,385800000.0,-5000000.0,-83800000.0,63700000.0,-181900000.0,-202000000.0,-144700000.0,7400000.0,747500000.0,-15000000.0,444600000.0,444600000.0,444600000.0,0.0,0.0,0.074,2888300000.0,747400000.0,404100000.0,0.404,-146.27,24.707,24.734,771700000.0,0.0,23.25,1.831,1.835,519500000.0,1389400000.0,6000300000.0,6000300000.0,0.0,0.152,-3.028,0.285,0.126,0.0,2803500000.0,1.0,472469442.0,473660000,492100000.0,12.668,3181000000.0,0.0,240300000.0,503700000.0,6.716,428100000.0
18,AVP,MRY,2000-12-31,2000-12-31,2000-12-31,2021-09-13,-399100000.0,2811300000.0,2661850000.0,1545700000.0,1265600000.0,2.15,-0.486,-186300000.0,122700000.0,122700000.0,2171300000.0,479100000.0,1.137,-13.175,1213600000.0,105400000.0,1108200000.0,1213600000.0,0.0,95900000.0,0.0,0.015,0.37,766000000.0,861900000.0,0.151,861900000.0,766000000.0,681300000.0,1.005,0.995,1.005,-230900000.0,-340275000.0,-230900000.0,12594996869.0,16.0,14.613,136600000.0,0.287,1.0,3551300000.0,0.621,0.0,84700000.0,2542900000.0,2330500000.0,610600000.0,0.0,0.0,0.0,3042200000.0,1359300000.0,1682900000.0,11391396869.0,5300000.0,-1400000.0,-29700000.0,190300000.0,-178200000.0,-119000000.0,-186700000.0,1000000.0,322900000.0,-11900000.0,479100000.0,479100000.0,479100000.0,0.0,0.0,0.084,2782900000.0,768400000.0,391300000.0,0.368,-49.335,23.777,23.821,765700000.0,0.0,23.94,1.991,1.989,499000000.0,1124700000.0,5722600000.0,5722600000.0,0.0,0.18,-1.408,0.329,0.134,0.0,2761400000.0,1.0,475831114.0,475340000,485900000.0,12.039,2811300000.0,95200000.0,202200000.0,504000000.0,5.914,186400000.0
19,AVP,MRY,1999-12-31,1999-12-31,1999-12-31,2021-09-13,-349700000.0,2512800000.0,2442325000.0,1337800000.0,1175000000.0,2.181,-0.871,-188500000.0,117400000.0,117400000.0,2031500000.0,286600000.0,0.781,-6.956,1007400000.0,306000000.0,701400000.0,1007400000.0,0.0,82700000.0,0.0,0.022,0.36,523500000.0,606200000.0,0.114,606200000.0,523500000.0,480300000.0,0.56,0.55,0.56,-421900000.0,-43900000.0,-421900000.0,8495146190.0,16.0,14.014,257000000.0,0.53,1.0,3296400000.0,0.619,0.0,43200000.0,1690000000.0,1418900000.0,523500000.0,0.0,0.0,0.0,2934700000.0,1712800000.0,1221900000.0,7996046190.0,11800000.0,-16500000.0,-776700000.0,764300000.0,-186300000.0,-198700000.0,-205000000.0,0.0,445500000.0,-30000000.0,286600000.0,286600000.0,286600000.0,0.0,0.0,0.054,2784000000.0,512400000.0,435900000.0,0.643,-18.952,27.9,29.464,732100000.0,0.0,16.5,1.501,1.501,495600000.0,821400000.0,5327900000.0,5327900000.0,0.0,0.117,-6.528,0.369,0.098,0.0,2644800000.0,1.0,484608860.0,484608860,,10.994,2512800000.0,0.0,193700000.0,430200000.0,5.185,-375000000.0
20,AVP,MRY,1998-12-31,1998-12-31,1998-12-31,2021-09-13,-301300000.0,2433500000.0,2383825000.0,1341400000.0,1092100000.0,2.201,0.543,-183700000.0,105600000.0,105600000.0,2053000000.0,270000000.0,1.009,7.536,256300000.0,55300000.0,201000000.0,256300000.0,0.0,72000000.0,0.0,0.015,0.34,495500000.0,567500000.0,0.108,567500000.0,495500000.0,460800000.0,0.515,0.51,0.515,285100000.0,226725000.0,285100000.0,12023136783.0,24.0,21.186,140700000.0,0.268,1.0,3194700000.0,0.609,0.0,34700000.0,1254700000.0,1290200000.0,538400000.0,0.0,0.0,0.0,2148400000.0,1329500000.0,818900000.0,11624736783.0,-36300000.0,1400000.0,-83800000.0,23200000.0,-180600000.0,-183100000.0,-182300000.0,0.0,324400000.0,4700000.0,270000000.0,270000000.0,270000000.0,0.0,0.0,0.051,2720000000.0,474700000.0,416900000.0,0.66,40.774,43.055,42.961,669900000.0,0.0,22.125,2.215,2.215,492600000.0,719100000.0,5247700000.0,5247700000.0,0.0,0.113,1.191,0.384,0.094,0.0,2605000000.0,1.0,525411832.0,525411832,,9.988,2433500000.0,0.0,190800000.0,424100000.0,4.632,11900000.0
21,AVP,MRY,1997-12-31,1997-12-31,1997-12-31,2021-09-13,-270300000.0,2272900000.0,2309450000.0,1344000000.0,928900000.0,2.199,0.54,-166100000.0,141900000.0,141900000.0,2051000000.0,338800000.0,0.991,6.975,234300000.0,132100000.0,102200000.0,234300000.0,0.0,72100000.0,0.0,0.021,0.315,572200000.0,644300000.0,0.127,644300000.0,572200000.0,536700000.0,0.64,0.635,0.64,285000000.0,243250000.0,285000000.0,8477332994.0,15.0,13.157,149400000.0,0.283,1.0,3028400000.0,0.596,0.0,35500000.0,1009400000.0,1134650000.0,564800000.0,0.0,0.0,0.0,1987900000.0,1355900000.0,632000000.0,8102632994.0,-42600000.0,-9000000.0,-90200000.0,36100000.0,-168300000.0,-163800000.0,-175100000.0,0.0,315500000.0,-19200000.0,338800000.0,338800000.0,338800000.0,0.0,0.0,0.067,2474700000.0,553700000.0,476000000.0,0.492,28.43,23.916,23.977,611000000.0,0.0,15.345,1.595,1.595,444800000.0,660900000.0,5079400000.0,5079400000.0,0.0,0.147,1.393,0.504,0.113,0.0,2490600000.0,1.0,528030824.0,528030824,,9.62,2272900000.0,0.0,197900000.0,398800000.0,4.304,-11900000.0
22,AVP,MRY,1996-12-31,1996-12-31,1996-12-31,2021-09-13,-210700000.0,2222400000.0,2137600000.0,1349600000.0,872800000.0,2.252,0.452,-100300000.0,184500000.0,184500000.0,1921200000.0,317900000.0,0.97,8.195,201600000.0,97100000.0,104500000.0,201600000.0,0.0,64500000.0,0.0,0.02,0.29,549300000.0,613800000.0,0.127,613800000.0,549300000.0,509300000.0,0.595,0.59,0.595,241700000.0,217200000.0,241700000.0,,,,286600000.0,0.536,1.0,2893000000.0,0.601,0.0,40000000.0,848200000.0,832900000.0,530000000.0,0.0,0.0,0.0,1980700000.0,1391300000.0,589400000.0,7598799150.0,33100000.0,-6300000.0,-117800000.0,39700000.0,-158100000.0,-236200000.0,-106600000.0,0.0,386900000.0,-11000000.0,317900000.0,317900000.0,317900000.0,0.0,0.0,0.066,2357100000.0,535900000.0,469300000.0,0.487,31.439,23.903,24.0,566600000.0,0.0,14.28,1.578,1.586,437000000.0,488800000.0,4814200000.0,4814200000.0,0.0,0.149,1.464,0.66,0.114,0.0,2348200000.0,1.0,532128792.0,534800000,,9.002,2222400000.0,0.0,191400000.0,477700000.0,4.156,-41700000.0
23,AVP,MRY,1995-12-31,1995-12-31,1995-12-31,2021-09-13,-202100000.0,2052800000.0,,1215000000.0,837800000.0,,0.353,-69900000.0,151400000.0,151400000.0,1769000000.0,256500000.0,0.976,9.653,161500000.0,47300000.0,114200000.0,161500000.0,0.0,58300000.0,0.0,0.028,0.263,474200000.0,532500000.0,0.119,532500000.0,474200000.0,432900000.0,0.47,0.468,0.47,192700000.0,,192700000.0,,,,209100000.0,0.383,1.0,2723100000.0,0.606,0.0,41300000.0,817600000.0,,466300000.0,0.0,0.0,0.0,1860100000.0,1245300000.0,614800000.0,,-63400000.0,-3400000.0,-105500000.0,-18700000.0,-147800000.0,-272000000.0,-73300000.0,0.0,279000000.0,2900000.0,256500000.0,256500000.0,256500000.0,0.0,0.0,0.057,2236200000.0,486900000.0,419700000.0,0.56,,,20.048,537800000.0,0.0,9.422,,1.145,402000000.0,325800000.0,4492100000.0,4492100000.0,0.0,,,,0.106,0.0,2215600000.0,1.0,,545920000,,8.228,2052800000.0,0.0,176400000.0,425300000.0,3.76,-30300000.0
24,AVP,MRY,1994-12-31,1994-12-31,1994-12-31,2021-09-13,,,,,,,,-95400000.0,,,1672100000.0,,,,,,,,,55700000.0,,0.032,0.237,,,,,,,,,,,,,,,,196900000.0,0.349,1.0,2594400000.0,0.608,,50800000.0,,,,,,,,,,,-9100000.0,150000000.0,-187500000.0,-16800000.0,-141100000.0,-345400000.0,54600000.0,0.0,292300000.0,-10600000.0,,,,,,,2131900000.0,462500000.0,,,,,,,,7.469,,0.989,,,4266500000.0,4266500000.0,,,,,,0.0,2098800000.0,1.0,,564720000,,7.555,,,163500000.0,,,
0,AVP,MRQ,2019-09-30,2019-09-30,2019-09-30,2021-09-13,-1049700000.0,3070200000.0,,1650300000.0,1419900000.0,,-1.99,-9300000.0,564200000.0,564200000.0,468200000.0,106600000.0,1.202,-3.893,1847000000.0,116200000.0,1730800000.0,1847000000.0,0.0,24000000.0,0.0,0.0,0.0,170400000.0,194400000.0,0.164,194400000.0,170400000.0,138400000.0,0.2,0.2,0.2,-882100000.0,,-882100000.0,3269964034.0,18.0,11.813,10800000.0,0.024,1.0,719800000.0,0.606,82500000.0,32000000.0,2897200000.0,,499400000.0,0.0,0.0,0.0,3434300000.0,1373300000.0,2061000000.0,1950664034.0,143200000.0,23400000.0,100000.0,100700000.0,0.0,120900000.0,15100000.0,0.0,20100000.0,-12900000.0,106900000.0,106900000.0,106900000.0,6300000.0,-300000.0,0.09,564200000.0,155600000.0,642000000.0,0.0,-2.211,-85.182,-31.429,649300000.0,0.0,4.4,0.394,0.394,303000000.0,2270000000.0,1188000000.0,1188000000.0,0.0,,,,,3700000.0,622100000.0,1.0,443332735.0,443332735,,2.68,2987700000.0,174200000.0,31500000.0,236000000.0,6.739,277000000.0
1,AVP,MRQ,2019-06-30,2019-06-30,2019-06-30,2021-09-13,-1028900000.0,2971200000.0,,1543700000.0,1427500000.0,,-2.176,-10900000.0,421000000.0,421000000.0,497500000.0,-19100000.0,0.879,-3.55,1740300000.0,398500000.0,1341800000.0,1740300000.0,0.0,22100000.0,0.0,0.0,0.0,38400000.0,60500000.0,0.051,60500000.0,38400000.0,7700000.0,-0.06,-0.06,-0.06,-964500000.0,,-964500000.0,3068497926.0,14.0,9.515,-8400000.0,-0.019,1.0,677300000.0,0.577,89900000.0,30700000.0,2443900000.0,,515600000.0,0.0,0.0,0.0,3423800000.0,1756700000.0,1667100000.0,1719697926.0,-2400000.0,30100000.0,-1100000.0,-27000000.0,0.0,-28100000.0,19200000.0,0.0,2500000.0,4000000.0,-19500000.0,-19500000.0,-19500000.0,13200000.0,400000.0,-0.017,640000000.0,37300000.0,682200000.0,0.0,-1.783,-112.399,-29.846,695100000.0,0.0,3.88,0.332,0.332,332800000.0,2169500000.0,1174800000.0,1174800000.0,0.0,,,,,5700000.0,646800000.0,1.0,443221115.0,443221115,,2.651,2881300000.0,208200000.0,27200000.0,268600000.0,6.501,-213000000.0
2,AVP,MRQ,2019-03-31,2019-03-31,2019-03-31,2021-09-13,-1034400000.0,2997500000.0,,1567500000.0,1430000000.0,,-2.144,-20800000.0,423400000.0,423400000.0,517000000.0,-33500000.0,0.883,-3.627,1772200000.0,425400000.0,1346800000.0,1772200000.0,0.0,27200000.0,0.0,0.0,0.0,20000000.0,47200000.0,0.04,47200000.0,20000000.0,-13200000.0,-0.09,-0.09,-0.09,-948600000.0,,-948600000.0,2361633969.0,11.0,7.276,-163500000.0,-0.37,1.0,669900000.0,0.564,88600000.0,33200000.0,2482500000.0,,532300000.0,0.0,0.0,0.0,3440700000.0,1775200000.0,1665500000.0,1300733969.0,-105400000.0,46400000.0,0.0,27200000.0,0.0,18000000.0,25600000.0,0.0,-142700000.0,-6300000.0,-32700000.0,-32700000.0,-32700000.0,9500000.0,-800000.0,-0.028,651200000.0,18700000.0,706000000.0,0.0,-1.371,-40.775,-18.375,723500000.0,0.0,2.94,0.242,0.242,340900000.0,2195400000.0,1186900000.0,1186900000.0,0.0,,,,,-500000.0,673800000.0,1.0,442426520.0,442426520,,2.683,2908900000.0,204200000.0,19500000.0,240400000.0,6.575,-207700000.0
3,AVP,MRQ,2018-12-31,2018-12-31,2018-12-31,2021-09-13,-1030400000.0,3010000000.0,,1762000000.0,1248000000.0,,-2.047,-21400000.0,532700000.0,532700000.0,706200000.0,-77500000.0,1.177,-3.775,1593600000.0,12000000.0,1581600000.0,1593600000.0,0.0,26300000.0,0.0,0.0,0.0,-51600000.0,-25300000.0,-0.018,-25300000.0,-51600000.0,-84200000.0,-0.19,-0.19,-0.19,-904500000.0,,-904500000.0,1866887433.0,8.0,5.293,139600000.0,0.316,1.0,695500000.0,0.496,87400000.0,32600000.0,2487000000.0,,542000000.0,0.0,0.0,0.0,3414700000.0,1496500000.0,1918200000.0,672387433.0,83800000.0,0.0,-100000.0,-54100000.0,0.0,-51800000.0,-21400000.0,0.0,161000000.0,-4000000.0,-77600000.0,-77600000.0,-77600000.0,0.0,100000.0,-0.055,752500000.0,-57000000.0,816500000.0,0.0,-0.743,-34.481,-15.2,557600000.0,0.0,1.52,0.121,0.121,349700000.0,2234300000.0,1401700000.0,1401700000.0,0.0,,,,,4300000.0,745100000.0,1.0,442360153.0,441900000,,3.172,2922600000.0,212600000.0,-6600000.0,256000000.0,6.614,265500000.0
4,AVP,MRQ,2018-09-30,2018-09-30,2018-09-30,2021-09-13,-1015900000.0,3074600000.0,,1773300000.0,1301300000.0,,-1.832,-22100000.0,452600000.0,452600000.0,538400000.0,113800000.0,1.25,-4.185,1647100000.0,16300000.0,1630800000.0,1647100000.0,0.0,26000000.0,0.0,0.0,0.0,214100000.0,240100000.0,0.169,240100000.0,214100000.0,182800000.0,0.21,0.21,0.21,-810400000.0,,-810400000.0,2171558718.0,5.0,4.067,16300000.0,0.037,1.0,885800000.0,0.622,92800000.0,31300000.0,2758100000.0,,682200000.0,0.0,0.0,0.0,3391600000.0,1418200000.0,1973400000.0,973158718.0,8700000.0,0.0,100000.0,3300000.0,0.0,-2800000.0,-22100000.0,0.0,38400000.0,-4800000.0,114500000.0,114500000.0,114500000.0,0.0,-700000.0,0.08,676700000.0,209100000.0,764800000.0,0.0,-1.201,6.505,8.462,624000000.0,0.0,2.2,0.17,0.17,374300000.0,2318400000.0,1424200000.0,1424200000.0,0.0,,,,,2000000.0,698900000.0,1.0,442344872.0,442344872,,3.22,2981800000.0,0.0,68300000.0,273100000.0,6.741,355100000.0
5,AVP,MRQ,2018-06-30,2018-06-30,2018-06-30,2021-09-13,-1014400000.0,3086400000.0,,1783400000.0,1303000000.0,,-2.08,-19600000.0,443900000.0,443900000.0,539700000.0,-37000000.0,1.289,-3.828,1642300000.0,12000000.0,1630300000.0,1642300000.0,0.0,27500000.0,0.0,0.0,0.0,35100000.0,62600000.0,0.046,62600000.0,35100000.0,600000.0,-0.09,-0.09,-0.09,-918900000.0,,-918900000.0,1843422110.0,6.0,4.539,-30000000.0,-0.068,1.0,812200000.0,0.601,94900000.0,34500000.0,2806300000.0,,662200000.0,0.0,0.0,0.0,3517100000.0,1383600000.0,2133500000.0,715522110.0,-328600000.0,0.0,-500000.0,-252100000.0,0.0,-252700000.0,-22900000.0,0.0,-10400000.0,-42600000.0,-36100000.0,-36100000.0,-36100000.0,0.0,-900000.0,-0.027,778600000.0,33600000.0,729500000.0,0.0,-0.779,15.032,23.143,634200000.0,0.0,1.62,0.125,0.125,386400000.0,2210000000.0,1351900000.0,1351900000.0,0.0,,,,,3700000.0,759200000.0,1.0,441680315.0,441680315,,3.061,2991500000.0,0.0,36700000.0,420700000.0,6.773,399800000.0
6,AVP,MRQ,2018-03-31,2018-03-31,2018-03-31,2021-09-13,-891000000.0,3640400000.0,,2149500000.0,1490900000.0,,-1.717,-27000000.0,772500000.0,772500000.0,579700000.0,-21100000.0,1.228,-5.174,1900400000.0,270800000.0,1629600000.0,1900400000.0,0.0,27900000.0,0.0,0.0,0.0,47400000.0,75300000.0,0.054,75300000.0,47400000.0,11200000.0,-0.06,-0.06,-0.06,-756300000.0,,-756300000.0,2267061777.0,8.0,5.713,-123300000.0,-0.28,1.0,813800000.0,0.584,100900000.0,36200000.0,2916600000.0,,697000000.0,0.0,0.0,0.0,3913200000.0,1750800000.0,2162400000.0,1250661777.0,-109000000.0,0.0,-2700000.0,3600000.0,0.0,400000.0,-27000000.0,0.0,-96300000.0,13900000.0,-20300000.0,-20300000.0,-20300000.0,0.0,-800000.0,-0.015,771400000.0,42400000.0,803000000.0,0.0,-1.654,32.74,71.0,702700000.0,0.0,2.84,0.217,0.217,429000000.0,2252500000.0,1393500000.0,1393500000.0,0.0,,,,,3800000.0,768900000.0,1.0,440373865.0,440373865,,3.164,3539500000.0,0.0,31500000.0,455700000.0,8.037,398700000.0
7,AVP,MRQ,2017-12-31,2017-12-31,2017-12-31,2021-09-13,-926200000.0,3697900000.0,,2233300000.0,1464600000.0,,-1.649,-28000000.0,881500000.0,881500000.0,611200000.0,90400000.0,1.432,-5.441,1897900000.0,25700000.0,1872200000.0,1897900000.0,0.0,28400000.0,0.0,0.0,0.0,127500000.0,155900000.0,0.099,155900000.0,127500000.0,92700000.0,0.2,0.2,0.2,-725000000.0,,-725000000.0,2171295036.0,8.0,5.752,207100000.0,0.471,1.0,957600000.0,0.61,95700000.0,34800000.0,3059000000.0,,598200000.0,0.0,0.0,0.0,3944800000.0,1559600000.0,2385200000.0,945995036.0,217700000.0,0.0,-600000.0,10400000.0,0.0,9800000.0,-28100000.0,0.0,235100000.0,900000.0,91500000.0,91500000.0,91500000.0,0.0,-1100000.0,0.058,834800000.0,122800000.0,832200000.0,0.0,-1.305,43.0,,702700000.0,0.0,2.15,0.166,0.165,457200000.0,2320300000.0,1568800000.0,1568800000.0,0.0,,,,,2200000.0,826100000.0,1.0,439997691.0,439700000,,3.568,3602200000.0,0.0,1200000.0,443800000.0,8.192,673700000.0
8,AVP,MRQ,2017-09-30,2017-09-30,2017-09-30,2021-09-13,-934600000.0,3516600000.0,,2092500000.0,1424100000.0,,-1.865,-23100000.0,663800000.0,663800000.0,550000000.0,11900000.0,1.422,-4.709,1889100000.0,16100000.0,1873000000.0,1889100000.0,0.0,28900000.0,0.0,0.0,0.0,83400000.0,112300000.0,0.079,112300000.0,83400000.0,48600000.0,0.02,0.02,0.02,-820500000.0,,-820500000.0,2278082668.0,11.0,6.931,-400000.0,-0.001,1.0,867800000.0,0.612,96800000.0,34800000.0,3173600000.0,,662500000.0,0.0,0.0,0.0,3864100000.0,1471500000.0,2392600000.0,1025082668.0,30000000.0,22000000.0,-200000.0,3400000.0,0.0,3200000.0,-1100000.0,0.0,22700000.0,5200000.0,12500000.0,12500000.0,12500000.0,0.0,-600000.0,0.009,788400000.0,79400000.0,796700000.0,0.0,-1.249,-12.782,-9.708,706500000.0,0.0,2.33,0.179,0.179,473500000.0,2235400000.0,1417800000.0,1417800000.0,0.0,,,,,5800000.0,780500000.0,1.0,439949643.0,439949643,,3.223,3419800000.0,0.0,36100000.0,414700000.0,7.773,621000000.0
9,AVP,MRQ,2017-06-30,2017-06-30,2017-06-30,2021-09-13,-954600000.0,3467500000.0,,2015200000.0,1452300000.0,,-1.94,-18000000.0,633800000.0,633800000.0,525000000.0,-45800000.0,1.355,-4.516,1886800000.0,13000000.0,1873800000.0,1886800000.0,0.0,29100000.0,0.0,0.0,0.0,24200000.0,53300000.0,0.038,53300000.0,24200000.0,-11900000.0,-0.12,-0.12,-0.12,-853100000.0,,-853100000.0,3006421176.0,13.0,8.502,70500000.0,0.16,1.0,870900000.0,0.624,94600000.0,36100000.0,3138400000.0,,636900000.0,0.0,0.0,0.0,3852800000.0,1487500000.0,2365300000.0,1671421176.0,73800000.0,0.0,-200000.0,-7300000.0,0.0,-7700000.0,-18100000.0,0.0,88500000.0,11100000.0,-45500000.0,-45500000.0,-45500000.0,0.0,-300000.0,-0.033,850100000.0,20800000.0,752400000.0,0.0,-1.959,-29.478,-20.0,721700000.0,0.0,3.8,0.293,0.293,450000000.0,2228800000.0,1395900000.0,1395900000.0,0.0,,,,,6500000.0,838200000.0,1.0,439847678.0,439847678,,3.174,3372900000.0,0.0,33600000.0,243600000.0,7.668,527700000.0
10,AVP,MRQ,2017-03-31,2017-03-31,2017-03-31,2021-09-13,-967100000.0,3426200000.0,,1948900000.0,1477300000.0,,-1.873,-22300000.0,560000000.0,560000000.0,517100000.0,-36500000.0,1.343,-4.612,1895000000.0,20100000.0,1874900000.0,1895000000.0,0.0,27600000.0,0.0,0.0,0.0,28400000.0,56000000.0,0.042,56000000.0,28400000.0,-6700000.0,-0.1,-0.1,-0.1,-820500000.0,,-820500000.0,3166663704.0,10.0,7.34,-106000000.0,-0.242,1.0,816000000.0,0.612,97100000.0,35100000.0,3213200000.0,,630400000.0,0.0,0.0,0.0,3784400000.0,1450900000.0,2333500000.0,1927163704.0,-94400000.0,0.0,-6200000.0,900000.0,0.0,-5300000.0,-22300000.0,0.0,-83700000.0,16900000.0,-36500000.0,-36500000.0,-36500000.0,0.0,0.0,-0.027,792300000.0,23700000.0,754300000.0,0.0,-2.349,88.402,-440.0,732900000.0,0.0,4.4,0.335,0.335,457000000.0,2280000000.0,1333100000.0,1333100000.0,0.0,,,,,9700000.0,786200000.0,1.0,437991751.0,437991751,,3.044,3329100000.0,0.0,29800000.0,254700000.0,7.601,498000000.0
11,AVP,MRQ,2016-12-31,2016-12-31,2016-12-31,2021-09-13,-1033200000.0,3418900000.0,,1992300000.0,1426600000.0,,-1.941,-14800000.0,654400000.0,654400000.0,622300000.0,-10800000.0,1.341,-4.493,1893900000.0,18100000.0,1875800000.0,1893900000.0,0.0,29000000.0,0.0,0.0,0.0,78100000.0,107100000.0,0.068,107100000.0,78100000.0,41800000.0,-0.04,-0.04,-0.04,-848000000.0,,-848000000.0,3641485771.0,24.0,13.613,217500000.0,0.498,1.0,945800000.0,0.603,93600000.0,36300000.0,3079100000.0,,586400000.0,0.0,0.0,0.0,3810400000.0,1485700000.0,2324700000.0,2205085771.0,-247300000.0,0.0,-300000.0,-426100000.0,0.0,-432200000.0,-14900000.0,0.0,232300000.0,-32500000.0,-10700000.0,-10700000.0,-10700000.0,1100000.0,-100000.0,-0.007,866900000.0,78900000.0,768100000.0,0.0,-2.6,-20.493,-17.379,711300000.0,0.0,5.04,0.386,0.385,458900000.0,2322200000.0,1568100000.0,1568100000.0,0.0,,,,,900000.0,836900000.0,1.0,437517018.0,437000000,,3.588,3325300000.0,0.0,52500000.0,360800000.0,7.609,506600000.0
12,AVP,MRQ,2016-09-30,2016-09-30,2016-09-30,2021-09-13,-989000000.0,3905500000.0,,2441500000.0,1464000000.0,,-1.805,-24100000.0,901700000.0,901700000.0,550900000.0,35600000.0,1.537,-5.376,2338100000.0,111300000.0,2226800000.0,2338100000.0,0.0,28500000.0,0.0,0.011,0.0,108700000.0,137200000.0,0.097,137200000.0,108700000.0,74300000.0,0.07,0.07,0.07,-789000000.0,,-789000000.0,3920428474.0,-19.0,-43.755,100000.0,0.0,1.0,857900000.0,0.609,98100000.0,34400000.0,3655400000.0,,706400000.0,0.0,0.0,0.0,4241900000.0,1588400000.0,2653500000.0,2473528474.0,160200000.0,0.0,-1600000.0,174400000.0,0.0,156600000.0,-22000000.0,0.0,24200000.0,1400000.0,36000000.0,36000000.0,36000000.0,700000.0,-400000.0,0.026,756300000.0,101600000.0,760100000.0,0.0,-3.135,-5.748,-5.604,746700000.0,0.0,5.66,0.43,0.43,505200000.0,2338500000.0,1408800000.0,1408800000.0,0.0,,,,,7100000.0,745900000.0,1.0,437019165.0,437019165,,3.224,3807400000.0,0.0,38300000.0,225500000.0,8.712,853100000.0
13,AVP,MRQ,2016-06-30,2016-06-30,2016-06-30,2021-09-13,-1009800000.0,3638100000.0,,2194200000.0,1443900000.0,,-1.935,-18400000.0,741500000.0,741500000.0,565000000.0,33200000.0,1.471,-4.776,2188400000.0,48800000.0,2139600000.0,2188400000.0,0.0,28800000.0,0.0,0.032,0.0,102300000.0,131100000.0,0.091,131100000.0,102300000.0,69100000.0,0.06,0.06,0.06,-845000000.0,,-845000000.0,3111565697.0,-11.0,-18.824,21700000.0,0.05,1.0,869300000.0,0.606,96100000.0,33200000.0,3496800000.0,,665500000.0,0.0,0.0,0.0,4035400000.0,1492100000.0,2543300000.0,1651065697.0,-12000000.0,0.0,-200000.0,-20300000.0,0.0,-23300000.0,-18400000.0,0.0,40100000.0,-10400000.0,33000000.0,33000000.0,33000000.0,2600000.0,200000.0,0.023,769500000.0,99800000.0,723700000.0,0.0,-1.954,-1.419,-1.421,743300000.0,0.0,3.78,0.285,0.285,466200000.0,2308000000.0,1434300000.0,1434300000.0,0.0,,,,,9800000.0,774200000.0,1.0,436789867.0,436789867,,3.284,3542000000.0,0.0,36100000.0,227600000.0,8.109,702100000.0
14,AVP,MRQ,2016-03-31,2016-03-31,2016-03-31,2021-09-13,-1006600000.0,3629100000.0,,2209700000.0,1419400000.0,,-2.018,-22400000.0,753500000.0,753500000.0,518800000.0,-165400000.0,1.377,-4.625,2214000000.0,69000000.0,2145000000.0,2214000000.0,0.0,27600000.0,0.0,0.037,0.0,-135500000.0,-107900000.0,-0.083,-107900000.0,-135500000.0,-168200000.0,-0.38,-0.38,-0.38,-878800000.0,,-878800000.0,3622522528.0,-12.0,-20.891,-258600000.0,-0.594,1.0,787700000.0,0.603,94900000.0,32700000.0,3389600000.0,,683600000.0,0.0,0.0,0.0,4064800000.0,1605100000.0,2459700000.0,2094622528.0,68800000.0,-4500000.0,-3500000.0,11300000.0,0.0,435900000.0,-122000000.0,0.0,-236200000.0,-8900000.0,-165900000.0,-165900000.0,-165900000.0,9600000.0,500000.0,-0.127,917100000.0,-129400000.0,732900000.0,0.0,-2.384,-1.794,-1.815,748700000.0,0.0,4.81,0.354,0.354,427900000.0,2280500000.0,1306500000.0,1306500000.0,0.0,,,,,6200000.0,779900000.0,1.0,435472459.0,435472459,,3.0,3534200000.0,0.0,-2300000.0,295700000.0,8.116,604600000.0
15,AVP,MRQ,2015-12-31,2015-12-31,2015-12-31,2021-09-13,-1366200000.0,3870400000.0,,2341100000.0,1529300000.0,,-2.459,-31500000.0,686900000.0,686900000.0,663700000.0,-331900000.0,1.067,-4.603,2205700000.0,55200000.0,2150500000.0,2205700000.0,0.0,29100000.0,0.0,0.059,0.06,-279100000.0,-250000000.0,-0.156,-250000000.0,-279100000.0,-311400000.0,-0.76,-0.76,-0.76,-1070300000.0,,-1070300000.0,3489463439.0,-17.0,-41.991,177300000.0,0.407,1.0,943600000.0,0.587,92300000.0,32300000.0,3101800000.0,,624000000.0,0.0,0.0,0.0,4926800000.0,2195100000.0,2731700000.0,1763363439.0,97300000.0,0.0,-100000.0,-57000000.0,-28100000.0,-87600000.0,2100000.0,34400000.0,208800000.0,-26000000.0,-333400000.0,-333400000.0,-333400000.0,317100000.0,1500000.0,-0.207,905600000.0,38000000.0,774200000.0,-0.079,-1.648,-1.535,-1.558,766900000.0,0.0,4.05,0.286,0.286,443000000.0,2448100000.0,1607300000.0,1607300000.0,0.0,,,,,22300000.0,873800000.0,1.0,435398380.0,435200000,,3.693,3778100000.0,0.0,22000000.0,263900000.0,8.681,146000000.0
16,AVP,MRQ,2015-09-30,2015-09-30,2015-09-30,2021-09-13,-1417400000.0,3774700000.0,,2385600000.0,1389100000.0,,-1.795,-16600000.0,587400000.0,587400000.0,559000000.0,-697000000.0,1.383,-5.813,2313500000.0,117200000.0,2196300000.0,2313500000.0,0.0,29900000.0,0.0,0.074,0.06,31600000.0,61500000.0,0.043,61500000.0,31600000.0,2000000.0,-1.58,-1.58,-1.58,-781500000.0,,-781500000.0,3302458495.0,18.0,10.764,-3400000.0,-0.008,1.0,877200000.0,0.611,99900000.0,29600000.0,3675400000.0,,847200000.0,0.0,0.0,0.0,4543100000.0,1725500000.0,2817600000.0,1414658495.0,-115600000.0,208300000.0,-500000.0,-258600000.0,-27100000.0,-288800000.0,185300000.0,-4700000.0,13200000.0,-25300000.0,-697000000.0,-697000000.0,-697000000.0,29000000.0,0.0,-0.485,860900000.0,16300000.0,815200000.0,-0.038,-1.81,-1.234,-1.255,948300000.0,0.0,3.25,0.249,0.249,470300000.0,2808600000.0,1436200000.0,1436200000.0,0.0,,,,,17000000.0,831900000.0,1.0,435279537.0,435279537,,3.299,3674800000.0,0.0,699000000.0,240900000.0,8.442,660100000.0
17,AVP,MRQ,2015-06-30,2015-06-30,2015-06-30,2021-09-13,-1298400000.0,4988600000.0,,2862700000.0,2125900000.0,,0.108,-17200000.0,696900000.0,696900000.0,611000000.0,29700000.0,1.371,105.265,2584700000.0,381100000.0,2203600000.0,2584700000.0,0.0,31400000.0,0.0,0.038,0.06,91600000.0,123000000.0,0.079,123000000.0,91600000.0,61100000.0,0.07,0.07,0.07,46800000.0,,46800000.0,4641718078.0,14.0,10.01,71000000.0,0.163,1.0,953900000.0,0.61,115700000.0,30500000.0,4673200000.0,,818700000.0,0.0,0.0,0.0,4926400000.0,2087500000.0,2838900000.0,2723618078.0,34100000.0,0.0,-600000.0,11100000.0,-27400000.0,-31800000.0,-25100000.0,-7300000.0,88200000.0,2800000.0,28800000.0,28800000.0,28800000.0,-800000.0,900000.0,0.018,865300000.0,88600000.0,809600000.0,0.857,58.197,-7.612,-7.825,1036400000.0,0.0,6.26,0.426,0.426,523700000.0,3531900000.0,1564900000.0,1564900000.0,0.0,,,,,12000000.0,864200000.0,1.0,435082760.0,435082760,,3.597,4872900000.0,0.0,32300000.0,229800000.0,11.2,775200000.0
18,AVP,MRQ,2015-03-31,2015-03-31,2015-03-31,2021-09-13,-1333600000.0,4872300000.0,,2592700000.0,2279600000.0,,-0.007,-18900000.0,668900000.0,668900000.0,611700000.0,-146400000.0,1.292,-1518.625,2587000000.0,378800000.0,2208200000.0,2587000000.0,0.0,35700000.0,0.0,0.03,0.06,-53300000.0,-17600000.0,-0.011,-17600000.0,-53300000.0,-81400000.0,-0.33,-0.33,-0.33,-3200000.0,,-3200000.0,5114197228.0,16.0,10.547,-217000000.0,-0.499,1.0,940400000.0,0.606,235600000.0,28100000.0,4548000000.0,,824500000.0,0.0,0.0,0.0,4859600000.0,2006800000.0,2852800000.0,3473697228.0,-291600000.0,0.0,-1900000.0,-8200000.0,-26200000.0,-37300000.0,-24000000.0,-4000000.0,-198100000.0,-32200000.0,-147300000.0,-147300000.0,-147300000.0,3800000.0,900000.0,-0.095,992000000.0,-51600000.0,820000000.0,-0.182,-1085.53,-9.45,-9.627,1057800000.0,0.0,7.99,0.495,0.495,509400000.0,3529300000.0,1552100000.0,1552100000.0,0.0,,,,,-100000.0,973300000.0,1.0,434755598.0,434755598,,3.57,4636700000.0,0.0,65900000.0,258100000.0,10.665,585900000.0
19,AVP,MRQ,2014-12-31,2014-12-31,2014-12-31,2021-09-13,-1217600000.0,5596800000.0,,3064500000.0,2532300000.0,,0.667,-29400000.0,936400000.0,936400000.0,426900000.0,-329600000.0,1.427,18.259,2550400000.0,121700000.0,2428700000.0,2550400000.0,0.0,24600000.0,0.0,0.026,0.06,115300000.0,139900000.0,0.123,139900000.0,115300000.0,90200000.0,-0.75,-0.75,-0.75,289800000.0,,289800000.0,5885116676.0,22.0,13.532,204600000.0,0.471,1.0,710700000.0,0.625,249300000.0,25100000.0,4814300000.0,,707700000.0,0.0,0.0,0.0,5291500000.0,2147200000.0,3144300000.0,4081416676.0,134500000.0,0.0,-400000.0,-12500000.0,-28300000.0,-51300000.0,-19400000.0,14600000.0,234000000.0,-28800000.0,-330700000.0,-330700000.0,-330700000.0,40400000.0,1100000.0,-0.291,557300000.0,153400000.0,806300000.0,-0.08,14.084,-10.503,-10.67,1036800000.0,0.0,9.39,0.534,0.533,515600000.0,3702900000.0,1137600000.0,1137600000.0,0.0,,,,,10500000.0,506600000.0,1.0,434655663.0,434500000,,2.618,5347500000.0,0.0,420900000.0,272800000.0,12.307,917300000.0
20,AVP,MRQ,2014-09-30,2014-09-30,2014-09-30,2021-09-13,-948000000.0,6090400000.0,,3089400000.0,3001000000.0,,2.091,-28000000.0,826000000.0,826000000.0,813900000.0,92000000.0,1.435,5.684,2629700000.0,156900000.0,2472800000.0,2629700000.0,0.0,47100000.0,0.0,0.019,0.06,171300000.0,218400000.0,0.102,218400000.0,171300000.0,143800000.0,0.21,0.21,0.21,908700000.0,,908700000.0,7332820404.0,41.0,21.778,104900000.0,0.241,1.0,1324300000.0,0.619,273000000.0,27500000.0,5468000000.0,,994000000.0,0.0,0.0,0.0,5165400000.0,2153100000.0,3012300000.0,5476220404.0,48500000.0,0.0,-800000.0,3000000.0,-27300000.0,-25100000.0,-29900000.0,-1900000.0,132900000.0,-29400000.0,91400000.0,91400000.0,91400000.0,0.0,600000.0,0.043,1156200000.0,168100000.0,937400000.0,0.286,6.026,-43.12,-43.448,1299700000.0,0.0,12.6,0.709,0.709,590000000.0,4060600000.0,2138200000.0,2138200000.0,0.0,,,,,3500000.0,1136400000.0,1.0,434620667.0,434620667,,4.92,5817400000.0,0.0,52400000.0,291100000.0,13.385,936300000.0
21,AVP,MRQ,2014-06-30,2014-06-30,2014-06-30,2021-09-13,-846300000.0,6115200000.0,,3040500000.0,3074700000.0,,2.171,-26200000.0,777500000.0,777500000.0,810700000.0,19900000.0,1.443,5.467,2634100000.0,154100000.0,2480000000.0,2634100000.0,0.0,50700000.0,0.0,0.016,0.06,93500000.0,144200000.0,0.066,144200000.0,93500000.0,64800000.0,0.04,0.04,0.04,943000000.0,,943000000.0,8258864782.0,117.0,34.966,79300000.0,0.183,1.0,1377900000.0,0.63,288900000.0,28700000.0,5575400000.0,,965700000.0,0.0,0.0,0.0,5155100000.0,2107500000.0,3047600000.0,6347264782.0,-17600000.0,0.0,-2100000.0,-70600000.0,-25900000.0,-98600000.0,-29200000.0,-3000000.0,105500000.0,4700000.0,19000000.0,19000000.0,19000000.0,0.0,900000.0,0.009,1287300000.0,90600000.0,876300000.0,1.5,6.731,-28.349,-28.647,1365300000.0,0.0,14.61,0.803,0.803,634000000.0,3995300000.0,2188600000.0,2188600000.0,0.0,,,,,13400000.0,1284700000.0,1.0,434446597.0,434446597,,5.038,5826300000.0,0.0,45800000.0,264300000.0,13.411,933000000.0
22,AVP,MRQ,2014-03-31,2014-03-31,2014-03-31,2021-09-13,-871100000.0,6084900000.0,,3061300000.0,3023600000.0,,2.11,-27000000.0,795100000.0,795100000.0,955400000.0,-167200000.0,1.461,5.628,2706700000.0,180800000.0,2525900000.0,2706700000.0,0.0,47000000.0,0.0,0.016,0.06,-114600000.0,-67600000.0,-0.031,-67600000.0,-114600000.0,-142100000.0,-0.38,-0.38,-0.38,915600000.0,,915600000.0,7965901317.0,79.0,28.48,-139600000.0,-0.322,1.0,1228200000.0,0.562,313900000.0,27500000.0,5587000000.0,,944800000.0,0.0,0.0,0.0,5153400000.0,2095600000.0,3057800000.0,6353101317.0,-312800000.0,0.0,-6300000.0,-8800000.0,-28700000.0,-43800000.0,-26600000.0,400000.0,-112600000.0,-129800000.0,-168300000.0,-168300000.0,-168300000.0,0.0,1100000.0,-0.077,1345500000.0,-117300000.0,861100000.0,-0.158,6.939,-30.109,-30.5,1368500000.0,0.0,14.64,0.772,0.772,632300000.0,4002400000.0,2183600000.0,2183600000.0,0.0,,,,,11500000.0,1279100000.0,1.0,433955008.0,433955008,,5.032,5771000000.0,0.0,26200000.0,270600000.0,13.299,965700000.0
23,AVP,MRQ,2013-12-31,2013-12-31,2013-12-31,2021-09-13,-870400000.0,6492300000.0,,3441200000.0,3051100000.0,,2.561,-74000000.0,1107900000.0,1107900000.0,440300000.0,-67700000.0,1.536,4.833,2720700000.0,188000000.0,2532700000.0,2720700000.0,0.0,12800000.0,0.0,0.014,0.06,28900000.0,41700000.0,0.034,41700000.0,28900000.0,1800000.0,-0.16,-0.16,-0.16,1110100000.0,,1110100000.0,9445505848.0,35.0,20.552,369300000.0,0.852,1.0,768700000.0,0.636,282500000.0,27100000.0,5582100000.0,,967700000.0,0.0,0.0,0.0,5364800000.0,2240500000.0,3124300000.0,7469505848.0,299600000.0,0.0,-2600000.0,-59400000.0,-27000000.0,-87500000.0,-53400000.0,3400000.0,443300000.0,-2800000.0,-69100000.0,-69100000.0,-69100000.0,68500000.0,1400000.0,-0.057,687600000.0,81100000.0,896500000.0,-0.375,6.729,-132.438,-132.462,1393300000.0,0.0,17.22,0.879,0.878,676300000.0,4196700000.0,1209000000.0,1209000000.0,0.0,,,,,7400000.0,673300000.0,1.0,433769213.0,433400000,,2.79,6209800000.0,0.0,70900000.0,285500000.0,14.328,1200700000.0
24,AVP,MRQ,2013-09-30,2013-09-30,2013-09-30,2021-09-13,-959300000.0,6528300000.0,,3432000000.0,3096300000.0,,2.563,-39700000.0,808300000.0,808300000.0,871700000.0,-5800000.0,1.593,4.86,2784300000.0,243100000.0,2541200000.0,2784300000.0,0.0,55100000.0,0.0,0.012,0.06,62800000.0,117900000.0,0.051,117900000.0,62800000.0,32500000.0,-0.01,-0.01,-0.01,1111300000.0,,1111300000.0,10958138073.0,31.0,18.716,-16600000.0,-0.038,1.0,1451200000.0,0.625,312700000.0,30300000.0,6036800000.0,,1200000000.0,0.0,0.0,0.0,5400700000.0,2154800000.0,3245900000.0,8933338073.0,-70000000.0,0.0,-200000.0,-112000000.0,-25900000.0,-138100000.0,42000000.0,-3300000.0,23100000.0,3000000.0,-5500000.0,-5500000.0,-5500000.0,-600000.0,-300000.0,-0.002,1392700000.0,58500000.0,865200000.0,-6.0,8.039,-59.755,-60.588,1389200000.0,0.0,20.6,0.875,0.875,690200000.0,4292100000.0,2322900000.0,2322900000.0,0.0,,,,,9700000.0,1340900000.0,1.0,433657188.0,433657188,,5.357,6215600000.0,0.0,38000000.0,277600000.0,14.333,1277200000.0
25,AVP,MRQ,2013-06-30,2013-06-30,2013-06-30,2021-09-13,-977000000.0,6685300000.0,,3462900000.0,3222400000.0,,2.577,-28800000.0,873200000.0,873200000.0,935400000.0,34200000.0,1.588,4.974,2898000000.0,263200000.0,2634800000.0,2898000000.0,0.0,64000000.0,0.0,0.019,0.06,123700000.0,187700000.0,0.075,187700000.0,123700000.0,92600000.0,0.07,0.07,0.07,1116300000.0,,1116300000.0,11254697898.0,28.0,18.097,159300000.0,0.368,1.0,1573500000.0,0.627,347700000.0,31100000.0,6182100000.0,,1154300000.0,0.0,0.0,0.0,5552300000.0,2180300000.0,3372000000.0,9108197898.0,-610100000.0,0.0,6700000.0,-716500000.0,-27700000.0,-737500000.0,-41300000.0,-12300000.0,188100000.0,-19400000.0,31900000.0,31900000.0,31900000.0,50400000.0,2300000.0,0.013,1386900000.0,186600000.0,861100000.0,0.857,8.159,-81.034,-80.885,1393900000.0,0.0,21.03,0.876,0.876,691700000.0,4323800000.0,2508900000.0,2508900000.0,0.0,,,,,14400000.0,1371300000.0,1.0,433104988.0,433104988,,5.793,6337600000.0,0.0,60700000.0,283900000.0,14.633,1282600000.0
26,AVP,MRQ,2013-03-31,2013-03-31,2013-03-31,2021-09-13,-889200000.0,7573700000.0,,4232600000.0,3341100000.0,,2.725,-34200000.0,1488400000.0,1488400000.0,925400000.0,-12600000.0,1.456,5.415,3634900000.0,949400000.0,2685500000.0,3634900000.0,0.0,55800000.0,0.0,0.028,0.06,56500000.0,112300000.0,0.046,112300000.0,56500000.0,27100000.0,-0.03,-0.03,-0.03,1177900000.0,,1177900000.0,10947464773.0,28.0,18.331,-153100000.0,-0.354,1.0,1530600000.0,0.623,477000000.0,29400000.0,6335800000.0,,1214200000.0,0.0,0.0,0.0,6378700000.0,2907400000.0,3471300000.0,8961164773.0,278800000.0,0.0,2600000.0,430700000.0,-26200000.0,495200000.0,-35900000.0,-1700000.0,-118900000.0,-61600000.0,-13700000.0,-13700000.0,-13700000.0,1100000.0,1100000.0,-0.006,1400900000.0,129700000.0,890300000.0,-2.0,7.608,-108.357,-109.105,1501100000.0,0.0,20.73,0.858,0.858,742900000.0,4318100000.0,2456000000.0,2456000000.0,0.0,,,,,11800000.0,1356600000.0,1.0,432280018.0,432280018,,5.682,7096700000.0,0.0,40800000.0,311600000.0,16.417,1325200000.0
27,AVP,MRQ,2012-12-31,2012-12-31,2012-12-31,2021-09-13,-876700000.0,7382500000.0,,3928900000.0,3453600000.0,,2.818,-91600000.0,1206900000.0,1206900000.0,1172400000.0,-161100000.0,1.453,5.052,3195800000.0,572000000.0,2623800000.0,3195800000.0,0.0,54100000.0,0.0,0.052,0.06,113500000.0,167600000.0,0.057,167600000.0,113500000.0,86000000.0,-0.37,-0.37,-0.37,1217100000.0,,1217100000.0,8421149450.0,21.0,13.812,244900000.0,0.567,1.0,1744800000.0,0.598,370900000.0,27500000.0,6295900000.0,,1101100000.0,0.0,0.0,0.0,6149200000.0,2704600000.0,3444600000.0,6205849450.0,112100000.0,0.0,-2000000.0,-112200000.0,-28700000.0,-139500000.0,-92100000.0,-400000.0,336500000.0,7200000.0,-162200000.0,-162200000.0,-162200000.0,125500000.0,1100000.0,-0.056,1509300000.0,235500000.0,914300000.0,-0.162,5.099,-146.02,-143.6,1526000000.0,0.0,14.36,0.588,0.587,752100000.0,4357800000.0,2917200000.0,2917200000.0,0.0,,,,,6400000.0,1530800000.0,1.0,432162218.0,431900000,,6.754,7011600000.0,0.0,248200000.0,336200000.0,16.234,1224300000.0
28,AVP,MRQ,2012-09-30,2012-09-30,2012-09-30,2021-09-13,-821300000.0,7652000000.0,,4015600000.0,3636400000.0,,3.359,-43500000.0,1097500000.0,1097500000.0,971200000.0,32600000.0,1.445,4.262,3312800000.0,684500000.0,2628300000.0,3312800000.0,0.0,49300000.0,0.0,0.058,0.23,105000000.0,154300000.0,0.061,154300000.0,105000000.0,77700000.0,0.07,0.07,0.07,1451300000.0,,1451300000.0,9148586354.0,24.0,15.687,135000000.0,0.312,1.0,1539400000.0,0.613,707100000.0,27300000.0,6382000000.0,,1302700000.0,0.0,0.0,0.0,6185400000.0,2778200000.0,3407200000.0,6891486354.0,-178900000.0,0.0,-100000.0,-224900000.0,-101400000.0,-327200000.0,-42700000.0,900000.0,178500000.0,12500000.0,31600000.0,31600000.0,31600000.0,3600000.0,1000000.0,0.013,1433600000.0,105800000.0,946400000.0,3.286,4.748,57.766,61.346,1504400000.0,0.0,15.95,0.657,0.657,758800000.0,4544300000.0,2510600000.0,2510600000.0,0.0,,,,,11500000.0,1384800000.0,1.0,432068110.0,432068110,,5.811,6944900000.0,0.0,46100000.0,329000000.0,16.074,1237400000.0
29,AVP,MRQ,2012-06-30,2012-06-30,2012-06-30,2021-09-13,-908000000.0,7702600000.0,,4153100000.0,3549500000.0,,3.296,-36800000.0,1276400000.0,1276400000.0,949700000.0,62700000.0,1.447,4.402,3533500000.0,952400000.0,2581100000.0,3533500000.0,0.0,48600000.0,0.0,0.057,0.23,114400000.0,163000000.0,0.064,163000000.0,114400000.0,89500000.0,0.14,0.14,0.14,1423000000.0,,1423000000.0,9166792281.0,17.0,12.218,37300000.0,0.086,1.0,1608500000.0,0.629,751200000.0,24900000.0,6337600000.0,,1244800000.0,0.0,0.0,0.0,6263600000.0,2870900000.0,3392700000.0,6999492281.0,61200000.0,0.0,2700000.0,148600000.0,-99200000.0,51700000.0,-37600000.0,-700000.0,74100000.0,-27000000.0,61600000.0,61600000.0,61600000.0,2400000.0,1100000.0,0.024,1493400000.0,115100000.0,846000000.0,1.643,4.919,27.787,28.439,1490000000.0,0.0,16.21,0.651,0.651,714100000.0,4613300000.0,2558200000.0,2558200000.0,0.0,,,,,12500000.0,1479600000.0,1.0,431800881.0,431800881,,5.924,6951400000.0,0.0,27900000.0,276000000.0,16.099,1282200000.0
30,AVP,MRQ,2012-03-31,2012-03-31,2012-03-31,2021-09-13,-719500000.0,7783300000.0,,4143900000.0,3639400000.0,,3.796,-41200000.0,1215200000.0,1215200000.0,1009800000.0,27600000.0,1.314,3.748,3382500000.0,1180700000.0,2201800000.0,3382500000.0,0.0,60500000.0,0.0,0.048,0.23,64300000.0,124800000.0,0.048,124800000.0,64300000.0,39700000.0,0.06,0.06,0.06,1636100000.0,,1636100000.0,10406569595.0,14.0,10.812,-74200000.0,-0.172,1.0,1565600000.0,0.608,762300000.0,24600000.0,6034200000.0,,1250800000.0,0.0,0.0,0.0,6131800000.0,3154100000.0,2977700000.0,8343269595.0,-29900000.0,0.0,-3200000.0,75500000.0,-100000000.0,13700000.0,-41300000.0,-100000.0,-33000000.0,30700000.0,26500000.0,26500000.0,26500000.0,0.0,1100000.0,0.01,1504100000.0,61500000.0,849100000.0,3.833,5.099,21.042,21.275,1589300000.0,0.0,19.36,0.755,0.755,760100000.0,4652300000.0,2575400000.0,2575400000.0,0.0,,,,,10700000.0,1494100000.0,1.0,430954008.0,430954008,,5.976,7021000000.0,0.0,13200000.0,327100000.0,16.292,989800000.0
31,AVP,MRQ,2011-12-31,2011-12-31,2011-12-31,2021-09-13,-854400000.0,7735000000.0,,4098800000.0,3636200000.0,,3.648,-73600000.0,1245100000.0,1245100000.0,1098900000.0,300000.0,1.418,3.916,3308400000.0,849300000.0,2459100000.0,3308400000.0,0.0,47400000.0,0.0,0.053,0.23,93700000.0,141100000.0,0.049,141100000.0,93700000.0,70300000.0,-0.01,0.0,-0.01,1570400000.0,,1570400000.0,9787933904.0,11.0,8.646,335000000.0,0.778,1.0,1752700000.0,0.615,753000000.0,23400000.0,6154300000.0,,1161300000.0,0.0,0.0,0.0,6149800000.0,2891000000.0,3258800000.0,7525633904.0,256900000.0,0.0,0.0,61700000.0,-101200000.0,-41400000.0,-74000000.0,-100000.0,408600000.0,-36300000.0,-400000.0,-400000.0,-400000.0,149200000.0,700000.0,0.0,1512200000.0,240500000.0,850200000.0,-23.0,4.792,14.653,14.805,1571500000.0,0.0,17.47,0.678,0.678,761500000.0,4726100000.0,2851600000.0,2851600000.0,0.0,,,,,2800000.0,1502400000.0,1.0,430774694.0,430500000,,6.624,6982000000.0,0.0,70700000.0,377800000.0,16.218,1207800000.0
32,AVP,MRQ,2011-09-30,2011-09-30,2011-09-30,2021-09-13,-694100000.0,7879400000.0,,4141200000.0,3738200000.0,,4.247,-48100000.0,988200000.0,988200000.0,998300000.0,165200000.0,1.442,3.299,3250500000.0,785700000.0,2464800000.0,3250500000.0,0.0,58200000.0,0.0,0.046,0.23,263200000.0,321400000.0,0.116,321400000.0,263200000.0,240300000.0,0.38,0.38,0.38,1829300000.0,,1829300000.0,10655553084.0,9.0,7.524,97900000.0,0.227,1.0,1764100000.0,0.639,1025200000.0,22900000.0,6244500000.0,,1361200000.0,0.0,0.0,0.0,6035700000.0,2872000000.0,3163700000.0,8441853084.0,-22800000.0,0.0,800000.0,-21900000.0,-98900000.0,-120200000.0,-22500000.0,25600000.0,146000000.0,-26100000.0,164200000.0,164200000.0,164200000.0,0.0,1000000.0,0.059,1504500000.0,259600000.0,808000000.0,0.605,4.615,11.354,11.462,1567000000.0,0.0,19.6,0.739,0.739,783200000.0,4825700000.0,2762400000.0,2762400000.0,0.0,,,,,9800000.0,1485500000.0,1.0,430706790.0,430706790,,6.414,6854200000.0,0.0,76100000.0,415300000.0,15.914,1269200000.0
33,AVP,MRQ,2011-06-30,2011-06-30,2011-06-30,2021-09-13,-423100000.0,8116800000.0,,4285000000.0,3831800000.0,,4.706,-85300000.0,1011000000.0,1011000000.0,1018000000.0,208700000.0,1.468,3.003,3224700000.0,807400000.0,2417300000.0,3224700000.0,0.0,60100000.0,0.0,0.032,0.23,315100000.0,375200000.0,0.131,375200000.0,315100000.0,291200000.0,0.48,0.47,0.48,2024300000.0,,2024300000.0,14147464756.0,12.0,10.108,47500000.0,0.11,1.0,1838400000.0,0.644,1045700000.0,23900000.0,6365500000.0,,1341000000.0,0.0,0.0,0.0,6078500000.0,2919300000.0,3159200000.0,12045264756.0,-4300000.0,-13000000.0,6800000.0,77000000.0,-104600000.0,-19600000.0,-125300000.0,-23500000.0,132800000.0,7800000.0,206200000.0,206200000.0,206200000.0,0.0,2500000.0,0.072,1524700000.0,313700000.0,832700000.0,0.479,5.95,16.146,16.279,1691800000.0,0.0,28.0,1.068,1.068,828800000.0,4761400000.0,2856400000.0,2856400000.0,0.0,,,,,12000000.0,1521800000.0,1.0,430188027.0,430188027,,6.64,7071100000.0,0.0,85000000.0,430900000.0,16.437,1365700000.0
34,AVP,MRQ,2011-03-31,2011-03-31,2011-03-31,2021-09-13,-497400000.0,7887100000.0,,4165000000.0,3722100000.0,,4.242,-52300000.0,1015300000.0,1015300000.0,949800000.0,143600000.0,1.432,3.317,3117500000.0,726400000.0,2391100000.0,3117500000.0,0.0,55400000.0,0.0,0.033,0.23,239000000.0,294400000.0,0.112,294400000.0,239000000.0,216300000.0,0.33,0.33,0.33,1823300000.0,,1823300000.0,13577409835.0,12.0,10.119,-83900000.0,-0.195,1.0,1679300000.0,0.639,1044100000.0,22700000.0,6036500000.0,,1293500000.0,0.0,0.0,0.0,6047500000.0,2908700000.0,3138800000.0,11621109835.0,-164600000.0,0.0,1500000.0,-6800000.0,-98700000.0,-103300000.0,-47100000.0,2900000.0,-31600000.0,17400000.0,143600000.0,143600000.0,143600000.0,8600000.0,0.0,0.055,1436500000.0,242800000.0,829800000.0,0.697,6.374,16.428,16.589,1646900000.0,0.0,27.04,1.052,1.052,803500000.0,4655000000.0,2629100000.0,2629100000.0,0.0,,,,,12000000.0,1432800000.0,1.0,429774772.0,429774772,,6.117,6843000000.0,0.0,72700000.0,461100000.0,15.922,1256300000.0
35,AVP,MRQ,2010-12-31,2010-12-31,2010-12-31,2021-09-13,-605800000.0,7873700000.0,,4184300000.0,3689400000.0,,3.863,-114300000.0,1179900000.0,1179900000.0,1211500000.0,229300000.0,1.415,3.743,3136200000.0,727600000.0,2408600000.0,3136200000.0,0.0,58300000.0,0.0,0.03,0.22,366900000.0,425200000.0,0.134,425200000.0,366900000.0,343100000.0,0.52,0.52,0.52,1656500000.0,,1656500000.0,14734379838.0,14.0,11.898,265300000.0,0.619,1.0,1964100000.0,0.618,1043400000.0,23800000.0,5830300000.0,,1152900000.0,0.0,0.0,0.0,6201100000.0,2956300000.0,3244800000.0,12471979838.0,338400000.0,9400000.0,2400000.0,88300000.0,-96600000.0,-4500000.0,-41900000.0,1400000.0,379600000.0,5200000.0,229500000.0,229500000.0,229500000.0,-9000000.0,-200000.0,0.072,1610400000.0,353700000.0,809800000.0,0.423,7.529,20.571,20.757,1627400000.0,0.0,29.06,1.148,1.147,826300000.0,4610800000.0,3175600000.0,3175600000.0,0.0,,,,,11400000.0,1608200000.0,1.0,429180311.0,428800000,,7.406,6830300000.0,0.0,113600000.0,483000000.0,15.929,1228000000.0
36,AVP,MRQ,2010-09-30,2010-09-30,2010-09-30,2021-09-13,-603100000.0,7807200000.0,,3993100000.0,3814100000.0,,3.518,-76400000.0,841500000.0,841500000.0,933000000.0,167500000.0,1.164,4.144,3103900000.0,1169300000.0,1934600000.0,3103900000.0,0.0,48000000.0,0.0,0.027,0.22,256800000.0,304800000.0,0.117,304800000.0,256800000.0,235600000.0,0.39,0.38,0.39,1509200000.0,,1509200000.0,15288168573.0,14.0,12.053,10300000.0,0.024,1.0,1679400000.0,0.643,0.0,21200000.0,6639700000.0,,1356800000.0,0.0,0.0,0.0,6254800000.0,3429900000.0,2824900000.0,13773568573.0,-142600000.0,-650900000.0,2900000.0,553500000.0,-98000000.0,458600000.0,-728600000.0,-1100000.0,86700000.0,40700000.0,166700000.0,166700000.0,166700000.0,-300000.0,800000.0,0.064,1423800000.0,255600000.0,876600000.0,0.564,9.126,21.315,21.265,1635300000.0,0.0,32.11,1.291,1.291,755500000.0,4476500000.0,2612400000.0,2612400000.0,0.0,,,,,14200000.0,1420100000.0,1.0,428949504.0,428949504,,6.09,7807200000.0,0.0,68900000.0,473100000.0,18.201,563200000.0
37,AVP,MRQ,2010-06-30,2010-06-30,2010-06-30,2021-09-13,-757200000.0,6725200000.0,,3725600000.0,2999600000.0,,2.958,-75700000.0,984100000.0,984100000.0,962100000.0,169200000.0,1.405,4.272,2498700000.0,607700000.0,1891000000.0,2498700000.0,0.0,45400000.0,0.0,0.032,0.22,272000000.0,317400000.0,0.121,317400000.0,272000000.0,251700000.0,0.39,0.39,0.39,1267200000.0,,1267200000.0,12828292114.0,12.0,10.107,148400000.0,0.346,1.0,1666400000.0,0.634,0.0,20300000.0,5587400000.0,,1095800000.0,0.0,0.0,0.0,5414100000.0,2652400000.0,2761700000.0,11352692114.0,-138800000.0,1800000.0,7500000.0,-166400000.0,-94200000.0,-251300000.0,-71400000.0,2500000.0,224100000.0,-40200000.0,167600000.0,167600000.0,167600000.0,-4200000.0,1600000.0,0.064,1400400000.0,266000000.0,786400000.0,0.564,8.959,17.859,17.905,1534600000.0,0.0,26.5,1.07,1.07,737000000.0,4404700000.0,2628500000.0,2628500000.0,0.0,,,,,12000000.0,1400000000.0,1.0,428403476.0,428403476,,6.136,6725200000.0,0.0,84100000.0,489700000.0,15.698,1073200000.0
38,AVP,MRQ,2010-03-31,2010-03-31,2010-03-31,2021-09-13,-683200000.0,6818500000.0,,3867000000.0,2951500000.0,,2.91,-52900000.0,1122900000.0,1122900000.0,934700000.0,43300000.0,1.379,4.448,2598500000.0,770200000.0,1828300000.0,2598500000.0,0.0,43100000.0,0.0,0.025,0.22,147900000.0,191000000.0,0.078,191000000.0,147900000.0,126100000.0,0.1,0.1,0.1,1244100000.0,,1244100000.0,15613564727.0,16.0,13.262,-41300000.0,-0.097,1.0,1511600000.0,0.618,0.0,21800000.0,5488900000.0,,1104600000.0,0.0,0.0,0.0,5533200000.0,2805200000.0,2728000000.0,14479264727.0,-188700000.0,-146100000.0,-3000000.0,129300000.0,-95300000.0,31600000.0,-192500000.0,6600000.0,11600000.0,-39400000.0,42500000.0,42500000.0,42500000.0,-600000.0,800000.0,0.017,1368400000.0,143200000.0,742600000.0,2.2,11.638,26.278,26.461,1536100000.0,0.0,33.87,1.384,1.384,748000000.0,4331900000.0,2446300000.0,2446300000.0,0.0,,,,,20000000.0,1320100000.0,1.0,427495268.0,427495268,,5.722,6818500000.0,0.0,83600000.0,532800000.0,15.95,1061800000.0
39,AVP,MRQ,2009-12-31,2009-12-31,2009-12-31,2021-09-13,-692600000.0,6823400000.0,,4206200000.0,2617200000.0,,2.981,-123500000.0,1298100000.0,1298100000.0,1125200000.0,268500000.0,1.835,4.33,2445000000.0,137800000.0,2307200000.0,2445000000.0,0.0,43900000.0,0.0,0.027,0.21,411300000.0,455200000.0,0.153,455200000.0,411300000.0,385300000.0,0.63,0.63,0.63,1272600000.0,,1272600000.0,14918065418.0,15.0,12.428,411400000.0,0.964,1.0,1855800000.0,0.623,229300000.0,26000000.0,5449300000.0,,1049800000.0,0.0,0.0,0.0,5510800000.0,2291700000.0,3219100000.0,13452265418.0,18200000.0,100000.0,8300000.0,-294900000.0,-91600000.0,-377400000.0,-124100000.0,-100000.0,534900000.0,-15200000.0,269400000.0,269400000.0,269400000.0,-9000000.0,-900000.0,0.09,1459400000.0,396400000.0,739000000.0,0.333,10.571,21.496,21.724,1469000000.0,0.0,31.5,1.318,1.318,765700000.0,4383900000.0,2981000000.0,2981000000.0,0.0,,,,,11800000.0,1460000000.0,1.0,427056045.0,426900000,,6.983,6594100000.0,0.0,115900000.0,536200000.0,15.446,1914500000.0
40,AVP,MRQ,2009-09-30,2009-09-30,2009-09-30,2021-09-13,-711100000.0,6735500000.0,,4196800000.0,2538700000.0,,2.467,-59200000.0,1293400000.0,1293400000.0,954800000.0,157600000.0,1.761,5.354,2759200000.0,431200000.0,2328000000.0,2759200000.0,0.0,49200000.0,0.0,0.024,0.21,256400000.0,305600000.0,0.119,305600000.0,256400000.0,230300000.0,0.36,0.36,0.36,1053400000.0,,1053400000.0,15968635210.0,17.0,14.182,112500000.0,0.263,1.0,1604200000.0,0.627,0.0,26100000.0,5817500000.0,,1192700000.0,0.0,0.0,0.0,5640400000.0,2383800000.0,3256600000.0,14499235210.0,72400000.0,-100000.0,1700000.0,43100000.0,-89500000.0,-45200000.0,-59200000.0,100000.0,171700000.0,5100000.0,156200000.0,156200000.0,156200000.0,0.0,1400000.0,0.061,1349600000.0,254600000.0,721300000.0,0.583,13.764,24.625,24.971,1450900000.0,0.0,33.96,1.472,1.472,736200000.0,4204900000.0,2559000000.0,2559000000.0,0.0,,,,,11200000.0,1345700000.0,1.0,426950389.0,426950389,,5.994,6735500000.0,0.0,74100000.0,481300000.0,15.776,1813000000.0
41,AVP,MRQ,2009-06-30,2009-06-30,2009-06-30,2021-09-13,-860100000.0,6317300000.0,,3843800000.0,2473500000.0,,1.93,-52900000.0,1221000000.0,1221000000.0,934300000.0,84600000.0,1.719,6.619,2690400000.0,446900000.0,2243500000.0,2690400000.0,0.0,39400000.0,0.0,0.032,0.21,186100000.0,225500000.0,0.091,225500000.0,186100000.0,158200000.0,0.19,0.19,0.19,824100000.0,,824100000.0,12568568570.0,13.0,10.72,83200000.0,0.195,1.0,1544000000.0,0.623,0.0,27900000.0,5550900000.0,,1083100000.0,0.0,0.0,0.0,5454800000.0,2235800000.0,3219000000.0,11005668570.0,-381400000.0,5800000.0,-4200000.0,-427700000.0,-94100000.0,-527500000.0,-31700000.0,15400000.0,136100000.0,41700000.0,82900000.0,82900000.0,82900000.0,0.0,1700000.0,0.033,1360900000.0,183100000.0,662900000.0,1.105,13.355,16.797,16.961,1397700000.0,0.0,25.78,1.108,1.108,689100000.0,4138700000.0,2478300000.0,2478300000.0,0.0,,,,,14600000.0,1361100000.0,1.0,426907237.0,426907237,,5.805,6317300000.0,0.0,75300000.0,449200000.0,14.798,1608000000.0
42,AVP,MRQ,2009-03-31,2009-03-31,2009-03-31,2021-09-13,-1067700000.0,6486400000.0,,4049500000.0,2436900000.0,,1.434,-49500000.0,1602400000.0,1602400000.0,811200000.0,117500000.0,1.571,9.552,3165300000.0,871200000.0,2294100000.0,3165300000.0,0.0,42800000.0,0.0,0.042,0.21,171300000.0,214100000.0,0.098,214100000.0,171300000.0,146500000.0,0.27,0.27,0.27,611400000.0,,611400000.0,9581581520.0,8.0,7.021,-110200000.0,-0.258,1.0,1375700000.0,0.629,0.0,24800000.0,5471100000.0,,1047500000.0,0.0,0.0,0.0,5840100000.0,2578200000.0,3261900000.0,8198681520.0,497700000.0,0.0,-1300000.0,679200000.0,-89500000.0,588300000.0,-3900000.0,45600000.0,-60700000.0,-26000000.0,117300000.0,117300000.0,117300000.0,0.0,200000.0,0.054,1211500000.0,164200000.0,651000000.0,0.778,13.41,10.148,10.229,1306600000.0,0.0,19.23,0.804,0.804,653900000.0,4146000000.0,2186900000.0,2186900000.0,0.0,,,,,17300000.0,1207300000.0,1.0,426348493.0,426348493,,5.129,6486400000.0,0.0,29200000.0,475800000.0,15.214,1471300000.0
43,AVP,MRQ,2008-12-31,2008-12-31,2008-12-31,2021-09-13,-965900000.0,6074000000.0,,3556900000.0,2517100000.0,,1.583,-134200000.0,1104700000.0,1104700000.0,991800000.0,227700000.0,1.221,7.944,2487600000.0,1031400000.0,1456200000.0,2487600000.0,0.0,38600000.0,0.0,0.033,0.2,342200000.0,380800000.0,0.145,380800000.0,342200000.0,318600000.0,0.54,0.53,0.54,674900000.0,,674900000.0,11687013738.0,9.0,7.803,311200000.0,0.73,1.0,1633200000.0,0.622,0.0,23600000.0,4544700000.0,,1007900000.0,0.0,0.0,0.0,5361700000.0,2912200000.0,2449500000.0,10243913738.0,137700000.0,-77700000.0,-100000.0,-13400000.0,-84400000.0,-95800000.0,-139800000.0,75300000.0,445400000.0,-72100000.0,232400000.0,232400000.0,232400000.0,6900000.0,-4700000.0,0.089,1298000000.0,335200000.0,724300000.0,0.37,15.178,11.703,11.779,1343900000.0,0.0,24.03,0.975,0.975,687800000.0,4118900000.0,2625000000.0,2625000000.0,0.0,,,,,8300000.0,1275900000.0,1.0,426296868.0,426360000,428250000.0,6.157,6074000000.0,0.0,86200000.0,509100000.0,14.246,644700000.0
44,AVP,MRQ,2008-09-30,2008-09-30,2008-09-30,2021-09-13,-423000000.0,6128600000.0,,3806300000.0,2322300000.0,,2.488,-98900000.0,967000000.0,967000000.0,975000000.0,224700000.0,1.437,4.786,2410100000.0,732400000.0,1677700000.0,2410100000.0,0.0,50300000.0,0.0,0.019,0.2,301700000.0,352000000.0,0.133,352000000.0,301700000.0,277100000.0,0.52,0.52,0.52,1059200000.0,,1059200000.0,19000077233.0,16.0,13.698,31400000.0,0.074,1.0,1669700000.0,0.631,0.0,24600000.0,4923800000.0,,1236800000.0,0.0,0.0,0.0,5069400000.0,2647900000.0,2421500000.0,17696177233.0,6700000.0,0.0,1700000.0,139100000.0,-85000000.0,63100000.0,-132500000.0,-33700000.0,130300000.0,-54200000.0,222600000.0,222600000.0,222600000.0,0.0,2100000.0,0.084,1376000000.0,293700000.0,728800000.0,0.385,16.707,22.928,23.094,1372100000.0,0.0,41.57,1.615,1.615,704400000.0,3972400000.0,2644700000.0,2644700000.0,0.0,,,,,15400000.0,1372600000.0,1.0,425695868.0,425740000,429750000.0,6.212,6128600000.0,0.0,54500000.0,478900000.0,14.395,1158400000.0
45,AVP,MRQ,2008-06-30,2008-06-30,2008-06-30,2021-09-13,-266300000.0,6075300000.0,,3739600000.0,2335700000.0,,2.464,-72600000.0,960300000.0,960300000.0,993400000.0,237000000.0,1.456,4.78,2264200000.0,592700000.0,1671500000.0,2264200000.0,0.0,48700000.0,0.0,0.021,0.2,369100000.0,417800000.0,0.153,417800000.0,369100000.0,343000000.0,0.55,0.55,0.55,1051000000.0,,1051000000.0,16721971895.0,15.0,12.753,140800000.0,0.33,1.0,1742700000.0,0.637,0.0,26100000.0,4810200000.0,,1202700000.0,0.0,0.0,0.0,5024300000.0,2569000000.0,2455300000.0,15371871895.0,67700000.0,0.0,-44400000.0,39300000.0,-85800000.0,-88500000.0,-72500000.0,100000.0,213400000.0,15300000.0,235600000.0,235600000.0,235600000.0,0.0,1400000.0,0.086,1380800000.0,361900000.0,740800000.0,0.364,14.626,22.333,22.512,1377300000.0,0.0,36.02,1.442,1.441,787400000.0,3835500000.0,2736100000.0,2736100000.0,0.0,,,,,13400000.0,1368800000.0,1.0,426759353.0,426570000,430300000.0,6.414,6075300000.0,0.0,107400000.0,546000000.0,14.242,1170600000.0
46,AVP,MRQ,2008-03-31,2008-03-31,2008-03-31,2021-09-13,-329500000.0,5865600000.0,,3576900000.0,2288700000.0,,2.041,-58300000.0,892600000.0,892600000.0,923700000.0,186200000.0,1.412,5.735,2242700000.0,562400000.0,1680300000.0,2242700000.0,0.0,44000000.0,0.0,0.019,0.2,303200000.0,347200000.0,0.139,347200000.0,303200000.0,277100000.0,0.43,0.43,0.43,870900000.0,,870900000.0,18008379833.0,19.0,15.889,-99300000.0,-0.233,1.0,1578000000.0,0.631,0.0,26100000.0,4682500000.0,,1172400000.0,0.0,0.0,0.0,4994700000.0,2533200000.0,2461500000.0,16874379833.0,-70800000.0,0.0,-47900000.0,116500000.0,-91500000.0,-20300000.0,-58600000.0,-300000.0,-41000000.0,49100000.0,184700000.0,184700000.0,184700000.0,0.0,1500000.0,0.074,1282500000.0,295500000.0,735200000.0,0.465,19.376,29.845,30.183,1333200000.0,0.0,39.54,1.645,1.646,779900000.0,3685500000.0,2501700000.0,2501700000.0,0.0,,,,,17700000.0,1281800000.0,1.0,426767320.0,426790000,430370000.0,5.862,5865600000.0,0.0,92400000.0,515600000.0,13.744,1043700000.0
47,AVP,MRQ,2007-12-31,2007-12-31,2007-12-31,2021-09-13,-417000000.0,5716200000.0,,3515400000.0,2200800000.0,,1.642,-137700000.0,963400000.0,963400000.0,1298600000.0,131500000.0,1.151,7.033,2097400000.0,929500000.0,1167900000.0,2097400000.0,0.0,45200000.0,0.0,0.019,0.185,224900000.0,270100000.0,0.088,270100000.0,224900000.0,196500000.0,0.3,0.29,0.3,711600000.0,,711600000.0,18335968849.0,20.0,17.012,389200000.0,0.898,1.0,1776900000.0,0.578,0.0,28400000.0,3796800000.0,,1041800000.0,0.0,0.0,0.0,5004600000.0,3053400000.0,1951200000.0,16960868849.0,122900000.0,18700000.0,-79200000.0,-132500000.0,-81300000.0,-284600000.0,-137400000.0,600000.0,526900000.0,18000000.0,128900000.0,128900000.0,128900000.0,0.0,2600000.0,0.042,1560400000.0,216500000.0,800300000.0,0.617,23.835,31.959,32.402,1278200000.0,0.0,39.53,1.707,1.724,795000000.0,3586500000.0,3075500000.0,3075500000.0,0.0,,,,,13500000.0,1552400000.0,1.0,429063214.0,433470000,436020000.0,7.095,5716200000.0,0.0,67600000.0,533300000.0,13.187,462000000.0
48,AVP,MRQ,2007-09-30,2007-09-30,2007-09-30,2021-09-13,-518700000.0,5480500000.0,,3462400000.0,2018100000.0,,1.434,-53100000.0,840500000.0,840500000.0,889000000.0,139100000.0,1.196,7.887,2215600000.0,1042700000.0,1172900000.0,2215600000.0,0.0,39200000.0,0.0,0.019,0.185,236900000.0,276100000.0,0.118,276100000.0,236900000.0,207700000.0,0.32,0.32,0.32,616700000.0,,616700000.0,17401643711.0,18.0,15.304,10700000.0,0.025,1.0,1460100000.0,0.622,0.0,29200000.0,3961200000.0,,1229200000.0,0.0,0.0,0.0,4863800000.0,2894400000.0,1969400000.0,16237243711.0,-62900000.0,-2200000.0,-139300000.0,130100000.0,-79300000.0,-87900000.0,-55300000.0,0.0,63800000.0,16500000.0,139100000.0,139100000.0,139100000.0,0.0,0.0,0.059,1233400000.0,226700000.0,700900000.0,0.578,26.329,27.713,28.007,1166000000.0,0.0,37.53,1.712,1.701,752700000.0,3537500000.0,2349100000.0,2349100000.0,0.0,,,,,14000000.0,1236600000.0,1.0,432647048.0,430030000,433030000.0,5.463,5480500000.0,0.0,68600000.0,428400000.0,12.744,568000000.0
49,AVP,MRQ,2007-06-30,2007-06-30,2007-06-30,2021-09-13,-578100000.0,5147500000.0,,3176100000.0,1971400000.0,,1.436,-50900000.0,903400000.0,903400000.0,921100000.0,112700000.0,1.239,7.243,2067800000.0,907500000.0,1160300000.0,2067800000.0,0.0,45000000.0,0.0,0.02,0.185,195000000.0,240000000.0,0.103,240000000.0,195000000.0,166900000.0,0.26,0.26,0.26,624500000.0,,624500000.0,17099996330.0,19.0,15.935,108300000.0,0.249,1.0,1407700000.0,0.604,0.0,28100000.0,3747800000.0,,1030700000.0,0.0,0.0,0.0,4523000000.0,2564100000.0,1958900000.0,16127996330.0,-218700000.0,-800000.0,-254300000.0,-13200000.0,-83300000.0,-344700000.0,-53900000.0,-2200000.0,159200000.0,20700000.0,112700000.0,112700000.0,112700000.0,0.0,0.0,0.048,1222000000.0,185700000.0,612900000.0,0.712,25.825,30.248,30.372,1121400000.0,0.0,36.75,1.754,1.738,675200000.0,3478100000.0,2328800000.0,2328800000.0,0.0,,,,,18200000.0,1220800000.0,1.0,438857043.0,434850000,438450000.0,5.355,5147500000.0,0.0,54200000.0,430400000.0,11.837,612000000.0
50,AVP,MRQ,2007-03-31,2007-03-31,2007-03-31,2021-09-13,-637000000.0,5265400000.0,,3334300000.0,1931100000.0,,1.753,-25600000.0,1122100000.0,1122100000.0,832500000.0,150000000.0,1.303,5.818,2094100000.0,923900000.0,1170200000.0,2094100000.0,0.0,42700000.0,0.0,0.019,0.185,248900000.0,291600000.0,0.133,291600000.0,248900000.0,222400000.0,0.34,0.34,0.34,772300000.0,,772300000.0,17022086667.0,18.0,15.272,-185700000.0,-0.421,1.0,1352800000.0,0.619,0.0,26500000.0,3679100000.0,,984100000.0,0.0,0.0,0.0,4493100000.0,2558300000.0,1934800000.0,16434686667.0,-76800000.0,-15700000.0,-108500000.0,305900000.0,-81800000.0,120100000.0,-40600000.0,700000.0,-160100000.0,3800000.0,150000000.0,150000000.0,150000000.0,0.0,0.0,0.069,1115600000.0,237200000.0,597000000.0,0.544,21.28,28.762,28.884,1095400000.0,0.0,37.26,1.837,1.835,669500000.0,3446800000.0,2185300000.0,2185300000.0,0.0,,,,,15900000.0,1115000000.0,1.0,441081231.0,440610000,443760000.0,4.96,5265400000.0,0.0,72400000.0,469100000.0,11.95,776000000.0
51,AVP,MRQ,2006-12-31,2006-12-31,2006-12-31,2021-09-13,-656300000.0,5238200000.0,,3334400000.0,1903800000.0,,1.767,-71600000.0,1198900000.0,1198900000.0,1045500000.0,184100000.0,1.32,5.627,1786300000.0,615600000.0,1170700000.0,1786300000.0,0.0,39200000.0,0.0,0.021,0.175,290200000.0,329400000.0,0.126,329400000.0,290200000.0,264900000.0,0.42,0.42,0.42,790400000.0,,790400000.0,15408202760.0,19.0,16.047,286000000.0,0.639,1.0,1577100000.0,0.601,0.0,25300000.0,3300400000.0,,900300000.0,0.0,0.0,0.0,4447800000.0,2525200000.0,1922600000.0,14687902760.0,96100000.0,-100000.0,-113200000.0,-33000000.0,-78600000.0,-219500000.0,-72700000.0,-1000000.0,357600000.0,30700000.0,184100000.0,184100000.0,184100000.0,0.0,0.0,0.07,1300400000.0,276700000.0,655800000.0,0.417,18.583,30.754,30.879,1100200000.0,0.0,33.04,1.676,1.687,700400000.0,3396800000.0,2622600000.0,2622600000.0,0.0,,,,,16400000.0,1294700000.0,1.0,444549115.0,447400000,449160000.0,5.862,5238200000.0,0.0,80800000.0,440300000.0,11.708,809200000.0
52,AVP,MRQ,2006-09-30,2006-09-30,2006-09-30,2021-09-13,-443800000.0,5338400000.0,,3236800000.0,2101600000.0,,2.202,-30600000.0,1102800000.0,1102800000.0,814800000.0,86400000.0,1.327,4.431,1823100000.0,566300000.0,1256800000.0,1823100000.0,0.0,40300000.0,0.0,0.023,0.175,171800000.0,212100000.0,0.103,212100000.0,171800000.0,147900000.0,0.19,0.19,0.19,982900000.0,,982900000.0,14360153518.0,18.0,14.668,118500000.0,0.265,1.0,1243800000.0,0.604,0.0,23900000.0,3619000000.0,,977200000.0,0.0,0.0,0.0,4355500000.0,2439700000.0,1915800000.0,13725753518.0,-11700000.0,-39300000.0,-94400000.0,60400000.0,-78800000.0,-111900000.0,-68300000.0,1600000.0,149100000.0,19400000.0,86400000.0,86400000.0,86400000.0,0.0,0.0,0.042,1081800000.0,162000000.0,594700000.0,0.921,13.965,28.793,28.925,1043300000.0,0.0,30.66,1.607,1.603,634600000.0,3290500000.0,2058600000.0,2058600000.0,0.0,,,,,13200000.0,1076300000.0,1.0,447676240.0,446360000,447930000.0,4.612,5338400000.0,0.0,61500000.0,414600000.0,11.96,797100000.0
53,AVP,MRQ,2006-06-30,2006-06-30,2006-06-30,2021-09-13,-492600000.0,5136400000.0,,3048200000.0,2088200000.0,,2.237,-35000000.0,1114500000.0,1114500000.0,776500000.0,150900000.0,1.384,4.11,1748900000.0,503900000.0,1245000000.0,1748900000.0,0.0,40100000.0,0.0,0.022,0.175,241400000.0,281500000.0,0.135,281500000.0,241400000.0,217500000.0,0.34,0.33,0.34,1005200000.0,,1005200000.0,14585353780.0,16.0,13.829,153500000.0,0.342,1.0,1303000000.0,0.627,0.0,23900000.0,3568100000.0,,897400000.0,0.0,0.0,0.0,4131200000.0,2202700000.0,1928500000.0,13958753780.0,-43500000.0,0.0,-77900000.0,-28400000.0,-80800000.0,-186200000.0,-45400000.0,-10400000.0,188500000.0,-400000.0,150900000.0,150900000.0,150900000.0,0.0,0.0,0.073,1078500000.0,224500000.0,524600000.0,0.515,13.887,25.192,25.41,1035400000.0,0.0,31.0,1.668,1.665,565200000.0,3282500000.0,2079500000.0,2079500000.0,0.0,,,,,17800000.0,1077700000.0,1.0,450282380.0,449360000,451870000.0,4.628,5136400000.0,0.0,66600000.0,389700000.0,11.43,845500000.0
54,AVP,MRQ,2006-03-31,2006-03-31,2006-03-31,2021-09-13,-744800000.0,4924000000.0,,3080600000.0,1843400000.0,,1.656,-21200000.0,1158000000.0,1158000000.0,779700000.0,56200000.0,1.387,5.595,1784600000.0,530800000.0,1253800000.0,1784600000.0,0.0,40000000.0,0.0,0.021,0.175,97200000.0,137200000.0,0.068,137200000.0,97200000.0,70700000.0,0.12,0.12,0.12,746600000.0,,746600000.0,14632511675.0,15.0,12.667,79700000.0,0.177,1.0,1223500000.0,0.611,0.0,26500000.0,3329300000.0,,860000000.0,0.0,0.0,0.0,4177400000.0,2221300000.0,1956100000.0,14042211675.0,99300000.0,0.0,-37100000.0,142700000.0,-79400000.0,27200000.0,-21500000.0,-300000.0,100900000.0,-7300000.0,56200000.0,56200000.0,56200000.0,0.0,0.0,0.028,1138900000.0,84600000.0,538300000.0,1.458,18.808,19.189,19.728,1043700000.0,0.0,31.17,1.698,1.699,595700000.0,3210500000.0,2003200000.0,2003200000.0,0.0,,,,,15500000.0,1137300000.0,1.0,450504064.0,450750000,452620000.0,4.444,4924000000.0,0.0,14500000.0,395300000.0,10.924,859300000.0
55,AVP,MRQ,2005-12-31,2005-12-31,2005-12-31,2021-09-13,-740900000.0,4761400000.0,,2919000000.0,1842400000.0,,1.703,-41300000.0,1058700000.0,1058700000.0,960100000.0,183200000.0,1.168,4.995,1649000000.0,882500000.0,766500000.0,1649000000.0,0.0,42100000.0,0.0,0.023,0.165,306100000.0,348200000.0,0.145,348200000.0,306100000.0,285800000.0,0.41,0.41,0.41,794200000.0,,794200000.0,13719882121.0,12.0,10.465,484500000.0,1.039,1.0,1438100000.0,0.6,0.0,20300000.0,2852000000.0,,801700000.0,0.0,0.0,0.0,3967200000.0,2499700000.0,1467500000.0,13087082121.0,73000000.0,-155800000.0,-214100000.0,38900000.0,-76300000.0,-251500000.0,-196400000.0,700000.0,525800000.0,-4900000.0,183200000.0,183200000.0,183200000.0,0.0,0.0,0.076,1141100000.0,297000000.0,538200000.0,0.402,16.478,15.44,15.687,1050800000.0,0.0,28.55,1.606,1.633,634100000.0,3233100000.0,2398200000.0,2398200000.0,0.0,,,,,2100000.0,1140700000.0,1.0,458391668.0,466280000,469470000.0,5.143,4761400000.0,0.0,102600000.0,430900000.0,10.211,419300000.0
56,AVP,MRQ,2005-09-30,2005-09-30,2005-09-30,2021-09-13,-709600000.0,4637200000.0,,2977600000.0,1659600000.0,,1.903,-55900000.0,985700000.0,985700000.0,724500000.0,163800000.0,1.312,4.222,1618500000.0,846600000.0,771900000.0,1618500000.0,0.0,33800000.0,0.0,0.024,0.165,254000000.0,287800000.0,0.153,287800000.0,254000000.0,240800000.0,0.35,0.35,0.35,888000000.0,,888000000.0,12983434955.0,10.0,9.296,80200000.0,0.172,1.0,1161500000.0,0.616,0.0,13200000.0,3000500000.0,,953800000.0,0.0,0.0,0.0,3749200000.0,2269500000.0,1479700000.0,12710834955.0,105600000.0,-800000.0,-378000000.0,480300000.0,-77800000.0,24500000.0,-56400000.0,-300000.0,136100000.0,1400000.0,163800000.0,163800000.0,163800000.0,0.0,0.0,0.087,916700000.0,244800000.0,489400000.0,0.471,14.314,13.335,13.3,1039900000.0,0.0,27.0,1.577,1.563,595300000.0,3125000000.0,1886000000.0,1886000000.0,0.0,,,,,2300000.0,914400000.0,1.0,470771665.0,466560000,468950000.0,4.042,4637200000.0,0.0,77000000.0,371900000.0,9.939,708100000.0
57,AVP,MRQ,2005-06-30,2005-06-30,2005-06-30,2021-09-13,-724000000.0,4326100000.0,,2686300000.0,1639800000.0,,2.495,-49600000.0,880100000.0,880100000.0,730400000.0,328600000.0,1.684,2.677,1152700000.0,286800000.0,865900000.0,1152700000.0,0.0,32600000.0,0.0,0.016,0.165,349400000.0,382000000.0,0.193,382000000.0,349400000.0,338900000.0,0.7,0.69,0.7,1176400000.0,,1176400000.0,18153882814.0,14.0,12.918,192800000.0,0.409,1.0,1253900000.0,0.632,0.0,10500000.0,3003100000.0,,841500000.0,0.0,0.0,0.0,3149700000.0,1595600000.0,1554100000.0,17865782814.0,88100000.0,0.0,-61300000.0,57900000.0,-80800000.0,-84200000.0,-60400000.0,-10200000.0,242400000.0,-9700000.0,328600000.0,328600000.0,328600000.0,0.0,0.0,0.166,910700000.0,343200000.0,474500000.0,0.236,15.187,18.489,18.463,1015800000.0,0.0,37.85,2.238,2.236,564400000.0,3038400000.0,1984300000.0,1984300000.0,0.0,,,,,2500000.0,909900000.0,1.0,472015398.0,471450000,475570000.0,4.209,4326100000.0,0.0,10300000.0,354600000.0,9.176,1090700000.0
58,AVP,MRQ,2005-03-31,2005-03-31,2005-03-31,2021-09-13,-718800000.0,4211800000.0,,2602900000.0,1608900000.0,,2.104,-29700000.0,792000000.0,792000000.0,698200000.0,172000000.0,1.589,3.241,1080100000.0,229400000.0,850700000.0,1080100000.0,0.0,31100000.0,0.0,0.014,0.165,261900000.0,293000000.0,0.156,293000000.0,261900000.0,251800000.0,0.36,0.36,0.36,993000000.0,,993000000.0,20395576880.0,16.0,14.819,-38500000.0,-0.082,1.0,1182900000.0,0.629,0.0,10100000.0,2862100000.0,,815300000.0,0.0,0.0,0.0,3218800000.0,1637800000.0,1581000000.0,20247176880.0,22400000.0,0.0,-13200000.0,176600000.0,-78900000.0,84500000.0,-29900000.0,-200000.0,-8800000.0,-23400000.0,172000000.0,172000000.0,172000000.0,0.0,0.0,0.091,926900000.0,256000000.0,461800000.0,0.458,20.39,23.273,23.337,1000000000.0,0.0,42.94,2.575,2.577,582200000.0,2787600000.0,1881100000.0,1881100000.0,0.0,,,,,3200000.0,922400000.0,1.0,471522517.0,471950000,477000000.0,3.986,4211800000.0,0.0,79800000.0,464700000.0,8.924,965100000.0
59,AVP,MRQ,2004-12-31,2004-12-31,2004-12-31,2021-09-13,-679500000.0,4148100000.0,,2506400000.0,1641700000.0,,2.012,-75000000.0,769600000.0,769600000.0,912700000.0,288800000.0,1.557,3.366,918000000.0,51700000.0,866300000.0,918000000.0,0.0,37300000.0,0.0,0.014,0.14,396600000.0,433900000.0,0.188,433900000.0,396600000.0,386900000.0,0.62,0.6,0.62,950200000.0,,950200000.0,18794930093.0,16.0,13.982,439900000.0,0.931,1.0,1397800000.0,0.605,0.0,9700000.0,2687000000.0,,740500000.0,0.0,0.0,0.0,3197900000.0,1609500000.0,1588400000.0,18303230093.0,162200000.0,-47500000.0,-67700000.0,-183100000.0,-67200000.0,-318000000.0,-75700000.0,200000.0,514900000.0,41000000.0,288800000.0,288800000.0,288800000.0,0.0,0.0,0.125,1005400000.0,392400000.0,490100000.0,0.226,19.263,21.632,21.62,1014800000.0,0.0,38.7,2.362,2.359,599100000.0,2693500000.0,2310500000.0,2310500000.0,0.0,,,,,8800000.0,986500000.0,1.0,472951682.0,472350000,477960000.0,4.891,4148100000.0,0.0,98100000.0,471200000.0,8.782,896900000.0
60,AVP,MRQ,2004-09-30,2004-09-30,2004-09-30,2021-09-13,-721500000.0,3835100000.0,,2381300000.0,1453800000.0,,1.499,-79100000.0,607400000.0,607400000.0,679800000.0,176900000.0,1.483,4.409,1099100000.0,233800000.0,865300000.0,1099100000.0,0.0,32100000.0,0.0,0.012,0.14,264300000.0,296400000.0,0.164,296400000.0,264300000.0,256100000.0,0.37,0.37,0.37,709000000.0,,709000000.0,21108610467.0,18.0,15.931,60600000.0,0.128,1.0,1126400000.0,0.624,0.0,8200000.0,2721000000.0,,825900000.0,0.0,0.0,0.0,3126100000.0,1605800000.0,1520300000.0,20654810467.0,-34500000.0,0.0,-25400000.0,-11900000.0,-67300000.0,-104600000.0,-79200000.0,100000.0,139700000.0,9600000.0,176900000.0,176900000.0,176900000.0,0.0,0.0,0.098,865700000.0,260700000.0,440900000.0,0.378,29.132,25.232,25.322,930500000.0,0.0,43.68,2.748,2.749,641800000.0,2470700000.0,1806200000.0,1806200000.0,0.0,,,,,0.0,863600000.0,1.0,472866540.0,473080000,479360000.0,3.818,3835100000.0,0.0,79200000.0,423000000.0,8.107,775500000.0
61,AVP,MRQ,2004-06-30,2004-06-30,2004-06-30,2021-09-13,-750600000.0,3634700000.0,,2240500000.0,1394200000.0,,1.26,-48600000.0,641900000.0,641900000.0,673800000.0,232300000.0,1.469,5.11,1095700000.0,244100000.0,851600000.0,1095700000.0,0.0,31500000.0,0.0,0.011,0.14,321500000.0,353000000.0,0.189,353000000.0,321500000.0,311700000.0,0.49,0.49,0.49,594900000.0,,594900000.0,22343096594.0,20.0,17.719,191200000.0,0.405,1.0,1192500000.0,0.639,0.0,9800000.0,2563800000.0,,723900000.0,0.0,0.0,0.0,3039800000.0,1524700000.0,1515100000.0,21771896594.0,79900000.0,0.0,5500000.0,9500000.0,-68300000.0,-53300000.0,-104600000.0,-9900000.0,239800000.0,-2000000.0,232300000.0,232300000.0,232300000.0,0.0,0.0,0.124,871100000.0,321400000.0,406000000.0,0.286,36.598,28.1,28.22,872000000.0,0.0,46.14,2.97,2.973,595200000.0,2360100000.0,1866300000.0,1866300000.0,0.0,,,,,0.0,867000000.0,1.0,471865986.0,472270000,478370000.0,3.952,3634700000.0,0.0,79400000.0,433900000.0,7.696,715800000.0
62,AVP,MRQ,2004-03-31,2004-03-31,2004-03-31,2021-09-13,-749300000.0,3503000000.0,,2148500000.0,1354500000.0,,0.89,-27800000.0,562000000.0,562000000.0,666200000.0,148100000.0,1.44,7.35,1133200000.0,235200000.0,898000000.0,1133200000.0,0.0,32800000.0,0.0,0.012,0.14,228100000.0,260900000.0,0.148,260900000.0,228100000.0,222000000.0,0.31,0.31,0.31,419500000.0,,419500000.0,18287319785.0,17.0,15.135,-39600000.0,-0.084,1.0,1098600000.0,0.623,0.0,6100000.0,2582200000.0,,694300000.0,0.0,0.0,0.0,3083500000.0,1492000000.0,1591500000.0,17859519785.0,-132000000.0,0.0,-14300000.0,-9900000.0,-66900000.0,-91100000.0,-19900000.0,8200000.0,-11800000.0,-9200000.0,148100000.0,148100000.0,148100000.0,0.0,0.0,0.084,872400000.0,226200000.0,392900000.0,0.452,42.573,25.013,25.04,852600000.0,0.0,37.935,2.511,2.515,601000000.0,2284500000.0,1764800000.0,1764800000.0,0.0,,,,,0.0,869200000.0,1.0,470792666.0,471560000,476610000.0,3.742,3503000000.0,0.0,73900000.0,457000000.0,7.429,656500000.0
63,AVP,MRQ,2003-12-31,2003-12-31,2003-12-31,2021-09-13,-729400000.0,3581600000.0,,2226100000.0,1355500000.0,,0.787,-58900000.0,694000000.0,694000000.0,830400000.0,261300000.0,1.385,8.646,1121800000.0,244100000.0,877700000.0,1121800000.0,0.0,31800000.0,0.0,0.012,0.105,382900000.0,414700000.0,0.2,414700000.0,382900000.0,376600000.0,0.555,0.545,0.555,371300000.0,,371300000.0,16727708992.0,16.0,14.667,461400000.0,0.977,1.0,1247900000.0,0.6,0.0,6300000.0,2402400000.0,,653400000.0,0.0,0.0,0.0,3210300000.0,1607000000.0,1603300000.0,15961908992.0,309400000.0,-20400000.0,-96600000.0,-15800000.0,-50500000.0,-162900000.0,-58900000.0,800000.0,520300000.0,10900000.0,261300000.0,261300000.0,261300000.0,0.0,0.0,0.126,865500000.0,382400000.0,400100000.0,0.189,42.989,24.01,23.933,855600000.0,0.0,33.745,2.332,2.322,553200000.0,2202400000.0,2078300000.0,2078300000.0,0.0,,,,,0.0,859500000.0,1.0,473015528.0,472040000,477220000.0,4.403,3581600000.0,0.0,115300000.0,531300000.0,7.587,619100000.0
64,AVP,MRQ,2003-09-30,2003-09-30,2003-09-30,2021-09-13,-768900000.0,3362700000.0,,2036500000.0,1326200000.0,,0.396,-38300000.0,384600000.0,384600000.0,606600000.0,133100000.0,1.491,16.992,1150400000.0,55500000.0,1094900000.0,1150400000.0,0.0,31300000.0,0.0,0.013,0.105,201100000.0,232400000.0,0.143,232400000.0,201100000.0,194600000.0,0.28,0.28,0.28,186900000.0,,186900000.0,16117531807.0,17.0,15.098,72100000.0,0.153,1.0,1014100000.0,0.626,0.0,6500000.0,2762800000.0,,746300000.0,0.0,0.0,0.0,3175800000.0,1365700000.0,1810100000.0,15249831807.0,-376200000.0,0.0,22900000.0,-406900000.0,-50000000.0,-434000000.0,-49000000.0,-10100000.0,110400000.0,-3600000.0,133100000.0,133100000.0,133100000.0,0.0,0.0,0.082,814100000.0,200000000.0,390500000.0,0.375,81.594,25.566,25.518,811900000.0,0.0,32.28,2.319,2.318,585400000.0,1990600000.0,1620700000.0,1620700000.0,0.0,,,,,0.0,803100000.0,1.0,472423538.0,472300000,479220000.0,3.432,3362700000.0,0.0,61500000.0,477900000.0,7.12,670800000.0
65,AVP,MRQ,2003-06-30,2003-06-30,2003-06-30,2021-09-13,-761500000.0,3597700000.0,,2270500000.0,1327200000.0,,0.085,-27700000.0,760800000.0,760800000.0,619700000.0,171500000.0,1.299,88.942,1628500000.0,509900000.0,1118600000.0,1628500000.0,0.0,30100000.0,0.0,0.013,0.105,270200000.0,300300000.0,0.182,300300000.0,270200000.0,259600000.0,0.37,0.36,0.37,40000000.0,,40000000.0,15524970198.0,17.0,15.18,126300000.0,0.269,1.0,1028500000.0,0.624,0.0,10600000.0,2717200000.0,,678700000.0,0.0,0.0,0.0,3557700000.0,1748200000.0,1809500000.0,14605970198.0,308100000.0,0.0,-5100000.0,245500000.0,-49300000.0,191100000.0,-46400000.0,0.0,154000000.0,9400000.0,171500000.0,171500000.0,171500000.0,0.0,0.0,0.104,758500000.0,270000000.0,367900000.0,0.284,365.149,26.379,26.468,795500000.0,0.0,31.1,2.275,2.276,543800000.0,1907100000.0,1648200000.0,1648200000.0,0.0,,,,,0.0,748700000.0,1.0,469645344.0,469800000,488580000.0,3.508,3597700000.0,0.0,88100000.0,468700000.0,7.658,522300000.0
66,AVP,MRQ,2003-03-31,2003-03-31,2003-03-31,2021-09-13,-798200000.0,3223000000.0,,1955600000.0,1267400000.0,,-0.241,-23600000.0,452700000.0,452700000.0,574200000.0,98900000.0,1.036,-29.472,1371700000.0,606800000.0,764900000.0,1371700000.0,0.0,30300000.0,0.0,0.014,0.105,162800000.0,193100000.0,0.13,193100000.0,162800000.0,152900000.0,0.21,0.21,0.21,-113200000.0,,-113200000.0,14191255132.0,16.0,14.115,-63000000.0,-0.134,1.0,907200000.0,0.612,0.0,9900000.0,2254600000.0,,690000000.0,0.0,0.0,0.0,3336200000.0,1887400000.0,1448800000.0,13425855132.0,-154100000.0,0.0,-34900000.0,-3200000.0,-51600000.0,-89700000.0,-24100000.0,-200000.0,-39400000.0,-900000.0,98900000.0,98900000.0,98900000.0,0.0,0.0,0.067,745400000.0,161800000.0,385600000.0,0.5,-118.603,24.992,25.132,762800000.0,0.0,28.525,2.132,2.13,530400000.0,1785100000.0,1481400000.0,1481400000.0,0.0,,,,,0.0,743600000.0,1.0,470669768.0,470180000,487640000.0,3.151,3223000000.0,0.0,54000000.0,504200000.0,6.855,68200000.0
67,AVP,MRQ,2002-12-31,2002-12-31,2002-12-31,2021-09-13,-791400000.0,3327500000.0,,2048200000.0,1279300000.0,,-0.271,-53000000.0,606800000.0,606800000.0,741900000.0,193000000.0,1.037,-27.057,1372200000.0,605200000.0,767000000.0,1372200000.0,0.0,32400000.0,0.0,0.015,0.1,309300000.0,341700000.0,0.187,341700000.0,309300000.0,297800000.0,0.405,0.4,0.405,-127700000.0,,-127700000.0,13696518929.0,16.0,13.646,332600000.0,0.707,1.0,1084000000.0,0.594,0.0,11500000.0,2117400000.0,,614700000.0,0.0,0.0,0.0,3455200000.0,1975500000.0,1479700000.0,12671818929.0,260600000.0,-10200000.0,-23800000.0,-6000000.0,-47100000.0,-76900000.0,-53200000.0,9700000.0,385600000.0,5100000.0,193000000.0,193000000.0,193000000.0,0.0,0.0,0.106,774700000.0,309300000.0,379900000.0,0.247,-99.231,23.703,23.836,769100000.0,0.0,26.935,2.044,2.051,555400000.0,1735300000.0,1825900000.0,1825900000.0,0.0,,,,,0.0,770200000.0,1.0,470459214.0,470440000,488900000.0,3.881,3327500000.0,0.0,104800000.0,513500000.0,7.073,72700000.0
68,AVP,MRQ,2002-09-30,2002-09-30,2002-09-30,2021-09-13,-589800000.0,3187400000.0,,1825500000.0,1361900000.0,,-0.132,-25800000.0,346200000.0,346200000.0,566800000.0,90300000.0,1.357,-51.998,1370900000.0,70600000.0,1300300000.0,1370900000.0,0.0,31700000.0,0.0,0.017,0.1,155900000.0,187600000.0,0.128,187600000.0,155900000.0,141700000.0,0.19,0.19,0.19,-62500000.0,,-62500000.0,11791803724.0,16.0,13.444,10300000.0,0.022,1.0,896600000.0,0.613,0.0,14200000.0,2866800000.0,,700600000.0,0.0,0.0,0.0,3249900000.0,1345300000.0,1904600000.0,10878703724.0,-83200000.0,0.0,-31100000.0,-8300000.0,-47300000.0,-86700000.0,-26200000.0,-300000.0,36100000.0,-6400000.0,90300000.0,90300000.0,90300000.0,0.0,0.0,0.062,741800000.0,154800000.0,327000000.0,0.526,-174.059,24.068,24.01,734200000.0,0.0,23.05,1.775,1.778,512400000.0,1589300000.0,1463400000.0,1463400000.0,0.0,,,,,0.0,707600000.0,1.0,471961116.0,472680000,491620000.0,3.096,3187400000.0,0.0,51400000.0,487100000.0,6.743,480200000.0
69,AVP,MRQ,2002-06-30,2002-06-30,2002-06-30,2021-09-13,-554400000.0,3127900000.0,,1836500000.0,1291400000.0,,-0.084,-23000000.0,429400000.0,429400000.0,588600000.0,155000000.0,1.404,-79.788,1342500000.0,79300000.0,1263200000.0,1342500000.0,0.0,31100000.0,0.0,0.015,0.1,251900000.0,283000000.0,0.185,283000000.0,251900000.0,239000000.0,0.33,0.32,0.33,-39700000.0,,-39700000.0,13312926803.0,17.0,14.646,183000000.0,0.387,1.0,938600000.0,0.615,0.0,12900000.0,2732800000.0,,668900000.0,0.0,0.0,0.0,3167600000.0,1308200000.0,1859400000.0,12352026803.0,76700000.0,0.0,-35300000.0,-8000000.0,-47300000.0,-90600000.0,-33200000.0,-10800000.0,206000000.0,-5600000.0,155000000.0,155000000.0,155000000.0,0.0,0.0,0.101,687900000.0,250700000.0,322400000.0,0.303,-311.134,25.933,25.734,748900000.0,0.0,26.12,2.029,2.029,492100000.0,1546200000.0,1527200000.0,1527200000.0,0.0,,,,,0.0,696200000.0,1.0,472895360.0,472860000,492560000.0,3.23,3127900000.0,0.0,84000000.0,504600000.0,6.615,528300000.0
70,AVP,MRQ,2002-03-31,2002-03-31,2002-03-31,2021-09-13,-518400000.0,3052900000.0,,1794200000.0,1258700000.0,,-0.166,-14400000.0,352700000.0,352700000.0,540900000.0,96300000.0,1.345,-39.841,1313600000.0,85500000.0,1228100000.0,1313600000.0,0.0,29600000.0,0.0,0.014,0.1,161800000.0,191400000.0,0.138,191400000.0,161800000.0,148400000.0,0.205,0.2,0.205,-78600000.0,,-78600000.0,13680948775.0,18.0,15.474,-76700000.0,-0.162,1.0,842700000.0,0.609,0.0,13400000.0,2679500000.0,,672500000.0,0.0,0.0,0.0,3131500000.0,1334300000.0,1797200000.0,12864348775.0,-155800000.0,0.0,-23700000.0,-4400000.0,-49500000.0,-77600000.0,-10400000.0,4800000.0,-62300000.0,-5400000.0,96300000.0,96300000.0,96300000.0,0.0,0.0,0.07,684100000.0,158600000.0,349600000.0,0.488,-163.669,28.015,27.856,751500000.0,0.0,27.16,2.134,2.133,506500000.0,1438500000.0,1383600000.0,1383600000.0,0.0,,,,,0.0,690100000.0,1.0,473650544.0,473400000,492600000.0,2.923,3052900000.0,0.0,52100000.0,510700000.0,6.449,459900000.0
71,AVP,MRQ,2001-12-31,2001-12-31,2001-12-31,2021-09-13,-489500000.0,3181000000.0,,1885100000.0,1295900000.0,,-0.159,-53100000.0,508500000.0,508500000.0,781300000.0,110400000.0,1.294,-43.357,1325100000.0,88800000.0,1236300000.0,1325100000.0,0.0,27800000.0,0.0,0.016,0.095,187300000.0,215100000.0,0.123,215100000.0,187300000.0,170900000.0,0.235,0.23,0.235,-75100000.0,,-75100000.0,12130514526.0,16.0,14.024,346000000.0,0.732,1.0,973400000.0,0.555,0.0,16400000.0,2540600000.0,,612500000.0,0.0,0.0,0.0,3256100000.0,1457000000.0,1799100000.0,10984914526.0,323400000.0,-5000000.0,11800000.0,12800000.0,-45000000.0,-20400000.0,-44900000.0,7400000.0,399100000.0,-10400000.0,110400000.0,110400000.0,110400000.0,0.0,0.0,0.063,787400000.0,186000000.0,404100000.0,0.404,-146.27,24.707,24.734,771700000.0,0.0,23.25,1.831,1.835,519500000.0,1389400000.0,1754700000.0,1754700000.0,0.0,,,,,0.0,698000000.0,1.0,472469442.0,472820000,491860000.0,3.711,3181000000.0,0.0,60500000.0,503700000.0,6.728,428100000.0
72,AVP,MRQ,2001-09-30,2001-09-30,2001-09-30,2021-09-13,-444400000.0,2957700000.0,,1665100000.0,1292600000.0,,-0.248,-32100000.0,185100000.0,185100000.0,535100000.0,114600000.0,1.276,-26.258,1330700000.0,79600000.0,1251100000.0,1330700000.0,0.0,28200000.0,0.0,0.016,0.095,191300000.0,219500000.0,0.154,219500000.0,191300000.0,175200000.0,0.245,0.24,0.245,-117100000.0,,-117100000.0,12058425760.0,15.0,13.046,82300000.0,0.174,1.0,886300000.0,0.624,0.0,16100000.0,2798500000.0,,728200000.0,0.0,0.0,0.0,3074800000.0,1304800000.0,1770000000.0,10925525760.0,33400000.0,0.0,-12000000.0,5900000.0,-45100000.0,-51200000.0,-32600000.0,0.0,114400000.0,2800000.0,114600000.0,114600000.0,114600000.0,0.0,0.0,0.081,697900000.0,188400000.0,350500000.0,0.388,-93.301,20.97,21.119,761200000.0,0.0,23.125,1.845,1.845,514100000.0,1324000000.0,1421400000.0,1421400000.0,0.0,,,,,0.0,711400000.0,1.0,472455168.0,472455168,,3.009,2957700000.0,0.0,60600000.0,504600000.0,6.26,360300000.0
73,AVP,MRQ,2001-06-30,2001-06-30,2001-06-30,2021-09-13,-422200000.0,2822900000.0,,1547000000.0,1275900000.0,,-0.329,-35800000.0,151700000.0,151700000.0,535700000.0,137900000.0,1.164,-19.072,1284600000.0,145600000.0,1139000000.0,1284600000.0,0.0,26600000.0,0.0,0.016,0.095,231500000.0,258100000.0,0.176,258100000.0,231500000.0,212600000.0,0.29,0.285,0.29,-156200000.0,,-156200000.0,12152325289.0,15.0,13.592,130100000.0,0.274,1.0,931500000.0,0.635,0.0,18900000.0,2626800000.0,,686500000.0,0.0,0.0,0.0,2979100000.0,1329000000.0,1650100000.0,10980425289.0,59200000.0,0.0,-50800000.0,27100000.0,-44800000.0,-68500000.0,-35900000.0,0.0,165900000.0,-2300000.0,137900000.0,137900000.0,137900000.0,0.0,0.0,0.094,702700000.0,228800000.0,348900000.0,0.328,-70.297,22.014,22.144,760800000.0,0.0,23.14,1.878,1.878,477900000.0,1254200000.0,1467200000.0,1467200000.0,0.0,,,,,0.0,695400000.0,1.0,474521404.0,474521404,,3.092,2822900000.0,0.0,74700000.0,513500000.0,5.949,218000000.0
74,AVP,MRQ,2001-03-31,2001-03-31,2001-03-31,2021-09-13,-420100000.0,2746700000.0,,1464100000.0,1282600000.0,,-0.502,-26100000.0,92500000.0,92500000.0,512500000.0,81700000.0,1.136,-12.492,1264400000.0,120000000.0,1144400000.0,1264400000.0,0.0,26400000.0,0.0,0.019,0.095,145900000.0,172300000.0,0.127,172300000.0,145900000.0,126200000.0,0.17,0.17,0.17,-239000000.0,,-239000000.0,10605601610.0,14.0,12.162,42000000.0,0.088,1.0,844500000.0,0.622,0.0,19700000.0,2629500000.0,,662900000.0,0.0,0.0,0.0,2985700000.0,1289100000.0,1696600000.0,9514701610.0,-30200000.0,0.0,-32800000.0,17900000.0,-47000000.0,-61900000.0,-31300000.0,0.0,68100000.0,-5100000.0,81700000.0,81700000.0,81700000.0,0.0,0.0,0.06,700300000.0,144200000.0,362200000.0,0.559,-39.81,19.565,19.603,758400000.0,0.0,19.995,1.647,1.647,490100000.0,1161200000.0,1357000000.0,1357000000.0,0.0,,,,,0.0,698700000.0,1.0,475854044.0,475854044,,2.852,2746700000.0,0.0,44500000.0,491300000.0,5.772,175000000.0
75,AVP,MRQ,2000-12-31,2000-12-31,2000-12-31,2021-09-13,-399100000.0,2811300000.0,,1545700000.0,1265600000.0,,-0.486,-65700000.0,122700000.0,122700000.0,684300000.0,186800000.0,1.137,-13.175,1213600000.0,105400000.0,1108200000.0,1213600000.0,0.0,27600000.0,0.0,0.015,0.092,246800000.0,274400000.0,0.164,274400000.0,246800000.0,227200000.0,0.39,0.385,0.39,-230900000.0,,-230900000.0,12594996869.0,16.0,14.613,258100000.0,0.543,1.0,992600000.0,0.592,0.0,19600000.0,2542900000.0,,610600000.0,0.0,0.0,0.0,3042200000.0,1359300000.0,1682900000.0,11391396869.0,28700000.0,-1400000.0,-900000.0,-87400000.0,-44600000.0,-234300000.0,-64900000.0,1000000.0,323800000.0,4100000.0,186800000.0,186800000.0,186800000.0,0.0,0.0,0.111,739200000.0,253400000.0,391300000.0,0.236,-49.335,23.777,23.821,765700000.0,0.0,23.94,1.991,1.989,499000000.0,1124700000.0,1676900000.0,1676900000.0,0.0,,,,,0.0,736500000.0,1.0,475831114.0,475340000,,3.528,2811300000.0,95200000.0,40400000.0,504000000.0,5.914,186400000.0
76,AVP,MRQ,2000-09-30,2000-09-30,2000-09-30,2021-09-13,-395500000.0,2714500000.0,,1505000000.0,1209500000.0,,-0.715,-49300000.0,94000000.0,94000000.0,502300000.0,92400000.0,1.049,-8.998,1297600000.0,193000000.0,1104600000.0,1297600000.0,0.0,23300000.0,0.0,0.018,0.092,166000000.0,189300000.0,0.141,189300000.0,166000000.0,143600000.0,0.195,0.19,0.195,-339400000.0,,-339400000.0,10840096888.0,15.0,13.04,-14200000.0,-0.03,1.0,843200000.0,0.627,0.0,22400000.0,2483400000.0,,712300000.0,0.0,0.0,0.0,3053900000.0,1434700000.0,1619200000.0,9705796888.0,18100000.0,0.0,2800000.0,81700000.0,-43900000.0,40600000.0,-49400000.0,0.0,35100000.0,-8200000.0,92400000.0,92400000.0,92400000.0,0.0,0.0,0.069,678400000.0,164800000.0,364800000.0,0.472,-28.597,22.923,23.227,738800000.0,0.0,20.44,1.722,1.722,484800000.0,971200000.0,1345500000.0,1345500000.0,0.0,,,,,0.0,674400000.0,1.0,474843292.0,474843292,,2.834,2714500000.0,0.0,51200000.0,414600000.0,5.717,70300000.0
77,AVP,MRQ,2000-06-30,2000-06-30,2000-06-30,2021-09-13,-373300000.0,2576900000.0,,1393900000.0,1183000000.0,,-0.783,-43600000.0,75900000.0,75900000.0,511900000.0,125400000.0,1.047,-7.935,1210200000.0,117400000.0,1092800000.0,1210200000.0,0.0,18300000.0,0.0,0.016,0.092,217700000.0,236000000.0,0.169,236000000.0,217700000.0,194900000.0,0.265,0.26,0.265,-371600000.0,,-371600000.0,11678493818.0,16.0,14.438,70100000.0,0.148,1.0,884500000.0,0.633,0.0,22800000.0,2380100000.0,,660200000.0,0.0,0.0,0.0,2948500000.0,1331100000.0,1617400000.0,10565293818.0,-16400000.0,0.0,-14900000.0,-24700000.0,-43900000.0,-83500000.0,-44000000.0,0.0,113700000.0,-2600000.0,125400000.0,125400000.0,125400000.0,0.0,0.0,0.09,667900000.0,216600000.0,350900000.0,0.347,-28.432,25.209,26.023,728400000.0,0.0,22.25,1.903,1.903,455700000.0,922700000.0,1396400000.0,1396400000.0,0.0,,,,,0.0,663300000.0,1.0,474844666.0,474844666,,2.941,2576900000.0,0.0,69500000.0,414700000.0,5.427,62800000.0
78,AVP,MRQ,2000-03-31,2000-03-31,2000-03-31,2021-09-13,-352300000.0,2544700000.0,,1372900000.0,1171800000.0,,-0.882,-27700000.0,92300000.0,92300000.0,501400000.0,63800000.0,0.788,-7.07,1205500000.0,504300000.0,701200000.0,1205500000.0,0.0,26700000.0,0.0,0.025,0.092,122800000.0,149500000.0,0.114,149500000.0,122800000.0,102900000.0,0.135,0.135,0.135,-419200000.0,,-419200000.0,7837289560.0,11.0,9.953,-177400000.0,-0.373,1.0,815300000.0,0.619,0.0,19900000.0,1915600000.0,,622400000.0,0.0,0.0,0.0,2963900000.0,1742300000.0,1221600000.0,6947289560.0,-25100000.0,0.0,-16700000.0,220700000.0,-45800000.0,158200000.0,-28400000.0,0.0,-149700000.0,-5200000.0,63800000.0,63800000.0,63800000.0,0.0,0.0,0.048,687600000.0,127700000.0,358100000.0,0.681,-16.573,16.813,17.835,726600000.0,0.0,14.625,1.281,1.281,456300000.0,841300000.0,1316700000.0,1316700000.0,0.0,,,,,0.0,677400000.0,1.0,475028346.0,475028346,,2.772,2544700000.0,0.0,39100000.0,414000000.0,5.357,-369400000.0
79,AVP,MRQ,1999-12-31,1999-12-31,1999-12-31,2021-09-13,-349700000.0,2512800000.0,,1337800000.0,1175000000.0,,-0.871,-74600000.0,117400000.0,117400000.0,606600000.0,141800000.0,0.781,-6.956,1007400000.0,306000000.0,701400000.0,1007400000.0,0.0,21900000.0,0.0,0.022,0.09,234600000.0,256500000.0,0.163,256500000.0,234600000.0,219100000.0,0.285,0.275,0.285,-421900000.0,,-421900000.0,8495146190.0,16.0,14.014,287700000.0,0.594,1.0,971400000.0,0.616,0.0,15500000.0,1690000000.0,,523500000.0,0.0,0.0,0.0,2934700000.0,1712800000.0,1221900000.0,7996046190.0,16100000.0,-16500000.0,-617900000.0,399800000.0,-43600000.0,-261700000.0,-74700000.0,0.0,362300000.0,-9800000.0,141800000.0,141800000.0,141800000.0,0.0,0.0,0.09,737800000.0,233600000.0,435900000.0,0.316,-18.952,27.9,29.464,732100000.0,0.0,16.5,1.501,1.501,495600000.0,821400000.0,1578000000.0,1578000000.0,0.0,,,,,0.0,722500000.0,1.0,484608860.0,484608860,,3.256,2512800000.0,0.0,77300000.0,430200000.0,5.185,-375000000.0
80,AVP,MRQ,1999-09-30,1999-09-30,1999-09-30,2021-09-13,-346300000.0,2510600000.0,,1398300000.0,1112300000.0,,0.087,-50000000.0,101300000.0,101300000.0,465000000.0,88100000.0,0.847,54.544,600400000.0,395700000.0,204700000.0,600400000.0,0.0,21300000.0,0.0,0.029,0.09,145600000.0,166900000.0,0.132,166900000.0,145600000.0,135800000.0,0.17,0.17,0.17,45200000.0,,45200000.0,6913462669.0,13.0,11.302,25700000.0,0.049,1.0,794700000.0,0.631,0.0,9800000.0,1359000000.0,,577500000.0,0.0,0.0,0.0,2465400000.0,1650700000.0,814700000.0,6470262669.0,27500000.0,0.0,-54700000.0,107300000.0,-47000000.0,5600000.0,-51100000.0,0.0,75700000.0,-2700000.0,88100000.0,88100000.0,88100000.0,0.0,0.0,0.07,651200000.0,143500000.0,342300000.0,0.529,143.147,22.098,21.956,696300000.0,0.0,12.405,1.219,1.219,500500000.0,722800000.0,1259700000.0,1259700000.0,0.0,,,,,0.0,648600000.0,1.0,521585060.0,521585060,,2.415,2510600000.0,0.0,47700000.0,410700000.0,4.813,-252400000.0
81,AVP,MRQ,1999-06-30,1999-06-30,1999-06-30,2021-09-13,-341500000.0,2357200000.0,,1282600000.0,1074600000.0,,0.203,-43300000.0,73800000.0,73800000.0,451700000.0,119500000.0,0.891,21.133,517000000.0,312500000.0,204500000.0,517000000.0,0.0,19500000.0,0.0,0.013,0.09,195000000.0,214500000.0,0.169,214500000.0,195000000.0,186100000.0,0.23,0.225,0.23,106500000.0,,106500000.0,14889513218.0,32.0,27.096,40500000.0,0.077,1.0,815500000.0,0.644,0.0,8900000.0,1361200000.0,,535400000.0,0.0,0.0,0.0,2250700000.0,1439200000.0,811500000.0,14532513218.0,-65100000.0,0.0,-65200000.0,11300000.0,-47100000.0,-101000000.0,-46500000.0,0.0,83800000.0,-1400000.0,119500000.0,119500000.0,119500000.0,0.0,0.0,0.094,623500000.0,192000000.0,286100000.0,0.391,136.456,59.027,59.043,662800000.0,0.0,27.75,2.747,2.747,471400000.0,681600000.0,1267200000.0,1267200000.0,0.0,,,,,0.0,622800000.0,1.0,523694170.0,523694170,,2.42,2357200000.0,0.0,66600000.0,413800000.0,4.501,-156600000.0
82,AVP,MRQ,1999-03-31,1999-03-31,1999-03-31,2021-09-13,-342900000.0,2388700000.0,,1337900000.0,1050800000.0,,0.181,-20600000.0,138900000.0,138900000.0,508200000.0,-62900000.0,0.904,24.251,495900000.0,291800000.0,204100000.0,495900000.0,0.0,20000000.0,0.0,0.015,0.09,-51800000.0,-31800000.0,-0.026,-31800000.0,-51800000.0,-60800000.0,-0.12,-0.12,-0.12,94600000.0,,94600000.0,12475779131.0,27.0,23.271,-96900000.0,-0.185,1.0,714800000.0,0.584,0.0,9000000.0,1265400000.0,,523600000.0,0.0,0.0,0.0,2294100000.0,1480300000.0,813800000.0,12325079131.0,33300000.0,0.0,-38900000.0,245900000.0,-48600000.0,158400000.0,-32700000.0,0.0,-76300000.0,-16100000.0,-62900000.0,-62900000.0,-62900000.0,0.0,0.0,-0.051,771600000.0,-56800000.0,333800000.0,-0.75,130.286,51.764,51.714,646300000.0,0.0,23.53,2.335,2.335,479200000.0,609100000.0,1223000000.0,1223000000.0,0.0,,,,,0.0,650900000.0,1.0,523802768.0,523802768,,2.335,2388700000.0,0.0,2100000.0,397400000.0,4.56,-142400000.0
83,AVP,MRQ,1998-12-31,1998-12-31,1998-12-31,2021-09-13,-301300000.0,2433500000.0,,1341400000.0,1092100000.0,,0.543,-80000000.0,105600000.0,105600000.0,606100000.0,148100000.0,1.009,7.536,256300000.0,55300000.0,201000000.0,256300000.0,0.0,20800000.0,0.0,0.015,0.085,241300000.0,262100000.0,0.168,262100000.0,241300000.0,232200000.0,0.285,0.28,0.285,285100000.0,,285100000.0,12023136783.0,24.0,21.186,258000000.0,0.491,1.0,951500000.0,0.611,0.0,9100000.0,1254700000.0,,538400000.0,0.0,0.0,0.0,2148400000.0,1329500000.0,818900000.0,11624736783.0,8400000.0,1400000.0,-26300000.0,-239600000.0,-44900000.0,-252700000.0,-78000000.0,0.0,338000000.0,1100000.0,148100000.0,148100000.0,148100000.0,0.0,0.0,0.095,714400000.0,237100000.0,416900000.0,0.298,40.774,43.055,42.961,669900000.0,0.0,22.125,2.215,2.215,492600000.0,719100000.0,1557600000.0,1557600000.0,0.0,,,,,0.0,718500000.0,1.0,525411832.0,525411832,,2.965,2433500000.0,0.0,84100000.0,424100000.0,4.632,11900000.0
84,AVP,MRQ,1998-09-30,1998-09-30,1998-09-30,2021-09-13,-289200000.0,2464500000.0,,1471400000.0,993100000.0,,0.387,-35700000.0,97200000.0,97200000.0,478200000.0,41500000.0,0.972,11.099,495600000.0,294500000.0,201100000.0,495600000.0,0.0,17200000.0,0.0,0.024,0.085,87500000.0,104700000.0,0.084,104700000.0,87500000.0,78200000.0,0.075,0.08,0.075,203700000.0,,203700000.0,7741880731.0,16.0,14.25,16800000.0,0.032,1.0,763700000.0,0.615,0.0,9300000.0,1348900000.0,,641400000.0,0.0,0.0,0.0,2260800000.0,1514000000.0,746800000.0,7390380731.0,9200000.0,0.0,-21100000.0,56200000.0,-44700000.0,-9600000.0,-35900000.0,0.0,52500000.0,2200000.0,41500000.0,41500000.0,41500000.0,0.0,0.0,0.033,681200000.0,82500000.0,357700000.0,1.133,36.281,28.914,28.928,624100000.0,0.0,14.03,1.419,1.419,503800000.0,615600000.0,1241900000.0,1241900000.0,0.0,,,,,0.0,636700000.0,1.0,526755576.0,526755576,,2.358,2464500000.0,0.0,36700000.0,395200000.0,4.679,-42600000.0
85,AVP,MRQ,1998-06-30,1998-06-30,1998-06-30,2021-09-13,-288000000.0,2329700000.0,,1362900000.0,966800000.0,,0.431,-42600000.0,88000000.0,88000000.0,465600000.0,111400000.0,0.998,9.258,439500000.0,238200000.0,201300000.0,439500000.0,0.0,17500000.0,0.0,0.017,0.085,183600000.0,201100000.0,0.16,201100000.0,183600000.0,175300000.0,0.215,0.21,0.215,227100000.0,,227100000.0,10519957371.0,21.0,18.277,26200000.0,0.05,1.0,790400000.0,0.629,0.0,8300000.0,1315400000.0,,588300000.0,0.0,0.0,0.0,2102600000.0,1365800000.0,736800000.0,10201957371.0,3200000.0,0.0,-19800000.0,38000000.0,-44700000.0,-26500000.0,-42800000.0,0.0,68800000.0,3700000.0,111400000.0,111400000.0,111400000.0,0.0,0.0,0.089,614400000.0,176000000.0,341300000.0,0.395,44.923,36.088,35.985,603100000.0,0.0,19.36,1.956,1.956,468100000.0,651700000.0,1256000000.0,1256000000.0,0.0,,,,,0.0,613400000.0,1.0,526960608.0,526960608,,2.383,2329700000.0,0.0,63900000.0,391300000.0,4.421,-2900000.0
86,AVP,MRQ,1998-03-31,1998-03-31,1998-03-31,2021-09-13,-274200000.0,2307600000.0,,1371700000.0,935900000.0,,0.362,-25400000.0,84800000.0,84800000.0,503100000.0,-31000000.0,0.991,11.082,402800000.0,201100000.0,201700000.0,402800000.0,0.0,16500000.0,0.0,0.016,0.085,-16900000.0,-400000.0,0.0,-400000.0,-16900000.0,-24900000.0,-0.06,-0.06,-0.06,191000000.0,,191000000.0,10372361172.0,22.0,18.743,-160300000.0,-0.304,1.0,689100000.0,0.578,0.0,8000000.0,1241800000.0,,598500000.0,0.0,0.0,0.0,2116600000.0,1383800000.0,732800000.0,10279961172.0,-57100000.0,0.0,-16600000.0,168600000.0,-46300000.0,105700000.0,-25600000.0,0.0,-134900000.0,-2300000.0,-31000000.0,-31000000.0,-31000000.0,0.0,0.0,-0.026,710000000.0,-20900000.0,382000000.0,-1.417,53.822,38.574,38.845,604400000.0,0.0,19.5,1.983,1.983,478000000.0,585100000.0,1192200000.0,1192200000.0,0.0,,,,,0.0,636400000.0,1.0,527177496.0,527177496,,2.261,2307600000.0,0.0,6100000.0,375500000.0,4.377,-12100000.0
87,AVP,MRQ,1997-12-31,1997-12-31,1997-12-31,2021-09-13,-270300000.0,2272900000.0,,1344000000.0,928900000.0,,0.54,-57900000.0,141900000.0,141900000.0,616100000.0,133700000.0,0.991,6.975,234300000.0,132100000.0,102200000.0,234300000.0,0.0,21300000.0,0.0,0.021,0.079,216600000.0,237900000.0,0.157,237900000.0,216600000.0,212700000.0,0.255,0.25,0.255,285000000.0,,285000000.0,8477332994.0,15.0,13.157,347900000.0,0.659,1.0,901300000.0,0.594,0.0,3900000.0,1009400000.0,,564800000.0,0.0,0.0,0.0,1987900000.0,1355900000.0,632000000.0,8102632994.0,56200000.0,-9000000.0,-19800000.0,-225800000.0,-41700000.0,-287300000.0,-58300000.0,0.0,405800000.0,-4000000.0,133700000.0,133700000.0,133700000.0,0.0,0.0,0.088,692800000.0,208500000.0,476000000.0,0.31,28.43,23.916,23.977,611000000.0,0.0,15.345,1.595,1.595,444800000.0,660900000.0,1517400000.0,1517400000.0,0.0,,,,,0.0,711100000.0,1.0,528030824.0,528030824,,2.874,2272900000.0,0.0,79000000.0,398800000.0,4.304,-11900000.0
88,AVP,MRQ,1997-09-30,1997-09-30,1997-09-30,2021-09-13,-245700000.0,2406100000.0,,1465100000.0,941000000.0,,0.429,-36400000.0,85700000.0,85700000.0,517200000.0,68600000.0,0.942,9.6,460400000.0,357200000.0,103200000.0,460400000.0,0.0,17300000.0,0.0,0.02,0.079,119700000.0,137000000.0,0.11,137000000.0,119700000.0,108500000.0,0.128,0.13,0.128,227000000.0,,227000000.0,8569965406.0,15.0,13.309,-100000.0,0.0,1.0,732200000.0,0.586,0.0,11200000.0,1225000000.0,,656700000.0,0.0,0.0,0.0,2179100000.0,1555800000.0,623300000.0,8207765406.0,-30700000.0,0.0,-25800000.0,-15700000.0,-41700000.0,-24600000.0,-37000000.0,0.0,36300000.0,-5400000.0,68600000.0,68600000.0,68600000.0,0.0,0.0,0.055,615500000.0,116700000.0,390900000.0,0.617,36.158,24.348,24.487,606700000.0,0.0,15.5,1.624,1.623,499000000.0,568700000.0,1249400000.0,1249400000.0,0.0,,,,,0.0,614700000.0,1.0,529533252.0,529080000,,2.361,2406100000.0,0.0,39900000.0,452500000.0,4.548,-90700000.0
89,AVP,MRQ,1997-06-30,1997-06-30,1997-06-30,2021-09-13,-220200000.0,2341800000.0,,1404400000.0,937400000.0,,0.472,-48300000.0,116400000.0,116400000.0,476100000.0,95200000.0,0.933,8.378,478600000.0,374800000.0,103800000.0,478600000.0,0.0,17200000.0,0.0,0.017,0.079,161700000.0,178900000.0,0.146,178900000.0,161700000.0,150900000.0,0.18,0.177,0.18,249700000.0,,249700000.0,9640043727.0,17.0,15.224,11700000.0,0.022,1.0,748900000.0,0.611,0.0,10800000.0,1199000000.0,,617400000.0,0.0,0.0,0.0,2092100000.0,1505000000.0,587100000.0,9329343727.0,10400000.0,0.0,-20000000.0,62000000.0,-43000000.0,-1000000.0,-45900000.0,0.0,60000000.0,-2700000.0,95200000.0,95200000.0,95200000.0,0.0,0.0,0.078,590700000.0,158200000.0,356100000.0,0.439,37.362,28.185,28.388,600200000.0,0.0,17.657,1.873,1.875,445100000.0,541900000.0,1225000000.0,1225000000.0,0.0,,,,,0.0,591900000.0,1.0,528350204.0,529040000,,2.316,2341800000.0,0.0,55700000.0,460100000.0,4.427,-100600000.0
90,AVP,MRQ,1997-03-31,1997-03-31,1997-03-31,2021-09-13,-220500000.0,2217000000.0,,1328000000.0,889000000.0,,0.398,-23500000.0,106000000.0,106000000.0,441600000.0,41300000.0,0.934,9.492,416700000.0,312900000.0,103800000.0,416700000.0,0.0,16300000.0,0.0,0.023,0.079,74200000.0,90500000.0,0.083,90500000.0,74200000.0,64600000.0,0.077,0.077,0.077,211300000.0,,211300000.0,7001290395.0,13.0,11.32,-210100000.0,-0.395,1.0,646000000.0,0.594,0.0,9600000.0,1105200000.0,,578900000.0,0.0,0.0,0.0,2005700000.0,1422500000.0,583200000.0,6984190395.0,-78500000.0,0.0,-24600000.0,215600000.0,-41900000.0,149100000.0,-33900000.0,0.0,-186600000.0,-7100000.0,41300000.0,41300000.0,41300000.0,0.0,0.0,0.038,575700000.0,70300000.0,359200000.0,1.026,33.053,21.724,21.766,563800000.0,0.0,13.125,1.43,1.437,431900000.0,488200000.0,1087600000.0,1087600000.0,0.0,,,,,0.0,572900000.0,1.0,532128792.0,531520000,,2.046,2217000000.0,0.0,23300000.0,453100000.0,4.171,-94500000.0
91,AVP,MRQ,1996-12-31,1996-12-31,1996-12-31,2021-09-13,-210700000.0,2222400000.0,,1349600000.0,872800000.0,,0.452,-40900000.0,184500000.0,184500000.0,607700000.0,132000000.0,0.97,8.195,201600000.0,97100000.0,104500000.0,201600000.0,0.0,16500000.0,0.0,0.02,0.072,221000000.0,237500000.0,0.159,237500000.0,221000000.0,211900000.0,0.247,,0.247,241700000.0,,241700000.0,,,,409900000.0,0.766,1.0,884400000.0,0.593,0.0,9100000.0,848200000.0,,530000000.0,0.0,0.0,0.0,1980700000.0,1391300000.0,589400000.0,7598799150.0,117100000.0,-6300000.0,500000.0,-252300000.0,-38900000.0,-290700000.0,-40900000.0,0.0,450800000.0,-2100000.0,132000000.0,132000000.0,132000000.0,0.0,0.0,0.088,665900000.0,218500000.0,469300000.0,0.291,31.439,23.903,24.0,566600000.0,0.0,14.28,1.578,1.586,437000000.0,488800000.0,1492100000.0,1492100000.0,0.0,,,,,0.0,663600000.0,1.0,532128792.0,534800000,,2.79,2222400000.0,0.0,79900000.0,477700000.0,4.156,-41700000.0
92,AVP,MRQ,1996-09-30,1996-09-30,1996-09-30,2021-09-13,,,,,,,,-29700000.0,,,474800000.0,62500000.0,,,,,,,,16800000.0,,0.023,0.072,109500000.0,126300000.0,0.107,126300000.0,109500000.0,98600000.0,0.117,,0.117,,,,,,,39100000.0,0.073,1.0,702500000.0,0.597,,10900000.0,,,,,,,,,,,-5500000.0,0.0,-43200000.0,36100000.0,-38500000.0,-45600000.0,-29700000.0,0.0,68800000.0,1000000.0,62500000.0,62500000.0,62500000.0,0.0,0.0,0.053,596000000.0,106500000.0,,0.615,,,,,0.0,12.405,,,,,1177300000.0,1177300000.0,0.0,,,,,0.0,597600000.0,1.0,,532840000,,2.209,,,36100000.0,,,
93,AVP,MRQ,1996-06-30,1996-06-28,1996-06-28,2021-09-13,,,,,,,,-20600000.0,,,437100000.0,85700000.0,,,,,,,,15400000.0,,0.025,0.072,148800000.0,164200000.0,0.145,164200000.0,148800000.0,138400000.0,0.16,,0.16,,,,,,,21200000.0,0.04,1.0,691600000.0,0.613,,10400000.0,,,,,,,,,,,-9200000.0,0.0,-31400000.0,47300000.0,-40400000.0,-24500000.0,-20600000.0,0.0,41800000.0,-5900000.0,85700000.0,85700000.0,85700000.0,0.0,0.0,0.076,546200000.0,145400000.0,,0.45,,,,,0.0,11.156,,,,,1128700000.0,1128700000.0,0.0,,,,,0.0,546000000.0,1.0,,536040000,,2.106,,,52700000.0,,,
94,AVP,MRQ,1996-03-31,1996-03-31,1996-03-31,2021-09-13,,,,,,,,-9100000.0,,,401600000.0,37700000.0,,,,,,,,15800000.0,,0.025,0.072,70000000.0,85800000.0,0.084,85800000.0,70000000.0,60400000.0,0.07,,0.07,,,,,,,-183600000.0,-0.341,1.0,614500000.0,0.605,,9600000.0,,,,,,,,,,,-69300000.0,0.0,-43700000.0,208600000.0,-40300000.0,124600000.0,-15400000.0,0.0,-174500000.0,-4000000.0,37700000.0,37700000.0,37700000.0,0.0,0.0,0.037,549000000.0,65500000.0,,1.029,,,,,0.0,10.938,,,,,1016100000.0,1016100000.0,0.0,,,,,0.0,541000000.0,1.0,,538040000,,1.889,,,22700000.0,,,
95,AVP,MRQ,1995-12-31,1995-12-31,1995-12-31,2021-09-13,-202100000.0,2052800000.0,,1215000000.0,837800000.0,,0.353,,151400000.0,151400000.0,,,0.976,9.653,161500000.0,47300000.0,114200000.0,161500000.0,0.0,,0.0,0.028,0.069,,,,,,,,,,192700000.0,,192700000.0,,,,,,1.0,,,0.0,,817600000.0,,466300000.0,0.0,0.0,0.0,1860100000.0,1245300000.0,614800000.0,,,,,,,,,,,,,,,,,,,,419700000.0,,,,20.048,537800000.0,,9.422,,1.145,402000000.0,325800000.0,,,,,,,,,,1.0,,545920000,,,2052800000.0,0.0,,425300000.0,3.76,-30300000.0
0,AVP,MRT,2019-09-30,2019-09-30,2019-09-30,2021-09-13,-1049700000.0,3070200000.0,3012225000.0,1650300000.0,1419900000.0,1.644,-1.99,-62400000.0,564200000.0,564200000.0,2188900000.0,-23500000.0,1.202,-3.893,1847000000.0,116200000.0,1730800000.0,1847000000.0,0.0,99600000.0,0.0,0.0,0.0,177200000.0,276800000.0,0.056,276800000.0,177200000.0,48700000.0,-0.14,-0.14,-0.14,-882100000.0,-924925000.0,-882100000.0,3269964034.0,18.0,11.813,-21500000.0,-0.048,1.0,2762500000.0,0.558,82500000.0,128500000.0,2897200000.0,2577650000.0,499400000.0,0.0,0.0,0.0,3434300000.0,1373300000.0,2061000000.0,1950664034.0,119200000.0,99900000.0,-1100000.0,46800000.0,0.0,59000000.0,38500000.0,0.0,40900000.0,-19200000.0,-22900000.0,-22900000.0,-22900000.0,29000000.0,-600000.0,-0.005,2607900000.0,154600000.0,642000000.0,0.0,-2.211,-85.182,-31.429,649300000.0,0.0,4.4,0.394,0.394,303000000.0,2270000000.0,4951400000.0,4951400000.0,0.0,-0.008,0.025,0.069,0.036,13200000.0,2687800000.0,1.0,443332735.0,443332735,,11.169,2987700000.0,174200000.0,71600000.0,236000000.0,6.739,277000000.0
1,AVP,MRT,2019-06-30,2019-06-30,2019-06-30,2021-09-13,-1028900000.0,2971200000.0,3013325000.0,1543700000.0,1427500000.0,1.722,-2.176,-75200000.0,421000000.0,421000000.0,2259100000.0,-16300000.0,0.879,-3.55,1740300000.0,398500000.0,1341800000.0,1740300000.0,0.0,101600000.0,0.0,0.0,0.0,220900000.0,322500000.0,0.062,322500000.0,220900000.0,93100000.0,-0.13,-0.13,-0.13,-964500000.0,-907000000.0,-964500000.0,3068497926.0,14.0,9.515,-16000000.0,-0.036,1.0,2928500000.0,0.565,89900000.0,127800000.0,2443900000.0,2542875000.0,515600000.0,0.0,0.0,0.0,3423800000.0,1756700000.0,1667100000.0,1719697926.0,-15300000.0,76500000.0,-1100000.0,-50600000.0,0.0,-64700000.0,1300000.0,0.0,59200000.0,-11100000.0,-15300000.0,-15300000.0,-15300000.0,22700000.0,-1000000.0,-0.003,2720400000.0,208100000.0,682200000.0,0.0,-1.783,-112.399,-29.846,695100000.0,0.0,3.88,0.332,0.332,332800000.0,2169500000.0,5187600000.0,5187600000.0,0.0,-0.005,0.017,0.087,0.043,11500000.0,2764600000.0,1.0,443221115.0,443221115,,11.704,2881300000.0,208200000.0,108400000.0,268600000.0,6.501,-213000000.0
2,AVP,MRT,2019-03-31,2019-03-31,2019-03-31,2021-09-13,-1034400000.0,2997500000.0,3042125000.0,1567500000.0,1430000000.0,1.763,-2.144,-83900000.0,423400000.0,423400000.0,2301300000.0,-34200000.0,0.883,-3.627,1772200000.0,425400000.0,1346800000.0,1772200000.0,0.0,107000000.0,0.0,0.0,0.0,217600000.0,324600000.0,0.061,324600000.0,217600000.0,86000000.0,-0.16,-0.16,-0.16,-948600000.0,-895600000.0,-948600000.0,2361633969.0,11.0,7.276,-37600000.0,-0.085,1.0,3063400000.0,0.571,88600000.0,131600000.0,2482500000.0,2633475000.0,532300000.0,0.0,0.0,0.0,3440700000.0,1775200000.0,1665500000.0,1300733969.0,-341500000.0,46400000.0,-500000.0,-275700000.0,0.0,-289300000.0,-40800000.0,0.0,46300000.0,-57700000.0,-31900000.0,-31900000.0,-31900000.0,9500000.0,-2300000.0,-0.006,2859000000.0,204400000.0,706000000.0,0.0,-1.371,-40.775,-18.375,723500000.0,0.0,2.94,0.242,0.242,340900000.0,2195400000.0,5364700000.0,5364700000.0,0.0,-0.01,0.036,0.083,0.041,9500000.0,2877000000.0,1.0,442426520.0,442426520,,12.126,2908900000.0,204200000.0,117900000.0,240400000.0,6.575,-207700000.0
3,AVP,MRT,2018-12-31,2018-12-31,2018-12-31,2021-09-13,-1030400000.0,3010000000.0,3202850000.0,1762000000.0,1248000000.0,1.739,-2.047,-90100000.0,532700000.0,532700000.0,2364000000.0,-21800000.0,1.177,-3.775,1593600000.0,12000000.0,1581600000.0,1593600000.0,0.0,107700000.0,0.0,0.0,0.0,245000000.0,352700000.0,0.063,352700000.0,245000000.0,110400000.0,-0.1,-0.1,-0.1,-904500000.0,-847525000.0,-904500000.0,1866887433.0,8.0,5.293,2600000.0,0.006,1.0,3207300000.0,0.576,87400000.0,134600000.0,2487000000.0,2742000000.0,542000000.0,0.0,0.0,0.0,3414700000.0,1496500000.0,1918200000.0,672387433.0,-345100000.0,0.0,-3200000.0,-299800000.0,0.0,-306900000.0,-93400000.0,0.0,92700000.0,-37500000.0,-19500000.0,-19500000.0,-19500000.0,0.0,-2300000.0,-0.004,2979200000.0,228100000.0,816500000.0,0.0,-0.743,-34.481,-15.2,557600000.0,0.0,1.52,0.121,0.121,349700000.0,2234300000.0,5571300000.0,5571300000.0,0.0,-0.006,0.023,0.089,0.044,13800000.0,2972100000.0,1.0,442360153.0,441900000,441900000.0,12.608,2922600000.0,212600000.0,129900000.0,256000000.0,6.614,265500000.0
4,AVP,MRT,2018-09-30,2018-09-30,2018-09-30,2021-09-13,-1015900000.0,3074600000.0,3374825000.0,1773300000.0,1301300000.0,1.7,-1.832,-96700000.0,452600000.0,452600000.0,2269000000.0,146100000.0,1.25,-4.185,1647100000.0,16300000.0,1630800000.0,1647100000.0,0.0,109800000.0,0.0,0.0,0.0,424100000.0,533900000.0,0.093,533900000.0,424100000.0,287300000.0,0.26,0.26,0.26,-810400000.0,-802650000.0,-810400000.0,2171558718.0,5.0,4.067,70100000.0,0.158,1.0,3469400000.0,0.605,92800000.0,136800000.0,2758100000.0,2885000000.0,682200000.0,0.0,0.0,0.0,3391600000.0,1418200000.0,1973400000.0,973158718.0,-211200000.0,0.0,-3700000.0,-234800000.0,0.0,-245300000.0,-100100000.0,0.0,166800000.0,-32600000.0,149600000.0,149600000.0,149600000.0,0.0,-3500000.0,0.026,3061500000.0,407900000.0,764800000.0,0.0,-1.201,6.505,8.462,624000000.0,0.0,2.2,0.17,0.17,374300000.0,2318400000.0,5738400000.0,5738400000.0,0.0,0.044,-0.186,0.147,0.074,11700000.0,3053100000.0,1.0,442344872.0,442344872,,12.973,2981800000.0,0.0,137700000.0,273100000.0,6.741,355100000.0
5,AVP,MRT,2018-06-30,2018-06-30,2018-06-30,2021-09-13,-1014400000.0,3086400000.0,3485325000.0,1783400000.0,1303000000.0,1.645,-2.08,-97700000.0,443900000.0,443900000.0,2280600000.0,44200000.0,1.289,-3.828,1642300000.0,12000000.0,1630300000.0,1642300000.0,0.0,112700000.0,0.0,0.0,0.0,293400000.0,406100000.0,0.071,406100000.0,293400000.0,153100000.0,0.07,0.07,0.07,-918900000.0,-805175000.0,-918900000.0,1843422110.0,6.0,4.539,53400000.0,0.121,1.0,3451400000.0,0.602,94900000.0,140300000.0,2806300000.0,2988875000.0,662200000.0,0.0,0.0,0.0,3517100000.0,1383600000.0,2133500000.0,715522110.0,-189900000.0,22000000.0,-4000000.0,-234700000.0,0.0,-239300000.0,-79100000.0,0.0,151100000.0,-22600000.0,47600000.0,47600000.0,47600000.0,0.0,-3400000.0,0.008,3173200000.0,278200000.0,729500000.0,0.0,-0.779,15.032,23.143,634200000.0,0.0,1.62,0.125,0.125,386400000.0,2210000000.0,5732000000.0,5732000000.0,0.0,0.014,-0.059,0.098,0.051,15500000.0,3134700000.0,1.0,441680315.0,441680315,,12.978,2991500000.0,0.0,105500000.0,420700000.0,6.773,399800000.0
6,AVP,MRT,2018-03-31,2018-03-31,2018-03-31,2021-09-13,-891000000.0,3640400000.0,3580600000.0,2149500000.0,1490900000.0,1.613,-1.717,-96100000.0,772500000.0,772500000.0,2265900000.0,35400000.0,1.228,-5.174,1900400000.0,270800000.0,1629600000.0,1900400000.0,0.0,114300000.0,0.0,0.0,0.0,282500000.0,396800000.0,0.069,396800000.0,282500000.0,140600000.0,0.04,0.04,0.04,-756300000.0,-788725000.0,-756300000.0,2267061777.0,8.0,5.713,153900000.0,0.349,1.0,3510100000.0,0.608,100900000.0,141900000.0,2916600000.0,3071900000.0,697000000.0,0.0,0.0,0.0,3913200000.0,1750800000.0,2162400000.0,1250661777.0,212500000.0,22000000.0,-3700000.0,10100000.0,0.0,5700000.0,-74300000.0,0.0,250000000.0,31100000.0,38200000.0,38200000.0,38200000.0,0.0,-2800000.0,0.007,3244700000.0,265400000.0,803000000.0,0.0,-1.654,32.74,71.0,702700000.0,0.0,2.84,0.217,0.217,429000000.0,2252500000.0,5776000000.0,5776000000.0,0.0,0.011,-0.048,0.092,0.049,18300000.0,3213700000.0,1.0,440373865.0,440373865,,13.116,3539500000.0,0.0,102400000.0,455700000.0,8.037,398700000.0
7,AVP,MRT,2017-12-31,2017-12-31,2017-12-31,2021-09-13,-926200000.0,3697900000.0,3527050000.0,2233300000.0,1464600000.0,1.621,-1.649,-91400000.0,881500000.0,881500000.0,2203300000.0,20000000.0,1.432,-5.441,1897900000.0,25700000.0,1872200000.0,1897900000.0,0.0,114000000.0,0.0,0.0,0.0,263500000.0,377500000.0,0.066,377500000.0,263500000.0,122700000.0,0.0,0.0,0.0,-725000000.0,-804775000.0,-725000000.0,2171295036.0,8.0,5.752,171200000.0,0.389,1.0,3512300000.0,0.615,95700000.0,140800000.0,3059000000.0,3146050000.0,598200000.0,0.0,0.0,0.0,3944800000.0,1559600000.0,2385200000.0,945995036.0,227100000.0,22000000.0,-7200000.0,7400000.0,0.0,0.0,-69600000.0,0.0,262600000.0,34100000.0,22000000.0,22000000.0,22000000.0,0.0,-2000000.0,0.004,3265600000.0,246700000.0,832200000.0,,-1.305,43.0,,702700000.0,0.0,2.15,0.166,0.165,457200000.0,2320300000.0,5715600000.0,5715600000.0,0.0,0.006,-0.027,0.084,0.046,24200000.0,3231000000.0,1.0,439997691.0,439700000,439700000.0,12.999,3602200000.0,0.0,100700000.0,443800000.0,8.192,673700000.0
8,AVP,MRT,2017-09-30,2017-09-30,2017-09-30,2021-09-13,-934600000.0,3516600000.0,3457300000.0,2092500000.0,1424100000.0,1.653,-1.865,-78200000.0,663800000.0,663800000.0,2214400000.0,-81200000.0,1.422,-4.709,1889100000.0,16100000.0,1873000000.0,1889100000.0,0.0,114600000.0,0.0,0.0,0.0,214100000.0,328700000.0,0.058,328700000.0,214100000.0,71800000.0,-0.24,-0.24,-0.24,-820500000.0,-835525000.0,-820500000.0,2278082668.0,11.0,6.931,181600000.0,0.413,1.0,3500500000.0,0.613,96800000.0,142300000.0,3173600000.0,3151075000.0,662500000.0,0.0,0.0,0.0,3864100000.0,1471500000.0,2392600000.0,1025082668.0,-237900000.0,22000000.0,-6900000.0,-429100000.0,0.0,-442000000.0,-56400000.0,0.0,259800000.0,700000.0,-80200000.0,-80200000.0,-80200000.0,1100000.0,-1000000.0,-0.014,3297700000.0,202800000.0,796700000.0,0.0,-1.249,-12.782,-9.708,706500000.0,0.0,2.33,0.179,0.179,473500000.0,2235400000.0,5714900000.0,5714900000.0,0.0,-0.023,0.096,0.068,0.037,22900000.0,3241800000.0,1.0,439949643.0,439949643,,12.99,3419800000.0,0.0,152000000.0,414700000.0,7.773,621000000.0
9,AVP,MRT,2017-06-30,2017-06-30,2017-06-30,2021-09-13,-954600000.0,3467500000.0,3554525000.0,2015200000.0,1452300000.0,1.605,-1.94,-79200000.0,633800000.0,633800000.0,2215300000.0,-57500000.0,1.355,-4.516,1886800000.0,13000000.0,1873800000.0,1886800000.0,0.0,114200000.0,0.0,0.0,0.0,239400000.0,353600000.0,0.062,353600000.0,239400000.0,97500000.0,-0.19,-0.19,-0.19,-853100000.0,-827650000.0,-853100000.0,3006421176.0,13.0,8.502,182100000.0,0.414,1.0,3490600000.0,0.612,94600000.0,141900000.0,3138400000.0,3271525000.0,636900000.0,0.0,0.0,0.0,3852800000.0,1487500000.0,2365300000.0,1671421176.0,-107700000.0,0.0,-8300000.0,-258100000.0,0.0,-288600000.0,-77300000.0,0.0,261300000.0,-3100000.0,-56700000.0,-56700000.0,-56700000.0,1800000.0,-800000.0,-0.01,3265600000.0,225000000.0,752400000.0,0.0,-1.959,-29.478,-20.0,721700000.0,0.0,3.8,0.293,0.293,450000000.0,2228800000.0,5705900000.0,5705900000.0,0.0,-0.016,0.069,0.073,0.042,24200000.0,3207200000.0,1.0,439847678.0,439847678,,12.972,3372900000.0,0.0,154200000.0,243600000.0,7.668,527700000.0
10,AVP,MRT,2017-03-31,2017-03-31,2017-03-31,2021-09-13,-967100000.0,3426200000.0,3597175000.0,1948900000.0,1477300000.0,1.597,-1.873,-79600000.0,560000000.0,560000000.0,2255300000.0,21500000.0,1.343,-4.612,1895000000.0,20100000.0,1874900000.0,1895000000.0,0.0,113900000.0,0.0,0.0,0.0,317500000.0,431400000.0,0.075,431400000.0,317500000.0,178500000.0,-0.01,-0.01,-0.01,-820500000.0,-825625000.0,-820500000.0,3166663704.0,10.0,7.34,133300000.0,0.304,1.0,3489000000.0,0.607,97100000.0,139000000.0,3213200000.0,3361125000.0,630400000.0,0.0,0.0,0.0,3784400000.0,1450900000.0,2333500000.0,1927163704.0,-193500000.0,0.0,-8300000.0,-271100000.0,0.0,-304200000.0,-77600000.0,0.0,212900000.0,-24600000.0,21800000.0,21800000.0,21800000.0,4400000.0,-300000.0,0.004,3185000000.0,304000000.0,754300000.0,0.0,-2.349,88.402,-440.0,732900000.0,0.0,4.4,0.335,0.335,457000000.0,2280000000.0,5744300000.0,5744300000.0,0.0,0.006,-0.026,0.094,0.055,27500000.0,3143200000.0,1.0,437991751.0,437991751,,13.115,3329100000.0,0.0,156700000.0,254700000.0,7.601,498000000.0
11,AVP,MRT,2016-12-31,2016-12-31,2016-12-31,2021-09-13,-1033200000.0,3418900000.0,3647900000.0,1992300000.0,1426600000.0,1.567,-1.941,-79700000.0,654400000.0,654400000.0,2257000000.0,-107400000.0,1.341,-4.493,1893900000.0,18100000.0,1875800000.0,1893900000.0,0.0,113900000.0,0.0,0.0,0.0,153600000.0,267500000.0,0.047,267500000.0,153600000.0,17000000.0,-0.29,-0.29,-0.29,-848000000.0,-840200000.0,-848000000.0,3641485771.0,24.0,13.613,-19300000.0,-0.044,1.0,3460700000.0,0.605,93600000.0,136600000.0,3079100000.0,3405225000.0,586400000.0,0.0,0.0,0.0,3810400000.0,1485700000.0,2324700000.0,2205085771.0,-30300000.0,-4500000.0,-5600000.0,-260700000.0,0.0,137000000.0,-177300000.0,0.0,60400000.0,-50400000.0,-107600000.0,-107600000.0,-107600000.0,14000000.0,200000.0,-0.019,3309800000.0,150900000.0,768100000.0,0.0,-2.6,-20.493,-17.379,711300000.0,0.0,5.04,0.386,0.385,458900000.0,2322200000.0,5717700000.0,5717700000.0,0.0,-0.029,0.128,0.045,0.027,24000000.0,3136900000.0,1.0,437517018.0,437000000,437000000.0,13.084,3325300000.0,0.0,124600000.0,360800000.0,7.609,506600000.0
12,AVP,MRT,2016-09-30,2016-09-30,2016-09-30,2021-09-13,-989000000.0,3905500000.0,3760775000.0,2441500000.0,1464000000.0,1.531,-1.805,-96400000.0,901700000.0,901700000.0,2298400000.0,-428500000.0,1.537,-5.376,2338100000.0,111300000.0,2226800000.0,2338100000.0,0.0,114000000.0,0.0,0.011,0.06,-203600000.0,-89600000.0,-0.016,-89600000.0,-203600000.0,-336200000.0,-1.01,-1.01,-1.01,-789000000.0,-895775000.0,-789000000.0,3920428474.0,-19.0,-43.755,-59500000.0,-0.136,1.0,3458500000.0,0.601,98100000.0,132600000.0,3655400000.0,3410900000.0,706400000.0,0.0,0.0,0.0,4241900000.0,1588400000.0,2653500000.0,2473528474.0,314300000.0,-4500000.0,-5400000.0,108400000.0,-28100000.0,481600000.0,-160300000.0,34400000.0,36900000.0,-43900000.0,-430300000.0,-430300000.0,-430300000.0,330000000.0,1800000.0,-0.075,3348500000.0,110000000.0,760100000.0,-0.059,-3.135,-5.748,-5.604,746700000.0,0.0,5.66,0.43,0.43,505200000.0,2338500000.0,5756900000.0,5756900000.0,0.0,-0.114,0.48,-0.06,-0.035,45400000.0,3173800000.0,1.0,437019165.0,437019165,,13.173,3807400000.0,0.0,94100000.0,225500000.0,8.712,853100000.0
13,AVP,MRT,2016-06-30,2016-06-30,2016-06-30,2021-09-13,-1009800000.0,3638100000.0,3728075000.0,2194200000.0,1443900000.0,1.552,-1.935,-88900000.0,741500000.0,741500000.0,2306500000.0,-1161100000.0,1.471,-4.776,2188400000.0,48800000.0,2139600000.0,2188400000.0,0.0,115400000.0,0.0,0.032,0.12,-280700000.0,-165300000.0,-0.029,-165300000.0,-280700000.0,-408500000.0,-2.66,-2.66,-2.66,-845000000.0,-893900000.0,-845000000.0,3111565697.0,-11.0,-18.824,-63000000.0,-0.144,1.0,3477800000.0,0.601,96100000.0,127800000.0,3496800000.0,3415900000.0,665500000.0,0.0,0.0,0.0,4035400000.0,1492100000.0,2543300000.0,1651065697.0,38500000.0,203800000.0,-4300000.0,-324600000.0,-55200000.0,36200000.0,47000000.0,29700000.0,25900000.0,-70600000.0,-1163300000.0,-1163300000.0,-1163300000.0,358300000.0,2200000.0,-0.201,3453100000.0,24700000.0,723700000.0,-0.045,-1.954,-1.419,-1.421,743300000.0,0.0,3.78,0.285,0.285,466200000.0,2308000000.0,5784300000.0,5784300000.0,0.0,-0.312,1.301,-0.082,-0.049,55300000.0,3259800000.0,1.0,436789867.0,436789867,,13.243,3542000000.0,0.0,754800000.0,227600000.0,8.109,702100000.0
14,AVP,MRT,2016-03-31,2016-03-31,2016-03-31,2021-09-13,-1006600000.0,3629100000.0,4065700000.0,2209700000.0,1419400000.0,1.455,-2.018,-87700000.0,753500000.0,753500000.0,2352500000.0,-1164600000.0,1.377,-4.625,2214000000.0,69000000.0,2145000000.0,2214000000.0,0.0,118000000.0,0.0,0.037,0.18,-291400000.0,-173400000.0,-0.029,-173400000.0,-291400000.0,-416500000.0,-2.65,-2.65,-2.65,-878800000.0,-670950000.0,-878800000.0,3622522528.0,-12.0,-20.891,-13700000.0,-0.031,1.0,3562400000.0,0.602,94900000.0,125100000.0,3389600000.0,3710000000.0,683600000.0,0.0,0.0,0.0,4064800000.0,1605100000.0,2459700000.0,2094622528.0,84600000.0,203800000.0,-4700000.0,-293200000.0,-82600000.0,27700000.0,40300000.0,22400000.0,74000000.0,-57400000.0,-1167500000.0,-1167500000.0,-1167500000.0,354900000.0,2900000.0,-0.197,3548900000.0,13500000.0,732900000.0,-0.068,-2.384,-1.794,-1.815,748700000.0,0.0,4.81,0.354,0.354,427900000.0,2280500000.0,5914900000.0,5914900000.0,0.0,-0.287,1.74,-0.079,-0.049,57500000.0,3349800000.0,1.0,435472459.0,435472459,,13.583,3534200000.0,0.0,751000000.0,295700000.0,8.116,604600000.0
15,AVP,MRT,2015-12-31,2015-12-31,2015-12-31,2021-09-13,-1366200000.0,3870400000.0,4376500000.0,2341100000.0,1529300000.0,1.408,-2.459,-84200000.0,686900000.0,686900000.0,2445400000.0,-1145600000.0,1.067,-4.603,2205700000.0,55200000.0,2150500000.0,2205700000.0,0.0,126100000.0,0.0,0.059,0.24,-209200000.0,-83100000.0,-0.013,-83100000.0,-209200000.0,-329700000.0,-2.6,-2.6,-2.6,-1070300000.0,-452050000.0,-1070300000.0,3489463439.0,-17.0,-41.991,27900000.0,0.064,1.0,3715100000.0,0.603,92300000.0,120500000.0,3101800000.0,3999600000.0,624000000.0,0.0,0.0,0.0,4926800000.0,2195100000.0,2731700000.0,1763363439.0,-275800000.0,208300000.0,-3100000.0,-312700000.0,-108800000.0,-445500000.0,138300000.0,18400000.0,112100000.0,-80700000.0,-1148900000.0,-1148900000.0,-1148900000.0,349100000.0,3300000.0,-0.186,3623800000.0,91300000.0,774200000.0,-0.092,-1.648,-1.535,-1.558,766900000.0,0.0,4.05,0.286,0.286,443000000.0,2448100000.0,6160500000.0,6160500000.0,0.0,-0.263,2.542,-0.052,-0.034,51200000.0,3543200000.0,1.0,435398380.0,435200000,435200000.0,14.156,3778100000.0,0.0,819200000.0,263900000.0,8.681,146000000.0
16,AVP,MRT,2015-09-30,2015-09-30,2015-09-30,2021-09-13,-1417400000.0,3774700000.0,4808100000.0,2385600000.0,1389100000.0,1.184,-1.795,-82100000.0,587400000.0,587400000.0,2208600000.0,-1143300000.0,1.383,-5.813,2313500000.0,117200000.0,2196300000.0,2313500000.0,0.0,121600000.0,0.0,0.074,0.24,185200000.0,306800000.0,0.054,306800000.0,185200000.0,71900000.0,-2.59,-2.59,-2.59,-781500000.0,-112025000.0,-781500000.0,3302458495.0,18.0,10.764,55200000.0,0.127,1.0,3482200000.0,0.612,99900000.0,113300000.0,3675400000.0,4427725000.0,847200000.0,0.0,0.0,0.0,4543100000.0,1725500000.0,2817600000.0,1414658495.0,-238600000.0,208300000.0,-3400000.0,-268200000.0,-109000000.0,-409200000.0,116800000.0,-1400000.0,137300000.0,-83500000.0,-1146200000.0,-1146200000.0,-1146200000.0,72400000.0,2900000.0,-0.201,3275500000.0,206700000.0,815200000.0,-0.093,-1.81,-1.234,-1.255,948300000.0,0.0,3.25,0.249,0.249,470300000.0,2808600000.0,5690800000.0,5690800000.0,0.0,-0.238,10.232,0.042,0.033,39400000.0,3176000000.0,1.0,435279537.0,435279537,,13.074,3674800000.0,0.0,1218100000.0,240900000.0,8.442,660100000.0
17,AVP,MRT,2015-06-30,2015-06-30,2015-06-30,2021-09-13,-1298400000.0,4988600000.0,5387025000.0,2862700000.0,2125900000.0,1.187,0.108,-93500000.0,696900000.0,696900000.0,2463500000.0,-354300000.0,1.371,105.265,2584700000.0,381100000.0,2203600000.0,2584700000.0,0.0,138800000.0,0.0,0.038,0.24,324900000.0,463700000.0,0.073,463700000.0,324900000.0,213700000.0,-0.8,-0.8,-0.8,46800000.0,310525000.0,46800000.0,4641718078.0,14.0,10.01,163500000.0,0.376,1.0,3929300000.0,0.615,115700000.0,111200000.0,4673200000.0,4875875000.0,818700000.0,0.0,0.0,0.0,4926400000.0,2087500000.0,2838900000.0,2723618078.0,-74500000.0,0.0,-3700000.0,-6600000.0,-109200000.0,-145500000.0,-98400000.0,1400000.0,257000000.0,-87600000.0,-357800000.0,-357800000.0,-357800000.0,43400000.0,3500000.0,-0.056,3570800000.0,358500000.0,809600000.0,-0.3,58.197,-7.612,-7.825,1036400000.0,0.0,6.26,0.426,0.426,523700000.0,3531900000.0,6392800000.0,6392800000.0,0.0,-0.066,-1.152,0.067,0.051,25900000.0,3480500000.0,1.0,435082760.0,435082760,,14.693,4872900000.0,0.0,571500000.0,229800000.0,11.2,775200000.0
18,AVP,MRT,2015-03-31,2015-03-31,2015-03-31,2021-09-13,-1333600000.0,4872300000.0,5668675000.0,2592700000.0,2279600000.0,1.238,-0.007,-102500000.0,668900000.0,668900000.0,2663200000.0,-364100000.0,1.292,-1518.625,2587000000.0,378800000.0,2208200000.0,2587000000.0,0.0,158100000.0,0.0,0.03,0.24,326800000.0,484900000.0,0.069,484900000.0,326800000.0,217400000.0,-0.83,-0.83,-0.83,-3200000.0,534575000.0,-3200000.0,5114197228.0,16.0,10.547,171800000.0,0.395,1.0,4353300000.0,0.62,235600000.0,109400000.0,4548000000.0,5101425000.0,824500000.0,0.0,0.0,0.0,4859600000.0,2006800000.0,2852800000.0,3473697228.0,-126200000.0,0.0,-5200000.0,-88300000.0,-107700000.0,-212300000.0,-102500000.0,5700000.0,274300000.0,-85700000.0,-367600000.0,-367600000.0,-367600000.0,44200000.0,3500000.0,-0.052,3992800000.0,360500000.0,820000000.0,-0.289,-1085.53,-9.45,-9.627,1057800000.0,0.0,7.99,0.495,0.495,509400000.0,3529300000.0,7016500000.0,7016500000.0,0.0,-0.065,-0.688,0.064,0.047,27300000.0,3901000000.0,1.0,434755598.0,434755598,,16.139,4636700000.0,0.0,585000000.0,258100000.0,10.665,585900000.0
19,AVP,MRT,2014-12-31,2014-12-31,2014-12-31,2021-09-13,-1217600000.0,5596800000.0,5971825000.0,3064500000.0,2532300000.0,1.281,0.667,-110600000.0,936400000.0,936400000.0,3006900000.0,-384900000.0,1.427,18.259,2550400000.0,121700000.0,2428700000.0,2550400000.0,0.0,169400000.0,0.0,0.026,0.24,265500000.0,434900000.0,0.057,434900000.0,265500000.0,156700000.0,-0.88,-0.88,-0.88,289800000.0,764275000.0,289800000.0,5885116676.0,22.0,13.532,249200000.0,0.574,1.0,4641100000.0,0.607,249300000.0,108800000.0,4814300000.0,5361175000.0,707700000.0,0.0,0.0,0.0,5291500000.0,2147200000.0,3144300000.0,4081416676.0,-147400000.0,0.0,-9600000.0,-88900000.0,-110200000.0,-218800000.0,-105100000.0,10100000.0,359800000.0,-183300000.0,-388600000.0,-388600000.0,-388600000.0,40400000.0,3700000.0,-0.051,4346300000.0,294800000.0,806300000.0,-0.273,14.084,-10.503,-10.67,1036800000.0,0.0,9.39,0.534,0.533,515600000.0,3702900000.0,7648000000.0,7648000000.0,0.0,-0.065,-0.508,0.05,0.035,38900000.0,4206800000.0,1.0,434655663.0,434500000,434500000.0,17.602,5347500000.0,0.0,545300000.0,272800000.0,12.307,917300000.0
20,AVP,MRT,2014-09-30,2014-09-30,2014-09-30,2021-09-13,-948000000.0,6090400000.0,6195700000.0,3089400000.0,3001000000.0,1.246,2.091,-155200000.0,826000000.0,826000000.0,3020300000.0,-123000000.0,1.435,5.684,2629700000.0,156900000.0,2472800000.0,2629700000.0,0.0,157600000.0,0.0,0.019,0.24,179100000.0,336700000.0,0.044,336700000.0,179100000.0,68300000.0,-0.29,-0.29,-0.29,908700000.0,969350000.0,908700000.0,7332820404.0,41.0,21.778,413900000.0,0.952,1.0,4699100000.0,0.609,273000000.0,110800000.0,5468000000.0,5553125000.0,994000000.0,0.0,0.0,0.0,5165400000.0,2153100000.0,3012300000.0,5476220404.0,17700000.0,0.0,-11800000.0,-135800000.0,-108900000.0,-255000000.0,-139100000.0,-1100000.0,569100000.0,-157300000.0,-127000000.0,-127000000.0,-127000000.0,68500000.0,4000000.0,-0.016,4476600000.0,222500000.0,937400000.0,-0.828,6.026,-43.12,-43.448,1299700000.0,0.0,12.6,0.709,0.709,590000000.0,4060600000.0,7719400000.0,7719400000.0,0.0,-0.02,-0.131,0.032,0.023,35800000.0,4373500000.0,1.0,434620667.0,434620667,,17.761,5817400000.0,0.0,195300000.0,291100000.0,13.385,936300000.0
21,AVP,MRT,2014-06-30,2014-06-30,2014-06-30,2021-09-13,-846300000.0,6115200000.0,6305175000.0,3040500000.0,3074700000.0,1.254,2.171,-166900000.0,777500000.0,777500000.0,3078100000.0,-220800000.0,1.443,5.467,2634100000.0,154100000.0,2480000000.0,2634100000.0,0.0,165600000.0,0.0,0.016,0.24,70600000.0,236200000.0,0.03,236200000.0,70600000.0,-43000000.0,-0.51,-0.51,-0.51,943000000.0,1020000000.0,943000000.0,8258864782.0,117.0,34.966,292400000.0,0.673,1.0,4826000000.0,0.611,288900000.0,113600000.0,5575400000.0,5695325000.0,965700000.0,0.0,0.0,0.0,5155100000.0,2107500000.0,3047600000.0,6347264782.0,-100800000.0,0.0,-11200000.0,-250800000.0,-107500000.0,-368000000.0,-67200000.0,-2500000.0,459300000.0,-124900000.0,-223900000.0,-223900000.0,-223900000.0,67900000.0,3100000.0,-0.028,4713100000.0,112900000.0,876300000.0,-0.471,6.731,-28.349,-28.647,1365300000.0,0.0,14.61,0.803,0.803,634000000.0,3995300000.0,7904100000.0,7904100000.0,0.0,-0.036,-0.22,0.012,0.009,42000000.0,4578000000.0,1.0,434446597.0,434446597,,18.193,5826300000.0,0.0,180900000.0,264300000.0,13.411,933000000.0
22,AVP,MRT,2014-03-31,2014-03-31,2014-03-31,2021-09-13,-871100000.0,6084900000.0,6447700000.0,3061300000.0,3023600000.0,1.276,2.11,-169500000.0,795100000.0,795100000.0,3202800000.0,-206500000.0,1.461,5.628,2706700000.0,180800000.0,2525900000.0,2706700000.0,0.0,178900000.0,0.0,0.016,0.24,100800000.0,279700000.0,0.034,279700000.0,100800000.0,-15200000.0,-0.48,-0.48,-0.48,915600000.0,1063325000.0,915600000.0,7965901317.0,79.0,28.48,372400000.0,0.858,1.0,5021600000.0,0.611,313900000.0,116000000.0,5587000000.0,5847000000.0,944800000.0,0.0,0.0,0.0,5153400000.0,2095600000.0,3057800000.0,6353101317.0,-693300000.0,0.0,-2400000.0,-896700000.0,-109300000.0,-1006900000.0,-79300000.0,-11800000.0,541900000.0,-149000000.0,-211000000.0,-211000000.0,-211000000.0,118300000.0,4500000.0,-0.026,4812700000.0,208900000.0,861100000.0,-0.5,6.939,-30.109,-30.5,1368500000.0,0.0,14.64,0.772,0.772,632300000.0,4002400000.0,8224400000.0,8224400000.0,0.0,-0.033,-0.198,0.017,0.012,43000000.0,4664600000.0,1.0,433955008.0,433955008,,18.952,5771000000.0,0.0,195800000.0,270600000.0,13.299,965700000.0
23,AVP,MRT,2013-12-31,2013-12-31,2013-12-31,2021-09-13,-870400000.0,6492300000.0,6819900000.0,3441200000.0,3051100000.0,1.246,2.561,-176700000.0,1107900000.0,1107900000.0,3172800000.0,-51900000.0,1.536,4.833,2720700000.0,188000000.0,2532700000.0,2720700000.0,0.0,187700000.0,0.0,0.014,0.24,271900000.0,459600000.0,0.054,459600000.0,271900000.0,154000000.0,-0.13,-0.13,-0.13,1110100000.0,1128900000.0,1110100000.0,9445505848.0,35.0,20.552,358900000.0,0.828,1.0,5324000000.0,0.627,282500000.0,117900000.0,5582100000.0,6034200000.0,967700000.0,0.0,0.0,0.0,5364800000.0,2240500000.0,3124300000.0,7469505848.0,-101700000.0,0.0,6500000.0,-457200000.0,-106800000.0,-467900000.0,-88600000.0,-13900000.0,535600000.0,-80800000.0,-56400000.0,-56400000.0,-56400000.0,119400000.0,4500000.0,-0.007,4868100000.0,455900000.0,896500000.0,-1.846,6.729,-132.438,-132.462,1393300000.0,0.0,17.22,0.879,0.878,676300000.0,4196700000.0,8496800000.0,8496800000.0,0.0,-0.008,-0.05,0.045,0.032,43300000.0,4742100000.0,1.0,433769213.0,433400000,434200000.0,19.605,6209800000.0,0.0,210400000.0,285500000.0,14.328,1200700000.0
24,AVP,MRT,2013-09-30,2013-09-30,2013-09-30,2021-09-13,-959300000.0,6528300000.0,7042450000.0,3432000000.0,3096300000.0,1.449,2.563,-194300000.0,808300000.0,808300000.0,3904900000.0,-145300000.0,1.593,4.86,2784300000.0,243100000.0,2541200000.0,2784300000.0,0.0,229000000.0,0.0,0.012,0.24,356500000.0,585500000.0,0.057,585500000.0,356500000.0,238200000.0,-0.34,-0.34,-0.34,1111300000.0,1155650000.0,1111300000.0,10958138073.0,31.0,18.716,234500000.0,0.541,1.0,6300100000.0,0.617,312700000.0,118300000.0,6036800000.0,6212650000.0,1200000000.0,0.0,0.0,0.0,5400700000.0,2154800000.0,3245900000.0,8933338073.0,-289200000.0,0.0,7100000.0,-510000000.0,-108500000.0,-519900000.0,-127300000.0,-17700000.0,428800000.0,-70800000.0,-149500000.0,-149500000.0,-149500000.0,176400000.0,4200000.0,-0.015,5689800000.0,610300000.0,865200000.0,-0.706,8.039,-59.755,-60.588,1389200000.0,0.0,20.6,0.875,0.875,690200000.0,4292100000.0,10205000000.0,10205000000.0,0.0,-0.021,-0.129,0.057,0.035,42300000.0,5599600000.0,1.0,433657188.0,433657188,,23.532,6215600000.0,0.0,387700000.0,277600000.0,14.333,1277200000.0
25,AVP,MRT,2013-06-30,2013-06-30,2013-06-30,2021-09-13,-977000000.0,6685300000.0,7323375000.0,3462900000.0,3222400000.0,1.419,2.577,-198100000.0,873200000.0,873200000.0,4004400000.0,-106900000.0,1.588,4.974,2898000000.0,263200000.0,2634800000.0,2898000000.0,0.0,223200000.0,0.0,0.019,0.41,398700000.0,621900000.0,0.06,621900000.0,398700000.0,283400000.0,-0.26,-0.26,-0.26,1116300000.0,1240650000.0,1116300000.0,11254697898.0,28.0,18.097,386100000.0,0.891,1.0,6388300000.0,0.615,347700000.0,115300000.0,6182100000.0,6298950000.0,1154300000.0,0.0,0.0,0.0,5552300000.0,2180300000.0,3372000000.0,9108197898.0,-398100000.0,0.0,7200000.0,-622900000.0,-184000000.0,-709000000.0,-212000000.0,-13500000.0,584200000.0,-61300000.0,-112400000.0,-112400000.0,-112400000.0,180600000.0,5500000.0,-0.011,5730700000.0,657600000.0,861100000.0,-1.577,8.159,-81.034,-80.885,1393900000.0,0.0,21.03,0.876,0.876,691700000.0,4323800000.0,10392700000.0,10392700000.0,0.0,-0.015,-0.091,0.063,0.038,44100000.0,5643500000.0,1.0,433104988.0,433104988,,23.996,6337600000.0,0.0,395800000.0,283900000.0,14.633,1282600000.0
26,AVP,MRT,2013-03-31,2013-03-31,2013-03-31,2021-09-13,-889200000.0,7573700000.0,7577700000.0,4232600000.0,3341100000.0,1.378,2.725,-206100000.0,1488400000.0,1488400000.0,4018700000.0,-78400000.0,1.456,5.415,3634900000.0,949400000.0,2685500000.0,3634900000.0,0.0,207800000.0,0.0,0.028,0.58,389400000.0,597200000.0,0.057,597200000.0,389400000.0,280300000.0,-0.19,-0.19,-0.19,1177900000.0,1317325000.0,1177900000.0,10947464773.0,28.0,18.331,264100000.0,0.611,1.0,6423300000.0,0.615,477000000.0,109100000.0,6335800000.0,6337825000.0,1214200000.0,0.0,0.0,0.0,6378700000.0,2907400000.0,3471300000.0,8961164773.0,273200000.0,0.0,3200000.0,242200000.0,-255500000.0,80200000.0,-208300000.0,-1900000.0,470200000.0,-68900000.0,-82700000.0,-82700000.0,-82700000.0,132600000.0,4300000.0,-0.008,5837200000.0,586100000.0,890300000.0,-3.053,7.608,-108.357,-109.105,1501100000.0,0.0,20.73,0.858,0.858,742900000.0,4318100000.0,10442000000.0,10442000000.0,0.0,-0.011,-0.063,0.061,0.037,42200000.0,5751800000.0,1.0,432280018.0,432280018,,24.156,7096700000.0,0.0,363000000.0,311600000.0,16.417,1325200000.0
27,AVP,MRT,2012-12-31,2012-12-31,2012-12-31,2021-09-13,-876700000.0,7382500000.0,7630100000.0,3928900000.0,3453600000.0,1.384,2.818,-213100000.0,1206900000.0,1206900000.0,4103100000.0,-38200000.0,1.453,5.052,3195800000.0,572000000.0,2623800000.0,3195800000.0,0.0,212500000.0,0.0,0.052,0.75,397200000.0,609700000.0,0.058,609700000.0,397200000.0,292900000.0,-0.1,-0.1,-0.1,1217100000.0,1431875000.0,1217100000.0,8421149450.0,21.0,13.812,343000000.0,0.794,1.0,6458300000.0,0.612,370900000.0,104300000.0,6295900000.0,6262425000.0,1101100000.0,0.0,0.0,0.0,6149200000.0,2704600000.0,3444600000.0,6205849450.0,-35500000.0,0.0,-2600000.0,-113000000.0,-329300000.0,-401300000.0,-213700000.0,-300000.0,556100000.0,23400000.0,-42500000.0,-42500000.0,-42500000.0,131500000.0,4300000.0,-0.004,5940400000.0,517900000.0,914300000.0,-7.5,5.099,-146.02,-143.6,1526000000.0,0.0,14.36,0.588,0.587,752100000.0,4357800000.0,10561400000.0,10561400000.0,0.0,-0.006,-0.03,0.063,0.038,41100000.0,5889300000.0,1.0,432162218.0,431900000,432500000.0,24.453,7011600000.0,0.0,335400000.0,336200000.0,16.234,1224300000.0
28,AVP,MRT,2012-09-30,2012-09-30,2012-09-30,2021-09-13,-821300000.0,7652000000.0,7718225000.0,4015600000.0,3636400000.0,1.36,3.359,-195100000.0,1097500000.0,1097500000.0,4029600000.0,123200000.0,1.445,4.262,3312800000.0,684500000.0,2628300000.0,3312800000.0,0.0,205800000.0,0.0,0.058,0.92,377400000.0,583200000.0,0.056,583200000.0,377400000.0,277200000.0,0.26,0.27,0.26,1451300000.0,1520200000.0,1451300000.0,9148586354.0,24.0,15.687,433100000.0,1.002,1.0,6466200000.0,0.616,707100000.0,100200000.0,6382000000.0,6227025000.0,1302700000.0,0.0,0.0,0.0,6185400000.0,2778200000.0,3407200000.0,6891486354.0,109300000.0,0.0,-600000.0,60900000.0,-401800000.0,-303200000.0,-195600000.0,0.0,628200000.0,-20100000.0,119300000.0,119300000.0,119300000.0,155200000.0,3900000.0,0.011,5943300000.0,522900000.0,946400000.0,3.538,4.748,57.766,61.346,1504400000.0,0.0,15.95,0.657,0.657,758800000.0,4544300000.0,10495800000.0,10495800000.0,0.0,0.015,0.078,0.061,0.036,37500000.0,5860900000.0,1.0,432068110.0,432068110,,24.292,6944900000.0,0.0,157900000.0,329000000.0,16.074,1237400000.0
29,AVP,MRT,2012-06-30,2012-06-30,2012-06-30,2021-09-13,-908000000.0,7702600000.0,7775075000.0,4153100000.0,3549500000.0,1.382,3.296,-199700000.0,1276400000.0,1276400000.0,4056700000.0,255800000.0,1.447,4.402,3533500000.0,952400000.0,2581100000.0,3533500000.0,0.0,214700000.0,0.0,0.057,0.92,535600000.0,750300000.0,0.07,750300000.0,535600000.0,439800000.0,0.57,0.58,0.57,1423000000.0,1614700000.0,1423000000.0,9166792281.0,17.0,12.218,396000000.0,0.917,1.0,6690900000.0,0.623,751200000.0,95800000.0,6337600000.0,6192650000.0,1244800000.0,0.0,0.0,0.0,6263600000.0,2870900000.0,3392700000.0,6999492281.0,265400000.0,0.0,300000.0,263900000.0,-399300000.0,-96200000.0,-175400000.0,24700000.0,595700000.0,-58700000.0,251900000.0,251900000.0,251900000.0,151600000.0,3900000.0,0.023,6014200000.0,676700000.0,846000000.0,1.614,4.919,27.787,28.439,1490000000.0,0.0,16.21,0.651,0.651,714100000.0,4613300000.0,10747600000.0,10747600000.0,0.0,0.032,0.156,0.086,0.05,35800000.0,5961600000.0,1.0,431800881.0,431800881,,24.89,6951400000.0,0.0,187900000.0,276000000.0,16.099,1282200000.0
30,AVP,MRT,2012-03-31,2012-03-31,2012-03-31,2021-09-13,-719500000.0,7783300000.0,7878625000.0,4143900000.0,3639400000.0,1.402,3.796,-248200000.0,1215200000.0,1215200000.0,4125000000.0,401800000.0,1.314,3.748,3382500000.0,1180700000.0,2201800000.0,3382500000.0,0.0,226200000.0,0.0,0.048,0.92,736300000.0,962500000.0,0.087,962500000.0,736300000.0,641500000.0,0.91,0.91,0.91,1636100000.0,1765025000.0,1636100000.0,10406569595.0,14.0,10.812,406200000.0,0.943,1.0,6920800000.0,0.627,762300000.0,94800000.0,6034200000.0,6199625000.0,1250800000.0,0.0,0.0,0.0,6131800000.0,3154100000.0,2977700000.0,8343269595.0,199900000.0,-13000000.0,4400000.0,192300000.0,-404700000.0,-167500000.0,-263100000.0,1900000.0,654400000.0,-23900000.0,396500000.0,396500000.0,396500000.0,149200000.0,5300000.0,0.036,6045500000.0,875300000.0,849100000.0,1.011,5.099,21.042,21.275,1589300000.0,0.0,19.36,0.755,0.755,760100000.0,4652300000.0,11045800000.0,11045800000.0,0.0,0.05,0.225,0.119,0.067,35300000.0,6003800000.0,1.0,430954008.0,430954008,,25.631,7021000000.0,0.0,245000000.0,327100000.0,16.292,989800000.0
31,AVP,MRT,2011-12-31,2011-12-31,2011-12-31,2021-09-13,-854400000.0,7735000000.0,7904575000.0,4098800000.0,3636200000.0,1.404,3.648,-259300000.0,1245100000.0,1245100000.0,4065000000.0,517800000.0,1.418,3.916,3308400000.0,849300000.0,2459100000.0,3308400000.0,0.0,221100000.0,0.0,0.053,0.92,911000000.0,1132100000.0,0.102,1132100000.0,911000000.0,818100000.0,1.18,1.18,1.18,1570400000.0,1811825000.0,1570400000.0,9787933904.0,11.0,8.646,396500000.0,0.921,1.0,7034500000.0,0.634,753000000.0,92900000.0,6154300000.0,6200200000.0,1161300000.0,0.0,0.0,0.0,6149800000.0,2891000000.0,3258800000.0,7525633904.0,65200000.0,-13000000.0,9100000.0,110000000.0,-403400000.0,-284500000.0,-268900000.0,4900000.0,655800000.0,-37200000.0,513600000.0,513600000.0,513600000.0,157800000.0,4200000.0,0.046,5977900000.0,1056600000.0,850200000.0,0.78,4.792,14.653,14.805,1571500000.0,0.0,17.47,0.678,0.678,761500000.0,4726100000.0,11099500000.0,11099500000.0,0.0,0.065,0.283,0.147,0.082,36600000.0,5942500000.0,1.0,430774694.0,430500000,432100000.0,25.783,6982000000.0,0.0,304500000.0,377800000.0,16.218,1207800000.0
32,AVP,MRT,2011-09-30,2011-09-30,2011-09-30,2021-09-13,-694100000.0,7879400000.0,7939250000.0,4141200000.0,3738200000.0,1.439,4.247,-300000000.0,988200000.0,988200000.0,4177600000.0,746800000.0,1.442,3.299,3250500000.0,785700000.0,2464800000.0,3250500000.0,0.0,232000000.0,0.0,0.046,0.91,1184200000.0,1416200000.0,0.124,1416200000.0,1184200000.0,1090900000.0,1.71,1.7,1.71,1829300000.0,1833350000.0,1829300000.0,10655553084.0,9.0,7.524,326800000.0,0.759,1.0,7245900000.0,0.634,1025200000.0,93300000.0,6244500000.0,6119200000.0,1361200000.0,0.0,0.0,0.0,6035700000.0,2872000000.0,3163700000.0,8441853084.0,146700000.0,-3600000.0,11500000.0,136600000.0,-398800000.0,-247600000.0,-236800000.0,6400000.0,626800000.0,4300000.0,743500000.0,743500000.0,743500000.0,-400000.0,3300000.0,0.065,6076100000.0,1169800000.0,808000000.0,0.532,4.615,11.354,11.462,1567000000.0,0.0,19.6,0.739,0.739,783200000.0,4825700000.0,11423500000.0,11423500000.0,0.0,0.094,0.406,0.194,0.104,45200000.0,6048300000.0,1.0,430706790.0,430706790,,26.523,6854200000.0,0.0,347400000.0,415300000.0,15.914,1269200000.0
33,AVP,MRT,2011-06-30,2011-06-30,2011-06-30,2021-09-13,-423100000.0,8116800000.0,7921200000.0,4285000000.0,3831800000.0,1.423,4.706,-328300000.0,1011000000.0,1011000000.0,4112300000.0,749100000.0,1.468,3.003,3224700000.0,807400000.0,2417300000.0,3224700000.0,0.0,221800000.0,0.0,0.032,0.9,1177800000.0,1399600000.0,0.124,1399600000.0,1177800000.0,1086200000.0,1.72,1.7,1.72,2024300000.0,1753325000.0,2024300000.0,14147464756.0,12.0,10.108,239200000.0,0.556,1.0,7161200000.0,0.635,1045700000.0,91600000.0,6365500000.0,6218000000.0,1341000000.0,0.0,0.0,0.0,6078500000.0,2919300000.0,3159200000.0,12045264756.0,26900000.0,-654500000.0,13600000.0,712000000.0,-397900000.0,331200000.0,-942900000.0,-20300000.0,567500000.0,71100000.0,746000000.0,746000000.0,746000000.0,-700000.0,3100000.0,0.066,5995400000.0,1165800000.0,832700000.0,0.523,5.95,16.146,16.279,1691800000.0,0.0,28.0,1.068,1.068,828800000.0,4761400000.0,11273500000.0,11273500000.0,0.0,0.094,0.425,0.189,0.104,49600000.0,5982900000.0,1.0,430188027.0,430188027,,26.206,7071100000.0,0.0,340200000.0,430900000.0,16.437,1365700000.0
34,AVP,MRT,2011-03-31,2011-03-31,2011-03-31,2021-09-13,-497400000.0,7887100000.0,7573300000.0,4165000000.0,3722100000.0,1.458,4.242,-318700000.0,1015300000.0,1015300000.0,4056400000.0,709600000.0,1.432,3.317,3117500000.0,726400000.0,2391100000.0,3117500000.0,0.0,207100000.0,0.0,0.033,0.89,1134700000.0,1341800000.0,0.121,1341800000.0,1134700000.0,1046700000.0,1.63,1.62,1.63,1823300000.0,1564050000.0,1823300000.0,13577409835.0,12.0,10.119,340100000.0,0.791,1.0,6989200000.0,0.633,1044100000.0,88000000.0,6036500000.0,6023475000.0,1293500000.0,0.0,0.0,0.0,6047500000.0,2908700000.0,3138800000.0,11621109835.0,-107600000.0,-639700000.0,14300000.0,468600000.0,-387500000.0,99500000.0,-889000000.0,5700000.0,658800000.0,23100000.0,707400000.0,707400000.0,707400000.0,-4900000.0,2200000.0,0.064,5871100000.0,1118100000.0,829800000.0,0.546,6.374,16.428,16.589,1646900000.0,0.0,27.04,1.052,1.052,803500000.0,4655000000.0,11045600000.0,11045600000.0,0.0,0.093,0.452,0.188,0.103,49600000.0,5861100000.0,1.0,429774772.0,429774772,,25.701,6843000000.0,0.0,339300000.0,461100000.0,15.922,1256300000.0
35,AVP,MRT,2010-12-31,2010-12-31,2010-12-31,2021-09-13,-605800000.0,7873700000.0,7306150000.0,4184300000.0,3689400000.0,1.487,3.863,-319300000.0,1179900000.0,1179900000.0,4041300000.0,609300000.0,1.415,3.743,3136200000.0,727600000.0,2408600000.0,3136200000.0,0.0,194800000.0,0.0,0.03,0.88,1043600000.0,1238400000.0,0.114,1238400000.0,1043600000.0,956500000.0,1.4,1.39,1.4,1656500000.0,1419250000.0,1656500000.0,14734379838.0,14.0,11.898,382700000.0,0.892,1.0,6821500000.0,0.628,1043400000.0,87100000.0,5830300000.0,5886575000.0,1152900000.0,0.0,0.0,0.0,6201100000.0,2956300000.0,3244800000.0,12471979838.0,-131700000.0,-785800000.0,9800000.0,604700000.0,-384100000.0,234400000.0,-1034400000.0,9400000.0,702000000.0,-33700000.0,606300000.0,606300000.0,606300000.0,-14100000.0,3000000.0,0.056,5803000000.0,1018500000.0,809800000.0,0.629,7.529,20.571,20.757,1627400000.0,0.0,29.06,1.148,1.147,826300000.0,4610800000.0,10862800000.0,10862800000.0,0.0,0.083,0.427,0.177,0.096,57600000.0,5748400000.0,1.0,429180311.0,428800000,431400000.0,25.333,6830300000.0,0.0,350200000.0,483000000.0,15.929,1228000000.0
36,AVP,MRT,2010-09-30,2010-09-30,2010-09-30,2021-09-13,-603100000.0,7807200000.0,7043575000.0,3993100000.0,3814100000.0,1.515,3.518,-328500000.0,841500000.0,841500000.0,3955000000.0,648500000.0,1.164,4.144,3103900000.0,1169300000.0,1934600000.0,3103900000.0,0.0,180400000.0,0.0,0.027,0.87,1088000000.0,1268400000.0,0.119,1268400000.0,1088000000.0,998700000.0,1.51,1.5,1.51,1509200000.0,1323275000.0,1509200000.0,15288168573.0,14.0,12.053,528800000.0,1.233,1.0,6713200000.0,0.629,0.0,89300000.0,6639700000.0,5791325000.0,1356800000.0,0.0,0.0,0.0,6254800000.0,3429900000.0,2824900000.0,13773568573.0,-451900000.0,-795100000.0,15700000.0,221500000.0,-379100000.0,-138500000.0,-1116600000.0,7900000.0,857300000.0,-54100000.0,646200000.0,646200000.0,646200000.0,-14100000.0,2300000.0,0.061,5652000000.0,1061200000.0,876600000.0,0.576,9.126,21.315,21.265,1635300000.0,0.0,32.11,1.291,1.291,755500000.0,4476500000.0,10668200000.0,10668200000.0,0.0,0.092,0.488,0.188,0.102,58000000.0,5600200000.0,1.0,428949504.0,428949504,,24.871,7807200000.0,0.0,352500000.0,473100000.0,18.201,563200000.0
37,AVP,MRT,2010-06-30,2010-06-30,2010-06-30,2021-09-13,-757200000.0,6725200000.0,6775650000.0,3725600000.0,2999600000.0,1.567,2.958,-311300000.0,984100000.0,984100000.0,3976800000.0,638600000.0,1.405,4.272,2498700000.0,607700000.0,1891000000.0,2498700000.0,0.0,181600000.0,0.0,0.032,0.86,1087600000.0,1269200000.0,0.12,1269200000.0,1087600000.0,993400000.0,1.48,1.48,1.48,1267200000.0,1209325000.0,1267200000.0,12828292114.0,12.0,10.107,631000000.0,1.473,1.0,6638000000.0,0.625,0.0,94200000.0,5587400000.0,5585775000.0,1095800000.0,0.0,0.0,0.0,5414100000.0,2652400000.0,2761700000.0,11352692114.0,-236900000.0,-144300000.0,14500000.0,-288900000.0,-370600000.0,-642300000.0,-447200000.0,9100000.0,942300000.0,-89700000.0,635700000.0,635700000.0,635700000.0,-13800000.0,2900000.0,0.06,5577800000.0,1060200000.0,786400000.0,0.581,8.959,17.859,17.905,1534600000.0,0.0,26.5,1.07,1.07,737000000.0,4404700000.0,10614800000.0,10614800000.0,0.0,0.094,0.526,0.195,0.102,55000000.0,5525800000.0,1.0,428403476.0,428403476,,24.778,6725200000.0,0.0,357700000.0,489700000.0,15.698,1073200000.0
38,AVP,MRT,2010-03-31,2010-03-31,2010-03-31,2021-09-13,-683200000.0,6818500000.0,6673675000.0,3867000000.0,2951500000.0,1.568,2.91,-288500000.0,1122900000.0,1122900000.0,3949000000.0,554000000.0,1.379,4.448,2598500000.0,770200000.0,1828300000.0,2598500000.0,0.0,175600000.0,0.0,0.025,0.85,1001700000.0,1177300000.0,0.113,1177300000.0,1001700000.0,899900000.0,1.28,1.28,1.28,1244100000.0,1098550000.0,1244100000.0,15613564727.0,16.0,13.262,565800000.0,1.324,1.0,6515600000.0,0.623,0.0,101800000.0,5488900000.0,5576650000.0,1104600000.0,0.0,0.0,0.0,5533200000.0,2805200000.0,2728000000.0,14479264727.0,-479500000.0,-140300000.0,2800000.0,-550200000.0,-370500000.0,-918500000.0,-407500000.0,22000000.0,854300000.0,-7800000.0,551000000.0,551000000.0,551000000.0,-9600000.0,3000000.0,0.053,5538300000.0,977300000.0,742600000.0,0.664,11.638,26.278,26.461,1536100000.0,0.0,33.87,1.384,1.384,748000000.0,4331900000.0,10464600000.0,10464600000.0,0.0,0.083,0.502,0.18,0.096,57600000.0,5486900000.0,1.0,427495268.0,427495268,,24.479,6818500000.0,0.0,348900000.0,532800000.0,15.95,1061800000.0
39,AVP,MRT,2009-12-31,2009-12-31,2009-12-31,2021-09-13,-692600000.0,6823400000.0,6590650000.0,4206200000.0,2617200000.0,1.548,2.981,-285100000.0,1298100000.0,1298100000.0,3825500000.0,628200000.0,1.835,4.33,2445000000.0,137800000.0,2307200000.0,2445000000.0,0.0,175300000.0,0.0,0.027,0.84,1025100000.0,1200400000.0,0.118,1200400000.0,1025100000.0,920300000.0,1.45,1.45,1.45,1272600000.0,940375000.0,1272600000.0,14918065418.0,15.0,12.428,496900000.0,1.164,1.0,6379700000.0,0.625,229300000.0,104800000.0,5449300000.0,5572200000.0,1049800000.0,0.0,0.0,0.0,5510800000.0,2291700000.0,3219100000.0,13452265418.0,206900000.0,5800000.0,4500000.0,-300000.0,-364700000.0,-361800000.0,-218900000.0,61000000.0,782000000.0,5600000.0,625800000.0,625800000.0,625800000.0,-9000000.0,2400000.0,0.061,5381400000.0,998300000.0,739000000.0,0.579,10.571,21.496,21.724,1469000000.0,0.0,31.5,1.318,1.318,765700000.0,4383900000.0,10205200000.0,10205200000.0,0.0,0.095,0.665,0.184,0.1,54900000.0,5374100000.0,1.0,427056045.0,426900000,428500000.0,23.905,6594100000.0,0.0,294500000.0,536200000.0,15.446,1914500000.0
40,AVP,MRT,2009-09-30,2009-09-30,2009-09-30,2021-09-13,-711100000.0,6735500000.0,6403300000.0,4196800000.0,2538700000.0,1.538,2.467,-295800000.0,1293400000.0,1293400000.0,3692100000.0,587400000.0,1.761,5.354,2759200000.0,431200000.0,2328000000.0,2759200000.0,0.0,170000000.0,0.0,0.024,0.83,956000000.0,1126000000.0,0.114,1126000000.0,956000000.0,853600000.0,1.36,1.35,1.36,1053400000.0,790950000.0,1053400000.0,15968635210.0,17.0,14.182,396700000.0,0.929,1.0,6157100000.0,0.625,0.0,102400000.0,5817500000.0,5346050000.0,1192700000.0,0.0,0.0,0.0,5640400000.0,2383800000.0,3256600000.0,14499235210.0,326400000.0,-72000000.0,-3900000.0,281200000.0,-357500000.0,-80200000.0,-234600000.0,136400000.0,692500000.0,-51300000.0,588800000.0,588800000.0,588800000.0,6900000.0,-1400000.0,0.06,5220000000.0,937100000.0,721300000.0,0.61,13.764,24.625,24.971,1450900000.0,0.0,33.96,1.472,1.472,736200000.0,4204900000.0,9849200000.0,9849200000.0,0.0,0.092,0.744,0.179,0.097,51400000.0,5190000000.0,1.0,426950389.0,426950389,,23.069,6735500000.0,0.0,264800000.0,481300000.0,15.776,1813000000.0
41,AVP,MRT,2009-06-30,2009-06-30,2009-06-30,2021-09-13,-860100000.0,6317300000.0,6251575000.0,3843800000.0,2473500000.0,1.589,1.93,-335500000.0,1221000000.0,1221000000.0,3712300000.0,654500000.0,1.719,6.619,2690400000.0,446900000.0,2243500000.0,2690400000.0,0.0,171100000.0,0.0,0.032,0.82,1001300000.0,1172400000.0,0.118,1172400000.0,1001300000.0,900400000.0,1.52,1.51,1.52,824100000.0,792400000.0,824100000.0,12568568570.0,13.0,10.72,315600000.0,0.739,1.0,6222600000.0,0.626,0.0,100900000.0,5550900000.0,5122625000.0,1083100000.0,0.0,0.0,0.0,5454800000.0,2235800000.0,3219000000.0,11005668570.0,260700000.0,-71900000.0,-3900000.0,377200000.0,-353000000.0,28100000.0,-307900000.0,102600000.0,651100000.0,-110600000.0,655200000.0,655200000.0,655200000.0,6900000.0,-700000.0,0.066,5246400000.0,976200000.0,662900000.0,0.539,13.355,16.797,16.961,1397700000.0,0.0,25.78,1.108,1.108,689100000.0,4138700000.0,9934900000.0,9934900000.0,0.0,0.105,0.827,0.195,0.101,55600000.0,5216900000.0,1.0,426907237.0,426907237,,23.272,6317300000.0,0.0,245200000.0,449200000.0,14.798,1608000000.0
42,AVP,MRT,2009-03-31,2009-03-31,2009-03-31,2021-09-13,-1067700000.0,6486400000.0,6191075000.0,4049500000.0,2436900000.0,1.646,1.434,-355200000.0,1602400000.0,1602400000.0,3771400000.0,806900000.0,1.571,9.552,3165300000.0,871200000.0,2294100000.0,3165300000.0,0.0,180400000.0,0.0,0.042,0.81,1184300000.0,1364700000.0,0.134,1364700000.0,1184300000.0,1085200000.0,1.88,1.87,1.88,611400000.0,849125000.0,611400000.0,9581581520.0,8.0,7.021,373200000.0,0.875,1.0,6421300000.0,0.63,0.0,99100000.0,5471100000.0,4937450000.0,1047500000.0,0.0,0.0,0.0,5840100000.0,2578200000.0,3261900000.0,8198681520.0,709800000.0,-77700000.0,-44100000.0,844200000.0,-344700000.0,467100000.0,-348700000.0,87300000.0,728400000.0,-137000000.0,807900000.0,807900000.0,807900000.0,6900000.0,-1000000.0,0.079,5266300000.0,1155000000.0,651000000.0,0.431,13.41,10.148,10.229,1306600000.0,0.0,19.23,0.804,0.804,653900000.0,4146000000.0,10192700000.0,10192700000.0,0.0,0.13,0.951,0.24,0.116,54400000.0,5224600000.0,1.0,426348493.0,426348493,,23.907,6486400000.0,0.0,277300000.0,475800000.0,15.214,1471300000.0
43,AVP,MRT,2008-12-31,2008-12-31,2008-12-31,2021-09-13,-965900000.0,6074000000.0,6035875000.0,3556900000.0,2517100000.0,1.741,1.583,-364000000.0,1104700000.0,1104700000.0,3883900000.0,875600000.0,1.221,7.944,2487600000.0,1031400000.0,1456200000.0,2487600000.0,0.0,181600000.0,0.0,0.033,0.8,1316200000.0,1497800000.0,0.143,1497800000.0,1316200000.0,1215800000.0,2.04,2.03,2.04,674900000.0,914000000.0,674900000.0,11687013738.0,9.0,7.803,384100000.0,0.901,1.0,6623600000.0,0.63,0.0,100400000.0,4544700000.0,4740300000.0,1007900000.0,0.0,0.0,0.0,5361700000.0,2912200000.0,2449500000.0,10243913738.0,141300000.0,-77700000.0,-90700000.0,281500000.0,-346700000.0,-141500000.0,-403400000.0,41400000.0,748100000.0,-61900000.0,875300000.0,875300000.0,875300000.0,6900000.0,300000.0,0.083,5337300000.0,1286300000.0,724300000.0,0.392,15.178,11.703,11.779,1343900000.0,0.0,24.03,0.975,0.975,687800000.0,4118900000.0,10507500000.0,10507500000.0,0.0,0.145,0.958,0.278,0.125,54800000.0,5299100000.0,1.0,426296868.0,426360000,428250000.0,24.645,6074000000.0,0.0,340500000.0,509100000.0,14.246,644700000.0
44,AVP,MRT,2008-09-30,2008-09-30,2008-09-30,2021-09-13,-423000000.0,6128600000.0,5946425000.0,3806300000.0,2322300000.0,1.843,2.488,-367500000.0,967000000.0,967000000.0,4190700000.0,779400000.0,1.437,4.786,2410100000.0,732400000.0,1677700000.0,2410100000.0,0.0,188200000.0,0.0,0.019,0.785,1198900000.0,1387100000.0,0.127,1387100000.0,1198900000.0,1093700000.0,1.8,1.79,1.8,1059200000.0,923175000.0,1059200000.0,19000077233.0,16.0,13.698,462100000.0,1.085,1.0,6767300000.0,0.618,0.0,105200000.0,4923800000.0,4553325000.0,1236800000.0,0.0,0.0,0.0,5069400000.0,2647900000.0,2421500000.0,17696177233.0,126500000.0,18700000.0,-169800000.0,162400000.0,-343600000.0,-330300000.0,-401000000.0,-33300000.0,829600000.0,28200000.0,771800000.0,771800000.0,771800000.0,0.0,7600000.0,0.07,5599700000.0,1167600000.0,728800000.0,0.436,16.707,22.928,23.094,1372100000.0,0.0,41.57,1.615,1.615,704400000.0,3972400000.0,10958000000.0,10958000000.0,0.0,0.13,0.836,0.263,0.109,60000000.0,5575600000.0,1.0,425695868.0,425740000,429750000.0,25.739,6128600000.0,0.0,321900000.0,478900000.0,14.395,1158400000.0
45,AVP,MRT,2008-06-30,2008-06-30,2008-06-30,2021-09-13,-266300000.0,6075300000.0,5784400000.0,3739600000.0,2335700000.0,1.843,2.464,-321700000.0,960300000.0,960300000.0,4104700000.0,693800000.0,1.456,4.78,2264200000.0,592700000.0,1671500000.0,2264200000.0,0.0,177100000.0,0.0,0.021,0.77,1134100000.0,1311200000.0,0.123,1311200000.0,1134100000.0,1024300000.0,1.6,1.59,1.6,1051000000.0,812550000.0,1051000000.0,16721971895.0,15.0,12.753,441400000.0,1.035,1.0,6557700000.0,0.615,0.0,109800000.0,4810200000.0,4312675000.0,1202700000.0,0.0,0.0,0.0,5024300000.0,2569000000.0,2455300000.0,15371871895.0,56900000.0,16500000.0,-310800000.0,153400000.0,-337900000.0,-481300000.0,-323800000.0,400000.0,763100000.0,98900000.0,688300000.0,688300000.0,688300000.0,0.0,5500000.0,0.065,5457100000.0,1100600000.0,740800000.0,0.481,14.626,22.333,22.512,1377300000.0,0.0,36.02,1.442,1.441,787400000.0,3835500000.0,10662400000.0,10662400000.0,0.0,0.119,0.847,0.263,0.106,58600000.0,5439600000.0,1.0,426759353.0,426570000,430300000.0,24.996,6075300000.0,0.0,336000000.0,546000000.0,14.242,1170600000.0
46,AVP,MRT,2008-03-31,2008-03-31,2008-03-31,2021-09-13,-329500000.0,5865600000.0,5552450000.0,3576900000.0,2288700000.0,1.847,2.041,-300000000.0,892600000.0,892600000.0,4032400000.0,569500000.0,1.412,5.735,2242700000.0,562400000.0,1680300000.0,2242700000.0,0.0,173400000.0,0.0,0.019,0.755,960000000.0,1133400000.0,0.111,1133400000.0,960000000.0,848200000.0,1.31,1.3,1.31,870900000.0,705925000.0,870900000.0,18008379833.0,19.0,15.889,408900000.0,0.958,1.0,6222700000.0,0.607,0.0,111800000.0,4682500000.0,4047075000.0,1172400000.0,0.0,0.0,0.0,4994700000.0,2533200000.0,2461500000.0,16874379833.0,-229500000.0,15700000.0,-520700000.0,100900000.0,-335400000.0,-737500000.0,-305200000.0,-1900000.0,708900000.0,104300000.0,565400000.0,565400000.0,565400000.0,0.0,4100000.0,0.055,5298300000.0,924400000.0,735200000.0,0.576,19.376,29.845,30.183,1333200000.0,0.0,39.54,1.645,1.646,779900000.0,3685500000.0,10255100000.0,10255100000.0,0.0,0.102,0.801,0.237,0.094,63400000.0,5291600000.0,1.0,426767320.0,426790000,430370000.0,24.028,5865600000.0,0.0,282800000.0,515600000.0,13.744,1043700000.0
47,AVP,MRT,2007-12-31,2007-12-31,2007-12-31,2021-09-13,-417000000.0,5716200000.0,5402400000.0,3515400000.0,2200800000.0,1.84,1.642,-267300000.0,963400000.0,963400000.0,3941200000.0,533300000.0,1.151,7.033,2097400000.0,929500000.0,1167900000.0,2097400000.0,0.0,172100000.0,0.0,0.019,0.74,905700000.0,1077800000.0,0.108,1077800000.0,905700000.0,793500000.0,1.22,1.21,1.22,711600000.0,681275000.0,711600000.0,18335968849.0,20.0,17.012,322500000.0,0.744,1.0,5997500000.0,0.603,0.0,112200000.0,3796800000.0,3796225000.0,1041800000.0,0.0,0.0,0.0,5004600000.0,3053400000.0,1951200000.0,16960868849.0,-235500000.0,0.0,-581300000.0,290300000.0,-325700000.0,-597100000.0,-287200000.0,-900000.0,589800000.0,59000000.0,530700000.0,530700000.0,530700000.0,0.0,2600000.0,0.053,5131400000.0,866100000.0,800300000.0,0.607,23.835,31.959,32.402,1278200000.0,0.0,39.53,1.707,1.724,795000000.0,3586500000.0,9938700000.0,9938700000.0,0.0,0.098,0.779,0.239,0.091,61600000.0,5124800000.0,1.0,429063214.0,433470000,436020000.0,22.928,5716200000.0,0.0,262800000.0,533300000.0,13.187,462000000.0
48,AVP,MRT,2007-09-30,2007-09-30,2007-09-30,2021-09-13,-518700000.0,5480500000.0,5282900000.0,3462400000.0,2018100000.0,1.796,1.434,-201200000.0,840500000.0,840500000.0,3688100000.0,585900000.0,1.196,7.887,2215600000.0,1042700000.0,1172900000.0,2215600000.0,0.0,166100000.0,0.0,0.019,0.73,971000000.0,1137100000.0,0.12,1137100000.0,971000000.0,861900000.0,1.34,1.34,1.34,616700000.0,700975000.0,616700000.0,17401643711.0,18.0,15.304,219300000.0,0.51,1.0,5797700000.0,0.611,0.0,109100000.0,3961200000.0,3672125000.0,1229200000.0,0.0,0.0,0.0,4863800000.0,2894400000.0,1969400000.0,16237243711.0,-262300000.0,-18800000.0,-615300000.0,389800000.0,-323000000.0,-532000000.0,-222500000.0,-2500000.0,420500000.0,71700000.0,585900000.0,585900000.0,585900000.0,0.0,0.0,0.062,4871400000.0,926300000.0,700900000.0,0.545,26.329,27.713,28.007,1166000000.0,0.0,37.53,1.712,1.701,752700000.0,3537500000.0,9485800000.0,9485800000.0,0.0,0.111,0.836,0.264,0.102,64500000.0,4867100000.0,1.0,432647048.0,430030000,433030000.0,22.058,5480500000.0,0.0,276000000.0,428400000.0,12.744,568000000.0
49,AVP,MRT,2007-06-30,2007-06-30,2007-06-30,2021-09-13,-578100000.0,5147500000.0,5247375000.0,3176100000.0,1971400000.0,1.752,1.436,-178700000.0,903400000.0,903400000.0,3613900000.0,533200000.0,1.239,7.243,2067800000.0,907500000.0,1160300000.0,2067800000.0,0.0,167200000.0,0.0,0.02,0.72,905900000.0,1073100000.0,0.117,1073100000.0,905900000.0,802100000.0,1.21,1.21,1.21,624500000.0,792525000.0,624500000.0,17099996330.0,19.0,15.935,327100000.0,0.752,1.0,5581400000.0,0.607,0.0,103800000.0,3747800000.0,3586575000.0,1030700000.0,0.0,0.0,0.0,4523000000.0,2564100000.0,1958900000.0,16127996330.0,-211100000.0,-55900000.0,-570400000.0,320100000.0,-322500000.0,-556000000.0,-235500000.0,-900000.0,505800000.0,74600000.0,533200000.0,533200000.0,533200000.0,0.0,0.0,0.058,4719800000.0,861600000.0,612900000.0,0.595,25.825,30.248,30.372,1121400000.0,0.0,36.75,1.754,1.738,675200000.0,3478100000.0,9195300000.0,9195300000.0,0.0,0.102,0.673,0.253,0.099,63700000.0,4706800000.0,1.0,438857043.0,434850000,438450000.0,21.146,5147500000.0,0.0,268900000.0,430400000.0,11.837,612000000.0
50,AVP,MRT,2007-03-31,2007-03-31,2007-03-31,2021-09-13,-637000000.0,5265400000.0,5244600000.0,3334300000.0,1931100000.0,1.706,1.753,-162800000.0,1122100000.0,1122100000.0,3469300000.0,571400000.0,1.303,5.818,2094100000.0,923900000.0,1170200000.0,2094100000.0,0.0,162300000.0,0.0,0.019,0.71,952300000.0,1114600000.0,0.125,1114600000.0,952300000.0,852700000.0,1.29,1.28,1.29,772300000.0,887700000.0,772300000.0,17022086667.0,18.0,15.272,372300000.0,0.845,1.0,5476700000.0,0.612,0.0,99600000.0,3679100000.0,3541650000.0,984100000.0,0.0,0.0,0.0,4493100000.0,2558300000.0,1934800000.0,16434686667.0,-35900000.0,-55100000.0,-394000000.0,304900000.0,-320000000.0,-397500000.0,-227000000.0,-9100000.0,535100000.0,53500000.0,571400000.0,571400000.0,571400000.0,0.0,0.0,0.064,4576300000.0,900400000.0,597000000.0,0.55,21.28,28.762,28.884,1095400000.0,0.0,37.26,1.837,1.835,669500000.0,3446800000.0,8946000000.0,8946000000.0,0.0,0.109,0.644,0.269,0.106,63300000.0,4563700000.0,1.0,441081231.0,440610000,443760000.0,20.304,5265400000.0,0.0,281300000.0,469100000.0,11.95,776000000.0
51,AVP,MRT,2006-12-31,2006-12-31,2006-12-31,2021-09-13,-656300000.0,5238200000.0,5159250000.0,3334400000.0,1903800000.0,1.699,1.767,-158400000.0,1198900000.0,1198900000.0,3416500000.0,477600000.0,1.32,5.627,1786300000.0,615600000.0,1170700000.0,1786300000.0,0.0,159600000.0,0.0,0.021,0.7,800600000.0,960200000.0,0.11,960200000.0,800600000.0,701000000.0,1.07,1.06,1.07,790400000.0,881275000.0,790400000.0,15408202760.0,19.0,16.047,637700000.0,1.425,1.0,5347400000.0,0.61,0.0,99600000.0,3300400000.0,3454200000.0,900300000.0,0.0,0.0,0.0,4447800000.0,2525200000.0,1922600000.0,14687902760.0,140200000.0,-39400000.0,-322600000.0,141700000.0,-317600000.0,-490400000.0,-207900000.0,-10100000.0,796100000.0,42400000.0,477600000.0,477600000.0,477600000.0,0.0,0.0,0.054,4599600000.0,747800000.0,655800000.0,0.654,18.583,30.754,30.879,1100200000.0,0.0,33.04,1.676,1.687,700400000.0,3396800000.0,8763900000.0,8763900000.0,0.0,0.093,0.542,0.232,0.091,62900000.0,4586000000.0,1.0,444549115.0,447400000,449160000.0,19.589,5238200000.0,0.0,223400000.0,440300000.0,11.708,809200000.0
52,AVP,MRT,2006-09-30,2006-09-30,2006-09-30,2021-09-13,-443800000.0,5338400000.0,5040050000.0,3236800000.0,2101600000.0,1.694,2.202,-128100000.0,1102800000.0,1102800000.0,3331100000.0,476700000.0,1.327,4.431,1823100000.0,566300000.0,1256800000.0,1823100000.0,0.0,162500000.0,0.0,0.023,0.69,816500000.0,979000000.0,0.115,979000000.0,816500000.0,721900000.0,1.06,1.05,1.06,982900000.0,882225000.0,982900000.0,14360153518.0,18.0,14.668,836200000.0,1.873,1.0,5208400000.0,0.61,0.0,94600000.0,3619000000.0,3342100000.0,977200000.0,0.0,0.0,0.0,4355500000.0,2439700000.0,1915800000.0,13725753518.0,117100000.0,-195100000.0,-423500000.0,213600000.0,-315300000.0,-522400000.0,-331600000.0,-8400000.0,964300000.0,6800000.0,476700000.0,476700000.0,476700000.0,0.0,0.0,0.056,4440300000.0,768100000.0,594700000.0,0.651,13.965,28.793,28.925,1043300000.0,0.0,30.66,1.607,1.603,634600000.0,3290500000.0,8539500000.0,8539500000.0,0.0,0.095,0.54,0.244,0.096,48600000.0,4432000000.0,1.0,447676240.0,446360000,447930000.0,19.131,5338400000.0,0.0,245200000.0,414600000.0,11.96,797100000.0
53,AVP,MRT,2006-06-30,2006-06-30,2006-06-30,2021-09-13,-492600000.0,5136400000.0,4864750000.0,3048200000.0,2088200000.0,1.72,2.237,-153400000.0,1114500000.0,1114500000.0,3240800000.0,554100000.0,1.384,4.11,1748900000.0,503900000.0,1245000000.0,1748900000.0,0.0,156000000.0,0.0,0.022,0.68,898700000.0,1054700000.0,0.126,1054700000.0,898700000.0,814800000.0,1.22,1.21,1.22,1005200000.0,858500000.0,1005200000.0,14585353780.0,16.0,13.829,797900000.0,1.776,1.0,5126100000.0,0.613,0.0,83900000.0,3568100000.0,3187475000.0,897400000.0,0.0,0.0,0.0,4131200000.0,2202700000.0,1928500000.0,13958753780.0,234400000.0,-156600000.0,-707100000.0,633500000.0,-314300000.0,-386000000.0,-319700000.0,-10300000.0,951300000.0,-11200000.0,554100000.0,554100000.0,554100000.0,0.0,0.0,0.066,4275200000.0,850900000.0,524600000.0,0.557,13.887,25.192,25.41,1035400000.0,0.0,31.0,1.668,1.665,565200000.0,3282500000.0,8366900000.0,8366900000.0,0.0,0.114,0.645,0.282,0.107,37700000.0,4270100000.0,1.0,450282380.0,449360000,451870000.0,18.62,5136400000.0,0.0,260700000.0,389700000.0,11.43,845500000.0
54,AVP,MRT,2006-03-31,2006-03-31,2006-03-31,2021-09-13,-744800000.0,4924000000.0,4662175000.0,3080600000.0,1843400000.0,1.774,1.656,-168000000.0,1158000000.0,1158000000.0,3194700000.0,731800000.0,1.387,5.595,1784600000.0,530800000.0,1253800000.0,1784600000.0,0.0,148500000.0,0.0,0.021,0.67,1006700000.0,1155200000.0,0.14,1155200000.0,1006700000.0,936200000.0,1.58,1.57,1.58,746600000.0,901300000.0,746600000.0,14632511675.0,15.0,12.667,837200000.0,1.857,1.0,5077000000.0,0.614,0.0,70500000.0,3329300000.0,3046225000.0,860000000.0,0.0,0.0,0.0,4177400000.0,2221300000.0,1956100000.0,14042211675.0,366000000.0,-156600000.0,-690500000.0,719800000.0,-314300000.0,-284000000.0,-334700000.0,-10100000.0,1005200000.0,-20500000.0,731800000.0,731800000.0,731800000.0,0.0,0.0,0.088,4107400000.0,969600000.0,538300000.0,0.424,18.808,19.189,19.728,1043700000.0,0.0,31.17,1.698,1.699,595700000.0,3210500000.0,8271700000.0,8271700000.0,0.0,0.157,0.812,0.33,0.122,22400000.0,4102300000.0,1.0,450504064.0,450750000,452620000.0,18.351,4924000000.0,0.0,204400000.0,395300000.0,10.924,859300000.0
55,AVP,MRT,2005-12-31,2005-12-31,2005-12-31,2021-09-13,-740900000.0,4761400000.0,4484125000.0,2919000000.0,1842400000.0,1.817,1.703,-176500000.0,1058700000.0,1058700000.0,3113200000.0,847600000.0,1.168,4.995,1649000000.0,882500000.0,766500000.0,1649000000.0,0.0,139600000.0,0.0,0.023,0.66,1171400000.0,1311000000.0,0.161,1311000000.0,1171400000.0,1117300000.0,1.82,1.81,1.82,794200000.0,962900000.0,794200000.0,13719882121.0,12.0,10.465,719000000.0,1.542,1.0,5036400000.0,0.618,0.0,54100000.0,2852000000.0,2929425000.0,801700000.0,0.0,0.0,0.0,3967200000.0,2499700000.0,1467500000.0,13087082121.0,289100000.0,-156600000.0,-666600000.0,753700000.0,-313800000.0,-226700000.0,-343100000.0,-10000000.0,895500000.0,-36600000.0,847600000.0,847600000.0,847600000.0,0.0,0.0,0.104,3895400000.0,1141000000.0,538200000.0,0.363,16.478,15.44,15.687,1050800000.0,0.0,28.55,1.606,1.633,634100000.0,3233100000.0,8149600000.0,8149600000.0,0.0,0.189,0.88,0.4,0.144,10100000.0,3887400000.0,1.0,458391668.0,466280000,469470000.0,17.478,4761400000.0,0.0,269700000.0,430900000.0,10.211,419300000.0
56,AVP,MRT,2005-09-30,2005-09-30,2005-09-30,2021-09-13,-709600000.0,4637200000.0,4330800000.0,2977600000.0,1659600000.0,1.862,1.903,-210200000.0,985700000.0,985700000.0,3065800000.0,953200000.0,1.312,4.222,1618500000.0,846600000.0,771900000.0,1618500000.0,0.0,134800000.0,0.0,0.024,0.635,1261900000.0,1396700000.0,0.173,1396700000.0,1261900000.0,1218400000.0,2.03,2.0,2.03,888000000.0,1001900000.0,888000000.0,12983434955.0,10.0,9.296,674400000.0,1.445,1.0,4996100000.0,0.62,0.0,43500000.0,3000500000.0,2888175000.0,953800000.0,0.0,0.0,0.0,3749200000.0,2269500000.0,1479700000.0,12710834955.0,378300000.0,-48300000.0,-520200000.0,531700000.0,-304700000.0,-293200000.0,-222400000.0,-10500000.0,884600000.0,9300000.0,953200000.0,953200000.0,953200000.0,0.0,0.0,0.118,3759700000.0,1236400000.0,489400000.0,0.313,14.314,13.335,13.3,1039900000.0,0.0,27.0,1.577,1.563,595300000.0,3125000000.0,8061900000.0,8061900000.0,0.0,0.22,0.951,0.437,0.157,16800000.0,3733200000.0,1.0,470771665.0,466560000,468950000.0,17.279,4637200000.0,0.0,265200000.0,371900000.0,9.939,708100000.0
57,AVP,MRT,2005-06-30,2005-06-30,2005-06-30,2021-09-13,-724000000.0,4326100000.0,4130275000.0,2686300000.0,1639800000.0,1.933,2.495,-233400000.0,880100000.0,880100000.0,3021100000.0,966300000.0,1.684,2.677,1152700000.0,286800000.0,865900000.0,1152700000.0,0.0,133100000.0,0.0,0.016,0.61,1272200000.0,1405300000.0,0.176,1405300000.0,1272200000.0,1233700000.0,2.05,2.02,2.05,1176400000.0,957150000.0,1176400000.0,18153882814.0,14.0,12.918,654800000.0,1.389,1.0,4961000000.0,0.622,0.0,38500000.0,3003100000.0,2818300000.0,841500000.0,0.0,0.0,0.0,3149700000.0,1595600000.0,1554100000.0,17865782814.0,238200000.0,-47500000.0,-167600000.0,39500000.0,-294200000.0,-422300000.0,-245200000.0,-10100000.0,888200000.0,17500000.0,966300000.0,966300000.0,966300000.0,0.0,0.0,0.121,3708700000.0,1252300000.0,474500000.0,0.298,15.187,18.489,18.463,1015800000.0,0.0,37.85,2.238,2.236,564400000.0,3038400000.0,7982100000.0,7982100000.0,0.0,0.234,1.01,0.451,0.159,14500000.0,3682400000.0,1.0,472015398.0,471450000,475570000.0,16.931,4326100000.0,0.0,267400000.0,354600000.0,9.176,1090700000.0
58,AVP,MRT,2005-03-31,2005-03-31,2005-03-31,2021-09-13,-718800000.0,4211800000.0,3957425000.0,2602900000.0,1608900000.0,1.987,2.104,-232400000.0,792000000.0,792000000.0,2964500000.0,870000000.0,1.589,3.241,1080100000.0,229400000.0,850700000.0,1080100000.0,0.0,132000000.0,0.0,0.014,0.585,1244300000.0,1376300000.0,0.175,1376300000.0,1244300000.0,1206500000.0,1.84,1.82,1.84,993000000.0,811775000.0,993000000.0,20395576880.0,16.0,14.819,653200000.0,1.384,1.0,4899600000.0,0.623,0.0,37800000.0,2862100000.0,2708475000.0,815300000.0,0.0,0.0,0.0,3218800000.0,1637800000.0,1581000000.0,20247176880.0,230000000.0,-47500000.0,-100800000.0,-8900000.0,-281700000.0,-391400000.0,-289400000.0,-9800000.0,885600000.0,25200000.0,870000000.0,870000000.0,870000000.0,0.0,0.0,0.111,3669100000.0,1230500000.0,461800000.0,0.318,20.39,23.273,23.337,1000000000.0,0.0,42.94,2.575,2.577,582200000.0,2787600000.0,7864100000.0,7864100000.0,0.0,0.22,1.072,0.459,0.158,12000000.0,3639500000.0,1.0,471522517.0,471950000,477000000.0,16.663,4211800000.0,0.0,336500000.0,464700000.0,8.924,965100000.0
59,AVP,MRT,2004-12-31,2004-12-31,2004-12-31,2021-09-13,-679500000.0,4148100000.0,3780225000.0,2506400000.0,1641700000.0,2.05,2.012,-230500000.0,769600000.0,769600000.0,2932500000.0,846100000.0,1.557,3.366,918000000.0,51700000.0,866300000.0,918000000.0,0.0,133700000.0,0.0,0.014,0.56,1210500000.0,1344200000.0,0.173,1344200000.0,1210500000.0,1176700000.0,1.79,1.77,1.79,950200000.0,668400000.0,950200000.0,18794930093.0,16.0,13.982,652100000.0,1.381,1.0,4815300000.0,0.622,0.0,33800000.0,2687000000.0,2638500000.0,740500000.0,0.0,0.0,0.0,3197900000.0,1609500000.0,1588400000.0,18303230093.0,75600000.0,-47500000.0,-101900000.0,-195400000.0,-269700000.0,-567000000.0,-279400000.0,-1400000.0,882600000.0,39400000.0,846100000.0,846100000.0,846100000.0,0.0,0.0,0.109,3614600000.0,1200700000.0,490100000.0,0.313,19.263,21.632,21.62,1014800000.0,0.0,38.7,2.362,2.359,599100000.0,2693500000.0,7747800000.0,7747800000.0,0.0,0.224,1.266,0.459,0.156,8800000.0,3586300000.0,1.0,472951682.0,472350000,477960000.0,16.403,4148100000.0,0.0,330600000.0,471200000.0,8.782,896900000.0
60,AVP,MRT,2004-09-30,2004-09-30,2004-09-30,2021-09-13,-721500000.0,3835100000.0,3638600000.0,2381300000.0,1453800000.0,2.066,1.499,-214400000.0,607400000.0,607400000.0,2850200000.0,818600000.0,1.483,4.409,1099100000.0,233800000.0,865300000.0,1099100000.0,0.0,128200000.0,0.0,0.012,0.525,1196800000.0,1325000000.0,0.176,1325000000.0,1196800000.0,1166400000.0,1.725,1.715,1.725,709000000.0,523675000.0,709000000.0,21108610467.0,18.0,15.931,673600000.0,1.424,1.0,4665400000.0,0.621,0.0,30400000.0,2721000000.0,2567350000.0,825900000.0,0.0,0.0,0.0,3126100000.0,1605800000.0,1520300000.0,20654810467.0,222800000.0,-20400000.0,-130800000.0,-28100000.0,-253000000.0,-411900000.0,-262600000.0,-800000.0,888000000.0,9300000.0,818600000.0,818600000.0,818600000.0,0.0,0.0,0.109,3474700000.0,1190700000.0,440900000.0,0.304,29.132,25.232,25.322,930500000.0,0.0,43.68,2.748,2.749,641800000.0,2470700000.0,7515600000.0,7515600000.0,0.0,0.225,1.563,0.466,0.159,0.0,3459300000.0,1.0,472866540.0,473080000,479360000.0,15.887,3835100000.0,0.0,347800000.0,423000000.0,8.107,775500000.0
61,AVP,MRT,2004-06-30,2004-06-30,2004-06-30,2021-09-13,-750600000.0,3634700000.0,3520500000.0,2240500000.0,1394200000.0,2.082,1.26,-173600000.0,641900000.0,641900000.0,2777000000.0,774800000.0,1.469,5.11,1095700000.0,244100000.0,851600000.0,1095700000.0,0.0,127400000.0,0.0,0.011,0.49,1133600000.0,1261000000.0,0.172,1261000000.0,1133600000.0,1104900000.0,1.635,1.625,1.635,594900000.0,393150000.0,594900000.0,22343096594.0,20.0,17.719,685100000.0,1.451,1.0,4553100000.0,0.621,0.0,28700000.0,2563800000.0,2577800000.0,723900000.0,0.0,0.0,0.0,3039800000.0,1524700000.0,1515100000.0,21771896594.0,-118900000.0,-20400000.0,-82500000.0,-423100000.0,-235700000.0,-741300000.0,-232400000.0,-11000000.0,858700000.0,-3900000.0,774800000.0,774800000.0,774800000.0,0.0,0.0,0.106,3423100000.0,1130000000.0,406000000.0,0.3,36.598,28.1,28.22,872000000.0,0.0,46.14,2.97,2.973,595200000.0,2360100000.0,7330100000.0,7330100000.0,0.0,0.22,1.971,0.44,0.155,0.0,3398800000.0,1.0,471865986.0,472270000,478370000.0,15.521,3634700000.0,0.0,330100000.0,433900000.0,7.696,715800000.0
62,AVP,MRT,2004-03-31,2004-03-31,2004-03-31,2021-09-13,-749300000.0,3503000000.0,3511250000.0,2148500000.0,1354500000.0,2.025,0.89,-152700000.0,562000000.0,562000000.0,2722900000.0,714000000.0,1.44,7.35,1133200000.0,235200000.0,898000000.0,1133200000.0,0.0,126000000.0,0.0,0.012,0.455,1082300000.0,1208300000.0,0.17,1208300000.0,1082300000.0,1052800000.0,1.515,1.495,1.515,419500000.0,254425000.0,419500000.0,18287319785.0,17.0,15.135,620200000.0,1.315,1.0,4389100000.0,0.617,0.0,29500000.0,2582200000.0,2616150000.0,694300000.0,0.0,0.0,0.0,3083500000.0,1492000000.0,1591500000.0,17859519785.0,109300000.0,-20400000.0,-93100000.0,-187100000.0,-216700000.0,-496900000.0,-174200000.0,-1100000.0,772900000.0,7500000.0,714000000.0,714000000.0,714000000.0,0.0,0.0,0.1,3310500000.0,1078600000.0,392900000.0,0.3,42.573,25.013,25.04,852600000.0,0.0,37.935,2.511,2.515,601000000.0,2284500000.0,7112000000.0,7112000000.0,0.0,0.203,2.806,0.414,0.152,0.0,3280500000.0,1.0,470792666.0,471560000,476610000.0,15.082,3503000000.0,0.0,338800000.0,457000000.0,7.429,656500000.0
63,AVP,MRT,2003-12-31,2003-12-31,2003-12-31,2021-09-13,-729400000.0,3581600000.0,3441250000.0,2226100000.0,1355500000.0,1.989,0.788,-148500000.0,694000000.0,694000000.0,2631600000.0,664800000.0,1.385,8.646,1121800000.0,244100000.0,877700000.0,1121800000.0,0.0,123500000.0,0.0,0.012,0.42,1017000000.0,1140500000.0,0.167,1140500000.0,1017000000.0,983700000.0,1.41,1.39,1.41,371300000.0,121250000.0,371300000.0,16727708992.0,16.0,14.667,596800000.0,1.267,1.0,4213500000.0,0.616,0.0,33300000.0,2402400000.0,2534250000.0,653400000.0,0.0,0.0,0.0,3210300000.0,1607000000.0,1603300000.0,15961908992.0,87200000.0,-20400000.0,-113700000.0,-180400000.0,-201400000.0,-495500000.0,-178400000.0,-9500000.0,745300000.0,15800000.0,664800000.0,664800000.0,664800000.0,0.0,0.0,0.097,3199300000.0,1014200000.0,400100000.0,0.298,42.989,24.01,23.933,855600000.0,0.0,33.745,2.332,2.322,553200000.0,2202400000.0,6845100000.0,6845100000.0,0.0,0.193,5.483,0.401,0.149,0.0,3170700000.0,1.0,473015528.0,471080000,483130000.0,14.531,3581600000.0,0.0,318900000.0,531300000.0,7.603,619100000.0
64,AVP,MRT,2003-09-30,2003-09-30,2003-09-30,2021-09-13,-768900000.0,3362700000.0,3377725000.0,2036500000.0,1326200000.0,1.947,0.396,-142600000.0,384600000.0,384600000.0,2542400000.0,596500000.0,1.491,16.992,1150400000.0,55500000.0,1094900000.0,1150400000.0,0.0,124100000.0,0.0,0.013,0.415,943400000.0,1067500000.0,0.162,1067500000.0,943400000.0,904900000.0,1.265,1.25,1.265,186900000.0,-3500000.0,186900000.0,16117531807.0,17.0,15.098,468000000.0,0.991,1.0,4033800000.0,0.613,0.0,38500000.0,2762800000.0,2463000000.0,746300000.0,0.0,0.0,0.0,3175800000.0,1365700000.0,1810100000.0,15249831807.0,38400000.0,-10200000.0,-40900000.0,-170600000.0,-198000000.0,-409500000.0,-172700000.0,-600000.0,610600000.0,10000000.0,596500000.0,596500000.0,596500000.0,0.0,0.0,0.091,3092700000.0,941100000.0,390500000.0,0.328,81.594,25.566,25.518,811900000.0,0.0,32.28,2.319,2.318,585400000.0,1990600000.0,6576200000.0,6576200000.0,0.0,0.177,-170.429,0.383,0.143,0.0,3065600000.0,1.0,472423538.0,472300000,479220000.0,13.924,3362700000.0,0.0,308400000.0,477900000.0,7.12,670800000.0
65,AVP,MRT,2003-06-30,2003-06-30,2003-06-30,2021-09-13,-761500000.0,3597700000.0,3333900000.0,2270500000.0,1327200000.0,1.925,0.085,-130100000.0,760800000.0,760800000.0,2502600000.0,553700000.0,1.299,88.942,1628500000.0,509900000.0,1118600000.0,1628500000.0,0.0,124500000.0,0.0,0.013,0.41,898200000.0,1022700000.0,0.159,1022700000.0,898200000.0,852000000.0,1.175,1.16,1.175,40000000.0,-65850000.0,40000000.0,15524970198.0,17.0,15.18,406200000.0,0.865,1.0,3916300000.0,0.61,0.0,46200000.0,2717200000.0,2489000000.0,678700000.0,0.0,0.0,0.0,3557700000.0,1748200000.0,1809500000.0,14605970198.0,331400000.0,-10200000.0,-94900000.0,228000000.0,-195300000.0,-62200000.0,-149900000.0,9200000.0,536300000.0,7200000.0,553700000.0,553700000.0,553700000.0,0.0,0.0,0.086,3020400000.0,895900000.0,367900000.0,0.349,365.149,26.379,26.468,795500000.0,0.0,31.1,2.275,2.276,543800000.0,1907100000.0,6418900000.0,6418900000.0,0.0,0.166,-8.409,0.361,0.14,0.0,2970100000.0,1.0,469645344.0,469800000,488580000.0,13.663,3597700000.0,0.0,298300000.0,468700000.0,7.658,522300000.0
66,AVP,MRT,2003-03-31,2003-03-31,2003-03-31,2021-09-13,-798200000.0,3223000000.0,3216450000.0,1955600000.0,1267400000.0,1.958,-0.241,-125400000.0,452700000.0,452700000.0,2471500000.0,537200000.0,1.036,-29.472,1371700000.0,606800000.0,764900000.0,1371700000.0,0.0,125500000.0,0.0,0.014,0.405,879900000.0,1005400000.0,0.16,1005400000.0,879900000.0,831400000.0,1.135,1.12,1.135,-113200000.0,-85775000.0,-113200000.0,14191255132.0,16.0,14.115,462900000.0,0.985,1.0,3826400000.0,0.608,0.0,48500000.0,2254600000.0,2492900000.0,690000000.0,0.0,0.0,0.0,3336200000.0,1887400000.0,1448800000.0,13425855132.0,100000000.0,-10200000.0,-125100000.0,-25500000.0,-193300000.0,-343900000.0,-136700000.0,-1600000.0,588300000.0,-7800000.0,537200000.0,537200000.0,537200000.0,0.0,0.0,0.085,2949800000.0,876600000.0,385600000.0,0.357,-118.603,24.992,25.132,762800000.0,0.0,28.525,2.132,2.13,530400000.0,1785100000.0,6297900000.0,6297900000.0,0.0,0.167,-6.263,0.353,0.14,0.0,2917600000.0,1.0,470669768.0,470180000,487640000.0,13.395,3223000000.0,0.0,294200000.0,504200000.0,6.855,68200000.0
67,AVP,MRT,2002-12-31,2002-12-31,2002-12-31,2021-09-13,-791400000.0,3327500000.0,3173925000.0,2048200000.0,1279300000.0,1.953,-0.27,-116200000.0,606800000.0,606800000.0,2438200000.0,534600000.0,1.037,-27.057,1372200000.0,605200000.0,767000000.0,1372200000.0,0.0,124800000.0,0.0,0.015,0.4,878900000.0,1003700000.0,0.162,1003700000.0,878900000.0,826900000.0,1.13,1.11,1.13,-127700000.0,-77125000.0,-127700000.0,13696518929.0,16.0,13.646,449200000.0,0.951,1.0,3761900000.0,0.607,0.0,52000000.0,2117400000.0,2599125000.0,614700000.0,0.0,0.0,0.0,3455200000.0,1975500000.0,1479700000.0,12671818929.0,98300000.0,-10200000.0,-113900000.0,-26700000.0,-191200000.0,-331800000.0,-123000000.0,3400000.0,565400000.0,-12300000.0,534600000.0,534600000.0,534600000.0,0.0,0.0,0.086,2888500000.0,873400000.0,379900000.0,0.354,-99.231,23.703,23.836,769100000.0,0.0,26.935,2.044,2.051,555400000.0,1735300000.0,6200100000.0,6200100000.0,0.0,0.168,-6.932,0.338,0.142,0.0,2864100000.0,1.0,470459214.0,472120000,490940000.0,13.132,3327500000.0,0.0,292300000.0,513500000.0,7.048,72700000.0
68,AVP,MRT,2002-09-30,2002-09-30,2002-09-30,2021-09-13,-589800000.0,3187400000.0,3137300000.0,1825500000.0,1361900000.0,1.954,-0.132,-116300000.0,346200000.0,346200000.0,2477600000.0,452000000.0,1.357,-51.998,1370900000.0,70600000.0,1300300000.0,1370900000.0,0.0,120200000.0,0.0,0.017,0.395,756900000.0,877100000.0,0.143,877100000.0,756900000.0,700000000.0,0.96,0.94,0.96,-62500000.0,-63975000.0,-62500000.0,11791803724.0,16.0,13.444,462600000.0,0.979,1.0,3651300000.0,0.596,0.0,56900000.0,2866800000.0,2704925000.0,700600000.0,0.0,0.0,0.0,3249900000.0,1345300000.0,1904600000.0,10878703724.0,161100000.0,-5000000.0,-78300000.0,-7900000.0,-189100000.0,-275300000.0,-114700000.0,1100000.0,578900000.0,-27800000.0,452000000.0,452000000.0,452000000.0,0.0,0.0,0.074,2901200000.0,750100000.0,327000000.0,0.411,-174.059,24.068,24.01,734200000.0,0.0,23.05,1.775,1.778,512400000.0,1589300000.0,6128900000.0,6128900000.0,0.0,0.144,-7.065,0.28,0.123,0.0,2791900000.0,1.0,471961116.0,472680000,491620000.0,12.966,3187400000.0,0.0,248000000.0,487100000.0,6.743,480200000.0
69,AVP,MRT,2002-06-30,2002-06-30,2002-06-30,2021-09-13,-554400000.0,3127900000.0,3079875000.0,1836500000.0,1291400000.0,1.976,-0.084,-122600000.0,429400000.0,429400000.0,2445900000.0,476300000.0,1.404,-79.788,1342500000.0,79300000.0,1263200000.0,1342500000.0,0.0,116700000.0,0.0,0.015,0.39,792300000.0,909000000.0,0.149,909000000.0,792300000.0,733500000.0,1.015,0.99,1.015,-39700000.0,-77625000.0,-39700000.0,13312926803.0,17.0,14.646,534600000.0,1.131,1.0,3641000000.0,0.598,0.0,58800000.0,2732800000.0,2687850000.0,668900000.0,0.0,0.0,0.0,3167600000.0,1308200000.0,1859400000.0,12352026803.0,277700000.0,-5000000.0,-59200000.0,6300000.0,-186900000.0,-239800000.0,-121100000.0,1400000.0,657200000.0,-18600000.0,476300000.0,476300000.0,476300000.0,0.0,0.0,0.078,2857300000.0,783700000.0,322400000.0,0.384,-311.134,25.933,25.734,748900000.0,0.0,26.12,2.029,2.029,492100000.0,1546200000.0,6086900000.0,6086900000.0,0.0,0.155,-6.136,0.295,0.13,0.0,2795700000.0,1.0,472895360.0,472860000,,12.873,3127900000.0,0.0,257200000.0,504600000.0,6.615,528300000.0
70,AVP,MRT,2002-03-31,2002-03-31,2002-03-31,2021-09-13,-518400000.0,3052900000.0,3003625000.0,1794200000.0,1258700000.0,2.007,-0.166,-135400000.0,352700000.0,352700000.0,2393000000.0,459200000.0,1.345,-39.841,1313600000.0,85500000.0,1228100000.0,1313600000.0,0.0,112200000.0,0.0,0.014,0.385,771900000.0,884100000.0,0.147,884100000.0,771900000.0,707100000.0,0.975,0.955,0.975,-78600000.0,-106750000.0,-78600000.0,13680948775.0,18.0,15.474,481700000.0,1.018,1.0,3633900000.0,0.603,0.0,64800000.0,2679500000.0,2661350000.0,672500000.0,0.0,0.0,0.0,3131500000.0,1334300000.0,1797200000.0,12864348775.0,260200000.0,-5000000.0,-74700000.0,41400000.0,-184400000.0,-217700000.0,-123800000.0,12200000.0,617100000.0,-15300000.0,459200000.0,459200000.0,459200000.0,0.0,0.0,0.076,2872100000.0,761800000.0,349600000.0,0.395,-163.669,28.015,27.856,751500000.0,0.0,27.16,2.134,2.133,506500000.0,1438500000.0,6026900000.0,6026900000.0,0.0,0.153,-4.302,0.29,0.128,0.0,2794900000.0,1.0,473650544.0,473400000,,12.731,3052900000.0,0.0,247900000.0,510700000.0,6.449,459900000.0
71,AVP,MRT,2001-12-31,2001-12-31,2001-12-31,2021-09-13,-489500000.0,3181000000.0,2927075000.0,1885100000.0,1295900000.0,2.05,-0.159,-147100000.0,508500000.0,508500000.0,2364600000.0,444600000.0,1.294,-43.357,1325100000.0,88800000.0,1236300000.0,1325100000.0,0.0,109000000.0,0.0,0.016,0.38,756000000.0,865000000.0,0.144,865000000.0,756000000.0,684900000.0,0.94,0.925,0.94,-75100000.0,-146850000.0,-75100000.0,12130514526.0,16.0,14.024,600400000.0,1.268,1.0,3635700000.0,0.606,0.0,71100000.0,2540600000.0,2648850000.0,612500000.0,0.0,0.0,0.0,3256100000.0,1457000000.0,1799100000.0,10984914526.0,385800000.0,-5000000.0,-83800000.0,63700000.0,-181900000.0,-202000000.0,-144700000.0,7400000.0,747500000.0,-15000000.0,444600000.0,444600000.0,444600000.0,0.0,0.0,0.074,2888300000.0,747400000.0,404100000.0,0.404,-146.27,24.707,24.734,771700000.0,0.0,23.25,1.831,1.835,519500000.0,1389400000.0,6000300000.0,6000300000.0,0.0,0.152,-3.028,0.285,0.126,0.0,2803500000.0,1.0,472469442.0,473660000,492100000.0,12.668,3181000000.0,0.0,240300000.0,503700000.0,6.716,428100000.0
72,AVP,MRT,2001-09-30,2001-09-30,2001-09-30,2021-09-13,-444400000.0,2957700000.0,2834650000.0,1665100000.0,1292600000.0,2.089,-0.248,-159700000.0,185100000.0,185100000.0,2267600000.0,521000000.0,1.276,-26.258,1330700000.0,79600000.0,1251100000.0,1330700000.0,0.0,108800000.0,0.0,0.016,0.378,815500000.0,924300000.0,0.156,924300000.0,815500000.0,741200000.0,1.095,1.08,1.095,-117100000.0,-185800000.0,-117100000.0,12058425760.0,15.0,13.046,512500000.0,1.085,1.0,3654900000.0,0.617,0.0,74300000.0,2798500000.0,2649425000.0,728200000.0,0.0,0.0,0.0,3074800000.0,1304800000.0,1770000000.0,10925525760.0,91100000.0,-1400000.0,-96500000.0,-36500000.0,-181500000.0,-415900000.0,-164700000.0,1000000.0,672200000.0,-500000.0,521000000.0,521000000.0,521000000.0,0.0,0.0,0.088,2840100000.0,814800000.0,350500000.0,0.345,-93.301,20.97,21.119,761200000.0,0.0,23.125,1.845,1.845,514100000.0,1324000000.0,5922500000.0,5922500000.0,0.0,0.184,-2.804,0.308,0.138,0.0,2842000000.0,1.0,472455168.0,472455168,,12.536,2957700000.0,0.0,220200000.0,504600000.0,6.26,360300000.0
73,AVP,MRT,2001-06-30,2001-06-30,2001-06-30,2021-09-13,-422200000.0,2822900000.0,2773850000.0,1547000000.0,1275900000.0,2.108,-0.329,-176900000.0,151700000.0,151700000.0,2234800000.0,498800000.0,1.164,-19.072,1284600000.0,145600000.0,1139000000.0,1284600000.0,0.0,103900000.0,0.0,0.016,0.375,790200000.0,894100000.0,0.153,894100000.0,790200000.0,709600000.0,1.045,1.03,1.045,-156200000.0,-241375000.0,-156200000.0,12152325289.0,15.0,13.592,416000000.0,0.877,1.0,3611800000.0,0.618,0.0,80600000.0,2626800000.0,2570650000.0,686500000.0,0.0,0.0,0.0,2979100000.0,1329000000.0,1650100000.0,10980425289.0,75800000.0,-1400000.0,-81700000.0,39300000.0,-180300000.0,-324100000.0,-181500000.0,1000000.0,592900000.0,-11500000.0,498800000.0,498800000.0,498800000.0,0.0,0.0,0.085,2820600000.0,791200000.0,348900000.0,0.359,-70.297,22.014,22.144,760800000.0,0.0,23.14,1.878,1.878,477900000.0,1254200000.0,5846600000.0,5846600000.0,0.0,0.18,-2.066,0.307,0.135,0.0,2805000000.0,1.0,474521404.0,474521404,,12.321,2822900000.0,0.0,210800000.0,513500000.0,5.949,218000000.0
74,AVP,MRT,2001-03-31,2001-03-31,2001-03-31,2021-09-13,-420100000.0,2746700000.0,2712350000.0,1464100000.0,1282600000.0,2.129,-0.502,-184700000.0,92500000.0,92500000.0,2211000000.0,486300000.0,1.136,-12.492,1264400000.0,120000000.0,1144400000.0,1264400000.0,0.0,95600000.0,0.0,0.019,0.373,776400000.0,872000000.0,0.151,872000000.0,776400000.0,691900000.0,1.02,1.005,1.02,-239000000.0,-295225000.0,-239000000.0,10605601610.0,14.0,12.162,356000000.0,0.748,1.0,3564800000.0,0.617,0.0,84500000.0,2629500000.0,2508975000.0,662900000.0,0.0,0.0,0.0,2985700000.0,1289100000.0,1696600000.0,9514701610.0,200000.0,-1400000.0,-45800000.0,-12500000.0,-179400000.0,-339100000.0,-189600000.0,1000000.0,540700000.0,-11800000.0,486300000.0,486300000.0,486300000.0,0.0,0.0,0.084,2785800000.0,779000000.0,362200000.0,0.366,-39.81,19.565,19.603,758400000.0,0.0,19.995,1.647,1.647,490100000.0,1161200000.0,5775800000.0,5775800000.0,0.0,0.179,-1.647,0.309,0.134,0.0,2772900000.0,1.0,475854044.0,475854044,,12.138,2746700000.0,0.0,205600000.0,491300000.0,5.772,175000000.0
75,AVP,MRT,2000-12-31,2000-12-31,2000-12-31,2021-09-13,-399100000.0,2811300000.0,2661850000.0,1545700000.0,1265600000.0,2.15,-0.486,-186300000.0,122700000.0,122700000.0,2171300000.0,479100000.0,1.137,-13.175,1213600000.0,105400000.0,1108200000.0,1213600000.0,0.0,95900000.0,0.0,0.015,0.37,766000000.0,861900000.0,0.151,861900000.0,766000000.0,681300000.0,1.005,0.995,1.005,-230900000.0,-340275000.0,-230900000.0,12594996869.0,16.0,14.613,136600000.0,0.287,1.0,3551300000.0,0.621,0.0,84700000.0,2542900000.0,2330500000.0,610600000.0,0.0,0.0,0.0,3042200000.0,1359300000.0,1682900000.0,11391396869.0,5300000.0,-1400000.0,-29700000.0,190300000.0,-178200000.0,-119000000.0,-186700000.0,1000000.0,322900000.0,-11900000.0,479100000.0,479100000.0,479100000.0,0.0,0.0,0.084,2782900000.0,768400000.0,391300000.0,0.368,-49.335,23.777,23.821,765700000.0,0.0,23.94,1.991,1.989,499000000.0,1124700000.0,5722600000.0,5722600000.0,0.0,0.18,-1.408,0.329,0.134,0.0,2761400000.0,1.0,475831114.0,475340000,485900000.0,12.039,2811300000.0,95200000.0,202200000.0,504000000.0,5.914,186400000.0
76,AVP,MRT,2000-09-30,2000-09-30,2000-09-30,2021-09-13,-395500000.0,2714500000.0,2587225000.0,1505000000.0,1209500000.0,2.179,-0.715,-195200000.0,94000000.0,94000000.0,2122200000.0,423400000.0,1.049,-8.998,1297600000.0,193000000.0,1104600000.0,1297600000.0,0.0,90200000.0,0.0,0.018,0.367,741100000.0,831300000.0,0.147,831300000.0,741100000.0,660500000.0,0.88,0.86,0.88,-339400000.0,-388025000.0,-339400000.0,10840096888.0,15.0,13.04,166200000.0,0.35,1.0,3514400000.0,0.623,0.0,80600000.0,2483400000.0,2117275000.0,712300000.0,0.0,0.0,0.0,3053900000.0,1434700000.0,1619200000.0,9705796888.0,-7300000.0,-16500000.0,-646700000.0,677500000.0,-177200000.0,-146400000.0,-196500000.0,0.0,361400000.0,-25800000.0,423400000.0,423400000.0,423400000.0,0.0,0.0,0.075,2771700000.0,742700000.0,364800000.0,0.417,-28.597,22.923,23.227,738800000.0,0.0,20.44,1.722,1.722,484800000.0,971200000.0,5636600000.0,5636600000.0,0.0,0.164,-1.091,0.35,0.131,0.0,2737600000.0,1.0,474843292.0,474843292,,11.87,2714500000.0,0.0,237100000.0,414600000.0,5.717,70300000.0
77,AVP,MRT,2000-06-30,2000-06-30,2000-06-30,2021-09-13,-373300000.0,2576900000.0,2536250000.0,1393900000.0,1183000000.0,2.189,-0.783,-195900000.0,75900000.0,75900000.0,2084900000.0,419100000.0,1.047,-7.935,1210200000.0,117400000.0,1092800000.0,1210200000.0,0.0,88200000.0,0.0,0.016,0.365,720700000.0,808900000.0,0.146,808900000.0,720700000.0,652700000.0,0.855,0.84,0.855,-371600000.0,-291875000.0,-371600000.0,11678493818.0,16.0,14.438,206100000.0,0.434,1.0,3465900000.0,0.624,0.0,68000000.0,2380100000.0,1836175000.0,660200000.0,0.0,0.0,0.0,2948500000.0,1331100000.0,1617400000.0,10565293818.0,2100000.0,-16500000.0,-704200000.0,703100000.0,-180300000.0,-181400000.0,-198200000.0,0.0,402000000.0,-20300000.0,419100000.0,419100000.0,419100000.0,0.0,0.0,0.076,2744500000.0,721400000.0,350900000.0,0.427,-28.432,25.209,26.023,728400000.0,0.0,22.25,1.903,1.903,455700000.0,922700000.0,5550800000.0,5550800000.0,0.0,0.165,-1.436,0.393,0.13,0.0,2711800000.0,1.0,474844666.0,474844666,,11.69,2576900000.0,0.0,233600000.0,414700000.0,5.427,62800000.0
78,AVP,MRT,2000-03-31,2000-03-31,2000-03-31,2021-09-13,-352300000.0,2544700000.0,2481325000.0,1372900000.0,1171800000.0,2.185,-0.882,-195600000.0,92300000.0,92300000.0,2024700000.0,413200000.0,0.788,-7.07,1205500000.0,504300000.0,701200000.0,1205500000.0,0.0,89400000.0,0.0,0.025,0.362,698000000.0,787400000.0,0.145,787400000.0,698000000.0,643900000.0,0.82,0.805,0.82,-419200000.0,-172350000.0,-419200000.0,7837289560.0,11.0,9.953,176500000.0,0.372,1.0,3396900000.0,0.627,0.0,54100000.0,1915600000.0,1581450000.0,622400000.0,0.0,0.0,0.0,2963900000.0,1742300000.0,1221600000.0,6947289560.0,-46600000.0,-16500000.0,-754500000.0,739100000.0,-183500000.0,-198900000.0,-200700000.0,0.0,372100000.0,-19100000.0,413200000.0,413200000.0,413200000.0,0.0,0.0,0.076,2700100000.0,696800000.0,358100000.0,0.441,-16.573,16.813,17.835,726600000.0,0.0,14.625,1.281,1.281,456300000.0,841300000.0,5421600000.0,5421600000.0,0.0,0.167,-2.397,0.441,0.129,0.0,2671300000.0,1.0,475028346.0,475028346,,11.413,2544700000.0,0.0,230700000.0,414000000.0,5.357,-369400000.0
79,AVP,MRT,1999-12-31,1999-12-31,1999-12-31,2021-09-13,-349700000.0,2512800000.0,2442325000.0,1337800000.0,1175000000.0,2.181,-0.871,-188500000.0,117400000.0,117400000.0,2031500000.0,286600000.0,0.781,-6.956,1007400000.0,306000000.0,701400000.0,1007400000.0,0.0,82700000.0,0.0,0.022,0.36,523500000.0,606200000.0,0.114,606200000.0,523500000.0,480300000.0,0.56,0.55,0.56,-421900000.0,-43900000.0,-421900000.0,8495146190.0,16.0,14.014,257000000.0,0.53,1.0,3296400000.0,0.619,0.0,43200000.0,1690000000.0,1418900000.0,523500000.0,0.0,0.0,0.0,2934700000.0,1712800000.0,1221900000.0,7996046190.0,11800000.0,-16500000.0,-776700000.0,764300000.0,-186300000.0,-198700000.0,-205000000.0,0.0,445500000.0,-30000000.0,286600000.0,286600000.0,286600000.0,0.0,0.0,0.054,2784000000.0,512400000.0,435900000.0,0.643,-18.952,27.9,29.464,732100000.0,0.0,16.5,1.501,1.501,495600000.0,821400000.0,5327900000.0,5327900000.0,0.0,0.117,-6.528,0.369,0.098,0.0,2644800000.0,1.0,484608860.0,484608860,,10.994,2512800000.0,0.0,193700000.0,430200000.0,5.185,-375000000.0
80,AVP,MRT,1999-09-30,1999-09-30,1999-09-30,2021-09-13,-346300000.0,2510600000.0,2422500000.0,1398300000.0,1112300000.0,2.191,0.087,-193900000.0,101300000.0,101300000.0,2031000000.0,292800000.0,0.847,54.544,600400000.0,395700000.0,204700000.0,600400000.0,0.0,81600000.0,0.0,0.029,0.355,530100000.0,611700000.0,0.115,611700000.0,530100000.0,493300000.0,0.565,0.555,0.565,45200000.0,132850000.0,45200000.0,6913462669.0,13.0,11.302,227300000.0,0.436,1.0,3276500000.0,0.617,0.0,36800000.0,1359000000.0,1310075000.0,577500000.0,0.0,0.0,0.0,2465400000.0,1650700000.0,814700000.0,6470262669.0,4100000.0,1400000.0,-185100000.0,124900000.0,-187600000.0,-189700000.0,-208300000.0,0.0,421200000.0,-19100000.0,292800000.0,292800000.0,292800000.0,0.0,0.0,0.055,2760700000.0,515800000.0,342300000.0,0.628,143.147,22.098,21.956,696300000.0,0.0,12.405,1.219,1.219,500500000.0,722800000.0,5307500000.0,5307500000.0,0.0,0.121,2.204,0.405,0.1,0.0,2640800000.0,1.0,521585060.0,521585060,,10.176,2510600000.0,0.0,200500000.0,410700000.0,4.813,-252400000.0
81,AVP,MRT,1999-06-30,1999-06-30,1999-06-30,2021-09-13,-341500000.0,2357200000.0,2410975000.0,1282600000.0,1074600000.0,2.194,0.203,-179600000.0,73800000.0,73800000.0,2044200000.0,246200000.0,0.891,21.133,517000000.0,312500000.0,204500000.0,517000000.0,0.0,77500000.0,0.0,0.013,0.35,472000000.0,549500000.0,0.104,549500000.0,472000000.0,435700000.0,0.47,0.465,0.47,106500000.0,172475000.0,106500000.0,14889513218.0,32.0,27.096,218400000.0,0.417,1.0,3245500000.0,0.614,0.0,36300000.0,1361200000.0,1307550000.0,535400000.0,0.0,0.0,0.0,2250700000.0,1439200000.0,811500000.0,14532513218.0,-14200000.0,1400000.0,-151500000.0,73800000.0,-185300000.0,-204900000.0,-193100000.0,0.0,398000000.0,-14200000.0,246200000.0,246200000.0,246200000.0,0.0,0.0,0.047,2790700000.0,454800000.0,286100000.0,0.745,136.456,59.027,59.043,662800000.0,0.0,27.75,2.747,2.747,471400000.0,681600000.0,5289700000.0,5289700000.0,0.0,0.102,1.427,0.361,0.089,0.0,2628900000.0,1.0,523694170.0,523694170,,10.101,2357200000.0,0.0,189500000.0,413800000.0,4.501,-156600000.0
82,AVP,MRT,1999-03-31,1999-03-31,1999-03-31,2021-09-13,-342900000.0,2388700000.0,2404100000.0,1337900000.0,1050800000.0,2.196,0.181,-178900000.0,138900000.0,138900000.0,2058100000.0,238100000.0,0.904,24.251,495900000.0,291800000.0,204100000.0,495900000.0,0.0,75500000.0,0.0,0.015,0.345,460600000.0,536100000.0,0.102,536100000.0,460600000.0,424900000.0,0.455,0.45,0.455,94600000.0,202625000.0,94600000.0,12475779131.0,27.0,23.271,204100000.0,0.39,1.0,3220400000.0,0.61,0.0,35700000.0,1265400000.0,1296100000.0,523600000.0,0.0,0.0,0.0,2294100000.0,1480300000.0,813800000.0,12325079131.0,54100000.0,1400000.0,-106100000.0,100500000.0,-182900000.0,-130400000.0,-189400000.0,0.0,383000000.0,-9100000.0,238100000.0,238100000.0,238100000.0,0.0,0.0,0.045,2781600000.0,438800000.0,333800000.0,0.758,130.286,51.764,51.714,646300000.0,0.0,23.53,2.335,2.335,479200000.0,609100000.0,5278500000.0,5278500000.0,0.0,0.099,1.175,0.355,0.087,0.0,2619500000.0,1.0,523802768.0,523802768,,10.077,2388700000.0,0.0,186800000.0,397400000.0,4.56,-142400000.0
83,AVP,MRT,1998-12-31,1998-12-31,1998-12-31,2021-09-13,-301300000.0,2433500000.0,2383825000.0,1341400000.0,1092100000.0,2.201,0.543,-183700000.0,105600000.0,105600000.0,2053000000.0,270000000.0,1.009,7.536,256300000.0,55300000.0,201000000.0,256300000.0,0.0,72000000.0,0.0,0.015,0.34,495500000.0,567500000.0,0.108,567500000.0,495500000.0,460800000.0,0.515,0.51,0.515,285100000.0,226725000.0,285100000.0,12023136783.0,24.0,21.186,140700000.0,0.268,1.0,3194700000.0,0.609,0.0,34700000.0,1254700000.0,1290200000.0,538400000.0,0.0,0.0,0.0,2148400000.0,1329500000.0,818900000.0,11624736783.0,-36300000.0,1400000.0,-83800000.0,23200000.0,-180600000.0,-183100000.0,-182300000.0,0.0,324400000.0,4700000.0,270000000.0,270000000.0,270000000.0,0.0,0.0,0.051,2720000000.0,474700000.0,416900000.0,0.66,40.774,43.055,42.961,669900000.0,0.0,22.125,2.215,2.215,492600000.0,719100000.0,5247700000.0,5247700000.0,0.0,0.113,1.191,0.384,0.094,0.0,2605000000.0,1.0,525411832.0,525411832,,9.988,2433500000.0,0.0,190800000.0,424100000.0,4.632,11900000.0
84,AVP,MRT,1998-09-30,1998-09-30,1998-09-30,2021-09-13,-289200000.0,2464500000.0,2343675000.0,1471400000.0,993100000.0,2.222,0.387,-161600000.0,97200000.0,97200000.0,2063000000.0,255600000.0,0.972,11.099,495600000.0,294500000.0,201100000.0,495600000.0,0.0,72500000.0,0.0,0.024,0.334,470800000.0,543300000.0,0.104,543300000.0,470800000.0,441300000.0,0.485,0.48,0.485,203700000.0,226700000.0,203700000.0,7741880731.0,16.0,14.25,230600000.0,0.438,1.0,3144500000.0,0.604,0.0,29500000.0,1348900000.0,1228875000.0,641400000.0,0.0,0.0,0.0,2260800000.0,1514000000.0,746800000.0,7390380731.0,11500000.0,-9000000.0,-77300000.0,37000000.0,-177400000.0,-217700000.0,-162600000.0,0.0,392200000.0,-400000.0,255600000.0,255600000.0,255600000.0,0.0,0.0,0.049,2698400000.0,446100000.0,357700000.0,0.689,36.281,28.914,28.928,624100000.0,0.0,14.03,1.419,1.419,503800000.0,615600000.0,5207500000.0,5207500000.0,0.0,0.109,1.127,0.383,0.09,0.0,2597600000.0,1.0,526755576.0,526755576,,9.886,2464500000.0,0.0,185700000.0,395200000.0,4.679,-42600000.0
85,AVP,MRT,1998-06-30,1998-06-30,1998-06-30,2021-09-13,-288000000.0,2329700000.0,2329075000.0,1362900000.0,966800000.0,2.239,0.431,-162300000.0,88000000.0,88000000.0,2102000000.0,282700000.0,0.998,9.258,439500000.0,238200000.0,201300000.0,439500000.0,0.0,72600000.0,0.0,0.017,0.328,503000000.0,575600000.0,0.11,575600000.0,503000000.0,471600000.0,0.538,0.53,0.538,227100000.0,232525000.0,227100000.0,10519957371.0,21.0,18.277,213700000.0,0.406,1.0,3113000000.0,0.597,0.0,31400000.0,1315400000.0,1197900000.0,588300000.0,0.0,0.0,0.0,2102600000.0,1365800000.0,736800000.0,10201957371.0,-28400000.0,-9000000.0,-82000000.0,-34900000.0,-174400000.0,-232700000.0,-163700000.0,0.0,376000000.0,-8000000.0,282700000.0,282700000.0,282700000.0,0.0,0.0,0.054,2632700000.0,480300000.0,341300000.0,0.61,44.923,36.088,35.985,603100000.0,0.0,19.36,1.956,1.956,468100000.0,651700000.0,5215000000.0,5215000000.0,0.0,0.121,1.216,0.42,0.096,0.0,2575600000.0,1.0,526960608.0,526960608,,9.896,2329700000.0,0.0,188900000.0,391300000.0,4.421,-2900000.0
86,AVP,MRT,1998-03-31,1998-03-31,1998-03-31,2021-09-13,-274200000.0,2307600000.0,2332100000.0,1371700000.0,935900000.0,2.223,0.362,-168000000.0,84800000.0,84800000.0,2112500000.0,266500000.0,0.991,11.082,402800000.0,201100000.0,201700000.0,402800000.0,0.0,72300000.0,0.0,0.016,0.321,481100000.0,553400000.0,0.107,553400000.0,481100000.0,447200000.0,0.502,0.497,0.502,191000000.0,238175000.0,191000000.0,10372361172.0,22.0,18.743,199200000.0,0.378,1.0,3071500000.0,0.592,0.0,33900000.0,1241800000.0,1168800000.0,598500000.0,0.0,0.0,0.0,2116600000.0,1383800000.0,732800000.0,10279961172.0,-21200000.0,-9000000.0,-82200000.0,-10900000.0,-172700000.0,-207200000.0,-166800000.0,0.0,367200000.0,-14400000.0,266500000.0,266500000.0,266500000.0,0.0,0.0,0.051,2609000000.0,462500000.0,382000000.0,0.639,53.822,38.574,38.845,604400000.0,0.0,19.5,1.983,1.983,478000000.0,585100000.0,5184000000.0,5184000000.0,0.0,0.114,1.119,0.412,0.093,0.0,2554100000.0,1.0,527177496.0,527177496,,9.834,2307600000.0,0.0,180700000.0,375500000.0,4.377,-12100000.0
87,AVP,MRT,1997-12-31,1997-12-31,1997-12-31,2021-09-13,-270300000.0,2272900000.0,2309450000.0,1344000000.0,928900000.0,2.199,0.54,-166100000.0,141900000.0,141900000.0,2051000000.0,338800000.0,0.991,6.975,234300000.0,132100000.0,102200000.0,234300000.0,0.0,72100000.0,0.0,0.021,0.315,572200000.0,644300000.0,0.127,644300000.0,572200000.0,536700000.0,0.64,0.635,0.64,285000000.0,243250000.0,285000000.0,8477332994.0,15.0,13.157,149400000.0,0.283,1.0,3028400000.0,0.596,0.0,35500000.0,1009400000.0,1134650000.0,564800000.0,0.0,0.0,0.0,1987900000.0,1355900000.0,632000000.0,8102632994.0,-42600000.0,-9000000.0,-90200000.0,36100000.0,-168300000.0,-163800000.0,-175100000.0,0.0,315500000.0,-19200000.0,338800000.0,338800000.0,338800000.0,0.0,0.0,0.067,2474700000.0,553700000.0,476000000.0,0.492,28.43,23.916,23.977,611000000.0,0.0,15.345,1.595,1.595,444800000.0,660900000.0,5079400000.0,5079400000.0,0.0,0.147,1.393,0.504,0.113,0.0,2490600000.0,1.0,528030824.0,528030824,,9.62,2272900000.0,0.0,197900000.0,398800000.0,4.304,-11900000.0
88,AVP,MRT,1997-09-30,1997-09-30,1997-09-30,2021-09-13,-245700000.0,2406100000.0,2296825000.0,1465100000.0,941000000.0,2.2,0.429,-149100000.0,85700000.0,85700000.0,2042600000.0,337100000.0,0.942,9.6,460400000.0,357200000.0,103200000.0,460400000.0,0.0,67300000.0,0.0,0.02,0.309,576600000.0,643900000.0,0.127,643900000.0,576600000.0,535900000.0,0.633,,0.633,227000000.0,232425000.0,227000000.0,8569965406.0,15.0,13.309,211400000.0,0.4,1.0,3011500000.0,0.596,0.0,40700000.0,1225000000.0,1094350000.0,656700000.0,0.0,0.0,0.0,2179100000.0,1555800000.0,623300000.0,8207765406.0,18300000.0,-6300000.0,-69900000.0,9600000.0,-165500000.0,-167200000.0,-157700000.0,0.0,360500000.0,-17300000.0,337100000.0,337100000.0,337100000.0,0.0,0.0,0.067,2447800000.0,563700000.0,390900000.0,0.488,36.158,24.348,24.487,606700000.0,0.0,15.5,1.624,1.623,499000000.0,568700000.0,5054100000.0,5054100000.0,0.0,0.147,1.45,0.527,0.114,0.0,2443100000.0,1.0,529533252.0,529080000,,9.553,2406100000.0,0.0,198800000.0,452500000.0,4.548,-90700000.0
89,AVP,MRT,1997-06-30,1997-06-30,1997-06-30,2021-09-13,-220200000.0,2341800000.0,,1404400000.0,937400000.0,,0.472,-142400000.0,116400000.0,116400000.0,2000200000.0,331000000.0,0.933,8.378,478600000.0,374800000.0,103800000.0,478600000.0,0.0,66800000.0,0.0,0.017,0.302,566400000.0,633200000.0,0.127,633200000.0,566400000.0,526000000.0,0.622,,0.622,249700000.0,,249700000.0,9640043727.0,17.0,15.224,250600000.0,0.474,1.0,2981800000.0,0.599,0.0,40400000.0,1199000000.0,,617400000.0,0.0,0.0,0.0,2092100000.0,1505000000.0,587100000.0,9329343727.0,43500000.0,-6300000.0,-87300000.0,61400000.0,-162300000.0,-188200000.0,-150400000.0,0.0,393000000.0,-10900000.0,331000000.0,331000000.0,331000000.0,0.0,0.0,0.066,2428300000.0,553500000.0,356100000.0,0.486,37.362,28.185,28.388,600200000.0,0.0,17.657,1.873,1.875,445100000.0,541900000.0,4982000000.0,4982000000.0,0.0,,,,0.114,0.0,2426000000.0,1.0,528350204.0,529040000,,9.417,2341800000.0,0.0,195000000.0,460100000.0,4.427,-100600000.0
90,AVP,MRT,1997-03-31,1997-03-31,1997-03-31,2021-09-13,-220500000.0,2217000000.0,,1328000000.0,889000000.0,,0.395,-114700000.0,106000000.0,106000000.0,1961200000.0,321500000.0,0.934,9.492,416700000.0,312900000.0,103800000.0,416700000.0,0.0,65000000.0,0.0,0.023,0.296,553500000.0,618500000.0,0.127,618500000.0,553500000.0,513500000.0,0.603,,0.603,211300000.0,,211300000.0,7001290395.0,13.0,11.32,260100000.0,0.486,1.0,2924500000.0,0.599,0.0,40000000.0,1105200000.0,,578900000.0,0.0,0.0,0.0,2005700000.0,1422500000.0,583200000.0,6984190395.0,23900000.0,-6300000.0,-98700000.0,46700000.0,-159700000.0,-211700000.0,-125100000.0,0.0,374800000.0,-14100000.0,321500000.0,321500000.0,321500000.0,0.0,0.0,0.066,2383800000.0,540700000.0,359200000.0,0.491,33.053,21.724,21.766,563800000.0,0.0,13.125,1.43,1.437,431900000.0,488200000.0,4885700000.0,4885700000.0,0.0,,,,0.113,0.0,2380100000.0,1.0,532128792.0,534800000,,9.136,2217000000.0,0.0,192000000.0,453100000.0,4.145,-94500000.0
91,AVP,MRT,1996-12-31,1996-12-31,1996-12-31,2021-09-13,-210700000.0,2222400000.0,2137600000.0,1349600000.0,872800000.0,2.252,0.452,-100300000.0,184500000.0,184500000.0,1921200000.0,317900000.0,0.97,8.195,201600000.0,97100000.0,104500000.0,201600000.0,0.0,64500000.0,0.0,0.02,0.29,549300000.0,613800000.0,0.127,613800000.0,549300000.0,509300000.0,0.595,0.59,0.595,241700000.0,217200000.0,241700000.0,,,,286600000.0,0.536,1.0,2893000000.0,0.601,0.0,40000000.0,848200000.0,832900000.0,530000000.0,0.0,0.0,0.0,1980700000.0,1391300000.0,589400000.0,7598799150.0,33100000.0,-6300000.0,-117800000.0,39700000.0,-158100000.0,-236200000.0,-106600000.0,0.0,386900000.0,-11000000.0,317900000.0,317900000.0,317900000.0,0.0,0.0,0.066,2357100000.0,535900000.0,469300000.0,0.487,31.439,23.903,24.0,566600000.0,0.0,14.28,1.578,1.586,437000000.0,488800000.0,4814200000.0,4814200000.0,0.0,0.149,1.464,0.66,0.114,0.0,2348200000.0,1.0,532128792.0,534800000,,9.002,2222400000.0,0.0,191400000.0,477700000.0,4.156,-41700000.0
92,AVP,MRT,1996-09-30,1996-09-30,1996-09-30,2021-09-13,,,,,,,,,,,,,,,,,,,,,,0.023,0.286,,,,,,,,,,,,,,,,,,1.0,,,,,,,,,,,,,,,,,,,,,,,,,,,,,,,,,,,,,,,,12.405,,,,,,,,,,,,,,1.0,,532840000,,,,,,,,
93,AVP,MRT,1996-06-30,1996-06-28,1996-06-28,2021-09-13,,,,,,,,,,,,,,,,,,,,,,0.025,0.282,,,,,,,,,,,,,,,,,,1.0,,,,,,,,,,,,,,,,,,,,,,,,,,,,,,,,,,,,,,,,11.156,,,,,,,,,,,,,,1.0,,536040000,,,,,,,,
94,AVP,MRT,1996-03-31,1996-03-31,1996-03-31,2021-09-13,,,,,,,,,,,,,,,,,,,,,,0.025,0.272,,,,,,,,,,,,,,,,,,1.0,,,,,,,,,,,,,,,,,,,,,,,,,,,,,,,,,,,,,,,,10.938,,,,,,,,,,,,,,1.0,,538040000,,,,,,,,
95,AVP,MRT,1995-12-31,1995-12-31,1995-12-31,2021-09-13,-202100000.0,2052800000.0,,1215000000.0,837800000.0,,0.353,-69900000.0,151400000.0,151400000.0,1769000000.0,256500000.0,0.976,9.653,161500000.0,47300000.0,114200000.0,161500000.0,0.0,58300000.0,0.0,0.028,0.263,474200000.0,532500000.0,0.119,532500000.0,474200000.0,432900000.0,0.47,0.468,0.47,192700000.0,,192700000.0,,,,209100000.0,0.383,1.0,2723100000.0,0.606,0.0,41300000.0,817600000.0,,466300000.0,0.0,0.0,0.0,1860100000.0,1245300000.0,614800000.0,,-63400000.0,-3400000.0,-105500000.0,-18700000.0,-147800000.0,-272000000.0,-73300000.0,0.0,279000000.0,2900000.0,256500000.0,256500000.0,256500000.0,0.0,0.0,0.057,2236200000.0,486900000.0,419700000.0,0.56,,,20.048,537800000.0,0.0,9.422,,1.145,402000000.0,325800000.0,4492100000.0,4492100000.0,0.0,,,,0.106,0.0,2215600000.0,1.0,,545920000,,8.228,2052800000.0,0.0,176400000.0,425300000.0,3.76,-30300000.0
96,AVP,MRT,1994-12-31,1994-12-31,1994-12-31,2021-09-13,,,,,,,,-95400000.0,,,1672100000.0,,,,,,,,,55700000.0,,0.032,0.237,,,,,,,,,,,,,,,,196900000.0,0.349,1.0,2594400000.0,0.608,,50800000.0,,,,,,,,,,,-9100000.0,150000000.0,-187500000.0,-16800000.0,-141100000.0,-345400000.0,54600000.0,0.0,292300000.0,-10600000.0,,,,,,,2131900000.0,462500000.0,,,,,,,,7.469,,0.989,,,4266500000.0,4266500000.0,,,,,,0.0,2098800000.0,1.0,,564720000,,7.555,,,163500000.0,,,
