None,ticker,dimension,calendardate,datekey,reportperiod,lastupdated,accoci,assets,assetsavg,assetsc,assetsnc,assetturnover,bvps,capex,cashneq,cashnequsd,cor,consolinc,currentratio,de,debt,debtc,debtnc,debtusd,deferredrev,depamor,deposits,divyield,dps,ebit,ebitda,ebitdamargin,ebitdausd,ebitusd,ebt,eps,epsdil,epsusd,equity,equityavg,equityusd,ev,evebit,evebitda,fcf,fcfps,fxusd,gp,grossmargin,intangibles,intexp,invcap,invcapavg,inventory,investments,investmentsc,investmentsnc,liabilities,liabilitiesc,liabilitiesnc,marketcap,ncf,ncfbus,ncfcommon,ncfdebt,ncfdiv,ncff,ncfi,ncfinv,ncfo,ncfx,netinc,netinccmn,netinccmnusd,netincdis,netincnci,netmargin,opex,opinc,payables,payoutratio,pb,pe,pe1,ppnenet,prefdivis,price,ps,ps1,receivables,retearn,revenue,revenueusd,rnd,roa,roe,roic,ros,sbcomp,sgna,sharefactor,sharesbas,shareswa,shareswadil,sps,tangibles,taxassets,taxexp,taxliabilities,tbvps,workingcapital
0,HII,MRY,2020-12-31,2020-12-31,2020-12-31,2021-08-05,-1547000000.0,8157000000.0,8112500000.0,2444000000.0,5713000000.0,1.154,46.823,-336000000.0,512000000.0,512000000.0,7691000000.0,696000000.0,1.098,3.291,1843000000.0,0.0,1843000000.0,1843000000.0,585000000.0,247000000.0,0.0,0.025,4.23,924000000.0,1171000000.0,0.125,1171000000.0,924000000.0,810000000.0,17.14,17.14,17.14,1901000000.0,1775500000.0,1901000000.0,8590181517.0,9.0,7.336,757000000.0,18.645,1.0,1670000000.0,0.178,2129000000.0,114000000.0,5133000000.0,5501750000.0,137000000.0,0.0,0.0,0.0,6256000000.0,2226000000.0,4030000000.0,6903181517.0,437000000.0,-417000000.0,-84000000.0,387000000.0,-172000000.0,103000000.0,-759000000.0,0.0,1093000000.0,0.0,696000000.0,696000000.0,696000000.0,0.0,0.0,0.074,872000000.0,798000000.0,460000000.0,0.247,3.631,9.918,9.946,3170000000.0,0.0,170.48,0.737,0.739,397000000.0,3533000000.0,9361000000.0,9361000000.0,0.0,0.086,0.392,0.168,0.099,23000000.0,904000000.0,1.0,40492618.0,40600000.0,40600000.0,230.567,6028000000.0,304000000.0,114000000.0,0.0,148.473,218000000.0
1,HII,MRY,2019-12-31,2019-12-31,2019-12-31,2021-08-05,-1409000000.0,7031000000.0,7111250000.0,1785000000.0,5246000000.0,1.251,38.357,-436000000.0,75000000.0,75000000.0,7368000000.0,549000000.0,0.944,3.428,1450000000.0,0.0,1450000000.0,1450000000.0,373000000.0,227000000.0,0.0,0.014,3.61,753000000.0,980000000.0,0.11,980000000.0,753000000.0,683000000.0,13.26,13.26,13.26,1588000000.0,1621000000.0,1588000000.0,11950081564.0,16.0,12.194,460000000.0,11.111,1.0,1531000000.0,0.172,1865000000.0,70000000.0,4651000000.0,4914500000.0,136000000.0,0.0,0.0,0.0,5443000000.0,1890000000.0,3553000000.0,10261081564.0,-165000000.0,-195000000.0,-262000000.0,0.0,-149000000.0,-434000000.0,-627000000.0,0.0,896000000.0,0.0,549000000.0,549000000.0,549000000.0,0.0,0.0,0.062,795000000.0,736000000.0,497000000.0,0.272,6.462,18.69,18.92,3033000000.0,0.0,250.88,1.153,1.167,318000000.0,3009000000.0,8899000000.0,8899000000.0,0.0,0.077,0.339,0.153,0.085,30000000.0,788000000.0,1.0,40900357.0,41400000.0,41400000.0,214.952,5166000000.0,256000000.0,134000000.0,0.0,124.783,-105000000.0
2,HII,MRY,2018-12-31,2018-12-31,2018-12-31,2021-08-05,-1288000000.0,6383000000.0,6333250000.0,1745000000.0,4638000000.0,1.291,34.612,-402000000.0,240000000.0,240000000.0,6385000000.0,836000000.0,0.954,3.21,1283000000.0,0.0,1283000000.0,1283000000.0,331000000.0,203000000.0,0.0,0.016,3.02,1029000000.0,1232000000.0,0.151,1232000000.0,1029000000.0,971000000.0,19.09,19.09,19.09,1516000000.0,1689500000.0,1516000000.0,9388631311.0,9.0,7.621,512000000.0,11.689,1.0,1791000000.0,0.219,1755000000.0,58000000.0,3842000000.0,3979500000.0,128000000.0,0.0,0.0,0.0,4867000000.0,1829000000.0,3038000000.0,8174631311.0,-461000000.0,-87000000.0,-742000000.0,0.0,-132000000.0,-899000000.0,-476000000.0,0.0,914000000.0,0.0,836000000.0,836000000.0,836000000.0,0.0,0.0,0.102,854000000.0,937000000.0,562000000.0,0.158,5.392,9.778,9.969,2517000000.0,0.0,190.31,1.0,1.02,252000000.0,2609000000.0,8176000000.0,8176000000.0,0.0,0.132,0.495,0.259,0.126,36000000.0,871000000.0,1.0,42954292.0,43800000.0,43800000.0,186.667,4628000000.0,257000000.0,135000000.0,0.0,105.662,-84000000.0
3,HII,MRY,2017-12-31,2017-12-31,2017-12-31,2021-08-05,-900000000.0,6374000000.0,6242500000.0,2195000000.0,4179000000.0,1.192,38.468,-361000000.0,701000000.0,701000000.0,5813000000.0,479000000.0,1.578,2.626,1279000000.0,0.0,1279000000.0,1279000000.0,146000000.0,205000000.0,0.0,0.011,2.52,866000000.0,1071000000.0,0.144,1071000000.0,866000000.0,772000000.0,10.48,10.46,10.48,1758000000.0,1689500000.0,1758000000.0,11451077804.0,13.0,10.692,453000000.0,9.912,1.0,1628000000.0,0.219,1725000000.0,94000000.0,3836000000.0,3892000000.0,183000000.0,0.0,0.0,0.0,4616000000.0,1391000000.0,3225000000.0,10668077804.0,-19000000.0,3000000.0,-286000000.0,-12000000.0,-115000000.0,-484000000.0,-349000000.0,0.0,814000000.0,0.0,479000000.0,479000000.0,479000000.0,0.0,0.0,0.064,747000000.0,881000000.0,375000000.0,0.24,6.068,22.272,22.49,2215000000.0,0.0,235.7,1.434,1.448,429000000.0,1687000000.0,7441000000.0,7441000000.0,0.0,0.077,0.284,0.223,0.116,34000000.0,759000000.0,1.0,45261255.0,45700000.0,45800000.0,162.823,4649000000.0,114000000.0,293000000.0,0.0,101.729,804000000.0
4,HII,MRY,2016-12-31,2016-12-31,2016-12-31,2021-08-05,-951000000.0,6352000000.0,6028750000.0,2142000000.0,4210000000.0,1.172,35.321,-285000000.0,720000000.0,720000000.0,5445000000.0,573000000.0,1.595,2.843,1278000000.0,0.0,1278000000.0,1278000000.0,166000000.0,186000000.0,0.0,0.011,2.1,858000000.0,1044000000.0,0.148,1044000000.0,858000000.0,784000000.0,12.24,12.14,12.24,1653000000.0,1609500000.0,1653000000.0,8860168459.0,10.0,8.487,537000000.0,11.474,1.0,1623000000.0,0.23,1782000000.0,74000000.0,3785000000.0,3732250000.0,210000000.0,0.0,0.0,0.0,4699000000.0,1343000000.0,3356000000.0,8540168459.0,-174000000.0,-372000000.0,-194000000.0,0.0,-98000000.0,-343000000.0,-653000000.0,0.0,822000000.0,0.0,573000000.0,573000000.0,573000000.0,0.0,0.0,0.081,762000000.0,861000000.0,316000000.0,0.172,5.166,14.904,15.048,1986000000.0,0.0,184.19,1.208,1.22,1164000000.0,1323000000.0,7068000000.0,7068000000.0,0.0,0.095,0.356,0.23,0.121,36000000.0,768000000.0,1.0,46366081.0,46800000.0,47200000.0,151.026,4570000000.0,314000000.0,211000000.0,0.0,97.65,799000000.0
5,HII,MRY,2015-12-31,2015-12-31,2015-12-31,2021-08-05,-845000000.0,6024000000.0,6174250000.0,2284000000.0,3740000000.0,1.137,31.106,-188000000.0,894000000.0,894000000.0,5517000000.0,404000000.0,1.793,3.043,1273000000.0,0.0,1273000000.0,1273000000.0,125000000.0,180000000.0,0.0,0.013,1.7,769000000.0,949000000.0,0.135,949000000.0,769000000.0,632000000.0,8.43,8.36,8.43,1490000000.0,1461250000.0,1490000000.0,6592905093.0,9.0,6.947,673000000.0,14.05,1.0,1503000000.0,0.214,1451000000.0,137000000.0,3678000000.0,3926250000.0,285000000.0,0.0,0.0,0.0,4534000000.0,1274000000.0,3260000000.0,5958905093.0,-96000000.0,-6000000.0,-232000000.0,-416000000.0,-81000000.0,-816000000.0,-141000000.0,0.0,861000000.0,0.0,404000000.0,404000000.0,404000000.0,0.0,0.0,0.058,734000000.0,769000000.0,317000000.0,0.202,3.999,14.75,15.047,1827000000.0,0.0,126.85,0.849,0.866,1074000000.0,848000000.0,7020000000.0,7020000000.0,0.0,0.065,0.276,0.196,0.11,43000000.0,669000000.0,1.0,46975996.0,47900000.0,48300000.0,146.555,4573000000.0,336000000.0,228000000.0,0.0,95.47,1010000000.0
6,HII,MRY,2014-12-31,2014-12-31,2014-12-31,2021-08-05,-862000000.0,6239000000.0,6137750000.0,2417000000.0,3822000000.0,1.133,27.971,-165000000.0,990000000.0,990000000.0,5540000000.0,338000000.0,1.842,3.571,1670000000.0,108000000.0,1562000000.0,1670000000.0,74000000.0,194000000.0,0.0,0.009,1.0,656000000.0,850000000.0,0.122,850000000.0,656000000.0,507000000.0,6.93,6.86,6.93,1365000000.0,1539250000.0,1365000000.0,6404539442.0,10.0,7.535,590000000.0,12.09,1.0,1417000000.0,0.204,1573000000.0,149000000.0,4034000000.0,4264000000.0,339000000.0,0.0,0.0,0.0,4874000000.0,1312000000.0,3562000000.0,5430539442.0,-53000000.0,-272000000.0,-136000000.0,-91000000.0,-49000000.0,-371000000.0,-437000000.0,0.0,755000000.0,0.0,338000000.0,338000000.0,338000000.0,0.0,0.0,0.049,762000000.0,655000000.0,269000000.0,0.144,3.978,16.067,16.228,1792000000.0,0.0,112.46,0.781,0.789,1038000000.0,525000000.0,6957000000.0,6957000000.0,0.0,0.055,0.22,0.154,0.094,34000000.0,726000000.0,1.0,48288631.0,48800000.0,49300000.0,142.561,4666000000.0,341000000.0,169000000.0,0.0,95.615,1105000000.0
7,HII,MRY,2013-12-31,2013-12-31,2013-12-31,2021-08-05,-521000000.0,6225000000.0,6200500000.0,2676000000.0,3549000000.0,1.1,30.604,-139000000.0,1043000000.0,1043000000.0,5583000000.0,261000000.0,1.922,3.093,1779000000.0,79000000.0,1700000000.0,1779000000.0,115000000.0,226000000.0,0.0,0.006,0.5,512000000.0,738000000.0,0.108,738000000.0,512000000.0,394000000.0,5.25,5.18,5.25,1521000000.0,1009000000.0,1521000000.0,5357097844.0,10.0,7.259,97000000.0,1.952,1.0,1237000000.0,0.181,1409000000.0,118000000.0,4160000000.0,4489000000.0,311000000.0,0.0,0.0,0.0,4704000000.0,1392000000.0,3312000000.0,4444097844.0,-14000000.0,0.0,-112000000.0,-56000000.0,-25000000.0,-169000000.0,-81000000.0,0.0,236000000.0,0.0,261000000.0,261000000.0,261000000.0,0.0,0.0,0.038,725000000.0,512000000.0,337000000.0,0.095,2.922,17.027,17.145,1897000000.0,0.0,90.01,0.652,0.656,1123000000.0,236000000.0,6820000000.0,6820000000.0,0.0,0.042,0.259,0.114,0.075,20000000.0,739000000.0,1.0,49373379.0,49700000.0,50400000.0,137.223,4816000000.0,170000000.0,133000000.0,83000000.0,96.901,1284000000.0
8,HII,MRY,2012-12-31,2012-12-31,2012-12-31,2021-08-05,-1226000000.0,6392000000.0,5972750000.0,2484000000.0,3908000000.0,1.123,13.502,-162000000.0,1057000000.0,1057000000.0,5629000000.0,146000000.0,1.795,8.583,1830000000.0,51000000.0,1779000000.0,1830000000.0,134000000.0,184000000.0,0.0,0.002,0.1,358000000.0,542000000.0,0.081,542000000.0,358000000.0,241000000.0,2.96,2.91,2.96,667000000.0,904250000.0,667000000.0,3220286725.0,9.0,5.941,170000000.0,3.441,1.0,1079000000.0,0.161,1429000000.0,117000000.0,4352000000.0,4371500000.0,288000000.0,0.0,0.0,0.0,5725000000.0,1384000000.0,4341000000.0,2149286725.0,142000000.0,0.0,6000000.0,-29000000.0,-5000000.0,-28000000.0,-162000000.0,0.0,332000000.0,0.0,146000000.0,146000000.0,146000000.0,0.0,0.0,0.022,721000000.0,358000000.0,377000000.0,0.034,3.222,14.721,14.642,2034000000.0,0.0,43.34,0.32,0.319,905000000.0,0.0,6708000000.0,6708000000.0,0.0,0.024,0.161,0.082,0.053,41000000.0,739000000.0,1.0,49591295.0,49400000.0,50100000.0,135.789,4963000000.0,542000000.0,95000000.0,0.0,100.466,1100000000.0
9,HII,MRY,2011-12-31,2011-12-31,2011-12-31,2021-08-05,-862000000.0,6069000000.0,5881500000.0,2268000000.0,3801000000.0,1.118,17.602,-197000000.0,915000000.0,915000000.0,5571000000.0,-100000000.0,1.653,6.065,1859000000.0,29000000.0,1830000000.0,1859000000.0,101000000.0,184000000.0,0.0,0.0,0.0,100000000.0,284000000.0,0.043,284000000.0,100000000.0,-4000000.0,-2.05,-2.05,-2.05,859000000.0,1196750000.0,859000000.0,2856724906.0,29.0,10.059,331000000.0,6.783,1.0,1004000000.0,0.153,1448000000.0,104000000.0,4193000000.0,4444750000.0,380000000.0,0.0,0.0,0.0,5210000000.0,1372000000.0,3838000000.0,1526724906.0,915000000.0,0.0,2000000.0,745000000.0,0.0,584000000.0,-197000000.0,0.0,528000000.0,0.0,-100000000.0,-100000000.0,-100000000.0,0.0,0.0,-0.015,904000000.0,100000000.0,380000000.0,0.0,1.777,-15.267,-15.259,2033000000.0,0.0,31.28,0.232,0.232,711000000.0,-146000000.0,6575000000.0,6575000000.0,0.0,-0.017,-0.084,0.022,0.015,42000000.0,634000000.0,1.0,48808341.0,48800000.0,48800000.0,134.734,4621000000.0,391000000.0,96000000.0,0.0,94.693,896000000.0
10,HII,MRY,2010-12-31,2010-12-31,2010-12-31,2021-08-05,-515000000.0,5203000000.0,5119500000.0,1313000000.0,3890000000.0,1.313,29.057,-191000000.0,0.0,0.0,5831000000.0,131000000.0,0.59,2.669,820000000.0,715000000.0,105000000.0,820000000.0,107000000.0,183000000.0,0.0,,0.0,239000000.0,422000000.0,0.063,422000000.0,239000000.0,199000000.0,2.68,2.68,2.68,1418000000.0,1427500000.0,1418000000.0,,,,168000000.0,3.443,1.0,892000000.0,0.133,1721000000.0,40000000.0,2076000000.0,2117000000.0,293000000.0,0.0,0.0,0.0,3785000000.0,2226000000.0,1559000000.0,,0.0,0.0,0.0,0.0,0.0,-170000000.0,-189000000.0,0.0,359000000.0,0.0,131000000.0,131000000.0,131000000.0,0.0,0.0,0.019,651000000.0,241000000.0,274000000.0,0.0,,,,1997000000.0,0.0,,,,728000000.0,0.0,6723000000.0,6723000000.0,0.0,0.026,0.092,0.113,0.036,0.0,670000000.0,1.0,48775547.0,48800000.0,48800000.0,137.766,3482000000.0,284000000.0,68000000.0,99000000.0,71.352,-913000000.0
11,HII,MRY,2009-12-31,2009-12-31,2009-12-31,2021-08-05,-531000000.0,5036000000.0,4898000000.0,1171000000.0,3865000000.0,1.285,29.447,-181000000.0,0.0,0.0,5442000000.0,124000000.0,0.599,2.505,820000000.0,537000000.0,283000000.0,820000000.0,81000000.0,186000000.0,0.0,,0.0,212000000.0,398000000.0,0.063,398000000.0,212000000.0,176000000.0,2.54,2.54,2.54,1437000000.0,1199000000.0,1437000000.0,,,,-269000000.0,-5.512,1.0,850000000.0,0.135,1744000000.0,36000000.0,2158000000.0,1963000000.0,298000000.0,0.0,0.0,0.0,3599000000.0,1954000000.0,1645000000.0,,0.0,0.0,0.0,0.0,0.0,266000000.0,-178000000.0,0.0,-88000000.0,0.0,124000000.0,124000000.0,124000000.0,0.0,0.0,0.02,639000000.0,211000000.0,314000000.0,0.0,,,,1977000000.0,0.0,,,,537000000.0,,6292000000.0,6292000000.0,0.0,0.025,0.103,0.108,0.034,0.0,639000000.0,1.0,48775547.0,48800000.0,48800000.0,128.934,3292000000.0,326000000.0,52000000.0,156000000.0,67.459,-783000000.0
12,HII,MRY,2008-12-31,2008-12-31,2008-12-31,2021-08-05,-617000000.0,4760000000.0,,895000000.0,3865000000.0,,,-218000000.0,0.0,0.0,5489000000.0,-2420000000.0,0.439,3.953,820000000.0,537000000.0,283000000.0,820000000.0,258000000.0,193000000.0,0.0,,0.0,-2354000000.0,-2161000000.0,-0.349,-2161000000.0,-2354000000.0,-2394000000.0,,,,961000000.0,,961000000.0,,,,121000000.0,,1.0,700000000.0,0.113,1774000000.0,40000000.0,1768000000.0,,197000000.0,0.0,0.0,0.0,3799000000.0,2038000000.0,1761000000.0,,0.0,0.0,0.0,0.0,0.0,-187000000.0,-152000000.0,0.0,339000000.0,0.0,-2420000000.0,-2420000000.0,-2420000000.0,0.0,0.0,-0.391,3054000000.0,-2354000000.0,321000000.0,,,,,1951000000.0,0.0,,,,481000000.0,,6189000000.0,6189000000.0,0.0,,,,-0.38,0.0,564000000.0,1.0,,,,,2986000000.0,208000000.0,26000000.0,81000000.0,,-1143000000.0
13,HII,MRY,2007-12-31,2007-12-31,2007-12-31,2021-08-05,,,,,,,,-246000000.0,,,4604000000.0,276000000.0,,,,,,,,170000000.0,,,0.0,453000000.0,623000000.0,0.109,623000000.0,453000000.0,411000000.0,,,,,,,,,,364000000.0,,1.0,1088000000.0,0.191,,42000000.0,,,,,,,,,,,0.0,0.0,0.0,0.0,0.0,-421000000.0,-189000000.0,0.0,610000000.0,0.0,276000000.0,276000000.0,276000000.0,0.0,0.0,0.048,641000000.0,447000000.0,,,,,,,0.0,,,,,,5692000000.0,5692000000.0,0.0,,,,0.08,0.0,641000000.0,1.0,,,,,,,135000000.0,,,
0,HII,MRQ,2021-06-30,2021-06-30,2021-06-30,2021-08-05,-1501000000.0,8132000000.0,,2317000000.0,5815000000.0,,51.29,-73000000.0,348000000.0,348000000.0,1909000000.0,129000000.0,1.091,2.934,1859000000.0,0.0,1859000000.0,1859000000.0,660000000.0,63000000.0,0.0,0.021,1.14,179000000.0,242000000.0,0.108,242000000.0,179000000.0,161000000.0,3.2,3.2,3.2,2067000000.0,,2067000000.0,9918965655.0,10.0,8.051,23000000.0,0.571,1.0,322000000.0,0.144,2103000000.0,18000000.0,5417000000.0,,139000000.0,0.0,0.0,0.0,6065000000.0,2123000000.0,3942000000.0,8478965655.0,-59000000.0,-15000000.0,-21000000.0,0.0,-46000000.0,-67000000.0,-88000000.0,0.0,96000000.0,0.0,129000000.0,129000000.0,129000000.0,0.0,0.0,0.058,192000000.0,130000000.0,349000000.0,0.356,4.102,11.336,11.404,3212000000.0,0.0,210.75,0.885,0.887,443000000.0,3718000000.0,2231000000.0,2231000000.0,0.0,,,,,3000000.0,204000000.0,1.0,40232340.0,40300000.0,40300000.0,55.36,6029000000.0,227000000.0,32000000.0,0.0,149.603,194000000.0
1,HII,MRQ,2021-03-31,2021-03-31,2021-03-31,2021-08-05,-1523000000.0,8214000000.0,,2443000000.0,5771000000.0,,49.229,-59000000.0,407000000.0,407000000.0,1936000000.0,148000000.0,1.067,3.151,1847000000.0,0.0,1847000000.0,1847000000.0,700000000.0,65000000.0,0.0,0.021,1.14,194000000.0,259000000.0,0.114,259000000.0,194000000.0,173000000.0,3.68,3.68,3.68,1979000000.0,,1979000000.0,9630205046.0,11.0,8.448,-16000000.0,-0.398,1.0,342000000.0,0.15,2116000000.0,21000000.0,5248000000.0,,142000000.0,0.0,0.0,0.0,6235000000.0,2290000000.0,3945000000.0,8299205046.0,-105000000.0,13000000.0,-49000000.0,0.0,-46000000.0,-102000000.0,-46000000.0,0.0,43000000.0,0.0,148000000.0,148000000.0,148000000.0,0.0,0.0,0.065,198000000.0,144000000.0,397000000.0,0.31,4.194,12.35,12.416,3183000000.0,0.0,205.85,0.885,0.883,407000000.0,3635000000.0,2278000000.0,2278000000.0,0.0,,,,,9000000.0,206000000.0,1.0,40316760.0,40200000.0,40200000.0,56.667,6098000000.0,228000000.0,25000000.0,0.0,151.692,153000000.0
2,HII,MRQ,2020-12-31,2020-12-31,2020-12-31,2021-08-05,-1547000000.0,8157000000.0,,2444000000.0,5713000000.0,,46.823,-133000000.0,512000000.0,512000000.0,2210000000.0,249000000.0,1.098,3.291,1843000000.0,0.0,1843000000.0,1843000000.0,585000000.0,70000000.0,0.0,0.025,1.14,349000000.0,419000000.0,0.152,419000000.0,349000000.0,303000000.0,6.13,6.16,6.13,1901000000.0,,1901000000.0,8590181517.0,9.0,7.336,469000000.0,11.552,1.0,547000000.0,0.198,2129000000.0,46000000.0,5133000000.0,,137000000.0,0.0,0.0,0.0,6256000000.0,2226000000.0,4030000000.0,6903181517.0,-232000000.0,-40000000.0,0.0,-600000000.0,-46000000.0,-661000000.0,-173000000.0,0.0,602000000.0,0.0,249000000.0,249000000.0,249000000.0,0.0,0.0,0.09,243000000.0,304000000.0,460000000.0,0.186,3.631,9.918,9.946,3170000000.0,0.0,170.48,0.737,0.739,397000000.0,3533000000.0,2757000000.0,2757000000.0,0.0,,,,,7000000.0,256000000.0,1.0,40492618.0,40600000.0,40300000.0,67.906,6028000000.0,304000000.0,54000000.0,0.0,148.473,218000000.0
3,HII,MRQ,2020-09-30,2020-09-30,2020-09-30,2021-08-05,-1357000000.0,8445000000.0,,2881000000.0,5564000000.0,,46.305,-62000000.0,744000000.0,744000000.0,1878000000.0,222000000.0,1.29,3.492,2431000000.0,0.0,2431000000.0,2431000000.0,604000000.0,59000000.0,0.0,0.029,1.03,253000000.0,312000000.0,0.135,312000000.0,253000000.0,226000000.0,5.47,5.45,5.47,1880000000.0,,1880000000.0,7491270676.0,10.0,7.432,160000000.0,3.941,1.0,436000000.0,0.188,2104000000.0,27000000.0,5795000000.0,,152000000.0,0.0,0.0,0.0,6565000000.0,2233000000.0,4332000000.0,5699270676.0,113000000.0,1000000.0,0.0,0.0,-42000000.0,-42000000.0,-67000000.0,0.0,222000000.0,0.0,222000000.0,222000000.0,222000000.0,0.0,0.0,0.096,214000000.0,222000000.0,429000000.0,0.188,3.032,9.563,9.64,3094000000.0,0.0,140.75,0.632,0.634,492000000.0,3330000000.0,2314000000.0,2314000000.0,0.0,,,,,3000000.0,220000000.0,1.0,40492154.0,40600000.0,40700000.0,56.995,6341000000.0,260000000.0,4000000.0,0.0,156.182,648000000.0
4,HII,MRQ,2020-06-30,2020-06-30,2020-06-30,2021-08-05,-1376000000.0,8233000000.0,,2739000000.0,5494000000.0,,41.229,-75000000.0,631000000.0,631000000.0,1763000000.0,53000000.0,1.296,3.906,2423000000.0,0.0,2423000000.0,2423000000.0,573000000.0,60000000.0,0.0,0.023,1.03,90000000.0,150000000.0,0.074,150000000.0,90000000.0,65000000.0,1.3,1.3,1.3,1678000000.0,,1678000000.0,8942352231.0,12.0,9.248,126000000.0,3.096,1.0,264000000.0,0.13,2118000000.0,25000000.0,5793000000.0,,160000000.0,0.0,0.0,0.0,6555000000.0,2114000000.0,4441000000.0,7062352231.0,603000000.0,0.0,0.0,519000000.0,-42000000.0,477000000.0,-75000000.0,0.0,201000000.0,0.0,53000000.0,53000000.0,53000000.0,0.0,0.0,0.026,207000000.0,57000000.0,437000000.0,0.792,4.209,13.376,13.558,3053000000.0,0.0,174.49,0.792,0.796,494000000.0,3150000000.0,2027000000.0,2027000000.0,0.0,,,,,6000000.0,214000000.0,1.0,40474252.0,40700000.0,40700000.0,49.803,6115000000.0,182000000.0,12000000.0,0.0,150.246,625000000.0
5,HII,MRQ,2020-03-31,2020-03-31,2020-03-31,2021-08-05,-1394000000.0,7615000000.0,,2137000000.0,5478000000.0,,40.369,-66000000.0,28000000.0,28000000.0,1840000000.0,172000000.0,1.027,3.635,1908000000.0,88000000.0,1820000000.0,1908000000.0,387000000.0,58000000.0,0.0,0.021,1.03,232000000.0,290000000.0,0.128,290000000.0,232000000.0,216000000.0,4.23,4.23,4.23,1643000000.0,,1643000000.0,8801877413.0,11.0,8.359,2000000.0,0.049,1.0,423000000.0,0.187,2129000000.0,16000000.0,5286000000.0,,154000000.0,0.0,0.0,0.0,5972000000.0,2080000000.0,3892000000.0,7426877413.0,-47000000.0,-378000000.0,-84000000.0,468000000.0,-42000000.0,329000000.0,-444000000.0,0.0,68000000.0,0.0,172000000.0,172000000.0,172000000.0,0.0,0.0,0.076,208000000.0,215000000.0,536000000.0,0.243,4.52,12.317,12.446,3033000000.0,0.0,182.21,0.818,0.817,418000000.0,3139000000.0,2263000000.0,2263000000.0,0.0,,,,,7000000.0,214000000.0,1.0,40759988.0,40700000.0,40700000.0,55.602,5486000000.0,193000000.0,44000000.0,0.0,134.791,57000000.0
6,HII,MRQ,2019-12-31,2019-12-31,2019-12-31,2021-08-05,-1409000000.0,7031000000.0,,1785000000.0,5246000000.0,,38.357,-158000000.0,75000000.0,75000000.0,1980000000.0,149000000.0,0.944,3.428,1450000000.0,0.0,1450000000.0,1450000000.0,373000000.0,66000000.0,0.0,0.014,1.03,190000000.0,256000000.0,0.106,256000000.0,190000000.0,172000000.0,3.6,3.6,3.6,1588000000.0,,1588000000.0,11950081564.0,16.0,12.194,408000000.0,9.855,1.0,432000000.0,0.179,1865000000.0,18000000.0,4651000000.0,,136000000.0,0.0,0.0,0.0,5443000000.0,1890000000.0,3553000000.0,10261081564.0,43000000.0,0.0,-60000000.0,-264000000.0,-42000000.0,-366000000.0,-157000000.0,0.0,566000000.0,0.0,149000000.0,149000000.0,149000000.0,0.0,0.0,0.062,246000000.0,186000000.0,497000000.0,0.286,6.462,18.69,18.92,3033000000.0,0.0,250.88,1.153,1.167,318000000.0,3009000000.0,2412000000.0,2412000000.0,0.0,,,,,11000000.0,224000000.0,1.0,40900357.0,41400000.0,41400000.0,58.261,5166000000.0,256000000.0,23000000.0,0.0,124.783,-105000000.0
7,HII,MRQ,2019-09-30,2019-09-30,2019-09-30,2021-08-05,-1232000000.0,7184000000.0,,2025000000.0,5159000000.0,,41.383,-113000000.0,32000000.0,32000000.0,1802000000.0,154000000.0,1.038,3.213,1721000000.0,0.0,1721000000.0,1721000000.0,344000000.0,55000000.0,0.0,0.016,0.86,216000000.0,271000000.0,0.122,271000000.0,216000000.0,198000000.0,3.74,3.74,3.74,1705000000.0,,1705000000.0,10602241591.0,13.0,10.571,250000000.0,6.068,1.0,417000000.0,0.188,1908000000.0,18000000.0,5015000000.0,,139000000.0,0.0,0.0,0.0,5479000000.0,1950000000.0,3529000000.0,8754241591.0,3000000.0,1000000.0,-66000000.0,-150000000.0,-35000000.0,-251000000.0,-109000000.0,0.0,363000000.0,0.0,154000000.0,154000000.0,154000000.0,0.0,0.0,0.069,203000000.0,214000000.0,616000000.0,0.23,5.134,14.304,14.506,2908000000.0,0.0,211.79,1.008,1.005,489000000.0,2902000000.0,2219000000.0,2219000000.0,0.0,,,,,7000000.0,209000000.0,1.0,41334537.0,41200000.0,41200000.0,53.859,5276000000.0,102000000.0,44000000.0,0.0,128.058,75000000.0
8,HII,MRQ,2019-06-30,2019-06-30,2019-06-30,2021-08-05,-1251000000.0,7230000000.0,,2123000000.0,5107000000.0,,39.041,-91000000.0,29000000.0,29000000.0,1834000000.0,128000000.0,1.116,3.441,1877000000.0,0.0,1877000000.0,1877000000.0,338000000.0,54000000.0,0.0,0.015,0.86,182000000.0,236000000.0,0.108,236000000.0,182000000.0,164000000.0,3.07,3.07,3.07,1628000000.0,,1628000000.0,10967452216.0,12.0,10.016,-135000000.0,-3.237,1.0,354000000.0,0.162,1921000000.0,18000000.0,5255000000.0,,126000000.0,0.0,0.0,0.0,5602000000.0,1902000000.0,3700000000.0,9338452216.0,-22000000.0,-1000000.0,-52000000.0,202000000.0,-36000000.0,114000000.0,-92000000.0,0.0,-44000000.0,0.0,128000000.0,128000000.0,128000000.0,0.0,0.0,0.059,179000000.0,175000000.0,616000000.0,0.28,5.736,13.593,13.916,2842000000.0,0.0,224.74,1.092,1.096,564000000.0,2783000000.0,2188000000.0,2188000000.0,0.0,,,,,7000000.0,184000000.0,1.0,41552248.0,41700000.0,41700000.0,52.47,5309000000.0,120000000.0,36000000.0,0.0,127.314,221000000.0
9,HII,MRQ,2019-03-31,2019-03-31,2019-03-31,2021-08-05,-1269000000.0,7000000000.0,,1922000000.0,5078000000.0,,37.754,-74000000.0,51000000.0,51000000.0,1752000000.0,118000000.0,0.981,3.479,1680000000.0,0.0,1680000000.0,1680000000.0,360000000.0,52000000.0,0.0,0.015,0.86,165000000.0,217000000.0,0.104,217000000.0,165000000.0,149000000.0,2.85,2.85,2.85,1563000000.0,,1563000000.0,9647997559.0,10.0,8.114,-63000000.0,-1.522,1.0,328000000.0,0.158,1932000000.0,16000000.0,4737000000.0,,127000000.0,0.0,0.0,0.0,5437000000.0,1960000000.0,3477000000.0,8604997559.0,-189000000.0,-195000000.0,-84000000.0,212000000.0,-36000000.0,69000000.0,-269000000.0,0.0,11000000.0,0.0,118000000.0,118000000.0,118000000.0,0.0,0.0,0.057,167000000.0,161000000.0,618000000.0,0.302,5.505,10.783,11.206,2789000000.0,0.0,207.2,1.027,1.023,375000000.0,2691000000.0,2080000000.0,2080000000.0,0.0,,,,,5000000.0,171000000.0,1.0,41529911.0,41400000.0,41400000.0,50.242,5068000000.0,140000000.0,31000000.0,0.0,122.415,-38000000.0
10,HII,MRQ,2018-12-31,2018-12-31,2018-12-31,2021-08-05,-1288000000.0,6383000000.0,,1745000000.0,4638000000.0,,35.338,-142000000.0,240000000.0,240000000.0,1729000000.0,212000000.0,0.954,3.21,1283000000.0,0.0,1283000000.0,1283000000.0,331000000.0,46000000.0,0.0,0.016,0.86,233000000.0,279000000.0,0.127,279000000.0,233000000.0,219000000.0,4.94,4.94,4.94,1516000000.0,,1516000000.0,9388631311.0,9.0,7.621,506000000.0,11.795,1.0,470000000.0,0.214,1755000000.0,14000000.0,3842000000.0,,128000000.0,0.0,0.0,0.0,4867000000.0,1829000000.0,3038000000.0,8174631311.0,172000000.0,-77000000.0,-230000000.0,0.0,-37000000.0,-267000000.0,-209000000.0,0.0,648000000.0,0.0,212000000.0,212000000.0,212000000.0,0.0,0.0,0.096,257000000.0,213000000.0,562000000.0,0.174,5.392,9.778,9.969,2517000000.0,0.0,190.31,1.0,1.02,252000000.0,2609000000.0,2199000000.0,2199000000.0,0.0,,,,,9000000.0,262000000.0,1.0,42954292.0,42900000.0,42900000.0,51.259,4628000000.0,257000000.0,7000000.0,0.0,107.879,-84000000.0
11,HII,MRQ,2018-09-30,2018-09-30,2018-09-30,2021-08-05,-1070000000.0,6199000000.0,,1859000000.0,4340000000.0,,42.148,-102000000.0,68000000.0,68000000.0,1593000000.0,229000000.0,1.14,2.397,1282000000.0,0.0,1282000000.0,1282000000.0,267000000.0,54000000.0,0.0,0.011,0.72,309000000.0,363000000.0,0.174,363000000.0,309000000.0,295000000.0,5.29,5.29,5.29,1825000000.0,,1825000000.0,11975971263.0,12.0,9.713,-195000000.0,-4.503,1.0,490000000.0,0.235,1697000000.0,14000000.0,4085000000.0,,180000000.0,0.0,0.0,0.0,4374000000.0,1631000000.0,2743000000.0,11092971263.0,-330000000.0,0.0,-104000000.0,0.0,-31000000.0,-135000000.0,-102000000.0,0.0,-93000000.0,0.0,229000000.0,229000000.0,229000000.0,0.0,0.0,0.11,200000000.0,290000000.0,407000000.0,0.136,6.078,16.124,16.415,2332000000.0,0.0,256.08,1.391,1.391,472000000.0,2434000000.0,2083000000.0,2083000000.0,0.0,,,,,12000000.0,208000000.0,1.0,43318382.0,43300000.0,43300000.0,48.106,4502000000.0,98000000.0,66000000.0,0.0,103.972,228000000.0
12,HII,MRQ,2018-06-30,2018-06-30,2018-06-30,2021-08-05,-1085000000.0,6375000000.0,,2152000000.0,4223000000.0,,38.439,-85000000.0,398000000.0,398000000.0,1568000000.0,239000000.0,1.426,2.752,1281000000.0,0.0,1281000000.0,1281000000.0,210000000.0,53000000.0,0.0,0.013,0.72,277000000.0,330000000.0,0.163,330000000.0,277000000.0,262000000.0,5.41,5.4,5.41,1699000000.0,,1699000000.0,10399262961.0,11.0,8.973,154000000.0,3.484,1.0,452000000.0,0.224,1707000000.0,15000000.0,4042000000.0,,174000000.0,0.0,0.0,0.0,4676000000.0,1509000000.0,3167000000.0,9647262961.0,-130000000.0,-10000000.0,-242000000.0,0.0,-32000000.0,-274000000.0,-95000000.0,0.0,239000000.0,0.0,239000000.0,239000000.0,239000000.0,0.0,0.0,0.118,207000000.0,245000000.0,378000000.0,0.133,5.678,15.867,15.952,2258000000.0,0.0,216.79,1.244,1.236,364000000.0,2236000000.0,2020000000.0,2020000000.0,0.0,,,,,8000000.0,209000000.0,1.0,44500498.0,44200000.0,44300000.0,45.701,4668000000.0,92000000.0,23000000.0,0.0,105.611,643000000.0
13,HII,MRQ,2018-03-31,2018-03-31,2018-03-31,2021-08-05,-1098000000.0,6376000000.0,,2210000000.0,4166000000.0,,38.348,-73000000.0,528000000.0,528000000.0,1495000000.0,156000000.0,1.511,2.711,1280000000.0,0.0,1280000000.0,1280000000.0,190000000.0,50000000.0,0.0,0.01,0.72,210000000.0,260000000.0,0.139,260000000.0,210000000.0,195000000.0,3.48,3.48,3.48,1718000000.0,,1718000000.0,12121981622.0,13.0,10.881,47000000.0,1.049,1.0,379000000.0,0.202,1716000000.0,15000000.0,3949000000.0,,188000000.0,0.0,0.0,0.0,4658000000.0,1463000000.0,3195000000.0,11543981622.0,-173000000.0,0.0,-166000000.0,0.0,-32000000.0,-223000000.0,-70000000.0,0.0,120000000.0,0.0,156000000.0,156000000.0,156000000.0,0.0,0.0,0.083,190000000.0,189000000.0,344000000.0,0.207,6.719,22.372,22.611,2219000000.0,0.0,257.76,1.521,1.521,343000000.0,2029000000.0,1874000000.0,1874000000.0,0.0,,,,,7000000.0,192000000.0,1.0,44785776.0,44800000.0,44800000.0,41.83,4660000000.0,102000000.0,39000000.0,0.0,104.018,747000000.0
14,HII,MRQ,2017-12-31,2017-12-31,2017-12-31,2021-08-05,-900000000.0,6374000000.0,,2195000000.0,4179000000.0,,38.722,-133000000.0,701000000.0,701000000.0,1549000000.0,64000000.0,1.578,2.626,1279000000.0,0.0,1279000000.0,1279000000.0,146000000.0,52000000.0,0.0,0.011,0.72,228000000.0,280000000.0,0.14,280000000.0,228000000.0,187000000.0,1.42,1.42,1.42,1758000000.0,,1758000000.0,11451077804.0,13.0,10.692,301000000.0,6.63,1.0,447000000.0,0.224,1725000000.0,41000000.0,3836000000.0,,183000000.0,0.0,0.0,0.0,4616000000.0,1391000000.0,3225000000.0,10668077804.0,202000000.0,0.0,-39000000.0,-12000000.0,-33000000.0,-99000000.0,-133000000.0,0.0,434000000.0,0.0,64000000.0,64000000.0,64000000.0,0.0,0.0,0.032,216000000.0,231000000.0,375000000.0,0.507,6.068,22.272,22.49,2215000000.0,0.0,235.7,1.434,1.448,429000000.0,1687000000.0,1996000000.0,1996000000.0,0.0,,,,,7000000.0,218000000.0,1.0,45261255.0,45400000.0,45500000.0,43.965,4649000000.0,114000000.0,123000000.0,0.0,102.401,804000000.0
15,HII,MRQ,2017-09-30,2017-09-30,2017-09-30,2021-08-05,-949000000.0,6172000000.0,,1939000000.0,4233000000.0,,37.709,-91000000.0,499000000.0,499000000.0,1448000000.0,149000000.0,1.521,2.605,1282000000.0,0.0,1282000000.0,1282000000.0,92000000.0,51000000.0,0.0,0.011,0.6,238000000.0,289000000.0,0.155,289000000.0,238000000.0,220000000.0,3.28,3.27,3.28,1712000000.0,,1712000000.0,11010078602.0,12.0,9.946,5000000.0,0.11,1.0,415000000.0,0.223,1735000000.0,18000000.0,3945000000.0,,183000000.0,0.0,0.0,0.0,4460000000.0,1275000000.0,3185000000.0,10282078602.0,-54000000.0,0.0,-40000000.0,0.0,-27000000.0,-67000000.0,-83000000.0,0.0,96000000.0,0.0,149000000.0,149000000.0,149000000.0,0.0,0.0,0.08,174000000.0,241000000.0,318000000.0,0.183,6.006,16.801,17.013,2093000000.0,0.0,226.44,1.396,1.395,1200000000.0,1656000000.0,1863000000.0,1863000000.0,0.0,,,,,7000000.0,181000000.0,1.0,45407519.0,45400000.0,45500000.0,41.035,4437000000.0,288000000.0,71000000.0,0.0,97.731,664000000.0
16,HII,MRQ,2017-06-30,2017-06-30,2017-06-30,2021-08-05,-919000000.0,6190000000.0,,2033000000.0,4157000000.0,,36.105,-79000000.0,553000000.0,553000000.0,1436000000.0,147000000.0,1.63,2.752,1281000000.0,0.0,1281000000.0,1281000000.0,94000000.0,50000000.0,0.0,0.012,0.6,235000000.0,285000000.0,0.153,285000000.0,235000000.0,218000000.0,3.22,3.21,3.22,1650000000.0,,1650000000.0,9238998311.0,11.0,8.892,107000000.0,2.341,1.0,422000000.0,0.227,1746000000.0,17000000.0,3925000000.0,,204000000.0,0.0,0.0,0.0,4540000000.0,1247000000.0,3293000000.0,8566998311.0,-55000000.0,3000000.0,-139000000.0,0.0,-27000000.0,-166000000.0,-75000000.0,0.0,186000000.0,0.0,147000000.0,147000000.0,147000000.0,0.0,0.0,0.079,181000000.0,241000000.0,325000000.0,0.186,5.192,15.03,15.123,2034000000.0,0.0,186.16,1.192,1.184,1201000000.0,1534000000.0,1858000000.0,1858000000.0,0.0,,,,,14000000.0,182000000.0,1.0,46019544.0,45700000.0,45800000.0,40.656,4444000000.0,267000000.0,71000000.0,0.0,97.243,786000000.0
17,HII,MRQ,2017-03-31,2017-03-31,2017-03-31,2021-08-05,-935000000.0,6234000000.0,,2063000000.0,4171000000.0,,35.378,-58000000.0,608000000.0,608000000.0,1380000000.0,119000000.0,1.621,2.806,1280000000.0,0.0,1280000000.0,1280000000.0,88000000.0,52000000.0,0.0,0.011,0.6,165000000.0,217000000.0,0.126,217000000.0,165000000.0,147000000.0,2.57,2.56,2.57,1638000000.0,,1638000000.0,9775236827.0,12.0,9.593,40000000.0,0.864,1.0,344000000.0,0.2,1771000000.0,18000000.0,3862000000.0,,230000000.0,0.0,0.0,0.0,4596000000.0,1273000000.0,3323000000.0,9217236827.0,-112000000.0,0.0,-68000000.0,0.0,-28000000.0,-152000000.0,-58000000.0,0.0,98000000.0,0.0,119000000.0,119000000.0,119000000.0,0.0,0.0,0.069,176000000.0,168000000.0,333000000.0,0.233,5.627,16.578,16.799,1986000000.0,0.0,200.24,1.311,1.319,1178000000.0,1414000000.0,1724000000.0,1724000000.0,0.0,,,,,6000000.0,178000000.0,1.0,46030947.0,46300000.0,46400000.0,37.235,4463000000.0,292000000.0,28000000.0,0.0,96.393,790000000.0
18,HII,MRQ,2016-12-31,2016-12-31,2016-12-31,2021-08-05,-951000000.0,6352000000.0,,2142000000.0,4210000000.0,,35.779,-140000000.0,720000000.0,720000000.0,1317000000.0,197000000.0,1.595,2.843,1278000000.0,0.0,1278000000.0,1278000000.0,166000000.0,47000000.0,0.0,0.011,0.6,269000000.0,316000000.0,0.164,316000000.0,269000000.0,251000000.0,4.24,4.21,4.24,1653000000.0,,1653000000.0,8860168459.0,10.0,8.487,205000000.0,4.437,1.0,605000000.0,0.315,1782000000.0,18000000.0,3785000000.0,,210000000.0,0.0,0.0,0.0,4699000000.0,1343000000.0,3356000000.0,8540168459.0,-237000000.0,-372000000.0,-42000000.0,0.0,-28000000.0,-70000000.0,-512000000.0,0.0,345000000.0,0.0,197000000.0,197000000.0,197000000.0,0.0,0.0,0.102,334000000.0,271000000.0,316000000.0,0.142,5.166,14.904,15.048,1986000000.0,0.0,184.19,1.208,1.22,1164000000.0,1323000000.0,1922000000.0,1922000000.0,0.0,,,,,14000000.0,333000000.0,1.0,46366081.0,46200000.0,46600000.0,41.602,4570000000.0,314000000.0,54000000.0,0.0,98.918,799000000.0
19,HII,MRQ,2016-09-30,2016-09-30,2016-09-30,2021-08-05,-808000000.0,6008000000.0,,2344000000.0,3664000000.0,,35.224,-60000000.0,957000000.0,957000000.0,1367000000.0,107000000.0,1.909,2.637,1277000000.0,0.0,1277000000.0,1277000000.0,99000000.0,45000000.0,0.0,0.013,0.5,176000000.0,221000000.0,0.131,221000000.0,176000000.0,157000000.0,2.28,2.27,2.28,1652000000.0,,1652000000.0,7602342605.0,10.0,8.29,194000000.0,4.136,1.0,316000000.0,0.188,1435000000.0,19000000.0,3665000000.0,,268000000.0,0.0,0.0,0.0,4356000000.0,1228000000.0,3128000000.0,7178342605.0,105000000.0,0.0,-66000000.0,0.0,-22000000.0,-89000000.0,-60000000.0,0.0,254000000.0,0.0,107000000.0,107000000.0,107000000.0,0.0,0.0,0.064,141000000.0,175000000.0,293000000.0,0.219,4.345,16.851,16.859,1841000000.0,0.0,153.42,1.018,1.02,1046000000.0,1154000000.0,1683000000.0,1683000000.0,0.0,,,,,11000000.0,147000000.0,1.0,46788832.0,46900000.0,47200000.0,35.885,4573000000.0,253000000.0,50000000.0,0.0,97.505,1116000000.0
20,HII,MRQ,2016-06-30,2016-06-30,2016-06-30,2021-08-05,-821000000.0,5859000000.0,,2197000000.0,3662000000.0,,34.298,-48000000.0,852000000.0,852000000.0,1333000000.0,133000000.0,1.926,2.635,1276000000.0,0.0,1276000000.0,1276000000.0,100000000.0,48000000.0,0.0,0.011,0.5,217000000.0,265000000.0,0.156,265000000.0,217000000.0,199000000.0,2.83,2.8,2.83,1612000000.0,,1612000000.0,8383172696.0,11.0,8.909,121000000.0,2.574,1.0,367000000.0,0.216,1440000000.0,18000000.0,3702000000.0,,280000000.0,0.0,0.0,0.0,4247000000.0,1141000000.0,3106000000.0,7901172696.0,59000000.0,0.0,-42000000.0,0.0,-24000000.0,-66000000.0,-44000000.0,0.0,169000000.0,0.0,133000000.0,133000000.0,133000000.0,0.0,0.0,0.078,150000000.0,217000000.0,252000000.0,0.177,4.901,18.375,18.404,1813000000.0,0.0,168.03,1.102,1.102,1022000000.0,1069000000.0,1700000000.0,1700000000.0,0.0,,,,,6000000.0,151000000.0,1.0,47022393.0,47000000.0,47500000.0,36.17,4419000000.0,282000000.0,66000000.0,0.0,94.021,1056000000.0
21,HII,MRQ,2016-03-31,2016-03-31,2016-03-31,2021-08-05,-833000000.0,5896000000.0,,2203000000.0,3693000000.0,,32.362,-37000000.0,793000000.0,793000000.0,1428000000.0,136000000.0,1.907,2.876,1275000000.0,0.0,1275000000.0,1275000000.0,72000000.0,46000000.0,0.0,0.013,0.5,196000000.0,242000000.0,0.137,242000000.0,196000000.0,177000000.0,2.89,2.87,2.89,1521000000.0,,1521000000.0,6789819808.0,8.0,6.865,17000000.0,0.362,1.0,335000000.0,0.19,1446000000.0,19000000.0,3777000000.0,,283000000.0,0.0,0.0,0.0,4375000000.0,1155000000.0,3220000000.0,6410819808.0,-101000000.0,0.0,-44000000.0,0.0,-24000000.0,-118000000.0,-37000000.0,0.0,54000000.0,0.0,136000000.0,136000000.0,136000000.0,0.0,0.0,0.077,137000000.0,198000000.0,252000000.0,0.173,4.215,14.152,14.384,1809000000.0,0.0,136.94,0.889,0.892,1086000000.0,960000000.0,1763000000.0,1763000000.0,0.0,,,,,5000000.0,137000000.0,1.0,46814808.0,47000000.0,47400000.0,37.511,4450000000.0,313000000.0,41000000.0,0.0,94.681,1048000000.0
22,HII,MRQ,2015-12-31,2015-12-31,2015-12-31,2021-08-05,-845000000.0,6024000000.0,,2284000000.0,3740000000.0,,31.906,-102000000.0,894000000.0,894000000.0,1550000000.0,50000000.0,1.793,3.043,1273000000.0,0.0,1273000000.0,1273000000.0,125000000.0,45000000.0,0.0,0.013,0.5,144000000.0,189000000.0,0.099,189000000.0,144000000.0,80000000.0,1.1,1.08,1.1,1490000000.0,,1490000000.0,6592905093.0,9.0,6.947,331000000.0,7.088,1.0,355000000.0,0.186,1451000000.0,64000000.0,3678000000.0,,285000000.0,0.0,0.0,0.0,4534000000.0,1274000000.0,3260000000.0,5958905093.0,223000000.0,0.0,-40000000.0,-12000000.0,-23000000.0,-108000000.0,-102000000.0,0.0,433000000.0,0.0,50000000.0,50000000.0,50000000.0,0.0,0.0,0.026,211000000.0,144000000.0,317000000.0,0.455,3.999,14.75,15.047,1827000000.0,0.0,126.85,0.849,0.866,1074000000.0,848000000.0,1905000000.0,1905000000.0,0.0,,,,,14000000.0,196000000.0,1.0,46975996.0,46700000.0,47400000.0,40.792,4573000000.0,336000000.0,30000000.0,0.0,97.923,1010000000.0
23,HII,MRQ,2015-09-30,2015-09-30,2015-09-30,2021-08-05,-826000000.0,6042000000.0,,2419000000.0,3623000000.0,,31.042,-37000000.0,671000000.0,671000000.0,1456000000.0,111000000.0,1.869,3.055,1305000000.0,0.0,1305000000.0,1305000000.0,141000000.0,45000000.0,0.0,0.015,0.4,200000000.0,245000000.0,0.136,245000000.0,200000000.0,175000000.0,2.31,2.29,2.31,1490000000.0,,1490000000.0,5842841210.0,8.0,6.196,215000000.0,4.479,1.0,344000000.0,0.191,1501000000.0,25000000.0,3881000000.0,,308000000.0,0.0,0.0,0.0,4552000000.0,1294000000.0,3258000000.0,5123841210.0,-289000000.0,0.0,-102000000.0,-383000000.0,-19000000.0,-504000000.0,-37000000.0,0.0,252000000.0,0.0,111000000.0,111000000.0,111000000.0,0.0,0.0,0.062,144000000.0,200000000.0,296000000.0,0.173,3.439,12.62,12.741,1750000000.0,0.0,107.15,0.728,0.73,1278000000.0,821000000.0,1800000000.0,1800000000.0,0.0,,,,,8000000.0,150000000.0,1.0,47819330.0,48000000.0,48400000.0,37.5,4541000000.0,314000000.0,64000000.0,0.0,94.604,1125000000.0
24,HII,MRQ,2015-06-30,2015-06-30,2015-06-30,2021-08-05,-836000000.0,6312000000.0,,2694000000.0,3618000000.0,,30.619,-29000000.0,960000000.0,960000000.0,1246000000.0,156000000.0,1.695,3.251,1679000000.0,374000000.0,1305000000.0,1679000000.0,117000000.0,44000000.0,0.0,0.012,0.4,269000000.0,313000000.0,0.179,313000000.0,269000000.0,244000000.0,3.22,3.2,3.22,1485000000.0,,1485000000.0,6271893125.0,8.0,6.847,137000000.0,2.825,1.0,499000000.0,0.286,1507000000.0,25000000.0,3935000000.0,,319000000.0,0.0,0.0,0.0,4827000000.0,1589000000.0,3238000000.0,5475893125.0,56000000.0,0.0,-61000000.0,-21000000.0,-20000000.0,-102000000.0,-8000000.0,0.0,166000000.0,0.0,156000000.0,156000000.0,156000000.0,0.0,0.0,0.089,230000000.0,269000000.0,269000000.0,0.124,3.687,14.005,13.952,1757000000.0,0.0,112.59,0.787,0.785,1244000000.0,729000000.0,1745000000.0,1745000000.0,0.0,,,,,17000000.0,173000000.0,1.0,48635697.0,48500000.0,48800000.0,35.979,4805000000.0,336000000.0,88000000.0,0.0,99.072,1105000000.0
25,HII,MRQ,2015-03-31,2015-03-31,2015-03-31,2021-08-05,-849000000.0,6319000000.0,,2628000000.0,3691000000.0,,28.512,-20000000.0,904000000.0,904000000.0,1265000000.0,87000000.0,1.973,3.579,1700000000.0,108000000.0,1592000000.0,1700000000.0,78000000.0,46000000.0,0.0,0.009,0.4,156000000.0,202000000.0,0.129,202000000.0,156000000.0,133000000.0,1.8,1.79,1.8,1380000000.0,,1380000000.0,7479792286.0,11.0,8.979,-10000000.0,-0.207,1.0,305000000.0,0.194,1572000000.0,23000000.0,4211000000.0,,336000000.0,0.0,0.0,0.0,4939000000.0,1332000000.0,3607000000.0,6769792286.0,-86000000.0,-6000000.0,-29000000.0,0.0,-19000000.0,-102000000.0,6000000.0,0.0,10000000.0,0.0,87000000.0,87000000.0,87000000.0,0.0,0.0,0.055,149000000.0,156000000.0,307000000.0,0.222,4.906,20.208,20.312,1768000000.0,0.0,140.15,0.976,0.978,1219000000.0,593000000.0,1570000000.0,1570000000.0,0.0,,,,,4000000.0,150000000.0,1.0,48303905.0,48400000.0,48700000.0,32.438,4747000000.0,335000000.0,46000000.0,0.0,98.079,1296000000.0
26,HII,MRQ,2014-12-31,2014-12-31,2014-12-31,2021-08-05,-862000000.0,6239000000.0,,2417000000.0,3822000000.0,,28.144,-74000000.0,990000000.0,990000000.0,1520000000.0,52000000.0,1.842,3.571,1670000000.0,108000000.0,1562000000.0,1670000000.0,74000000.0,38000000.0,0.0,0.009,0.4,145000000.0,183000000.0,0.095,183000000.0,145000000.0,79000000.0,1.08,1.06,1.08,1365000000.0,,1365000000.0,6404539442.0,10.0,7.535,367000000.0,7.567,1.0,407000000.0,0.211,1573000000.0,66000000.0,4034000000.0,,339000000.0,0.0,0.0,0.0,4874000000.0,1312000000.0,3562000000.0,5430539442.0,221000000.0,0.0,-26000000.0,-55000000.0,-19000000.0,-146000000.0,-74000000.0,0.0,441000000.0,0.0,52000000.0,52000000.0,52000000.0,0.0,0.0,0.027,263000000.0,144000000.0,269000000.0,0.37,3.978,16.067,16.228,1792000000.0,0.0,112.46,0.781,0.789,1038000000.0,525000000.0,1927000000.0,1927000000.0,0.0,,,,,27000000.0,217000000.0,1.0,48288631.0,48500000.0,49300000.0,39.732,4666000000.0,341000000.0,27000000.0,0.0,96.206,1105000000.0
27,HII,MRQ,2014-09-30,2014-09-30,2014-09-30,2021-08-05,-506000000.0,6125000000.0,,2380000000.0,3745000000.0,,34.127,-40000000.0,769000000.0,769000000.0,1364000000.0,96000000.0,1.929,2.685,1743000000.0,93000000.0,1650000000.0,1743000000.0,53000000.0,47000000.0,0.0,0.008,0.2,171000000.0,218000000.0,0.127,218000000.0,171000000.0,144000000.0,1.97,1.96,1.97,1662000000.0,,1662000000.0,6234044519.0,9.0,6.806,216000000.0,4.435,1.0,353000000.0,0.206,1637000000.0,27000000.0,4228000000.0,,272000000.0,0.0,0.0,0.0,4463000000.0,1234000000.0,3229000000.0,5061044519.0,177000000.0,1000000.0,-8000000.0,-22000000.0,-10000000.0,-40000000.0,-39000000.0,0.0,256000000.0,0.0,96000000.0,96000000.0,96000000.0,0.0,0.0,0.056,182000000.0,171000000.0,268000000.0,0.102,3.045,13.425,13.551,1852000000.0,0.0,104.21,0.726,0.728,1144000000.0,492000000.0,1717000000.0,1717000000.0,0.0,,,,,11000000.0,189000000.0,1.0,48565824.0,48700000.0,49000000.0,35.257,4488000000.0,167000000.0,48000000.0,118000000.0,92.156,1146000000.0
28,HII,MRQ,2014-06-30,2014-06-30,2014-06-30,2021-08-05,-509000000.0,6080000000.0,,2327000000.0,3753000000.0,,32.152,-27000000.0,592000000.0,592000000.0,1369000000.0,100000000.0,1.837,2.875,1765000000.0,86000000.0,1679000000.0,1765000000.0,58000000.0,49000000.0,0.0,0.007,0.2,181000000.0,230000000.0,0.134,230000000.0,181000000.0,152000000.0,2.05,2.04,2.05,1569000000.0,,1569000000.0,5682106518.0,9.0,6.435,245000000.0,5.02,1.0,350000000.0,0.204,1646000000.0,29000000.0,4340000000.0,,294000000.0,0.0,0.0,0.0,4511000000.0,1267000000.0,3244000000.0,4645106518.0,-150000000.0,-227000000.0,-93000000.0,-14000000.0,-10000000.0,-168000000.0,-254000000.0,0.0,272000000.0,0.0,100000000.0,100000000.0,100000000.0,0.0,0.0,0.058,169000000.0,181000000.0,297000000.0,0.098,2.961,13.272,13.323,1850000000.0,0.0,94.59,0.674,0.67,1216000000.0,406000000.0,1719000000.0,1719000000.0,0.0,,,,,-7000000.0,170000000.0,1.0,49107797.0,48800000.0,49100000.0,35.225,4434000000.0,179000000.0,52000000.0,112000000.0,90.861,1060000000.0
29,HII,MRQ,2014-03-31,2014-03-31,2014-03-31,2021-08-05,-515000000.0,6107000000.0,,2544000000.0,3563000000.0,,31.792,-24000000.0,742000000.0,742000000.0,1287000000.0,90000000.0,2.052,2.912,1779000000.0,79000000.0,1700000000.0,1779000000.0,78000000.0,60000000.0,0.0,0.006,0.2,159000000.0,219000000.0,0.137,219000000.0,159000000.0,132000000.0,1.83,1.81,1.83,1561000000.0,,1561000000.0,5718342909.0,10.0,7.034,-238000000.0,-4.847,1.0,307000000.0,0.193,1450000000.0,27000000.0,4454000000.0,,315000000.0,0.0,0.0,0.0,4546000000.0,1240000000.0,3306000000.0,4982342909.0,-301000000.0,-46000000.0,-9000000.0,0.0,-10000000.0,-17000000.0,-70000000.0,0.0,-214000000.0,0.0,90000000.0,90000000.0,90000000.0,0.0,0.0,0.056,148000000.0,159000000.0,263000000.0,0.109,3.192,16.229,16.52,1856000000.0,0.0,102.26,0.727,0.733,1299000000.0,316000000.0,1594000000.0,1594000000.0,0.0,,,,,3000000.0,150000000.0,1.0,48722305.0,49100000.0,49700000.0,32.464,4657000000.0,163000000.0,42000000.0,92000000.0,94.847,1304000000.0
30,HII,MRQ,2013-12-31,2013-12-31,2013-12-31,2021-08-05,-521000000.0,6225000000.0,,2676000000.0,3549000000.0,,30.978,-54000000.0,1043000000.0,1043000000.0,1567000000.0,91000000.0,1.922,3.093,1779000000.0,79000000.0,1700000000.0,1779000000.0,115000000.0,75000000.0,0.0,0.006,0.2,174000000.0,249000000.0,0.128,249000000.0,174000000.0,143000000.0,1.84,1.81,1.84,1521000000.0,,1521000000.0,5357097844.0,10.0,7.259,238000000.0,4.847,1.0,371000000.0,0.191,1409000000.0,31000000.0,4160000000.0,,311000000.0,0.0,0.0,0.0,4704000000.0,1392000000.0,3312000000.0,4444097844.0,148000000.0,0.0,-65000000.0,-34000000.0,-10000000.0,-90000000.0,-54000000.0,0.0,292000000.0,0.0,91000000.0,91000000.0,91000000.0,0.0,0.0,0.047,197000000.0,174000000.0,337000000.0,0.109,2.922,17.027,17.145,1897000000.0,0.0,90.01,0.652,0.656,1123000000.0,236000000.0,1938000000.0,1938000000.0,0.0,,,,,-3000000.0,198000000.0,1.0,49373379.0,49100000.0,50100000.0,39.47,4816000000.0,170000000.0,52000000.0,83000000.0,98.086,1284000000.0
31,HII,MRQ,2013-09-30,2013-09-30,2013-09-30,2021-08-05,-1078000000.0,6279000000.0,,2531000000.0,3748000000.0,,18.737,-30000000.0,895000000.0,895000000.0,1333000000.0,69000000.0,1.805,5.716,1808000000.0,65000000.0,1743000000.0,1808000000.0,139000000.0,58000000.0,0.0,0.006,0.1,127000000.0,185000000.0,0.113,185000000.0,127000000.0,99000000.0,1.38,1.36,1.38,935000000.0,,935000000.0,4549272426.0,10.0,7.086,251000000.0,5.03,1.0,304000000.0,0.186,1413000000.0,28000000.0,4377000000.0,,340000000.0,0.0,0.0,0.0,5344000000.0,1402000000.0,3942000000.0,3355272426.0,272000000.0,0.0,-25000000.0,-9000000.0,-5000000.0,-37000000.0,28000000.0,0.0,281000000.0,0.0,69000000.0,69000000.0,69000000.0,0.0,0.0,0.042,177000000.0,127000000.0,287000000.0,0.072,3.589,15.251,15.283,1964000000.0,0.0,67.4,0.5,0.502,1055000000.0,155000000.0,1637000000.0,1637000000.0,0.0,,,,,7000000.0,186000000.0,1.0,49781490.0,49900000.0,50600000.0,32.806,4866000000.0,466000000.0,30000000.0,73000000.0,97.515,1129000000.0
32,HII,MRQ,2013-06-30,2013-06-30,2013-06-30,2021-08-05,-1096000000.0,6047000000.0,,2269000000.0,3778000000.0,,17.39,-25000000.0,623000000.0,623000000.0,1384000000.0,57000000.0,1.86,5.927,1817000000.0,52000000.0,1765000000.0,1817000000.0,108000000.0,44000000.0,0.0,0.005,0.1,116000000.0,160000000.0,0.095,160000000.0,116000000.0,87000000.0,1.14,1.12,1.14,873000000.0,,873000000.0,3997258788.0,10.0,7.037,0.0,0.0,1.0,299000000.0,0.178,1418000000.0,29000000.0,4603000000.0,,321000000.0,0.0,0.0,0.0,5174000000.0,1220000000.0,3954000000.0,2832258788.0,-29000000.0,0.0,-24000000.0,0.0,-5000000.0,-29000000.0,-25000000.0,0.0,25000000.0,0.0,57000000.0,57000000.0,57000000.0,0.0,0.0,0.034,183000000.0,116000000.0,287000000.0,0.088,3.244,17.27,17.167,1990000000.0,0.0,56.48,0.425,0.425,1101000000.0,91000000.0,1683000000.0,1683000000.0,0.0,,,,,10000000.0,185000000.0,1.0,50146225.0,50200000.0,50700000.0,33.526,4629000000.0,432000000.0,30000000.0,0.0,92.211,1049000000.0
33,HII,MRQ,2013-03-31,2013-03-31,2013-03-31,2021-08-05,-1224000000.0,6251000000.0,,2391000000.0,3860000000.0,,14.197,-30000000.0,652000000.0,652000000.0,1299000000.0,44000000.0,2.031,7.842,1817000000.0,38000000.0,1779000000.0,1817000000.0,114000000.0,49000000.0,0.0,0.004,0.1,95000000.0,144000000.0,0.092,144000000.0,95000000.0,65000000.0,0.88,0.87,0.88,707000000.0,,707000000.0,3418457902.0,9.0,6.115,-392000000.0,-7.871,1.0,263000000.0,0.168,1423000000.0,30000000.0,4816000000.0,,310000000.0,0.0,0.0,0.0,5544000000.0,1177000000.0,4367000000.0,2645457902.0,-405000000.0,0.0,2000000.0,-13000000.0,-5000000.0,-13000000.0,-30000000.0,0.0,-362000000.0,0.0,44000000.0,44000000.0,44000000.0,0.0,0.0,0.028,168000000.0,95000000.0,247000000.0,0.114,3.742,16.85,16.877,2004000000.0,0.0,53.33,0.395,0.396,1199000000.0,39000000.0,1562000000.0,1562000000.0,0.0,,,,,6000000.0,170000000.0,1.0,49605436.0,49800000.0,50300000.0,31.365,4828000000.0,526000000.0,21000000.0,0.0,96.948,1214000000.0
34,HII,MRQ,2012-12-31,2012-12-31,2012-12-31,2021-08-05,-1226000000.0,6392000000.0,,2484000000.0,3908000000.0,,13.421,-70000000.0,1057000000.0,1057000000.0,1489000000.0,50000000.0,1.795,8.583,1830000000.0,51000000.0,1779000000.0,1830000000.0,134000000.0,47000000.0,0.0,0.002,0.1,106000000.0,153000000.0,0.084,153000000.0,106000000.0,77000000.0,1.01,0.99,1.01,667000000.0,,667000000.0,3220286725.0,9.0,5.941,303000000.0,6.097,1.0,334000000.0,0.183,1429000000.0,29000000.0,4352000000.0,,288000000.0,0.0,0.0,0.0,5725000000.0,1384000000.0,4341000000.0,2149286725.0,291000000.0,0.0,0.0,-7000000.0,-5000000.0,-12000000.0,-70000000.0,0.0,373000000.0,0.0,50000000.0,50000000.0,50000000.0,0.0,0.0,0.027,228000000.0,106000000.0,377000000.0,0.099,3.222,14.721,14.642,2034000000.0,0.0,43.34,0.32,0.319,905000000.0,0.0,1823000000.0,1823000000.0,0.0,,,,,16000000.0,233000000.0,1.0,49591295.0,49700000.0,50700000.0,36.68,4963000000.0,542000000.0,27000000.0,0.0,99.859,1100000000.0
35,HII,MRQ,2012-09-30,2012-09-30,2012-09-30,2021-08-05,-804000000.0,5863000000.0,,2226000000.0,3637000000.0,,20.927,-35000000.0,766000000.0,766000000.0,1373000000.0,13000000.0,1.797,4.648,1837000000.0,43000000.0,1794000000.0,1837000000.0,112000000.0,45000000.0,0.0,0.0,0.0,66000000.0,111000000.0,0.07,111000000.0,66000000.0,37000000.0,0.26,0.26,0.26,1038000000.0,,1038000000.0,3256929939.0,9.0,5.932,102000000.0,2.056,1.0,223000000.0,0.14,1396000000.0,29000000.0,4299000000.0,,332000000.0,0.0,0.0,0.0,4825000000.0,1239000000.0,3586000000.0,2081929939.0,97000000.0,0.0,2000000.0,-7000000.0,0.0,-5000000.0,-35000000.0,0.0,137000000.0,0.0,13000000.0,13000000.0,13000000.0,0.0,0.0,0.008,157000000.0,66000000.0,292000000.0,0.0,2.006,13.094,13.019,1988000000.0,0.0,42.05,0.314,0.315,883000000.0,-45000000.0,1596000000.0,1596000000.0,0.0,,,,,9000000.0,164000000.0,1.0,49510819.0,49600000.0,50300000.0,32.177,4467000000.0,281000000.0,24000000.0,0.0,90.06,987000000.0
36,HII,MRQ,2012-06-30,2012-06-30,2012-06-30,2021-08-05,-821000000.0,5812000000.0,,2167000000.0,3645000000.0,,20.081,-30000000.0,669000000.0,669000000.0,1443000000.0,50000000.0,1.781,4.847,1844000000.0,36000000.0,1808000000.0,1844000000.0,70000000.0,45000000.0,0.0,0.0,0.0,106000000.0,151000000.0,0.088,151000000.0,106000000.0,77000000.0,1.01,1.0,1.01,994000000.0,,994000000.0,3290175997.0,30.0,11.153,121000000.0,2.444,1.0,278000000.0,0.162,1401000000.0,29000000.0,4369000000.0,,357000000.0,0.0,0.0,0.0,4818000000.0,1217000000.0,3601000000.0,1990175997.0,118000000.0,0.0,4000000.0,-7000000.0,0.0,-3000000.0,-30000000.0,0.0,151000000.0,0.0,50000000.0,50000000.0,50000000.0,0.0,0.0,0.029,172000000.0,106000000.0,314000000.0,0.0,2.002,-19.512,-19.162,1992000000.0,0.0,40.24,0.301,0.301,878000000.0,-58000000.0,1721000000.0,1721000000.0,0.0,,,,,8000000.0,176000000.0,1.0,49457654.0,49500000.0,50100000.0,34.768,4411000000.0,314000000.0,27000000.0,0.0,89.111,950000000.0
37,HII,MRQ,2012-03-31,2012-03-31,2012-03-31,2021-08-05,-834000000.0,5824000000.0,,2156000000.0,3668000000.0,,18.735,-27000000.0,551000000.0,551000000.0,1341000000.0,33000000.0,1.722,5.344,1851000000.0,29000000.0,1822000000.0,1851000000.0,118000000.0,47000000.0,0.0,0.0,0.0,80000000.0,127000000.0,0.081,127000000.0,80000000.0,50000000.0,0.67,0.67,0.67,918000000.0,,918000000.0,2931693108.0,31.0,10.433,-356000000.0,-7.265,1.0,227000000.0,0.145,1406000000.0,30000000.0,4466000000.0,,384000000.0,0.0,0.0,0.0,4906000000.0,1252000000.0,3654000000.0,1987693108.0,-364000000.0,0.0,0.0,-8000000.0,0.0,-8000000.0,-27000000.0,0.0,-329000000.0,0.0,33000000.0,33000000.0,33000000.0,0.0,0.0,0.021,147000000.0,80000000.0,293000000.0,0.0,2.165,-17.747,-17.496,2005000000.0,0.0,40.24,0.308,0.305,954000000.0,-108000000.0,1568000000.0,1568000000.0,0.0,,,,,8000000.0,150000000.0,1.0,49395952.0,49000000.0,49500000.0,32.0,4418000000.0,334000000.0,17000000.0,0.0,90.163,904000000.0
38,HII,MRQ,2011-12-31,2011-12-31,2011-12-31,2021-08-05,-862000000.0,6069000000.0,,2268000000.0,3801000000.0,,17.602,-78000000.0,915000000.0,915000000.0,1471000000.0,63000000.0,1.653,6.065,1859000000.0,29000000.0,1830000000.0,1859000000.0,101000000.0,46000000.0,0.0,0.0,0.0,114000000.0,160000000.0,0.092,160000000.0,114000000.0,85000000.0,1.29,1.29,1.29,859000000.0,,859000000.0,2856724906.0,29.0,10.059,396000000.0,8.115,1.0,264000000.0,0.152,1448000000.0,29000000.0,4193000000.0,,380000000.0,0.0,0.0,0.0,5210000000.0,1372000000.0,3838000000.0,1526724906.0,379000000.0,0.0,1000000.0,-8000000.0,0.0,-17000000.0,-78000000.0,0.0,474000000.0,0.0,63000000.0,63000000.0,63000000.0,0.0,0.0,0.036,150000000.0,114000000.0,380000000.0,0.0,1.777,-15.267,-15.259,2033000000.0,0.0,31.28,0.232,0.232,711000000.0,-146000000.0,1735000000.0,1735000000.0,0.0,,,,,20000000.0,163000000.0,1.0,48808341.0,48800000.0,48800000.0,35.553,4621000000.0,391000000.0,22000000.0,0.0,94.693,896000000.0
39,HII,MRQ,2011-09-30,2011-09-30,2011-09-30,2021-08-05,-483000000.0,5715000000.0,,2082000000.0,3633000000.0,,23.62,-36000000.0,536000000.0,536000000.0,1339000000.0,-248000000.0,1.725,3.948,1866000000.0,29000000.0,1837000000.0,1866000000.0,85000000.0,47000000.0,0.0,0.0,0.0,-190000000.0,-143000000.0,-0.09,-143000000.0,-190000000.0,-220000000.0,-5.07,-5.07,-5.07,1155000000.0,,1155000000.0,2679359399.0,33.0,10.345,196000000.0,4.008,1.0,254000000.0,0.159,1406000000.0,30000000.0,4432000000.0,,463000000.0,0.0,0.0,0.0,4560000000.0,1207000000.0,3353000000.0,1187359399.0,155000000.0,0.0,0.0,-7000000.0,0.0,-41000000.0,-36000000.0,0.0,232000000.0,0.0,-248000000.0,-248000000.0,-248000000.0,0.0,0.0,-0.156,444000000.0,-190000000.0,287000000.0,0.0,1.028,-11.417,-11.369,1979000000.0,0.0,24.33,0.181,0.181,781000000.0,-210000000.0,1593000000.0,1593000000.0,0.0,,,,,9000000.0,153000000.0,1.0,48802277.0,48900000.0,48900000.0,32.577,4309000000.0,268000000.0,28000000.0,113000000.0,88.119,875000000.0
40,HII,MRQ,2011-06-30,2011-06-30,2011-06-30,2021-08-05,-491000000.0,5937000000.0,,1994000000.0,3943000000.0,,28.914,-20000000.0,381000000.0,381000000.0,1307000000.0,40000000.0,1.684,3.208,1873000000.0,29000000.0,1844000000.0,1873000000.0,83000000.0,46000000.0,0.0,0.0,0.0,91000000.0,137000000.0,0.088,137000000.0,91000000.0,61000000.0,0.81,0.8,0.81,1411000000.0,,1411000000.0,3337756372.0,10.0,6.346,166000000.0,3.402,1.0,256000000.0,0.164,1711000000.0,30000000.0,4534000000.0,,389000000.0,0.0,0.0,0.0,4526000000.0,1184000000.0,3342000000.0,1682756372.0,156000000.0,0.0,1000000.0,-11000000.0,0.0,-10000000.0,-20000000.0,0.0,186000000.0,0.0,40000000.0,40000000.0,40000000.0,0.0,0.0,0.026,165000000.0,91000000.0,255000000.0,0.0,1.193,9.047,9.103,1985000000.0,0.0,34.5,0.253,0.253,898000000.0,38000000.0,1563000000.0,1563000000.0,0.0,,,,,9000000.0,169000000.0,1.0,48775547.0,48800000.0,49600000.0,32.029,4226000000.0,286000000.0,21000000.0,113000000.0,86.598,810000000.0
41,HII,MRQ,2011-03-31,2011-03-31,2011-03-31,2021-08-05,-498000000.0,5805000000.0,,1832000000.0,3973000000.0,,27.91,-63000000.0,225000000.0,225000000.0,1450000000.0,45000000.0,1.63,3.262,1880000000.0,29000000.0,1851000000.0,1880000000.0,62000000.0,45000000.0,0.0,0.0,0.0,85000000.0,130000000.0,0.077,130000000.0,85000000.0,70000000.0,0.92,0.92,0.92,1362000000.0,,1362000000.0,2844185200.0,12.0,6.853,-427000000.0,-8.75,1.0,234000000.0,0.139,1716000000.0,15000000.0,4620000000.0,,372000000.0,0.0,0.0,0.0,4443000000.0,1124000000.0,3319000000.0,2024185200.0,225000000.0,0.0,0.0,771000000.0,0.0,652000000.0,-63000000.0,0.0,-364000000.0,0.0,45000000.0,45000000.0,45000000.0,0.0,0.0,0.027,149000000.0,85000000.0,252000000.0,0.0,1.486,14.994,15.091,2006000000.0,0.0,41.5,0.302,0.302,896000000.0,-2000000.0,1684000000.0,1684000000.0,0.0,,,,,4000000.0,149000000.0,1.0,48775547.0,48800000.0,48800000.0,34.508,4089000000.0,293000000.0,25000000.0,102000000.0,83.791,708000000.0
42,HII,MRQ,2010-12-31,2010-12-31,2010-12-31,2021-08-05,-515000000.0,5203000000.0,,1313000000.0,3890000000.0,,29.057,-95000000.0,0.0,0.0,1461000000.0,59000000.0,0.59,2.669,820000000.0,715000000.0,105000000.0,820000000.0,107000000.0,40000000.0,0.0,,0.0,95000000.0,135000000.0,0.078,135000000.0,95000000.0,85000000.0,1.2,1.2,1.2,1418000000.0,,1418000000.0,,,,113000000.0,2.316,1.0,275000000.0,0.158,1721000000.0,10000000.0,2076000000.0,,293000000.0,0.0,0.0,0.0,3785000000.0,2226000000.0,1559000000.0,,0.0,0.0,0.0,0.0,0.0,-115000000.0,-93000000.0,0.0,208000000.0,0.0,59000000.0,59000000.0,59000000.0,0.0,0.0,0.034,178000000.0,97000000.0,274000000.0,0.0,,,,1997000000.0,0.0,,,,728000000.0,0.0,1736000000.0,1736000000.0,0.0,,,,,0.0,197000000.0,1.0,48775547.0,48800000.0,48800000.0,35.574,3482000000.0,284000000.0,26000000.0,99000000.0,71.352,-913000000.0
43,HII,MRQ,2010-09-30,2010-09-30,2010-09-30,2021-08-05,,,,,,,,-36000000.0,,,1430000000.0,42000000.0,,,,,,,,47000000.0,,,0.0,77000000.0,124000000.0,0.074,124000000.0,77000000.0,67000000.0,0.86,0.86,0.86,,,,,,,137000000.0,2.807,1.0,235000000.0,0.141,,10000000.0,,,,,,,,,,,0.0,0.0,0.0,0.0,0.0,-137000000.0,-36000000.0,0.0,173000000.0,0.0,42000000.0,42000000.0,42000000.0,0.0,0.0,0.025,158000000.0,77000000.0,,0.0,,,,,0.0,,,,,,1665000000.0,1665000000.0,0.0,,,,,0.0,158000000.0,1.0,48775547.0,48800000.0,48800000.0,34.119,,,25000000.0,,,
44,HII,MRQ,2010-06-30,2010-06-30,2010-06-30,2021-08-05,,,,,,,,-28000000.0,,,1469000000.0,-11000000.0,,,,,,,,46000000.0,,,0.0,-20000000.0,26000000.0,0.016,26000000.0,-20000000.0,-30000000.0,-0.23,-0.23,-0.23,,,,,,,67000000.0,1.373,1.0,141000000.0,0.088,,10000000.0,,,,,,,,,,,0.0,0.0,0.0,0.0,0.0,-67000000.0,-28000000.0,0.0,95000000.0,0.0,-11000000.0,-11000000.0,-11000000.0,0.0,0.0,-0.007,161000000.0,-20000000.0,,0.0,,,,,0.0,,,,,,1610000000.0,1610000000.0,0.0,,,,,0.0,161000000.0,1.0,48775547.0,48800000.0,48800000.0,32.992,,,-19000000.0,,,
45,HII,MRQ,2010-03-31,2010-03-31,2010-03-31,2021-08-05,,,,,,,,-32000000.0,,,1471000000.0,41000000.0,,,,,,,,50000000.0,,,0.0,87000000.0,137000000.0,0.08,137000000.0,87000000.0,77000000.0,0.85,0.85,0.85,,,,,,,-149000000.0,-3.053,1.0,241000000.0,0.141,,10000000.0,,,,,,,,,,,0.0,0.0,0.0,0.0,0.0,149000000.0,-32000000.0,0.0,-117000000.0,0.0,41000000.0,41000000.0,41000000.0,0.0,0.0,0.024,154000000.0,87000000.0,,0.0,,,,,0.0,,,,,,1712000000.0,1712000000.0,0.0,,,,,0.0,154000000.0,1.0,48775547.0,48800000.0,48800000.0,35.082,,,36000000.0,,,
46,HII,MRQ,2009-12-31,2009-12-31,2009-12-31,2021-08-05,-531000000.0,5036000000.0,,1171000000.0,3865000000.0,,29.447,,0.0,0.0,,,0.599,2.505,820000000.0,537000000.0,283000000.0,820000000.0,81000000.0,,0.0,,0.0,,,,,,,,,,1437000000.0,,1437000000.0,,,,,,1.0,,,1744000000.0,,2158000000.0,,298000000.0,0.0,0.0,0.0,3599000000.0,1954000000.0,1645000000.0,,,,,,,,,,,,,,,,,,,,314000000.0,,,,,1977000000.0,,,,,537000000.0,,,,,,,,,,,1.0,48775547.0,48800000.0,,,3292000000.0,326000000.0,,156000000.0,67.459,-783000000.0
47,HII,MRQ,2008-12-31,2008-12-31,2008-12-31,2021-08-05,-617000000.0,4760000000.0,,895000000.0,3865000000.0,,,,0.0,0.0,,,0.439,3.953,820000000.0,537000000.0,283000000.0,820000000.0,258000000.0,,0.0,,0.0,,,,,,,,,,961000000.0,,961000000.0,,,,,,1.0,,,1774000000.0,,1768000000.0,,197000000.0,0.0,0.0,0.0,3799000000.0,2038000000.0,1761000000.0,,,,,,,,,,,,,,,,,,,,321000000.0,,,,,1951000000.0,,,,,481000000.0,,,,,,,,,,,1.0,,,,,2986000000.0,208000000.0,,81000000.0,,-1143000000.0
0,HII,MRT,2021-06-30,2021-06-30,2021-06-30,2021-08-05,-1501000000.0,8132000000.0,8237000000.0,2317000000.0,5815000000.0,1.163,51.29,-327000000.0,348000000.0,348000000.0,7933000000.0,748000000.0,1.091,2.934,1859000000.0,0.0,1859000000.0,1859000000.0,660000000.0,257000000.0,0.0,0.021,4.45,975000000.0,1232000000.0,0.129,1232000000.0,975000000.0,863000000.0,18.48,18.49,18.48,2067000000.0,1956750000.0,2067000000.0,9918965655.0,10.0,8.051,636000000.0,15.782,1.0,1647000000.0,0.172,2103000000.0,112000000.0,5417000000.0,5398250000.0,139000000.0,0.0,0.0,0.0,6065000000.0,2123000000.0,3942000000.0,8478965655.0,-283000000.0,-41000000.0,-70000000.0,-600000000.0,-180000000.0,-872000000.0,-374000000.0,0.0,963000000.0,0.0,748000000.0,748000000.0,748000000.0,0.0,0.0,0.078,847000000.0,800000000.0,349000000.0,0.241,4.102,11.336,11.404,3212000000.0,0.0,210.75,0.885,0.887,443000000.0,3718000000.0,9580000000.0,9580000000.0,0.0,0.091,0.382,0.181,0.102,22000000.0,886000000.0,1.0,40232340.0,40300000.0,40300000.0,237.717,6029000000.0,227000000.0,115000000.0,0.0,149.603,194000000.0
1,HII,MRT,2021-03-31,2021-03-31,2021-03-31,2021-08-05,-1523000000.0,8214000000.0,8262250000.0,2443000000.0,5771000000.0,1.135,49.229,-329000000.0,407000000.0,407000000.0,7787000000.0,672000000.0,1.067,3.151,1847000000.0,0.0,1847000000.0,1847000000.0,700000000.0,254000000.0,0.0,0.021,4.34,886000000.0,1140000000.0,0.122,1140000000.0,886000000.0,767000000.0,16.58,16.59,16.58,1979000000.0,1859500000.0,1979000000.0,9630205046.0,11.0,8.448,739000000.0,18.383,1.0,1589000000.0,0.169,2116000000.0,119000000.0,5248000000.0,5492250000.0,142000000.0,0.0,0.0,0.0,6235000000.0,2290000000.0,3945000000.0,8299205046.0,379000000.0,-26000000.0,-49000000.0,-81000000.0,-176000000.0,-328000000.0,-361000000.0,0.0,1068000000.0,0.0,672000000.0,672000000.0,672000000.0,0.0,0.0,0.072,862000000.0,727000000.0,397000000.0,0.262,4.194,12.35,12.416,3183000000.0,0.0,205.85,0.885,0.883,407000000.0,3635000000.0,9376000000.0,9376000000.0,0.0,0.081,0.361,0.161,0.094,25000000.0,896000000.0,1.0,40316760.0,40200000.0,40200000.0,233.234,6098000000.0,228000000.0,95000000.0,0.0,151.692,153000000.0
2,HII,MRT,2020-12-31,2020-12-31,2020-12-31,2021-08-05,-1547000000.0,8157000000.0,8112500000.0,2444000000.0,5713000000.0,1.154,46.823,-336000000.0,512000000.0,512000000.0,7691000000.0,696000000.0,1.098,3.291,1843000000.0,0.0,1843000000.0,1843000000.0,585000000.0,247000000.0,0.0,0.025,4.23,924000000.0,1171000000.0,0.125,1171000000.0,924000000.0,810000000.0,17.14,17.14,17.14,1901000000.0,1775500000.0,1901000000.0,8590181517.0,9.0,7.336,757000000.0,18.645,1.0,1670000000.0,0.178,2129000000.0,114000000.0,5133000000.0,5501750000.0,137000000.0,0.0,0.0,0.0,6256000000.0,2226000000.0,4030000000.0,6903181517.0,437000000.0,-417000000.0,-84000000.0,387000000.0,-172000000.0,103000000.0,-759000000.0,0.0,1093000000.0,0.0,696000000.0,696000000.0,696000000.0,0.0,0.0,0.074,872000000.0,798000000.0,460000000.0,0.247,3.631,9.918,9.946,3170000000.0,0.0,170.48,0.737,0.739,397000000.0,3533000000.0,9361000000.0,9361000000.0,0.0,0.086,0.392,0.168,0.099,23000000.0,904000000.0,1.0,40492618.0,40600000.0,40600000.0,230.567,6028000000.0,304000000.0,114000000.0,0.0,148.473,218000000.0
3,HII,MRT,2020-09-30,2020-09-30,2020-09-30,2021-08-05,-1357000000.0,8445000000.0,7831000000.0,2881000000.0,5564000000.0,1.151,46.305,-361000000.0,744000000.0,744000000.0,7461000000.0,596000000.0,1.29,3.492,2431000000.0,0.0,2431000000.0,2431000000.0,604000000.0,243000000.0,0.0,0.029,4.12,765000000.0,1008000000.0,0.112,1008000000.0,765000000.0,679000000.0,14.6,14.58,14.6,1880000000.0,1697250000.0,1880000000.0,7491270676.0,10.0,7.432,696000000.0,17.143,1.0,1555000000.0,0.172,2104000000.0,86000000.0,5795000000.0,5381250000.0,152000000.0,0.0,0.0,0.0,6565000000.0,2233000000.0,4332000000.0,5699270676.0,712000000.0,-377000000.0,-144000000.0,723000000.0,-168000000.0,398000000.0,-743000000.0,0.0,1057000000.0,0.0,596000000.0,596000000.0,596000000.0,0.0,0.0,0.066,875000000.0,680000000.0,429000000.0,0.282,3.032,9.563,9.64,3094000000.0,0.0,140.75,0.632,0.634,492000000.0,3330000000.0,9016000000.0,9016000000.0,0.0,0.076,0.351,0.142,0.085,27000000.0,872000000.0,1.0,40492154.0,40600000.0,40700000.0,222.069,6341000000.0,260000000.0,83000000.0,0.0,156.182,648000000.0
4,HII,MRT,2020-06-30,2020-06-30,2020-06-30,2021-08-05,-1376000000.0,8233000000.0,7515750000.0,2739000000.0,5494000000.0,1.187,41.229,-412000000.0,631000000.0,631000000.0,7385000000.0,528000000.0,1.296,3.906,2423000000.0,0.0,2423000000.0,2423000000.0,573000000.0,239000000.0,0.0,0.023,3.95,728000000.0,967000000.0,0.108,967000000.0,728000000.0,651000000.0,12.87,12.87,12.87,1678000000.0,1653500000.0,1678000000.0,8942352231.0,12.0,9.248,786000000.0,19.312,1.0,1536000000.0,0.172,2118000000.0,77000000.0,5793000000.0,5186250000.0,160000000.0,0.0,0.0,0.0,6555000000.0,2114000000.0,4441000000.0,7062352231.0,602000000.0,-377000000.0,-210000000.0,573000000.0,-161000000.0,189000000.0,-785000000.0,0.0,1198000000.0,0.0,528000000.0,528000000.0,528000000.0,0.0,0.0,0.059,864000000.0,672000000.0,437000000.0,0.307,4.209,13.376,13.558,3053000000.0,0.0,174.49,0.792,0.796,494000000.0,3150000000.0,8921000000.0,8921000000.0,0.0,0.07,0.319,0.14,0.082,31000000.0,861000000.0,1.0,40474252.0,40700000.0,40700000.0,219.189,6115000000.0,182000000.0,123000000.0,0.0,150.246,625000000.0
5,HII,MRT,2020-03-31,2020-03-31,2020-03-31,2021-08-05,-1394000000.0,7615000000.0,7265000000.0,2137000000.0,5478000000.0,1.25,40.369,-428000000.0,28000000.0,28000000.0,7456000000.0,603000000.0,1.027,3.635,1908000000.0,88000000.0,1820000000.0,1908000000.0,387000000.0,233000000.0,0.0,0.021,3.78,820000000.0,1053000000.0,0.116,1053000000.0,820000000.0,750000000.0,14.64,14.64,14.64,1643000000.0,1641000000.0,1643000000.0,8801877413.0,11.0,8.359,525000000.0,12.899,1.0,1626000000.0,0.179,2129000000.0,70000000.0,5286000000.0,5051750000.0,154000000.0,0.0,0.0,0.0,5972000000.0,2080000000.0,3892000000.0,7426877413.0,-23000000.0,-378000000.0,-262000000.0,256000000.0,-155000000.0,-174000000.0,-802000000.0,0.0,953000000.0,0.0,603000000.0,603000000.0,603000000.0,0.0,0.0,0.066,836000000.0,790000000.0,536000000.0,0.258,4.52,12.317,12.446,3033000000.0,0.0,182.21,0.818,0.817,418000000.0,3139000000.0,9082000000.0,9082000000.0,0.0,0.083,0.367,0.162,0.09,32000000.0,831000000.0,1.0,40759988.0,40700000.0,40700000.0,223.145,5486000000.0,193000000.0,147000000.0,0.0,134.791,57000000.0
6,HII,MRT,2019-12-31,2019-12-31,2019-12-31,2021-08-05,-1409000000.0,7031000000.0,7111250000.0,1785000000.0,5246000000.0,1.251,38.357,-436000000.0,75000000.0,75000000.0,7368000000.0,549000000.0,0.944,3.428,1450000000.0,0.0,1450000000.0,1450000000.0,373000000.0,227000000.0,0.0,0.014,3.61,753000000.0,980000000.0,0.11,980000000.0,753000000.0,683000000.0,13.26,13.26,13.26,1588000000.0,1621000000.0,1588000000.0,11950081564.0,16.0,12.194,460000000.0,11.111,1.0,1531000000.0,0.172,1865000000.0,70000000.0,4651000000.0,4914500000.0,136000000.0,0.0,0.0,0.0,5443000000.0,1890000000.0,3553000000.0,10261081564.0,-165000000.0,-195000000.0,-262000000.0,0.0,-149000000.0,-434000000.0,-627000000.0,0.0,896000000.0,0.0,549000000.0,549000000.0,549000000.0,0.0,0.0,0.062,795000000.0,736000000.0,497000000.0,0.272,6.462,18.69,18.92,3033000000.0,0.0,250.88,1.153,1.167,318000000.0,3009000000.0,8899000000.0,8899000000.0,0.0,0.077,0.339,0.153,0.085,30000000.0,788000000.0,1.0,40900357.0,41400000.0,41400000.0,214.952,5166000000.0,256000000.0,134000000.0,0.0,124.783,-105000000.0
7,HII,MRT,2019-09-30,2019-09-30,2019-09-30,2021-08-05,-1232000000.0,7184000000.0,6949250000.0,2025000000.0,5159000000.0,1.25,41.383,-420000000.0,32000000.0,32000000.0,7117000000.0,612000000.0,1.038,3.213,1721000000.0,0.0,1721000000.0,1721000000.0,344000000.0,207000000.0,0.0,0.016,3.44,796000000.0,1003000000.0,0.115,1003000000.0,796000000.0,730000000.0,14.6,14.6,14.6,1705000000.0,1603000000.0,1705000000.0,10602241591.0,13.0,10.571,558000000.0,13.544,1.0,1569000000.0,0.181,1908000000.0,66000000.0,5015000000.0,4712250000.0,139000000.0,0.0,0.0,0.0,5479000000.0,1950000000.0,3529000000.0,8754241591.0,-36000000.0,-272000000.0,-432000000.0,264000000.0,-144000000.0,-335000000.0,-679000000.0,0.0,978000000.0,0.0,612000000.0,612000000.0,612000000.0,0.0,0.0,0.07,806000000.0,763000000.0,616000000.0,0.236,5.134,14.304,14.506,2908000000.0,0.0,211.79,1.008,1.005,489000000.0,2902000000.0,8686000000.0,8686000000.0,0.0,0.088,0.382,0.169,0.092,28000000.0,826000000.0,1.0,41334537.0,41200000.0,41200000.0,210.825,5276000000.0,102000000.0,118000000.0,0.0,128.058,75000000.0
8,HII,MRT,2019-06-30,2019-06-30,2019-06-30,2021-08-05,-1251000000.0,7230000000.0,6703000000.0,2123000000.0,5107000000.0,1.276,39.041,-409000000.0,29000000.0,29000000.0,6908000000.0,687000000.0,1.116,3.441,1877000000.0,0.0,1877000000.0,1877000000.0,338000000.0,206000000.0,0.0,0.015,3.3,889000000.0,1095000000.0,0.128,1095000000.0,889000000.0,827000000.0,16.15,16.15,16.15,1628000000.0,1633000000.0,1628000000.0,10967452216.0,12.0,10.016,113000000.0,2.71,1.0,1642000000.0,0.192,1921000000.0,62000000.0,5255000000.0,4479750000.0,126000000.0,0.0,0.0,0.0,5602000000.0,1902000000.0,3700000000.0,9338452216.0,-369000000.0,-273000000.0,-470000000.0,414000000.0,-140000000.0,-219000000.0,-672000000.0,0.0,522000000.0,0.0,687000000.0,687000000.0,687000000.0,0.0,0.0,0.08,803000000.0,839000000.0,616000000.0,0.204,5.736,13.593,13.916,2842000000.0,0.0,224.74,1.092,1.096,564000000.0,2783000000.0,8550000000.0,8550000000.0,0.0,0.102,0.421,0.198,0.104,33000000.0,825000000.0,1.0,41552248.0,41700000.0,41700000.0,205.036,5309000000.0,120000000.0,140000000.0,0.0,127.314,221000000.0
9,HII,MRT,2019-03-31,2019-03-31,2019-03-31,2021-08-05,-1269000000.0,7000000000.0,6489250000.0,1922000000.0,5078000000.0,1.292,37.754,-403000000.0,51000000.0,51000000.0,6642000000.0,798000000.0,0.981,3.479,1680000000.0,0.0,1680000000.0,1680000000.0,360000000.0,205000000.0,0.0,0.015,3.16,984000000.0,1189000000.0,0.142,1189000000.0,984000000.0,925000000.0,18.49,18.48,18.49,1563000000.0,1650750000.0,1563000000.0,9647997559.0,10.0,8.114,402000000.0,9.71,1.0,1740000000.0,0.208,1932000000.0,59000000.0,4737000000.0,4176500000.0,127000000.0,0.0,0.0,0.0,5437000000.0,1960000000.0,3477000000.0,8604997559.0,-477000000.0,-282000000.0,-660000000.0,212000000.0,-136000000.0,-607000000.0,-675000000.0,0.0,805000000.0,0.0,798000000.0,798000000.0,798000000.0,0.0,0.0,0.095,831000000.0,909000000.0,618000000.0,0.171,5.505,10.783,11.206,2789000000.0,0.0,207.2,1.027,1.023,375000000.0,2691000000.0,8382000000.0,8382000000.0,0.0,0.123,0.483,0.236,0.117,34000000.0,850000000.0,1.0,41529911.0,41400000.0,41400000.0,202.464,5068000000.0,140000000.0,127000000.0,0.0,122.415,-38000000.0
10,HII,MRT,2018-12-31,2018-12-31,2018-12-31,2021-08-05,-1288000000.0,6383000000.0,6333250000.0,1745000000.0,4638000000.0,1.291,34.612,-402000000.0,240000000.0,240000000.0,6385000000.0,836000000.0,0.954,3.21,1283000000.0,0.0,1283000000.0,1283000000.0,331000000.0,203000000.0,0.0,0.016,3.02,1029000000.0,1232000000.0,0.151,1232000000.0,1029000000.0,971000000.0,19.09,19.09,19.09,1516000000.0,1689500000.0,1516000000.0,9388631311.0,9.0,7.621,512000000.0,11.689,1.0,1791000000.0,0.219,1755000000.0,58000000.0,3842000000.0,3979500000.0,128000000.0,0.0,0.0,0.0,4867000000.0,1829000000.0,3038000000.0,8174631311.0,-461000000.0,-87000000.0,-742000000.0,0.0,-132000000.0,-899000000.0,-476000000.0,0.0,914000000.0,0.0,836000000.0,836000000.0,836000000.0,0.0,0.0,0.102,854000000.0,937000000.0,562000000.0,0.158,5.392,9.778,9.969,2517000000.0,0.0,190.31,1.0,1.02,252000000.0,2609000000.0,8176000000.0,8176000000.0,0.0,0.132,0.495,0.259,0.126,36000000.0,871000000.0,1.0,42954292.0,43800000.0,43800000.0,186.667,4628000000.0,257000000.0,135000000.0,0.0,105.662,-84000000.0
11,HII,MRT,2018-09-30,2018-09-30,2018-09-30,2021-08-05,-1070000000.0,6199000000.0,6331000000.0,1859000000.0,4340000000.0,1.259,42.148,-393000000.0,68000000.0,68000000.0,6205000000.0,688000000.0,1.14,2.397,1282000000.0,0.0,1282000000.0,1282000000.0,267000000.0,209000000.0,0.0,0.011,2.88,1024000000.0,1233000000.0,0.155,1233000000.0,1024000000.0,939000000.0,15.6,15.59,15.6,1825000000.0,1750000000.0,1825000000.0,11975971263.0,12.0,9.713,307000000.0,7.09,1.0,1768000000.0,0.222,1697000000.0,85000000.0,4085000000.0,3978000000.0,180000000.0,0.0,0.0,0.0,4374000000.0,1631000000.0,2743000000.0,11092971263.0,-431000000.0,-10000000.0,-551000000.0,-12000000.0,-128000000.0,-731000000.0,-400000000.0,0.0,700000000.0,0.0,688000000.0,688000000.0,688000000.0,0.0,0.0,0.086,813000000.0,955000000.0,407000000.0,0.185,6.078,16.124,16.415,2332000000.0,0.0,256.08,1.391,1.391,472000000.0,2434000000.0,7973000000.0,7973000000.0,0.0,0.109,0.393,0.257,0.128,34000000.0,827000000.0,1.0,43318382.0,43300000.0,43300000.0,184.134,4502000000.0,98000000.0,251000000.0,0.0,103.972,228000000.0
12,HII,MRT,2018-06-30,2018-06-30,2018-06-30,2021-08-05,-1085000000.0,6375000000.0,6324250000.0,2152000000.0,4223000000.0,1.226,38.439,-382000000.0,398000000.0,398000000.0,6060000000.0,608000000.0,1.426,2.752,1281000000.0,0.0,1281000000.0,1281000000.0,210000000.0,206000000.0,0.0,0.013,2.76,953000000.0,1159000000.0,0.149,1159000000.0,953000000.0,864000000.0,13.59,13.57,13.59,1699000000.0,1721750000.0,1699000000.0,10399262961.0,11.0,8.973,507000000.0,11.471,1.0,1693000000.0,0.218,1707000000.0,89000000.0,4042000000.0,3943000000.0,174000000.0,0.0,0.0,0.0,4676000000.0,1509000000.0,3167000000.0,9647262961.0,-155000000.0,-10000000.0,-487000000.0,-12000000.0,-124000000.0,-663000000.0,-381000000.0,0.0,889000000.0,0.0,608000000.0,608000000.0,608000000.0,0.0,0.0,0.078,787000000.0,906000000.0,378000000.0,0.203,5.678,15.867,15.952,2258000000.0,0.0,216.79,1.244,1.236,364000000.0,2236000000.0,7753000000.0,7753000000.0,0.0,0.096,0.353,0.242,0.123,29000000.0,800000000.0,1.0,44500498.0,44200000.0,44300000.0,175.407,4668000000.0,92000000.0,256000000.0,0.0,105.611,643000000.0
13,HII,MRT,2018-03-31,2018-03-31,2018-03-31,2021-08-05,-1098000000.0,6376000000.0,6278000000.0,2210000000.0,4166000000.0,1.209,38.348,-376000000.0,528000000.0,528000000.0,5928000000.0,516000000.0,1.511,2.711,1280000000.0,0.0,1280000000.0,1280000000.0,190000000.0,203000000.0,0.0,0.01,2.64,911000000.0,1114000000.0,0.147,1114000000.0,911000000.0,820000000.0,11.4,11.38,11.4,1718000000.0,1709500000.0,1718000000.0,12121981622.0,13.0,10.881,460000000.0,10.268,1.0,1663000000.0,0.219,1716000000.0,91000000.0,3949000000.0,3913750000.0,188000000.0,0.0,0.0,0.0,4658000000.0,1463000000.0,3195000000.0,11543981622.0,-80000000.0,3000000.0,-384000000.0,-12000000.0,-119000000.0,-555000000.0,-361000000.0,0.0,836000000.0,0.0,516000000.0,516000000.0,516000000.0,0.0,0.0,0.068,761000000.0,902000000.0,344000000.0,0.232,6.719,22.372,22.611,2219000000.0,0.0,257.76,1.521,1.521,343000000.0,2029000000.0,7591000000.0,7591000000.0,0.0,0.082,0.302,0.233,0.12,35000000.0,773000000.0,1.0,44785776.0,44800000.0,44800000.0,169.442,4660000000.0,102000000.0,304000000.0,0.0,104.018,747000000.0
14,HII,MRT,2017-12-31,2017-12-31,2017-12-31,2021-08-05,-900000000.0,6374000000.0,6242500000.0,2195000000.0,4179000000.0,1.192,38.468,-361000000.0,701000000.0,701000000.0,5813000000.0,479000000.0,1.578,2.626,1279000000.0,0.0,1279000000.0,1279000000.0,146000000.0,205000000.0,0.0,0.011,2.52,866000000.0,1071000000.0,0.144,1071000000.0,866000000.0,772000000.0,10.48,10.46,10.48,1758000000.0,1689500000.0,1758000000.0,11451077804.0,13.0,10.692,453000000.0,9.912,1.0,1628000000.0,0.219,1725000000.0,94000000.0,3836000000.0,3892000000.0,183000000.0,0.0,0.0,0.0,4616000000.0,1391000000.0,3225000000.0,10668077804.0,-19000000.0,3000000.0,-286000000.0,-12000000.0,-115000000.0,-484000000.0,-349000000.0,0.0,814000000.0,0.0,479000000.0,479000000.0,479000000.0,0.0,0.0,0.064,747000000.0,881000000.0,375000000.0,0.24,6.068,22.272,22.49,2215000000.0,0.0,235.7,1.434,1.448,429000000.0,1687000000.0,7441000000.0,7441000000.0,0.0,0.077,0.284,0.223,0.116,34000000.0,759000000.0,1.0,45261255.0,45700000.0,45800000.0,162.823,4649000000.0,114000000.0,293000000.0,0.0,101.729,804000000.0
15,HII,MRT,2017-09-30,2017-09-30,2017-09-30,2021-08-05,-949000000.0,6172000000.0,6237000000.0,1939000000.0,4233000000.0,1.181,37.709,-368000000.0,499000000.0,499000000.0,5581000000.0,612000000.0,1.521,2.605,1282000000.0,0.0,1282000000.0,1282000000.0,92000000.0,200000000.0,0.0,0.011,2.4,907000000.0,1107000000.0,0.15,1107000000.0,907000000.0,836000000.0,13.31,13.25,13.31,1712000000.0,1663250000.0,1712000000.0,11010078602.0,12.0,9.946,357000000.0,7.863,1.0,1786000000.0,0.242,1735000000.0,71000000.0,3945000000.0,3879250000.0,183000000.0,0.0,0.0,0.0,4460000000.0,1275000000.0,3185000000.0,10282078602.0,-458000000.0,-369000000.0,-289000000.0,0.0,-110000000.0,-455000000.0,-728000000.0,0.0,725000000.0,0.0,612000000.0,612000000.0,612000000.0,0.0,0.0,0.083,865000000.0,921000000.0,318000000.0,0.18,6.006,16.801,17.013,2093000000.0,0.0,226.44,1.396,1.395,1200000000.0,1656000000.0,7367000000.0,7367000000.0,0.0,0.098,0.368,0.234,0.123,41000000.0,874000000.0,1.0,45407519.0,45400000.0,45500000.0,162.269,4437000000.0,288000000.0,224000000.0,0.0,97.731,664000000.0
16,HII,MRT,2017-06-30,2017-06-30,2017-06-30,2021-08-05,-919000000.0,6190000000.0,6196000000.0,2033000000.0,4157000000.0,1.16,36.105,-337000000.0,553000000.0,553000000.0,5500000000.0,570000000.0,1.63,2.752,1281000000.0,0.0,1281000000.0,1281000000.0,94000000.0,194000000.0,0.0,0.012,2.3,845000000.0,1039000000.0,0.145,1039000000.0,845000000.0,773000000.0,12.31,12.25,12.31,1650000000.0,1648250000.0,1650000000.0,9238998311.0,11.0,8.892,546000000.0,11.947,1.0,1687000000.0,0.235,1746000000.0,72000000.0,3925000000.0,3809250000.0,204000000.0,0.0,0.0,0.0,4540000000.0,1247000000.0,3293000000.0,8566998311.0,-299000000.0,-369000000.0,-315000000.0,0.0,-105000000.0,-477000000.0,-705000000.0,0.0,883000000.0,0.0,570000000.0,570000000.0,570000000.0,0.0,0.0,0.079,832000000.0,855000000.0,325000000.0,0.187,5.192,15.03,15.123,2034000000.0,0.0,186.16,1.192,1.184,1201000000.0,1534000000.0,7187000000.0,7187000000.0,0.0,0.092,0.346,0.222,0.118,45000000.0,840000000.0,1.0,46019544.0,45700000.0,45800000.0,157.265,4444000000.0,267000000.0,203000000.0,0.0,97.243,786000000.0
17,HII,MRT,2017-03-31,2017-03-31,2017-03-31,2021-08-05,-935000000.0,6234000000.0,6113250000.0,2063000000.0,4171000000.0,1.15,35.378,-306000000.0,608000000.0,608000000.0,5397000000.0,556000000.0,1.621,2.806,1280000000.0,0.0,1280000000.0,1280000000.0,88000000.0,192000000.0,0.0,0.011,2.2,827000000.0,1019000000.0,0.145,1019000000.0,827000000.0,754000000.0,11.92,11.84,11.92,1638000000.0,1638750000.0,1638000000.0,9775236827.0,12.0,9.593,560000000.0,12.095,1.0,1632000000.0,0.232,1771000000.0,73000000.0,3862000000.0,3753500000.0,230000000.0,0.0,0.0,0.0,4596000000.0,1273000000.0,3323000000.0,9217236827.0,-185000000.0,-372000000.0,-218000000.0,0.0,-102000000.0,-377000000.0,-674000000.0,0.0,866000000.0,0.0,556000000.0,556000000.0,556000000.0,0.0,0.0,0.079,801000000.0,831000000.0,333000000.0,0.185,5.627,16.578,16.799,1986000000.0,0.0,200.24,1.311,1.319,1178000000.0,1414000000.0,7029000000.0,7029000000.0,0.0,0.091,0.339,0.22,0.118,37000000.0,809000000.0,1.0,46030947.0,46300000.0,46400000.0,151.814,4463000000.0,292000000.0,198000000.0,0.0,96.393,790000000.0
18,HII,MRT,2016-12-31,2016-12-31,2016-12-31,2021-08-05,-951000000.0,6352000000.0,6028750000.0,2142000000.0,4210000000.0,1.172,35.321,-285000000.0,720000000.0,720000000.0,5445000000.0,573000000.0,1.595,2.843,1278000000.0,0.0,1278000000.0,1278000000.0,166000000.0,186000000.0,0.0,0.011,2.1,858000000.0,1044000000.0,0.148,1044000000.0,858000000.0,784000000.0,12.24,12.14,12.24,1653000000.0,1609500000.0,1653000000.0,8860168459.0,10.0,8.487,537000000.0,11.474,1.0,1623000000.0,0.23,1782000000.0,74000000.0,3785000000.0,3732250000.0,210000000.0,0.0,0.0,0.0,4699000000.0,1343000000.0,3356000000.0,8540168459.0,-174000000.0,-372000000.0,-194000000.0,0.0,-98000000.0,-343000000.0,-653000000.0,0.0,822000000.0,0.0,573000000.0,573000000.0,573000000.0,0.0,0.0,0.081,762000000.0,861000000.0,316000000.0,0.172,5.166,14.904,15.048,1986000000.0,0.0,184.19,1.208,1.22,1164000000.0,1323000000.0,7068000000.0,7068000000.0,0.0,0.095,0.356,0.23,0.121,36000000.0,768000000.0,1.0,46366081.0,46800000.0,47200000.0,151.026,4570000000.0,314000000.0,211000000.0,0.0,97.65,799000000.0
19,HII,MRT,2016-09-30,2016-09-30,2016-09-30,2021-08-05,-808000000.0,6008000000.0,5946750000.0,2344000000.0,3664000000.0,1.186,35.224,-247000000.0,957000000.0,957000000.0,5678000000.0,426000000.0,1.909,2.637,1277000000.0,0.0,1277000000.0,1277000000.0,99000000.0,184000000.0,0.0,0.013,2.0,733000000.0,917000000.0,0.13,917000000.0,733000000.0,613000000.0,9.1,9.02,9.1,1652000000.0,1568750000.0,1652000000.0,7602342605.0,10.0,8.29,663000000.0,14.136,1.0,1373000000.0,0.195,1435000000.0,120000000.0,3665000000.0,3705500000.0,268000000.0,0.0,0.0,0.0,4356000000.0,1228000000.0,3128000000.0,7178342605.0,286000000.0,0.0,-192000000.0,-12000000.0,-93000000.0,-381000000.0,-243000000.0,0.0,910000000.0,0.0,426000000.0,426000000.0,426000000.0,0.0,0.0,0.06,639000000.0,734000000.0,293000000.0,0.22,4.345,16.851,16.859,1841000000.0,0.0,153.42,1.018,1.02,1046000000.0,1154000000.0,7051000000.0,7051000000.0,0.0,0.072,0.272,0.198,0.104,36000000.0,631000000.0,1.0,46788832.0,46900000.0,47200000.0,150.341,4573000000.0,253000000.0,187000000.0,0.0,97.505,1116000000.0
20,HII,MRT,2016-06-30,2016-06-30,2016-06-30,2021-08-05,-821000000.0,5859000000.0,5955250000.0,2197000000.0,3662000000.0,1.204,34.298,-224000000.0,852000000.0,852000000.0,5767000000.0,430000000.0,1.926,2.635,1276000000.0,0.0,1276000000.0,1276000000.0,100000000.0,184000000.0,0.0,0.011,1.9,757000000.0,941000000.0,0.131,941000000.0,757000000.0,631000000.0,9.13,9.04,9.13,1612000000.0,1528250000.0,1612000000.0,8383172696.0,11.0,8.909,684000000.0,14.553,1.0,1401000000.0,0.195,1440000000.0,126000000.0,3702000000.0,3759500000.0,280000000.0,0.0,0.0,0.0,4247000000.0,1141000000.0,3106000000.0,7901172696.0,-108000000.0,0.0,-228000000.0,-395000000.0,-90000000.0,-796000000.0,-220000000.0,0.0,908000000.0,0.0,430000000.0,430000000.0,430000000.0,0.0,0.0,0.06,642000000.0,759000000.0,252000000.0,0.208,4.901,18.375,18.404,1813000000.0,0.0,168.03,1.102,1.102,1022000000.0,1069000000.0,7168000000.0,7168000000.0,0.0,0.072,0.281,0.201,0.106,33000000.0,634000000.0,1.0,47022393.0,47000000.0,47500000.0,152.511,4419000000.0,282000000.0,201000000.0,0.0,94.021,1056000000.0
21,HII,MRT,2016-03-31,2016-03-31,2016-03-31,2021-08-05,-833000000.0,5896000000.0,6068500000.0,2203000000.0,3693000000.0,1.189,32.362,-205000000.0,793000000.0,793000000.0,5680000000.0,453000000.0,1.907,2.876,1275000000.0,0.0,1275000000.0,1275000000.0,72000000.0,180000000.0,0.0,0.013,1.8,809000000.0,989000000.0,0.137,989000000.0,809000000.0,676000000.0,9.52,9.44,9.52,1521000000.0,1496500000.0,1521000000.0,6789819808.0,8.0,6.865,700000000.0,14.894,1.0,1533000000.0,0.213,1446000000.0,133000000.0,3777000000.0,3817750000.0,283000000.0,0.0,0.0,0.0,4375000000.0,1155000000.0,3220000000.0,6410819808.0,-111000000.0,0.0,-247000000.0,-416000000.0,-86000000.0,-832000000.0,-184000000.0,0.0,905000000.0,0.0,453000000.0,453000000.0,453000000.0,0.0,0.0,0.063,722000000.0,811000000.0,252000000.0,0.189,4.215,14.152,14.384,1809000000.0,0.0,136.94,0.889,0.892,1086000000.0,960000000.0,7213000000.0,7213000000.0,0.0,0.075,0.303,0.212,0.112,44000000.0,656000000.0,1.0,46814808.0,47000000.0,47400000.0,153.468,4450000000.0,313000000.0,223000000.0,0.0,94.681,1048000000.0
22,HII,MRT,2015-12-31,2015-12-31,2015-12-31,2021-08-05,-845000000.0,6024000000.0,6174250000.0,2284000000.0,3740000000.0,1.137,31.106,-188000000.0,894000000.0,894000000.0,5517000000.0,404000000.0,1.793,3.043,1273000000.0,0.0,1273000000.0,1273000000.0,125000000.0,180000000.0,0.0,0.013,1.7,769000000.0,949000000.0,0.135,949000000.0,769000000.0,632000000.0,8.43,8.36,8.43,1490000000.0,1461250000.0,1490000000.0,6592905093.0,9.0,6.947,673000000.0,14.05,1.0,1503000000.0,0.214,1451000000.0,137000000.0,3678000000.0,3926250000.0,285000000.0,0.0,0.0,0.0,4534000000.0,1274000000.0,3260000000.0,5958905093.0,-96000000.0,-6000000.0,-232000000.0,-416000000.0,-81000000.0,-816000000.0,-141000000.0,0.0,861000000.0,0.0,404000000.0,404000000.0,404000000.0,0.0,0.0,0.058,734000000.0,769000000.0,317000000.0,0.202,3.999,14.75,15.047,1827000000.0,0.0,126.85,0.849,0.866,1074000000.0,848000000.0,7020000000.0,7020000000.0,0.0,0.065,0.276,0.196,0.11,43000000.0,669000000.0,1.0,46975996.0,47900000.0,48300000.0,146.555,4573000000.0,336000000.0,228000000.0,0.0,95.47,1010000000.0
23,HII,MRT,2015-09-30,2015-09-30,2015-09-30,2021-08-05,-826000000.0,6042000000.0,6228000000.0,2419000000.0,3623000000.0,1.131,31.042,-160000000.0,671000000.0,671000000.0,5487000000.0,406000000.0,1.869,3.055,1305000000.0,0.0,1305000000.0,1305000000.0,141000000.0,173000000.0,0.0,0.015,1.6,770000000.0,943000000.0,0.134,943000000.0,770000000.0,631000000.0,8.41,8.34,8.41,1490000000.0,1430000000.0,1490000000.0,5842841210.0,8.0,6.196,709000000.0,14.771,1.0,1555000000.0,0.221,1501000000.0,139000000.0,3881000000.0,4015250000.0,308000000.0,0.0,0.0,0.0,4552000000.0,1294000000.0,3258000000.0,5123841210.0,-98000000.0,-6000000.0,-218000000.0,-459000000.0,-77000000.0,-854000000.0,-113000000.0,0.0,869000000.0,0.0,406000000.0,406000000.0,406000000.0,0.0,0.0,0.058,786000000.0,769000000.0,296000000.0,0.19,3.439,12.62,12.741,1750000000.0,0.0,107.15,0.728,0.73,1278000000.0,821000000.0,7042000000.0,7042000000.0,0.0,0.065,0.284,0.192,0.109,56000000.0,690000000.0,1.0,47819330.0,48000000.0,48400000.0,146.708,4541000000.0,314000000.0,225000000.0,0.0,94.604,1125000000.0
24,HII,MRT,2015-06-30,2015-06-30,2015-06-30,2021-08-05,-836000000.0,6312000000.0,6248750000.0,2694000000.0,3618000000.0,1.114,30.619,-163000000.0,960000000.0,960000000.0,5395000000.0,391000000.0,1.695,3.251,1679000000.0,374000000.0,1305000000.0,1679000000.0,117000000.0,175000000.0,0.0,0.012,1.4,741000000.0,916000000.0,0.132,916000000.0,741000000.0,600000000.0,8.07,8.01,8.07,1485000000.0,1473000000.0,1485000000.0,6271893125.0,8.0,6.847,710000000.0,14.639,1.0,1564000000.0,0.225,1507000000.0,141000000.0,3935000000.0,4102000000.0,319000000.0,0.0,0.0,0.0,4827000000.0,1589000000.0,3238000000.0,5475893125.0,368000000.0,-5000000.0,-124000000.0,-98000000.0,-68000000.0,-390000000.0,-115000000.0,0.0,873000000.0,0.0,391000000.0,391000000.0,391000000.0,0.0,0.0,0.056,824000000.0,740000000.0,269000000.0,0.173,3.687,14.005,13.952,1757000000.0,0.0,112.59,0.787,0.785,1244000000.0,729000000.0,6959000000.0,6959000000.0,0.0,0.063,0.265,0.181,0.106,59000000.0,729000000.0,1.0,48635697.0,48500000.0,48800000.0,143.485,4805000000.0,336000000.0,209000000.0,0.0,99.072,1105000000.0
25,HII,MRT,2015-03-31,2015-03-31,2015-03-31,2021-08-05,-849000000.0,6319000000.0,6190750000.0,2628000000.0,3691000000.0,1.12,28.512,-161000000.0,904000000.0,904000000.0,5518000000.0,335000000.0,1.973,3.579,1700000000.0,108000000.0,1592000000.0,1700000000.0,78000000.0,180000000.0,0.0,0.009,1.2,653000000.0,833000000.0,0.12,833000000.0,653000000.0,508000000.0,6.9,6.85,6.9,1380000000.0,1494000000.0,1380000000.0,7479792286.0,11.0,8.979,818000000.0,16.901,1.0,1415000000.0,0.204,1572000000.0,145000000.0,4211000000.0,4203250000.0,336000000.0,0.0,0.0,0.0,4939000000.0,1332000000.0,3607000000.0,6769792286.0,162000000.0,-232000000.0,-156000000.0,-91000000.0,-58000000.0,-456000000.0,-361000000.0,0.0,979000000.0,0.0,335000000.0,335000000.0,335000000.0,0.0,0.0,0.048,763000000.0,652000000.0,307000000.0,0.174,4.906,20.208,20.312,1768000000.0,0.0,140.15,0.976,0.978,1219000000.0,593000000.0,6933000000.0,6933000000.0,0.0,0.054,0.224,0.155,0.094,35000000.0,726000000.0,1.0,48303905.0,48400000.0,48700000.0,143.244,4747000000.0,335000000.0,173000000.0,0.0,98.079,1296000000.0
26,HII,MRT,2014-12-31,2014-12-31,2014-12-31,2021-08-05,-862000000.0,6239000000.0,6137750000.0,2417000000.0,3822000000.0,1.133,27.971,-165000000.0,990000000.0,990000000.0,5540000000.0,338000000.0,1.842,3.571,1670000000.0,108000000.0,1562000000.0,1670000000.0,74000000.0,194000000.0,0.0,0.009,1.0,656000000.0,850000000.0,0.122,850000000.0,656000000.0,507000000.0,6.93,6.86,6.93,1365000000.0,1539250000.0,1365000000.0,6404539442.0,10.0,7.535,590000000.0,12.09,1.0,1417000000.0,0.204,1573000000.0,149000000.0,4034000000.0,4264000000.0,339000000.0,0.0,0.0,0.0,4874000000.0,1312000000.0,3562000000.0,5430539442.0,-53000000.0,-272000000.0,-136000000.0,-91000000.0,-49000000.0,-371000000.0,-437000000.0,0.0,755000000.0,0.0,338000000.0,338000000.0,338000000.0,0.0,0.0,0.049,762000000.0,655000000.0,269000000.0,0.144,3.978,16.067,16.228,1792000000.0,0.0,112.46,0.781,0.789,1038000000.0,525000000.0,6957000000.0,6957000000.0,0.0,0.055,0.22,0.154,0.094,34000000.0,726000000.0,1.0,48288631.0,48800000.0,49300000.0,142.561,4666000000.0,341000000.0,169000000.0,0.0,95.615,1105000000.0
27,HII,MRT,2014-09-30,2014-09-30,2014-09-30,2021-08-05,-506000000.0,6125000000.0,6134250000.0,2380000000.0,3745000000.0,1.136,34.127,-145000000.0,769000000.0,769000000.0,5587000000.0,377000000.0,1.929,2.685,1743000000.0,93000000.0,1650000000.0,1743000000.0,53000000.0,231000000.0,0.0,0.008,0.8,685000000.0,916000000.0,0.131,916000000.0,685000000.0,571000000.0,7.69,7.62,7.69,1662000000.0,1578250000.0,1662000000.0,6234044519.0,9.0,6.806,461000000.0,9.466,1.0,1381000000.0,0.198,1637000000.0,114000000.0,4228000000.0,4295500000.0,272000000.0,0.0,0.0,0.0,4463000000.0,1234000000.0,3229000000.0,5061044519.0,-126000000.0,-272000000.0,-175000000.0,-70000000.0,-40000000.0,-315000000.0,-417000000.0,0.0,606000000.0,0.0,377000000.0,377000000.0,377000000.0,0.0,0.0,0.054,696000000.0,685000000.0,268000000.0,0.104,3.045,13.425,13.551,1852000000.0,0.0,104.21,0.726,0.728,1144000000.0,492000000.0,6968000000.0,6968000000.0,0.0,0.061,0.239,0.159,0.098,4000000.0,707000000.0,1.0,48565824.0,48700000.0,49000000.0,143.08,4488000000.0,167000000.0,194000000.0,118000000.0,92.156,1146000000.0
28,HII,MRT,2014-06-30,2014-06-30,2014-06-30,2021-08-05,-509000000.0,6080000000.0,6172750000.0,2327000000.0,3753000000.0,1.116,32.152,-135000000.0,592000000.0,592000000.0,5556000000.0,350000000.0,1.837,2.875,1765000000.0,86000000.0,1679000000.0,1765000000.0,58000000.0,242000000.0,0.0,0.007,0.7,641000000.0,883000000.0,0.128,883000000.0,641000000.0,526000000.0,7.1,7.02,7.1,1569000000.0,1396500000.0,1569000000.0,5682106518.0,9.0,6.435,496000000.0,10.164,1.0,1332000000.0,0.193,1646000000.0,115000000.0,4340000000.0,4332750000.0,294000000.0,0.0,0.0,0.0,4511000000.0,1267000000.0,3244000000.0,4645106518.0,-31000000.0,-273000000.0,-192000000.0,-57000000.0,-35000000.0,-312000000.0,-350000000.0,0.0,631000000.0,0.0,350000000.0,350000000.0,350000000.0,0.0,0.0,0.051,691000000.0,641000000.0,297000000.0,0.099,2.961,13.272,13.323,1850000000.0,0.0,94.59,0.674,0.67,1216000000.0,406000000.0,6888000000.0,6888000000.0,0.0,0.057,0.251,0.148,0.093,0.0,704000000.0,1.0,49107797.0,48800000.0,49100000.0,141.148,4434000000.0,179000000.0,176000000.0,112000000.0,90.861,1060000000.0
29,HII,MRT,2014-03-31,2014-03-31,2014-03-31,2021-08-05,-515000000.0,6107000000.0,6164500000.0,2544000000.0,3563000000.0,1.112,31.792,-133000000.0,742000000.0,742000000.0,5571000000.0,307000000.0,2.052,2.912,1779000000.0,79000000.0,1700000000.0,1779000000.0,78000000.0,237000000.0,0.0,0.006,0.6,576000000.0,813000000.0,0.119,813000000.0,576000000.0,461000000.0,6.19,6.1,6.19,1561000000.0,1222500000.0,1561000000.0,5718342909.0,10.0,7.034,251000000.0,5.112,1.0,1281000000.0,0.187,1450000000.0,115000000.0,4454000000.0,4398500000.0,315000000.0,0.0,0.0,0.0,4546000000.0,1240000000.0,3306000000.0,4982342909.0,90000000.0,-46000000.0,-123000000.0,-43000000.0,-30000000.0,-173000000.0,-121000000.0,0.0,384000000.0,0.0,307000000.0,307000000.0,307000000.0,0.0,0.0,0.045,705000000.0,576000000.0,263000000.0,0.097,3.192,16.229,16.52,1856000000.0,0.0,102.26,0.727,0.733,1299000000.0,316000000.0,6852000000.0,6852000000.0,0.0,0.05,0.251,0.131,0.084,17000000.0,719000000.0,1.0,48722305.0,49100000.0,49700000.0,139.552,4657000000.0,163000000.0,154000000.0,92000000.0,94.847,1304000000.0
30,HII,MRT,2013-12-31,2013-12-31,2013-12-31,2021-08-05,-521000000.0,6225000000.0,6200500000.0,2676000000.0,3549000000.0,1.1,30.604,-139000000.0,1043000000.0,1043000000.0,5583000000.0,261000000.0,1.922,3.093,1779000000.0,79000000.0,1700000000.0,1779000000.0,115000000.0,226000000.0,0.0,0.006,0.5,512000000.0,738000000.0,0.108,738000000.0,512000000.0,394000000.0,5.25,5.18,5.25,1521000000.0,1009000000.0,1521000000.0,5357097844.0,10.0,7.259,97000000.0,1.952,1.0,1237000000.0,0.181,1409000000.0,118000000.0,4160000000.0,4489000000.0,311000000.0,0.0,0.0,0.0,4704000000.0,1392000000.0,3312000000.0,4444097844.0,-14000000.0,0.0,-112000000.0,-56000000.0,-25000000.0,-169000000.0,-81000000.0,0.0,236000000.0,0.0,261000000.0,261000000.0,261000000.0,0.0,0.0,0.038,725000000.0,512000000.0,337000000.0,0.095,2.922,17.027,17.145,1897000000.0,0.0,90.01,0.652,0.656,1123000000.0,236000000.0,6820000000.0,6820000000.0,0.0,0.042,0.259,0.114,0.075,20000000.0,739000000.0,1.0,49373379.0,49700000.0,50400000.0,137.223,4816000000.0,170000000.0,133000000.0,83000000.0,96.901,1284000000.0
31,HII,MRT,2013-09-30,2013-09-30,2013-09-30,2021-08-05,-1078000000.0,6279000000.0,6242250000.0,2531000000.0,3748000000.0,1.074,18.737,-155000000.0,895000000.0,895000000.0,5505000000.0,220000000.0,1.805,5.716,1808000000.0,65000000.0,1743000000.0,1808000000.0,139000000.0,198000000.0,0.0,0.006,0.4,444000000.0,642000000.0,0.096,642000000.0,444000000.0,328000000.0,4.41,4.34,4.41,935000000.0,795500000.0,935000000.0,4549272426.0,10.0,7.086,162000000.0,3.246,1.0,1200000000.0,0.179,1413000000.0,116000000.0,4377000000.0,4537000000.0,340000000.0,0.0,0.0,0.0,5344000000.0,1402000000.0,3942000000.0,3355272426.0,129000000.0,0.0,-47000000.0,-29000000.0,-20000000.0,-91000000.0,-97000000.0,0.0,317000000.0,0.0,220000000.0,220000000.0,220000000.0,0.0,0.0,0.033,756000000.0,444000000.0,287000000.0,0.091,3.589,15.251,15.283,1964000000.0,0.0,67.4,0.5,0.502,1055000000.0,155000000.0,6705000000.0,6705000000.0,0.0,0.035,0.277,0.098,0.066,39000000.0,774000000.0,1.0,49781490.0,49900000.0,50600000.0,134.369,4866000000.0,466000000.0,108000000.0,73000000.0,97.515,1129000000.0
32,HII,MRT,2013-06-30,2013-06-30,2013-06-30,2021-08-05,-1096000000.0,6047000000.0,6138250000.0,2269000000.0,3778000000.0,1.086,17.39,-160000000.0,623000000.0,623000000.0,5545000000.0,164000000.0,1.86,5.927,1817000000.0,52000000.0,1765000000.0,1817000000.0,108000000.0,185000000.0,0.0,0.005,0.3,383000000.0,568000000.0,0.085,568000000.0,383000000.0,266000000.0,3.29,3.24,3.29,873000000.0,821250000.0,873000000.0,3997258788.0,10.0,7.037,13000000.0,0.259,1.0,1119000000.0,0.168,1418000000.0,117000000.0,4603000000.0,4517500000.0,321000000.0,0.0,0.0,0.0,5174000000.0,1220000000.0,3954000000.0,2832258788.0,-46000000.0,0.0,-20000000.0,-27000000.0,-15000000.0,-59000000.0,-160000000.0,0.0,173000000.0,0.0,164000000.0,164000000.0,164000000.0,0.0,0.0,0.025,736000000.0,383000000.0,287000000.0,0.091,3.244,17.27,17.167,1990000000.0,0.0,56.48,0.425,0.425,1101000000.0,91000000.0,6664000000.0,6664000000.0,0.0,0.027,0.2,0.085,0.057,41000000.0,752000000.0,1.0,50146225.0,50200000.0,50700000.0,132.749,4629000000.0,432000000.0,102000000.0,0.0,92.211,1049000000.0
33,HII,MRT,2013-03-31,2013-03-31,2013-03-31,2021-08-05,-1224000000.0,6251000000.0,6079500000.0,2391000000.0,3860000000.0,1.102,14.197,-165000000.0,652000000.0,652000000.0,5604000000.0,157000000.0,2.031,7.842,1817000000.0,38000000.0,1779000000.0,1817000000.0,114000000.0,186000000.0,0.0,0.004,0.2,373000000.0,559000000.0,0.083,559000000.0,373000000.0,256000000.0,3.16,3.12,3.16,707000000.0,851500000.0,707000000.0,3418457902.0,9.0,6.115,134000000.0,2.691,1.0,1098000000.0,0.164,1423000000.0,117000000.0,4816000000.0,4459000000.0,310000000.0,0.0,0.0,0.0,5544000000.0,1177000000.0,4367000000.0,2645457902.0,101000000.0,0.0,8000000.0,-34000000.0,-10000000.0,-33000000.0,-165000000.0,0.0,299000000.0,0.0,157000000.0,157000000.0,157000000.0,0.0,0.0,0.023,725000000.0,373000000.0,247000000.0,0.063,3.742,16.85,16.877,2004000000.0,0.0,53.33,0.395,0.396,1199000000.0,39000000.0,6702000000.0,6702000000.0,0.0,0.026,0.184,0.084,0.056,39000000.0,743000000.0,1.0,49605436.0,49800000.0,50300000.0,134.578,4828000000.0,526000000.0,99000000.0,0.0,96.948,1214000000.0
34,HII,MRT,2012-12-31,2012-12-31,2012-12-31,2021-08-05,-1226000000.0,6392000000.0,5972750000.0,2484000000.0,3908000000.0,1.123,13.502,-162000000.0,1057000000.0,1057000000.0,5629000000.0,146000000.0,1.795,8.583,1830000000.0,51000000.0,1779000000.0,1830000000.0,134000000.0,184000000.0,0.0,0.002,0.1,358000000.0,542000000.0,0.081,542000000.0,358000000.0,241000000.0,2.96,2.91,2.96,667000000.0,904250000.0,667000000.0,3220286725.0,9.0,5.941,170000000.0,3.441,1.0,1079000000.0,0.161,1429000000.0,117000000.0,4352000000.0,4371500000.0,288000000.0,0.0,0.0,0.0,5725000000.0,1384000000.0,4341000000.0,2149286725.0,142000000.0,0.0,6000000.0,-29000000.0,-5000000.0,-28000000.0,-162000000.0,0.0,332000000.0,0.0,146000000.0,146000000.0,146000000.0,0.0,0.0,0.022,721000000.0,358000000.0,377000000.0,0.034,3.222,14.721,14.642,2034000000.0,0.0,43.34,0.32,0.319,905000000.0,0.0,6708000000.0,6708000000.0,0.0,0.024,0.161,0.082,0.053,41000000.0,739000000.0,1.0,49591295.0,49400000.0,50100000.0,135.789,4963000000.0,542000000.0,95000000.0,0.0,100.466,1100000000.0
35,HII,MRT,2012-09-30,2012-09-30,2012-09-30,2021-08-05,-804000000.0,5863000000.0,5892000000.0,2226000000.0,3637000000.0,1.124,20.927,-170000000.0,766000000.0,766000000.0,5628000000.0,159000000.0,1.797,4.648,1837000000.0,43000000.0,1794000000.0,1837000000.0,112000000.0,183000000.0,0.0,0.0,0.0,366000000.0,549000000.0,0.083,549000000.0,366000000.0,249000000.0,3.23,3.22,3.23,1038000000.0,952250000.0,1038000000.0,3256929939.0,9.0,5.932,263000000.0,5.302,1.0,992000000.0,0.15,1396000000.0,117000000.0,4299000000.0,4331750000.0,332000000.0,0.0,0.0,0.0,4825000000.0,1239000000.0,3586000000.0,2081929939.0,230000000.0,0.0,7000000.0,-30000000.0,0.0,-33000000.0,-170000000.0,0.0,433000000.0,0.0,159000000.0,159000000.0,159000000.0,0.0,0.0,0.024,626000000.0,366000000.0,292000000.0,0.0,2.006,13.094,13.019,1988000000.0,0.0,42.05,0.314,0.315,883000000.0,-45000000.0,6620000000.0,6620000000.0,0.0,0.027,0.167,0.084,0.055,45000000.0,653000000.0,1.0,49510819.0,49600000.0,50300000.0,133.468,4467000000.0,281000000.0,90000000.0,0.0,90.06,987000000.0
36,HII,MRT,2012-06-30,2012-06-30,2012-06-30,2021-08-05,-821000000.0,5812000000.0,5855000000.0,2167000000.0,3645000000.0,1.13,20.081,-171000000.0,669000000.0,669000000.0,5594000000.0,-102000000.0,1.781,4.847,1844000000.0,36000000.0,1808000000.0,1844000000.0,70000000.0,185000000.0,0.0,0.0,0.0,110000000.0,295000000.0,0.045,295000000.0,110000000.0,-8000000.0,-2.1,-2.11,-2.1,994000000.0,981500000.0,994000000.0,3290175997.0,30.0,11.153,357000000.0,7.212,1.0,1023000000.0,0.155,1401000000.0,118000000.0,4369000000.0,4365000000.0,357000000.0,0.0,0.0,0.0,4818000000.0,1217000000.0,3601000000.0,1990175997.0,288000000.0,0.0,5000000.0,-30000000.0,0.0,-69000000.0,-171000000.0,0.0,528000000.0,0.0,-102000000.0,-102000000.0,-102000000.0,0.0,0.0,-0.015,913000000.0,110000000.0,314000000.0,0.0,2.002,-19.512,-19.162,1992000000.0,0.0,40.24,0.301,0.301,878000000.0,-58000000.0,6617000000.0,6617000000.0,0.0,-0.017,-0.104,0.025,0.017,45000000.0,642000000.0,1.0,49457654.0,49500000.0,50100000.0,133.677,4411000000.0,314000000.0,94000000.0,0.0,89.111,950000000.0
37,HII,MRT,2012-03-31,2012-03-31,2012-03-31,2021-08-05,-834000000.0,5824000000.0,5886250000.0,2156000000.0,3668000000.0,1.097,18.735,-161000000.0,551000000.0,551000000.0,5458000000.0,-112000000.0,1.722,5.344,1851000000.0,29000000.0,1822000000.0,1851000000.0,118000000.0,186000000.0,0.0,0.0,0.0,95000000.0,281000000.0,0.044,281000000.0,95000000.0,-24000000.0,-2.3,-2.31,-2.3,918000000.0,1085750000.0,918000000.0,2931693108.0,31.0,10.433,402000000.0,8.204,1.0,1001000000.0,0.155,1406000000.0,119000000.0,4466000000.0,4406250000.0,384000000.0,0.0,0.0,0.0,4906000000.0,1252000000.0,3654000000.0,1987693108.0,326000000.0,0.0,2000000.0,-34000000.0,0.0,-76000000.0,-161000000.0,0.0,563000000.0,0.0,-112000000.0,-112000000.0,-112000000.0,0.0,0.0,-0.017,906000000.0,95000000.0,293000000.0,0.0,2.165,-17.747,-17.496,2005000000.0,0.0,40.24,0.308,0.305,954000000.0,-108000000.0,6459000000.0,6459000000.0,0.0,-0.019,-0.103,0.022,0.015,46000000.0,635000000.0,1.0,49395952.0,49000000.0,49500000.0,131.816,4418000000.0,334000000.0,88000000.0,0.0,90.163,904000000.0
38,HII,MRT,2011-12-31,2011-12-31,2011-12-31,2021-08-05,-862000000.0,6069000000.0,5881500000.0,2268000000.0,3801000000.0,1.118,17.602,-197000000.0,915000000.0,915000000.0,5571000000.0,-100000000.0,1.653,6.065,1859000000.0,29000000.0,1830000000.0,1859000000.0,101000000.0,184000000.0,0.0,0.0,0.0,100000000.0,284000000.0,0.043,284000000.0,100000000.0,-4000000.0,-2.05,-2.05,-2.05,859000000.0,1196750000.0,859000000.0,2856724906.0,29.0,10.059,331000000.0,6.783,1.0,1004000000.0,0.153,1448000000.0,104000000.0,4193000000.0,4444750000.0,380000000.0,0.0,0.0,0.0,5210000000.0,1372000000.0,3838000000.0,1526724906.0,915000000.0,0.0,2000000.0,745000000.0,0.0,584000000.0,-197000000.0,0.0,528000000.0,0.0,-100000000.0,-100000000.0,-100000000.0,0.0,0.0,-0.015,904000000.0,100000000.0,380000000.0,0.0,1.777,-15.267,-15.259,2033000000.0,0.0,31.28,0.232,0.232,711000000.0,-146000000.0,6575000000.0,6575000000.0,0.0,-0.017,-0.084,0.022,0.015,42000000.0,634000000.0,1.0,48808341.0,48800000.0,48800000.0,134.734,4621000000.0,391000000.0,96000000.0,0.0,94.693,896000000.0
39,HII,MRT,2011-09-30,2011-09-30,2011-09-30,2021-08-05,-483000000.0,5715000000.0,5665000000.0,2082000000.0,3633000000.0,1.161,23.62,-214000000.0,536000000.0,536000000.0,5557000000.0,-104000000.0,1.725,3.948,1866000000.0,29000000.0,1837000000.0,1866000000.0,85000000.0,178000000.0,0.0,0.0,0.0,81000000.0,259000000.0,0.039,259000000.0,81000000.0,-4000000.0,-2.14,-2.15,-2.14,1155000000.0,1336500000.0,1155000000.0,2679359399.0,33.0,10.345,48000000.0,0.982,1.0,1019000000.0,0.155,1406000000.0,85000000.0,4432000000.0,3915500000.0,463000000.0,0.0,0.0,0.0,4560000000.0,1207000000.0,3353000000.0,1187359399.0,536000000.0,0.0,1000000.0,753000000.0,0.0,486000000.0,-212000000.0,0.0,262000000.0,0.0,-104000000.0,-104000000.0,-104000000.0,0.0,0.0,-0.016,936000000.0,83000000.0,287000000.0,0.0,1.028,-11.417,-11.369,1979000000.0,0.0,24.33,0.181,0.181,781000000.0,-210000000.0,6576000000.0,6576000000.0,0.0,-0.018,-0.078,0.021,0.012,22000000.0,668000000.0,1.0,48802277.0,48900000.0,48900000.0,134.479,4309000000.0,268000000.0,100000000.0,113000000.0,88.119,875000000.0
40,HII,MRT,2011-06-30,2011-06-30,2011-06-30,2021-08-05,-491000000.0,5937000000.0,,1994000000.0,3943000000.0,,28.914,-214000000.0,381000000.0,381000000.0,5648000000.0,186000000.0,1.684,3.208,1873000000.0,29000000.0,1844000000.0,1873000000.0,83000000.0,178000000.0,0.0,0.0,0.0,348000000.0,526000000.0,0.079,526000000.0,348000000.0,283000000.0,3.79,3.78,3.79,1411000000.0,,1411000000.0,3337756372.0,10.0,6.346,-11000000.0,-0.225,1.0,1000000000.0,0.15,1711000000.0,65000000.0,4534000000.0,,389000000.0,0.0,0.0,0.0,4526000000.0,1184000000.0,3342000000.0,1682756372.0,381000000.0,0.0,1000000.0,760000000.0,0.0,390000000.0,-212000000.0,0.0,203000000.0,0.0,186000000.0,186000000.0,186000000.0,0.0,0.0,0.028,650000000.0,350000000.0,255000000.0,0.0,1.193,9.047,9.103,1985000000.0,0.0,34.5,0.253,0.253,898000000.0,38000000.0,6648000000.0,6648000000.0,0.0,,,,0.052,13000000.0,673000000.0,1.0,48775547.0,48800000.0,49600000.0,136.23,4226000000.0,286000000.0,97000000.0,113000000.0,86.598,810000000.0
41,HII,MRT,2011-03-31,2011-03-31,2011-03-31,2021-08-05,-498000000.0,5805000000.0,,1832000000.0,3973000000.0,,27.91,-222000000.0,225000000.0,225000000.0,5810000000.0,135000000.0,1.63,3.262,1880000000.0,29000000.0,1851000000.0,1880000000.0,62000000.0,178000000.0,0.0,0.0,0.0,237000000.0,415000000.0,0.062,415000000.0,237000000.0,192000000.0,2.75,2.75,2.75,1362000000.0,,1362000000.0,2844185200.0,12.0,6.853,-110000000.0,-2.254,1.0,885000000.0,0.132,1716000000.0,45000000.0,4620000000.0,,372000000.0,0.0,0.0,0.0,4443000000.0,1124000000.0,3319000000.0,2024185200.0,225000000.0,0.0,0.0,771000000.0,0.0,333000000.0,-220000000.0,0.0,112000000.0,0.0,135000000.0,135000000.0,135000000.0,0.0,0.0,0.02,646000000.0,239000000.0,252000000.0,0.0,1.486,14.994,15.091,2006000000.0,0.0,41.5,0.302,0.302,896000000.0,-2000000.0,6695000000.0,6695000000.0,0.0,,,,0.035,4000000.0,665000000.0,1.0,48775547.0,48800000.0,48800000.0,137.193,4089000000.0,293000000.0,57000000.0,102000000.0,83.791,708000000.0
42,HII,MRT,2010-12-31,2010-12-31,2010-12-31,2021-08-05,-515000000.0,5203000000.0,5119500000.0,1313000000.0,3890000000.0,1.313,29.057,-191000000.0,0.0,0.0,5831000000.0,131000000.0,0.59,2.669,820000000.0,715000000.0,105000000.0,820000000.0,107000000.0,183000000.0,0.0,,0.0,239000000.0,422000000.0,0.063,422000000.0,239000000.0,199000000.0,2.68,2.68,2.68,1418000000.0,1427500000.0,1418000000.0,,,,168000000.0,3.443,1.0,892000000.0,0.133,1721000000.0,40000000.0,2076000000.0,2117000000.0,293000000.0,0.0,0.0,0.0,3785000000.0,2226000000.0,1559000000.0,,0.0,0.0,0.0,0.0,0.0,-170000000.0,-189000000.0,0.0,359000000.0,0.0,131000000.0,131000000.0,131000000.0,0.0,0.0,0.019,651000000.0,241000000.0,274000000.0,0.0,,,,1997000000.0,0.0,,,,728000000.0,0.0,6723000000.0,6723000000.0,0.0,0.026,0.092,0.113,0.036,0.0,670000000.0,1.0,48775547.0,48800000.0,48800000.0,137.766,3482000000.0,284000000.0,68000000.0,99000000.0,71.352,-913000000.0
43,HII,MRT,2010-09-30,2010-09-30,2010-09-30,2021-08-05,,,,,,,,,,,,,,,,,,,,,,,0.0,,,,,,,,,,,,,,,,,,1.0,,,,,,,,,,,,,,,,,,,,,,,,,,,,,,,,,,,,,,,,,,,,,,,,,,,,,,1.0,48775547.0,48800000.0,,,,,,,,
44,HII,MRT,2010-06-30,2010-06-30,2010-06-30,2021-08-05,,,,,,,,,,,,,,,,,,,,,,,0.0,,,,,,,,,,,,,,,,,,1.0,,,,,,,,,,,,,,,,,,,,,,,,,,,,,,,,,,,,,,,,,,,,,,,,,,,,,,1.0,48775547.0,48800000.0,,,,,,,,
45,HII,MRT,2010-03-31,2010-03-31,2010-03-31,2021-08-05,,,,,,,,,,,,,,,,,,,,,,,0.0,,,,,,,,,,,,,,,,,,1.0,,,,,,,,,,,,,,,,,,,,,,,,,,,,,,,,,,,,,,,,,,,,,,,,,,,,,,1.0,48775547.0,48800000.0,,,,,,,,
46,HII,MRT,2009-12-31,2009-12-31,2009-12-31,2021-08-05,-531000000.0,5036000000.0,4898000000.0,1171000000.0,3865000000.0,1.285,29.447,-181000000.0,0.0,0.0,5442000000.0,124000000.0,0.599,2.505,820000000.0,537000000.0,283000000.0,820000000.0,81000000.0,186000000.0,0.0,,0.0,212000000.0,398000000.0,0.063,398000000.0,212000000.0,176000000.0,2.54,2.54,2.54,1437000000.0,1199000000.0,1437000000.0,,,,-269000000.0,-5.512,1.0,850000000.0,0.135,1744000000.0,36000000.0,2158000000.0,1963000000.0,298000000.0,0.0,0.0,0.0,3599000000.0,1954000000.0,1645000000.0,,0.0,0.0,0.0,0.0,0.0,266000000.0,-178000000.0,0.0,-88000000.0,0.0,124000000.0,124000000.0,124000000.0,0.0,0.0,0.02,639000000.0,211000000.0,314000000.0,0.0,,,,1977000000.0,0.0,,,,537000000.0,,6292000000.0,6292000000.0,0.0,0.025,0.103,0.108,0.034,0.0,639000000.0,1.0,48775547.0,48800000.0,48800000.0,128.934,3292000000.0,326000000.0,52000000.0,156000000.0,67.459,-783000000.0
47,HII,MRT,2008-12-31,2008-12-31,2008-12-31,2021-08-05,-617000000.0,4760000000.0,,895000000.0,3865000000.0,,,-218000000.0,0.0,0.0,5489000000.0,-2420000000.0,0.439,3.953,820000000.0,537000000.0,283000000.0,820000000.0,258000000.0,193000000.0,0.0,,0.0,-2354000000.0,-2161000000.0,-0.349,-2161000000.0,-2354000000.0,-2394000000.0,,,,961000000.0,,961000000.0,,,,121000000.0,,1.0,700000000.0,0.113,1774000000.0,40000000.0,1768000000.0,,197000000.0,0.0,0.0,0.0,3799000000.0,2038000000.0,1761000000.0,,0.0,0.0,0.0,0.0,0.0,-187000000.0,-152000000.0,0.0,339000000.0,0.0,-2420000000.0,-2420000000.0,-2420000000.0,0.0,0.0,-0.391,3054000000.0,-2354000000.0,321000000.0,,,,,1951000000.0,0.0,,,,481000000.0,,6189000000.0,6189000000.0,0.0,,,,-0.38,0.0,564000000.0,1.0,,,,,2986000000.0,208000000.0,26000000.0,81000000.0,,-1143000000.0
48,HII,MRT,2007-12-31,2007-12-31,2007-12-31,2021-08-05,,,,,,,,-246000000.0,,,4604000000.0,276000000.0,,,,,,,,170000000.0,,,0.0,453000000.0,623000000.0,0.109,623000000.0,453000000.0,411000000.0,,,,,,,,,,364000000.0,,1.0,1088000000.0,0.191,,42000000.0,,,,,,,,,,,0.0,0.0,0.0,0.0,0.0,-421000000.0,-189000000.0,0.0,610000000.0,0.0,276000000.0,276000000.0,276000000.0,0.0,0.0,0.048,641000000.0,447000000.0,,,,,,,0.0,,,,,,5692000000.0,5692000000.0,0.0,,,,0.08,0.0,641000000.0,1.0,,,,,,,135000000.0,,,
