None,ticker,dimension,calendardate,datekey,reportperiod,lastupdated,accoci,assets,assetsavg,assetsc,assetsnc,assetturnover,bvps,capex,cashneq,cashnequsd,cor,consolinc,currentratio,de,debt,debtc,debtnc,debtusd,deferredrev,depamor,deposits,divyield,dps,ebit,ebitda,ebitdamargin,ebitdausd,ebitusd,ebt,eps,epsdil,epsusd,equity,equityavg,equityusd,ev,evebit,evebitda,fcf,fcfps,fxusd,gp,grossmargin,intangibles,intexp,invcap,invcapavg,inventory,investments,investmentsc,investmentsnc,liabilities,liabilitiesc,liabilitiesnc,marketcap,ncf,ncfbus,ncfcommon,ncfdebt,ncfdiv,ncff,ncfi,ncfinv,ncfo,ncfx,netinc,netinccmn,netinccmnusd,netincdis,netincnci,netmargin,opex,opinc,payables,payoutratio,pb,pe,pe1,ppnenet,prefdivis,price,ps,ps1,receivables,retearn,revenue,revenueusd,rnd,roa,roe,roic,ros,sbcomp,sgna,sharefactor,sharesbas,shareswa,shareswadil,sps,tangibles,taxassets,taxexp,taxliabilities,tbvps,workingcapital
0,TXT,MRY,2020-12-31,2021-01-02,2021-01-02,2021-07-29,-1739000000.0,15443000000.0,15680250000.0,7396000000.0,8047000000.0,0.743,25.538,-317000000.0,2254000000.0,2254000000.0,10094000000.0,309000000.0,2.262,1.642,4369000000.0,509000000.0,3860000000.0,4369000000.0,0.0,386000000.0,0.0,0.002,0.08,448000000.0,834000000.0,0.072,834000000.0,448000000.0,282000000.0,1.35,1.35,1.35,5845000000.0,5661750000.0,5845000000.0,13115525415.0,29.0,15.726,515000000.0,2.25,1.0,1557000000.0,0.134,2157000000.0,166000000.0,12131000000.0,11849250000.0,3513000000.0,744000000.0,0.0,744000000.0,9598000000.0,3270000000.0,6328000000.0,11061525415.0,965000000.0,-15000000.0,-161000000.0,589000000.0,-18000000.0,393000000.0,-277000000.0,0.0,832000000.0,17000000.0,309000000.0,309000000.0,309000000.0,0.0,0.0,0.027,1109000000.0,448000000.0,776000000.0,0.059,1.892,35.798,35.8,2516000000.0,0.0,48.33,0.949,0.949,787000000.0,5973000000.0,11651000000.0,11651000000.0,0.0,0.02,0.055,0.038,0.038,0.0,1045000000.0,1.0,228874931.0,228874931.0,,50.906,13286000000.0,0.0,-27000000.0,0.0,58.049,4126000000.0
1,TXT,MRY,2019-12-31,2020-01-04,2020-01-04,2021-07-29,-1847000000.0,15018000000.0,14839000000.0,7065000000.0,7953000000.0,0.919,24.174,-339000000.0,1357000000.0,1357000000.0,11406000000.0,815000000.0,1.837,1.722,3810000000.0,561000000.0,3249000000.0,3810000000.0,0.0,410000000.0,0.0,0.002,0.08,1113000000.0,1523000000.0,0.112,1523000000.0,1113000000.0,942000000.0,3.52,3.5,3.52,5518000000.0,5384750000.0,5518000000.0,13331475480.0,12.0,8.753,619000000.0,2.712,1.0,2224000000.0,0.163,2150000000.0,171000000.0,11475000000.0,12020500000.0,4069000000.0,682000000.0,0.0,682000000.0,9500000000.0,3846000000.0,5654000000.0,10212475480.0,194000000.0,-2000000.0,-479000000.0,49000000.0,-18000000.0,-439000000.0,-329000000.0,0.0,958000000.0,4000000.0,815000000.0,815000000.0,815000000.0,0.0,0.0,0.06,1111000000.0,1113000000.0,1378000000.0,0.023,1.851,12.531,12.71,2527000000.0,0.0,44.74,0.749,0.749,921000000.0,5682000000.0,13630000000.0,13630000000.0,0.0,0.055,0.151,0.093,0.082,0.0,1152000000.0,1.0,228262751.0,228262751.0,,59.712,12868000000.0,0.0,127000000.0,0.0,56.374,3219000000.0
2,TXT,MRY,2018-12-31,2018-12-29,2018-12-29,2021-07-29,-1762000000.0,14264000000.0,14614750000.0,6614000000.0,7650000000.0,0.956,21.37,-369000000.0,1107000000.0,1107000000.0,11594000000.0,1222000000.0,1.886,1.747,3784000000.0,258000000.0,3526000000.0,3784000000.0,0.0,429000000.0,0.0,0.002,0.08,1550000000.0,1979000000.0,0.142,1979000000.0,1550000000.0,1384000000.0,4.88,4.83,4.88,5192000000.0,5447250000.0,5192000000.0,13664192110.0,9.0,6.905,756000000.0,3.112,1.0,2378000000.0,0.17,2218000000.0,166000000.0,11217000000.0,11817750000.0,3818000000.0,760000000.0,0.0,760000000.0,9072000000.0,3506000000.0,5566000000.0,11091192110.0,-92000000.0,784000000.0,-1709000000.0,-5000000.0,-20000000.0,-1738000000.0,539000000.0,0.0,1125000000.0,-18000000.0,1222000000.0,1222000000.0,1222000000.0,0.0,0.0,0.087,1272000000.0,1106000000.0,1099000000.0,0.016,2.136,9.076,9.355,2615000000.0,0.0,45.65,0.794,0.794,1024000000.0,5407000000.0,13972000000.0,13972000000.0,0.0,0.084,0.224,0.131,0.111,0.0,1275000000.0,1.0,242961492.0,242961492.0,,57.507,12046000000.0,0.0,162000000.0,0.0,49.58,3108000000.0
3,TXT,MRY,2017-12-31,2017-12-30,2017-12-30,2021-07-29,-1375000000.0,15340000000.0,15673250000.0,7027000000.0,8313000000.0,0.906,21.437,-423000000.0,1262000000.0,1262000000.0,11827000000.0,307000000.0,1.92,1.716,3912000000.0,14000000.0,3898000000.0,3912000000.0,0.0,435000000.0,0.0,0.001,0.08,937000000.0,1372000000.0,0.097,1372000000.0,937000000.0,763000000.0,1.15,1.14,1.15,5647000000.0,5682250000.0,5647000000.0,17895957493.0,19.0,13.044,480000000.0,1.822,1.0,2371000000.0,0.167,2364000000.0,174000000.0,11966000000.0,12301500000.0,4150000000.0,819000000.0,0.0,819000000.0,9693000000.0,3660000000.0,6033000000.0,14906957493.0,-58000000.0,-331000000.0,-530000000.0,288000000.0,-21000000.0,-266000000.0,-728000000.0,0.0,903000000.0,33000000.0,307000000.0,307000000.0,307000000.0,-1000000.0,0.0,0.022,1435000000.0,936000000.0,1205000000.0,0.07,2.64,48.557,49.209,2721000000.0,0.0,56.59,1.05,1.05,1363000000.0,5368000000.0,14198000000.0,14198000000.0,0.0,0.02,0.054,0.076,0.066,0.0,1334000000.0,1.0,263420348.0,263420348.0,,53.899,12976000000.0,0.0,456000000.0,0.0,49.26,3367000000.0
4,TXT,MRY,2016-12-31,2016-12-31,2016-12-31,2021-07-29,-1605000000.0,15358000000.0,15164500000.0,7053000000.0,8305000000.0,0.909,20.629,-446000000.0,1298000000.0,1298000000.0,11337000000.0,962000000.0,1.812,1.755,3680000000.0,363000000.0,3317000000.0,3680000000.0,0.0,437000000.0,0.0,0.002,0.08,1169000000.0,1606000000.0,0.116,1606000000.0,1169000000.0,995000000.0,3.55,3.53,3.55,5574000000.0,5350000000.0,5574000000.0,16204305919.0,14.0,10.09,453000000.0,1.676,1.0,2451000000.0,0.178,2113000000.0,174000000.0,11734000000.0,12239250000.0,4464000000.0,935000000.0,0.0,935000000.0,9784000000.0,3893000000.0,5891000000.0,13121305919.0,191000000.0,-186000000.0,-205000000.0,91000000.0,-22000000.0,-146000000.0,-534000000.0,0.0,899000000.0,-28000000.0,962000000.0,962000000.0,962000000.0,-119000000.0,0.0,0.07,1401000000.0,1050000000.0,1273000000.0,0.023,2.354,13.64,13.679,2581000000.0,0.0,48.56,0.952,0.952,1064000000.0,5546000000.0,13788000000.0,13788000000.0,0.0,0.063,0.18,0.096,0.085,0.0,1317000000.0,1.0,270208112.0,270208112.0,,51.027,13245000000.0,0.0,33000000.0,0.0,49.018,3160000000.0
5,TXT,MRY,2015-12-31,2016-01-02,2016-01-02,2021-07-29,-1398000000.0,14708000000.0,14823000000.0,6478000000.0,8230000000.0,0.906,18.139,-420000000.0,1005000000.0,1005000000.0,10979000000.0,697000000.0,1.708,1.963,3610000000.0,262000000.0,3348000000.0,3610000000.0,0.0,449000000.0,0.0,0.002,0.08,1139000000.0,1588000000.0,0.118,1588000000.0,1139000000.0,970000000.0,2.52,2.5,2.52,4964000000.0,4663000000.0,4964000000.0,14654893420.0,13.0,9.229,614000000.0,2.244,1.0,2444000000.0,0.182,2023000000.0,169000000.0,11498000000.0,11857250000.0,4144000000.0,1087000000.0,0.0,1087000000.0,9744000000.0,3792000000.0,5952000000.0,11496893420.0,215000000.0,-81000000.0,-187000000.0,-100000000.0,-22000000.0,-308000000.0,-496000000.0,0.0,1034000000.0,-15000000.0,697000000.0,697000000.0,697000000.0,1000000.0,0.0,0.052,1304000000.0,1140000000.0,1063000000.0,0.032,2.316,16.495,16.671,2492000000.0,0.0,42.01,0.857,0.857,1047000000.0,5298000000.0,13423000000.0,13423000000.0,0.0,0.047,0.149,0.096,0.085,0.0,1304000000.0,1.0,273670398.0,273670398.0,,49.048,12685000000.0,0.0,273000000.0,0.0,46.351,2686000000.0
6,TXT,MRY,2014-12-31,2015-01-03,2015-01-03,2021-07-29,-1506000000.0,14605000000.0,14860500000.0,6014000000.0,8591000000.0,0.934,15.476,-429000000.0,822000000.0,822000000.0,11421000000.0,600000000.0,1.653,2.419,3874000000.0,8000000.0,3866000000.0,3874000000.0,0.0,446000000.0,0.0,0.002,0.08,1039000000.0,1485000000.0,0.107,1485000000.0,1039000000.0,848000000.0,2.15,2.13,2.15,4272000000.0,4446250000.0,4272000000.0,15097980848.0,15.0,10.167,665000000.0,2.409,1.0,2457000000.0,0.177,2027000000.0,191000000.0,11992000000.0,12406500000.0,3928000000.0,1238000000.0,0.0,1238000000.0,10333000000.0,3638000000.0,6695000000.0,11640980848.0,-432000000.0,-1628000000.0,-290000000.0,880000000.0,-28000000.0,552000000.0,-2065000000.0,0.0,1094000000.0,-13000000.0,600000000.0,600000000.0,600000000.0,5000000.0,0.0,0.043,1413000000.0,1044000000.0,1014000000.0,0.037,2.725,19.402,19.614,2497000000.0,0.0,42.17,0.839,0.839,1035000000.0,4623000000.0,13878000000.0,13878000000.0,0.0,0.04,0.135,0.084,0.075,0.0,1361000000.0,1.0,276048870.0,276048870.0,,50.274,12578000000.0,0.0,248000000.0,0.0,45.564,2376000000.0
7,TXT,MRY,2013-12-31,2013-12-28,2013-12-28,2021-07-29,-1027000000.0,12944000000.0,12599500000.0,5572000000.0,7372000000.0,0.961,15.593,-444000000.0,1211000000.0,1211000000.0,10131000000.0,498000000.0,1.855,1.953,3187000000.0,8000000.0,3179000000.0,3187000000.0,0.0,389000000.0,0.0,0.002,0.08,847000000.0,1236000000.0,0.102,1236000000.0,847000000.0,674000000.0,1.78,1.75,1.78,4384000000.0,3623000000.0,4384000000.0,12953919512.0,15.0,10.481,366000000.0,1.302,1.0,1973000000.0,0.163,1735000000.0,173000000.0,10182000000.0,10553250000.0,2963000000.0,1493000000.0,0.0,1493000000.0,8560000000.0,3003000000.0,5557000000.0,10292919512.0,-202000000.0,-196000000.0,31000000.0,-823000000.0,-22000000.0,-742000000.0,-264000000.0,368000000.0,810000000.0,-6000000.0,498000000.0,498000000.0,498000000.0,0.0,0.0,0.041,1126000000.0,847000000.0,1107000000.0,0.045,2.348,20.669,20.567,2215000000.0,0.0,36.61,0.85,0.85,979000000.0,4045000000.0,12104000000.0,12104000000.0,0.0,0.04,0.137,0.08,0.07,0.0,1126000000.0,1.0,281150492.0,281150492.0,,43.052,11209000000.0,0.0,176000000.0,0.0,39.868,2569000000.0
8,TXT,MRY,2012-12-31,2012-12-29,2012-12-29,2021-07-29,-1770000000.0,13033000000.0,13111500000.0,5389000000.0,7644000000.0,0.933,10.613,-480000000.0,1413000000.0,1413000000.0,10019000000.0,589000000.0,1.534,3.357,3987000000.0,535000000.0,3452000000.0,3987000000.0,0.0,383000000.0,0.0,0.003,0.08,1061000000.0,1444000000.0,0.118,1444000000.0,1061000000.0,849000000.0,2.1,2.0,2.1,2991000000.0,3079000000.0,2991000000.0,9632632869.0,9.0,6.671,447000000.0,1.586,1.0,2218000000.0,0.181,1649000000.0,212000000.0,10446000000.0,11261750000.0,2712000000.0,1990000000.0,0.0,1990000000.0,10042000000.0,3512000000.0,6530000000.0,6797632869.0,528000000.0,-11000000.0,-253000000.0,-511000000.0,-17000000.0,-781000000.0,378000000.0,848000000.0,927000000.0,4000000.0,589000000.0,589000000.0,589000000.0,-8000000.0,0.0,0.048,1165000000.0,1053000000.0,1021000000.0,0.038,2.273,11.541,11.486,2149000000.0,0.0,24.12,0.555,0.555,829000000.0,3824000000.0,12237000000.0,12237000000.0,0.0,0.045,0.191,0.094,0.087,0.0,1165000000.0,1.0,281825575.0,281825575.0,,43.42,11384000000.0,0.0,260000000.0,0.0,40.394,1877000000.0
9,TXT,MRY,2011-12-31,2011-12-31,2011-12-31,2021-07-29,-1625000000.0,13615000000.0,14698500000.0,5263000000.0,8352000000.0,0.767,9.868,-423000000.0,885000000.0,885000000.0,9308000000.0,242000000.0,1.796,3.96,4433000000.0,146000000.0,4287000000.0,4433000000.0,0.0,403000000.0,0.0,0.004,0.08,583000000.0,986000000.0,0.087,986000000.0,583000000.0,337000000.0,0.87,0.79,0.87,2745000000.0,3070750000.0,2745000000.0,9034326671.0,15.0,9.163,640000000.0,2.301,1.0,1967000000.0,0.174,1635000000.0,246000000.0,12597000000.0,14162250000.0,2402000000.0,2739000000.0,0.0,2739000000.0,10870000000.0,2931000000.0,7939000000.0,5143326671.0,-46000000.0,-14000000.0,3000000.0,-1879000000.0,-22000000.0,-1951000000.0,843000000.0,1225000000.0,1063000000.0,-1000000.0,242000000.0,242000000.0,242000000.0,0.0,0.0,0.021,1384000000.0,583000000.0,1326000000.0,0.092,1.874,21.253,21.253,1996000000.0,0.0,18.49,0.456,0.456,856000000.0,3257000000.0,11275000000.0,11275000000.0,0.0,0.016,0.079,0.041,0.052,0.0,1195000000.0,1.0,278168019.0,278168019.0,,40.533,11980000000.0,0.0,95000000.0,0.0,43.067,2332000000.0
10,TXT,MRY,2010-12-31,2011-01-01,2011-01-01,2021-07-29,-1316000000.0,15282000000.0,16632000000.0,5047000000.0,10235000000.0,0.633,10.811,-270000000.0,931000000.0,931000000.0,8605000000.0,86000000.0,1.9,4.142,5962000000.0,19000000.0,5943000000.0,5962000000.0,0.0,393000000.0,0.0,0.003,0.08,350000000.0,743000000.0,0.071,743000000.0,350000000.0,80000000.0,0.31,0.28,0.31,2972000000.0,2928250000.0,2972000000.0,11876649049.0,34.0,15.985,714000000.0,2.597,1.0,1920000000.0,0.182,1632000000.0,270000000.0,16024000000.0,18175750000.0,2277000000.0,4284000000.0,0.0,4284000000.0,12310000000.0,2657000000.0,9653000000.0,6498649049.0,-961000000.0,-57000000.0,0.0,-3477000000.0,-22000000.0,-3493000000.0,1549000000.0,1713000000.0,984000000.0,-1000000.0,86000000.0,86000000.0,86000000.0,6000000.0,0.0,0.008,1564000000.0,356000000.0,948000000.0,0.258,2.187,75.566,76.258,1932000000.0,0.0,23.64,0.617,0.617,892000000.0,3037000000.0,10525000000.0,10525000000.0,0.0,0.005,0.029,0.019,0.033,0.0,1231000000.0,1.0,274900552.0,274900552.0,,38.287,13650000000.0,0.0,-6000000.0,0.0,49.654,2390000000.0
11,TXT,MRY,2009-12-31,2010-01-02,2010-01-02,2021-07-29,-1321000000.0,18940000000.0,19814500000.0,5900000000.0,13040000000.0,0.53,10.424,-238000000.0,1892000000.0,1892000000.0,8468000000.0,-31000000.0,2.152,5.702,9251000000.0,134000000.0,9117000000.0,9251000000.0,0.0,409000000.0,0.0,0.004,0.08,202000000.0,611000000.0,0.058,611000000.0,202000000.0,-107000000.0,-0.12,-0.12,-0.12,2826000000.0,2794000000.0,2826000000.0,12949716074.0,64.0,21.194,777000000.0,2.866,1.0,2032000000.0,0.194,1622000000.0,309000000.0,21935000000.0,23229000000.0,2273000000.0,6684000000.0,0.0,6684000000.0,16114000000.0,2742000000.0,13372000000.0,5099716074.0,1345000000.0,0.0,333000000.0,-1805000000.0,-21000000.0,-1633000000.0,1939000000.0,1600000000.0,1015000000.0,24000000.0,-31000000.0,-31000000.0,-31000000.0,-42000000.0,0.0,-0.003,1872000000.0,160000000.0,1007000000.0,-0.667,1.805,-164.507,-156.75,1968000000.0,0.0,18.81,0.486,0.486,894000000.0,2973000000.0,10500000000.0,10500000000.0,0.0,-0.002,-0.011,0.009,0.019,0.0,1338000000.0,1.0,271117282.0,271117282.0,,38.729,17318000000.0,0.0,-76000000.0,0.0,63.876,3158000000.0
12,TXT,MRY,2008-12-31,2009-01-03,2009-01-03,2021-07-29,-1422000000.0,20031000000.0,20544750000.0,5436000000.0,14595000000.0,0.682,9.813,-545000000.0,547000000.0,547000000.0,10583000000.0,486000000.0,1.137,7.466,9957000000.0,876000000.0,9081000000.0,9957000000.0,0.0,400000000.0,0.0,0.06,0.92,1239000000.0,1639000000.0,0.117,1639000000.0,1239000000.0,791000000.0,1.97,1.94,1.97,2366000000.0,3321750000.0,2366000000.0,13282655003.0,11.0,8.104,205000000.0,0.85,1.0,3427000000.0,0.245,1698000000.0,448000000.0,22962000000.0,23402750000.0,3093000000.0,8382000000.0,0.0,8382000000.0,17665000000.0,4781000000.0,12884000000.0,3705655003.0,16000000.0,-109000000.0,-483000000.0,-21000000.0,-284000000.0,-790000000.0,63000000.0,188000000.0,750000000.0,-7000000.0,486000000.0,486000000.0,486000000.0,-162000000.0,0.0,0.035,2350000000.0,1077000000.0,1101000000.0,0.467,1.566,7.625,7.802,2088000000.0,0.0,15.37,0.265,0.265,894000000.0,3025000000.0,14010000000.0,14010000000.0,0.0,0.024,0.146,0.053,0.088,0.0,1590000000.0,1.0,241096617.0,241096617.0,,58.109,18333000000.0,0.0,305000000.0,337000000.0,76.04,655000000.0
13,TXT,MRY,2007-12-31,2007-12-29,2007-12-29,2021-07-29,-400000000.0,19991000000.0,18563000000.0,5169000000.0,14822000000.0,0.668,14.07,-379000000.0,531000000.0,531000000.0,9099000000.0,917000000.0,1.209,4.7,9457000000.0,355000000.0,9102000000.0,9457000000.0,0.0,322000000.0,0.0,0.012,0.848,1792000000.0,2114000000.0,0.171,2114000000.0,1792000000.0,1285000000.0,3.67,3.6,3.67,3507000000.0,3065750000.0,3507000000.0,25453283066.0,14.0,12.04,670000000.0,2.688,1.0,3296000000.0,0.266,2085000000.0,507000000.0,22555000000.0,21665750000.0,2593000000.0,8514000000.0,0.0,8514000000.0,16484000000.0,4277000000.0,12207000000.0,17851283066.0,-249000000.0,-1106000000.0,-201000000.0,420000000.0,-154000000.0,87000000.0,-1406000000.0,12000000.0,1049000000.0,21000000.0,917000000.0,917000000.0,917000000.0,-51000000.0,0.0,0.074,1578000000.0,1718000000.0,840000000.0,0.231,5.09,19.467,19.515,1918000000.0,0.0,71.62,1.44,1.44,958000000.0,2766000000.0,12395000000.0,12395000000.0,0.0,0.049,0.299,0.083,0.145,0.0,1545000000.0,1.0,249249973.0,249249973.0,,49.729,17906000000.0,0.0,368000000.0,472000000.0,71.84,892000000.0
14,TXT,MRY,2006-12-31,2006-12-30,2006-12-30,2021-07-29,-644000000.0,17550000000.0,17348000000.0,4287000000.0,13263000000.0,0.633,10.558,-412000000.0,780000000.0,780000000.0,8145000000.0,601000000.0,1.432,5.625,8662000000.0,80000000.0,8582000000.0,8662000000.0,0.0,279000000.0,0.0,0.017,0.775,1303000000.0,1582000000.0,0.144,1582000000.0,1303000000.0,865000000.0,2.35,2.31,2.35,2649000000.0,3009750000.0,2649000000.0,19352971367.0,15.0,12.233,557000000.0,2.22,1.0,2828000000.0,0.258,1426000000.0,438000000.0,21012000000.0,20639750000.0,2069000000.0,8217000000.0,0.0,8217000000.0,14901000000.0,2994000000.0,11907000000.0,11762971367.0,-16000000.0,-494000000.0,-588000000.0,1201000000.0,-244000000.0,401000000.0,-1409000000.0,-1198000000.0,969000000.0,23000000.0,601000000.0,601000000.0,601000000.0,92000000.0,0.0,0.055,1433000000.0,1395000000.0,814000000.0,0.33,4.441,19.572,19.951,1773000000.0,0.0,46.885,1.072,1.072,964000000.0,6211000000.0,10973000000.0,10973000000.0,0.0,0.035,0.2,0.063,0.119,30000000.0,1407000000.0,1.0,250889866.0,250889866.0,,43.736,16124000000.0,0.0,264000000.0,497000000.0,64.267,1293000000.0
15,TXT,MRY,2005-12-31,2005-12-31,2005-12-31,2021-07-29,-78000000.0,16499000000.0,16101500000.0,4975000000.0,11524000000.0,0.624,12.374,-359000000.0,796000000.0,796000000.0,7464000000.0,203000000.0,1.581,4.036,7354000000.0,275000000.0,7079000000.0,7354000000.0,0.0,303000000.0,0.0,0.018,0.7,716000000.0,1019000000.0,0.101,1019000000.0,716000000.0,426000000.0,0.76,0.74,0.76,3276000000.0,3451500000.0,3276000000.0,16465978624.0,23.0,16.159,677000000.0,2.557,1.0,2579000000.0,0.257,1148000000.0,290000000.0,18762000000.0,18243500000.0,1712000000.0,6667000000.0,0.0,6667000000.0,13223000000.0,3147000000.0,10076000000.0,10189978624.0,99000000.0,-29000000.0,-491000000.0,950000000.0,-189000000.0,283000000.0,-1195000000.0,-897000000.0,1036000000.0,-25000000.0,203000000.0,203000000.0,203000000.0,313000000.0,0.0,0.02,1550000000.0,1029000000.0,677000000.0,0.921,3.11,50.197,50.645,1574000000.0,0.0,38.49,1.015,1.015,891000000.0,5808000000.0,10043000000.0,10043000000.0,0.0,0.013,0.059,0.039,0.071,28000000.0,1403000000.0,1.0,264743534.0,264743534.0,,37.935,15351000000.0,0.0,223000000.0,461000000.0,57.984,1828000000.0
16,TXT,MRY,2004-12-31,2005-01-01,2005-01-01,2021-07-29,-97000000.0,15875000000.0,15481000000.0,5097000000.0,10778000000.0,0.537,13.278,-234000000.0,697000000.0,697000000.0,6206000000.0,365000000.0,1.618,3.347,6553000000.0,420000000.0,6133000000.0,6553000000.0,0.0,280000000.0,0.0,0.018,0.662,776000000.0,1056000000.0,0.127,1056000000.0,776000000.0,530000000.0,1.33,1.305,1.33,3652000000.0,3708000000.0,3652000000.0,15724028250.0,20.0,14.89,716000000.0,2.603,1.0,2112000000.0,0.254,1204000000.0,246000000.0,17377000000.0,16671750000.0,1536000000.0,5738000000.0,0.0,5738000000.0,12223000000.0,3150000000.0,9073000000.0,10149028250.0,-111000000.0,-2000000.0,-228000000.0,87000000.0,-135000000.0,-276000000.0,-818000000.0,-661000000.0,950000000.0,33000000.0,365000000.0,365000000.0,365000000.0,10000000.0,0.0,0.044,1326000000.0,786000000.0,508000000.0,0.498,2.779,27.806,27.744,1513000000.0,0.0,36.9,1.22,1.22,843000000.0,5792000000.0,8318000000.0,8318000000.0,0.0,0.024,0.098,0.047,0.093,8000000.0,1209000000.0,1.0,275041416.0,275041416.0,,30.243,14671000000.0,0.0,165000000.0,453000000.0,53.341,1947000000.0
17,TXT,MRY,2003-12-31,2004-01-03,2004-01-03,2021-07-29,-64000000.0,15171000000.0,15731500000.0,3705000000.0,11466000000.0,0.512,13.564,-245000000.0,838000000.0,838000000.0,6106000000.0,259000000.0,1.585,3.111,6434000000.0,316000000.0,6118000000.0,6434000000.0,0.0,279000000.0,0.0,0.023,0.65,643000000.0,922000000.0,0.114,922000000.0,643000000.0,368000000.0,0.955,0.945,0.955,3690000000.0,3546500000.0,3690000000.0,14463831274.0,22.0,15.687,730000000.0,2.683,1.0,1949000000.0,0.242,1628000000.0,275000000.0,16802000000.0,18136250000.0,1503000000.0,5016000000.0,0.0,5016000000.0,11481000000.0,2337000000.0,9144000000.0,7778831274.0,536000000.0,14000000.0,3000000.0,-508000000.0,-222000000.0,-834000000.0,363000000.0,45000000.0,975000000.0,32000000.0,259000000.0,259000000.0,259000000.0,43000000.0,0.0,0.032,1250000000.0,699000000.0,689000000.0,0.681,2.108,30.034,29.942,1901000000.0,0.0,28.595,0.966,0.966,1124000000.0,5606000000.0,8055000000.0,8055000000.0,0.0,0.016,0.073,0.035,0.08,0.0,1107000000.0,1.0,272034666.0,272034666.0,,29.61,13543000000.0,0.0,109000000.0,390000000.0,49.784,1368000000.0
18,TXT,MRY,2002-12-31,2002-12-28,2002-12-28,2021-07-29,-225000000.0,15514000000.0,15833750000.0,3939000000.0,11575000000.0,0.649,12.388,-251000000.0,307000000.0,307000000.0,7893000000.0,-124000000.0,1.719,3.555,6575000000.0,25000000.0,6550000000.0,6575000000.0,0.0,356000000.0,0.0,0.031,0.65,351000000.0,707000000.0,0.069,707000000.0,351000000.0,52000000.0,-0.45,-0.44,-0.45,3406000000.0,3517250000.0,3406000000.0,12683735200.0,36.0,17.94,425000000.0,1.546,1.0,2378000000.0,0.232,1569000000.0,299000000.0,17921000000.0,18040750000.0,1566000000.0,5389000000.0,0.0,5389000000.0,12108000000.0,2292000000.0,9816000000.0,5795735200.0,42000000.0,27000000.0,-224000000.0,442000000.0,-182000000.0,36000000.0,-734000000.0,-544000000.0,676000000.0,17000000.0,-124000000.0,-124000000.0,-124000000.0,10000000.0,0.0,-0.012,1503000000.0,875000000.0,857000000.0,-1.444,1.702,-46.74,-46.844,1955000000.0,0.0,21.08,0.564,0.564,1159000000.0,5526000000.0,10271000000.0,10271000000.0,0.0,-0.008,-0.035,0.019,0.034,0.0,1286000000.0,1.0,274940000.0,274940000.0,,37.357,13945000000.0,193000000.0,176000000.0,398000000.0,50.72,1647000000.0
19,TXT,MRY,2001-12-31,2001-12-29,2001-12-29,2021-07-29,-223000000.0,16052000000.0,16852750000.0,4017000000.0,12035000000.0,0.711,13.925,-445000000.0,260000000.0,260000000.0,9440000000.0,166000000.0,1.306,2.95,6122000000.0,673000000.0,5449000000.0,6122000000.0,0.0,496000000.0,0.0,0.023,0.488,875000000.0,1371000000.0,0.114,1371000000.0,875000000.0,450000000.0,0.585,0.58,0.585,3934000000.0,3938750000.0,3934000000.0,13404127200.0,15.0,9.777,544000000.0,1.926,1.0,2536000000.0,0.212,2169000000.0,425000000.0,16670000000.0,17828250000.0,1727000000.0,5492000000.0,0.0,5492000000.0,11605000000.0,3075000000.0,8530000000.0,5989127200.0,-29000000.0,99000000.0,-20000000.0,-488000000.0,-184000000.0,-692000000.0,-320000000.0,151000000.0,989000000.0,5000000.0,166000000.0,166000000.0,166000000.0,308000000.0,0.0,0.014,1327000000.0,1209000000.0,994000000.0,0.834,1.522,36.079,36.239,2044000000.0,0.0,21.2,0.5,0.5,2169000000.0,5829000000.0,11976000000.0,11976000000.0,0.0,0.01,0.042,0.049,0.073,0.0,1457000000.0,1.0,282506000.0,282506000.0,,42.392,13883000000.0,0.0,284000000.0,357000000.0,49.142,942000000.0
20,TXT,MRY,2000-12-31,2000-12-30,2000-12-30,2021-07-29,-172000000.0,16370000000.0,16869000000.0,3914000000.0,12456000000.0,0.776,14.039,-471000000.0,289000000.0,289000000.0,10028000000.0,218000000.0,1.2,2.97,6751000000.0,615000000.0,6136000000.0,6751000000.0,0.0,494000000.0,0.0,0.028,0.65,1012000000.0,1506000000.0,0.115,1506000000.0,1012000000.0,526000000.0,0.755,0.745,0.755,3994000000.0,4221750000.0,3994000000.0,13422485500.0,13.0,8.913,552000000.0,1.94,1.0,3062000000.0,0.234,2340000000.0,486000000.0,17229000000.0,17611000000.0,1871000000.0,5473000000.0,0.0,5473000000.0,11864000000.0,3263000000.0,8601000000.0,6614485500.0,80000000.0,-94000000.0,-339000000.0,507000000.0,-189000000.0,-21000000.0,-922000000.0,-377000000.0,1023000000.0,0.0,218000000.0,218000000.0,218000000.0,0.0,0.0,0.017,1965000000.0,1097000000.0,1200000000.0,0.861,1.656,30.342,30.795,2568000000.0,0.0,23.25,0.505,0.505,1318000000.0,5848000000.0,13090000000.0,13090000000.0,0.0,0.013,0.052,0.057,0.077,0.0,1445000000.0,1.0,284494000.0,284494000.0,,46.012,14030000000.0,0.0,308000000.0,392000000.0,49.316,651000000.0
21,TXT,MRY,1999-12-31,2000-01-01,2000-01-01,2021-07-29,-98000000.0,16393000000.0,14821750000.0,3735000000.0,12658000000.0,0.8,14.713,-532000000.0,209000000.0,209000000.0,9242000000.0,2226000000.0,1.147,2.628,6318000000.0,688000000.0,5630000000.0,6318000000.0,0.0,440000000.0,0.0,0.017,0.65,2840000000.0,3280000000.0,0.277,3280000000.0,2840000000.0,2607000000.0,7.4,7.24,7.4,4377000000.0,4385750000.0,4377000000.0,15888947290.0,6.0,4.844,584000000.0,1.963,1.0,2612000000.0,0.22,2807000000.0,233000000.0,16439000000.0,13607500000.0,1859000000.0,5465000000.0,0.0,5465000000.0,11504000000.0,3256000000.0,8248000000.0,11406947290.0,156000000.0,1376000000.0,-701000000.0,-110000000.0,-192000000.0,-1003000000.0,43000000.0,-830000000.0,1116000000.0,0.0,2226000000.0,2226000000.0,2226000000.0,-1646000000.0,0.0,0.188,1349000000.0,1263000000.0,1262000000.0,0.088,2.606,5.124,5.182,2484000000.0,0.0,38.345,0.962,0.962,1363000000.0,5817000000.0,11854000000.0,11854000000.0,0.0,0.15,0.508,0.209,0.24,0.0,1318000000.0,1.0,297482000.0,297482000.0,,39.848,13586000000.0,0.0,381000000.0,394000000.0,45.67,479000000.0
22,TXT,MRY,1998-12-31,1999-01-02,1999-01-02,2021-07-29,-98000000.0,16393000000.0,17125500000.0,3735000000.0,12658000000.0,0.577,13.813,-475000000.0,209000000.0,209000000.0,7692000000.0,608000000.0,1.147,2.628,6318000000.0,688000000.0,5630000000.0,6318000000.0,0.0,709000000.0,0.0,0.015,0.57,1203000000.0,1912000000.0,0.194,1912000000.0,1203000000.0,902000000.0,1.885,1.84,1.885,4377000000.0,3622000000.0,4377000000.0,16380781720.0,14.0,8.567,486000000.0,1.534,1.0,2182000000.0,0.221,2807000000.0,301000000.0,16439000000.0,16746250000.0,1859000000.0,5465000000.0,0.0,5465000000.0,11504000000.0,3256000000.0,8248000000.0,12031781720.0,10000000.0,-839000000.0,-641000000.0,1475000000.0,-143000000.0,691000000.0,-1642000000.0,-350000000.0,961000000.0,0.0,608000000.0,608000000.0,608000000.0,0.0,0.0,0.062,1215000000.0,967000000.0,1214000000.0,0.302,2.749,19.789,20.143,2484000000.0,0.0,37.97,1.219,1.219,1363000000.0,5817000000.0,9874000000.0,9874000000.0,0.0,0.036,0.168,0.072,0.122,0.0,1108000000.0,1.0,316876000.0,316876000.0,,31.16,13586000000.0,0.0,294000000.0,394000000.0,42.875,479000000.0
23,TXT,MRY,1997-12-31,1998-01-03,1998-01-03,2021-07-29,-62000000.0,11330000000.0,14782500000.0,3698000000.0,7632000000.0,0.587,9.893,-374000000.0,43000000.0,43000000.0,6836000000.0,558000000.0,1.727,2.36,3586000000.0,476000000.0,3110000000.0,3586000000.0,0.0,609000000.0,0.0,0.016,0.5,961000000.0,1570000000.0,0.181,1570000000.0,961000000.0,808000000.0,1.69,1.645,1.69,3228000000.0,3205500000.0,3228000000.0,,,,369000000.0,1.131,1.0,1847000000.0,0.213,1567000000.0,153000000.0,11165000000.0,19045000000.0,1349000000.0,4206000000.0,1214000000.0,2992000000.0,7619000000.0,2141000000.0,5478000000.0,10217629931.0,12000000.0,185000000.0,-290000000.0,-734000000.0,-202000000.0,-943000000.0,212000000.0,353000000.0,743000000.0,0.0,558000000.0,558000000.0,558000000.0,0.0,0.0,0.064,929000000.0,918000000.0,812000000.0,0.296,3.165,18.311,18.53,1761000000.0,0.0,31.315,1.177,1.177,920000000.0,3362000000.0,8683000000.0,8683000000.0,0.0,0.038,0.174,0.05,0.111,0.0,906000000.0,1.0,326285484.0,326285484.0,,26.612,9763000000.0,0.0,250000000.0,319000000.0,29.922,1557000000.0
24,TXT,MRY,1996-12-31,1996-12-28,1996-12-28,2021-07-29,0.0,18235000000.0,,,,,,-312000000.0,47000000.0,47000000.0,5837000000.0,253000000.0,,4.577,10346000000.0,,,10346000000.0,0.0,267000000.0,0.0,0.019,0.44,611000000.0,878000000.0,0.117,878000000.0,611000000.0,464000000.0,0.755,0.735,0.755,3183000000.0,,3183000000.0,,,,344000000.0,,1.0,1669000000.0,0.222,1609000000.0,147000000.0,26925000000.0,,1192000000.0,1590000000.0,,,14569000000.0,,,,-28000000.0,-36000000.0,-258000000.0,244000000.0,-148000000.0,-162000000.0,-522000000.0,-198000000.0,656000000.0,0.0,253000000.0,253000000.0,253000000.0,245000000.0,0.0,0.034,834000000.0,835000000.0,850000000.0,0.583,,,30.921,1539000000.0,0.0,23.345,,,10738000000.0,2969000000.0,7506000000.0,7506000000.0,0.0,,,,0.081,0.0,808000000.0,1.0,,,,,16626000000.0,0.0,211000000.0,0.0,,
25,TXT,MRY,1995-12-31,1996-01-03,1996-01-03,2021-07-29,,,,,,,,-279000000.0,,,5294000000.0,479000000.0,,,,,,,,342000000.0,,0.022,0.39,1544000000.0,1886000000.0,0.223,1886000000.0,1544000000.0,753000000.0,1.41,1.385,1.41,,,,,,,629000000.0,,1.0,3159000000.0,0.374,,791000000.0,,,,,,,,,,,35000000.0,-252000000.0,-80000000.0,384000000.0,-133000000.0,171000000.0,-1044000000.0,-543000000.0,908000000.0,0.0,479000000.0,479000000.0,479000000.0,0.0,0.0,0.057,1678000000.0,1481000000.0,,0.277,,,12.656,,0.0,17.845,,,,,8453000000.0,8453000000.0,0.0,,,,0.183,0.0,1274000000.0,1.0,,,,,,,274000000.0,,,
0,TXT,MRQ,2021-06-30,2021-07-03,2021-07-03,2021-07-29,-1676000000.0,15379000000.0,,7355000000.0,8024000000.0,,27.03,-75000000.0,2188000000.0,2188000000.0,2660000000.0,183000000.0,2.446,1.521,3833000000.0,7000000.0,3826000000.0,3833000000.0,0.0,98000000.0,0.0,0.001,0.02,253000000.0,351000000.0,0.11,351000000.0,253000000.0,217000000.0,0.81,0.8,0.81,6101000000.0,,6101000000.0,17597940730.0,20.0,13.684,516000000.0,2.286,1.0,531000000.0,0.166,2155000000.0,36000000.0,11862000000.0,,3664000000.0,652000000.0,0.0,652000000.0,9278000000.0,3007000000.0,6271000000.0,15582940730.0,110000000.0,-1000000.0,-196000000.0,-266000000.0,-4000000.0,-415000000.0,-70000000.0,6000000.0,591000000.0,4000000.0,183000000.0,183000000.0,183000000.0,1000000.0,0.0,0.057,279000000.0,252000000.0,965000000.0,0.025,2.554,22.103,22.343,2488000000.0,0.0,69.04,1.249,1.249,822000000.0,6318000000.0,3191000000.0,3191000000.0,0.0,,,,,0.0,314000000.0,1.0,225708875.0,225708875.0,,14.138,13224000000.0,0.0,34000000.0,0.0,58.589,4348000000.0
1,TXT,MRQ,2021-03-31,2021-04-03,2021-04-03,2021-07-29,-1723000000.0,15414000000.0,,7384000000.0,8030000000.0,,26.498,-53000000.0,2078000000.0,2078000000.0,2400000000.0,171000000.0,2.364,1.571,4093000000.0,257000000.0,3836000000.0,4093000000.0,0.0,90000000.0,0.0,0.001,0.02,230000000.0,320000000.0,0.111,320000000.0,230000000.0,190000000.0,0.75,0.75,0.75,5996000000.0,,5996000000.0,15020004351.0,26.0,15.695,128000000.0,0.566,1.0,479000000.0,0.166,2152000000.0,40000000.0,12154000000.0,,3705000000.0,672000000.0,0.0,672000000.0,9418000000.0,3123000000.0,6295000000.0,12905004351.0,-176000000.0,39000000.0,-91000000.0,-287000000.0,-5000000.0,-359000000.0,5000000.0,13000000.0,181000000.0,-3000000.0,171000000.0,171000000.0,171000000.0,0.0,0.0,0.059,264000000.0,215000000.0,1033000000.0,0.027,2.152,30.012,30.335,2478000000.0,0.0,57.03,1.098,1.098,883000000.0,6139000000.0,2879000000.0,2879000000.0,0.0,,,,,0.0,298000000.0,1.0,226284488.0,226284488.0,,12.723,13262000000.0,0.0,19000000.0,0.0,58.608,4261000000.0
2,TXT,MRQ,2020-12-31,2021-01-02,2021-01-02,2021-07-29,-1739000000.0,15443000000.0,,7396000000.0,8047000000.0,,25.538,-166000000.0,2254000000.0,2254000000.0,3124000000.0,236000000.0,2.262,1.642,4369000000.0,509000000.0,3860000000.0,4369000000.0,0.0,107000000.0,0.0,0.002,0.02,256000000.0,363000000.0,0.099,363000000.0,256000000.0,215000000.0,1.03,1.03,1.03,5845000000.0,,5845000000.0,13115525415.0,29.0,15.726,447000000.0,1.953,1.0,543000000.0,0.148,2157000000.0,41000000.0,12131000000.0,,3513000000.0,744000000.0,0.0,744000000.0,9598000000.0,3270000000.0,6328000000.0,11061525415.0,-372000000.0,-4000000.0,-107000000.0,-713000000.0,-4000000.0,-843000000.0,-161000000.0,0.0,613000000.0,19000000.0,236000000.0,236000000.0,236000000.0,0.0,0.0,0.064,287000000.0,256000000.0,776000000.0,0.019,1.892,35.798,35.8,2516000000.0,0.0,48.33,0.949,0.949,787000000.0,5973000000.0,3667000000.0,3667000000.0,0.0,,,,,0.0,285000000.0,1.0,228874931.0,228874931.0,,16.022,13286000000.0,0.0,-21000000.0,0.0,58.049,4126000000.0
3,TXT,MRQ,2020-09-30,2020-10-03,2020-10-03,2021-07-29,-1717000000.0,15861000000.0,,8467000000.0,7394000000.0,,25.176,-55000000.0,2670000000.0,2670000000.0,2332000000.0,115000000.0,2.122,1.763,4724000000.0,859000000.0,3865000000.0,4724000000.0,0.0,93000000.0,0.0,0.002,0.02,159000000.0,252000000.0,0.092,252000000.0,159000000.0,116000000.0,0.5,0.5,0.5,5741000000.0,,5741000000.0,10531426631.0,24.0,12.567,312000000.0,1.368,1.0,403000000.0,0.147,2159000000.0,43000000.0,11765000000.0,,4252000000.0,693000000.0,0.0,693000000.0,10120000000.0,3991000000.0,6129000000.0,8145426631.0,342000000.0,0.0,0.0,-7000000.0,-5000000.0,-2000000.0,-31000000.0,0.0,367000000.0,8000000.0,115000000.0,115000000.0,115000000.0,0.0,0.0,0.042,244000000.0,159000000.0,1121000000.0,0.04,1.419,29.946,30.017,2438000000.0,0.0,35.72,0.678,0.678,872000000.0,5741000000.0,2735000000.0,2735000000.0,0.0,,,,,0.0,258000000.0,1.0,228035460.0,228035460.0,,11.994,13702000000.0,0.0,1000000.0,0.0,60.087,4476000000.0
4,TXT,MRQ,2020-06-30,2020-07-04,2020-07-04,2021-07-29,-1791000000.0,15471000000.0,,8065000000.0,7406000000.0,,24.297,-41000000.0,2346000000.0,2346000000.0,2251000000.0,-92000000.0,1.981,1.799,4732000000.0,1107000000.0,3625000000.0,4732000000.0,0.0,98000000.0,0.0,0.002,0.02,-76000000.0,22000000.0,0.009,22000000.0,-76000000.0,-118000000.0,-0.4,-0.4,-0.4,5527000000.0,,5527000000.0,9969482203.0,17.0,10.288,202000000.0,0.888,1.0,221000000.0,0.089,2153000000.0,42000000.0,11632000000.0,,4262000000.0,691000000.0,0.0,691000000.0,9944000000.0,4072000000.0,5872000000.0,7381482203.0,-100000000.0,-11000000.0,0.0,-325000000.0,-4000000.0,-328000000.0,-21000000.0,7000000.0,243000000.0,6000000.0,-92000000.0,-92000000.0,-92000000.0,0.0,0.0,-0.037,297000000.0,-76000000.0,982000000.0,-0.05,1.336,19.58,19.667,2446000000.0,0.0,32.45,0.588,0.588,764000000.0,5631000000.0,2472000000.0,2472000000.0,0.0,,,,,0.0,239000000.0,1.0,227472487.0,227472487.0,,10.867,13318000000.0,0.0,-26000000.0,0.0,58.548,3993000000.0
5,TXT,MRQ,2020-03-31,2020-04-04,2020-04-04,2021-07-29,-1859000000.0,15946000000.0,,8502000000.0,7444000000.0,,24.267,-50000000.0,2446000000.0,2446000000.0,2387000000.0,50000000.0,1.883,1.881,5034000000.0,1396000000.0,3638000000.0,5034000000.0,0.0,90000000.0,0.0,0.003,0.02,109000000.0,199000000.0,0.072,199000000.0,109000000.0,69000000.0,0.22,0.22,0.22,5534000000.0,,5534000000.0,8120030522.0,8.0,5.936,-445000000.0,-1.951,1.0,390000000.0,0.14,2150000000.0,40000000.0,11869000000.0,,4385000000.0,681000000.0,0.0,681000000.0,10412000000.0,4515000000.0,5897000000.0,5667030522.0,1089000000.0,0.0,-54000000.0,1599000000.0,-5000000.0,1543000000.0,-43000000.0,13000000.0,-395000000.0,-16000000.0,50000000.0,50000000.0,50000000.0,0.0,0.0,0.018,281000000.0,109000000.0,1322000000.0,0.091,1.024,8.261,8.311,2483000000.0,0.0,24.85,0.426,0.426,870000000.0,5727000000.0,2777000000.0,2777000000.0,0.0,,,,,0.0,263000000.0,1.0,228049518.0,228049518.0,,12.177,13796000000.0,0.0,19000000.0,0.0,60.496,3987000000.0
6,TXT,MRQ,2019-12-31,2020-01-04,2020-01-04,2021-07-29,-1847000000.0,15018000000.0,,7065000000.0,7953000000.0,,24.174,-123000000.0,1357000000.0,1357000000.0,3441000000.0,199000000.0,1.837,1.722,3810000000.0,561000000.0,3249000000.0,3810000000.0,0.0,113000000.0,0.0,0.002,0.02,252000000.0,365000000.0,0.09,365000000.0,252000000.0,210000000.0,0.87,0.86,0.87,5518000000.0,,5518000000.0,13331475480.0,12.0,8.753,632000000.0,2.769,1.0,594000000.0,0.147,2150000000.0,42000000.0,11475000000.0,,4069000000.0,682000000.0,0.0,682000000.0,9500000000.0,3846000000.0,5654000000.0,10212475480.0,250000000.0,-2000000.0,-9000000.0,-365000000.0,-9000000.0,-392000000.0,-123000000.0,0.0,755000000.0,10000000.0,199000000.0,199000000.0,199000000.0,0.0,0.0,0.049,342000000.0,252000000.0,1378000000.0,0.023,1.851,12.531,12.71,2527000000.0,0.0,44.74,0.749,0.749,921000000.0,5682000000.0,4035000000.0,4035000000.0,0.0,,,,,0.0,298000000.0,1.0,228262751.0,228262751.0,,17.677,12868000000.0,0.0,11000000.0,0.0,56.374,3219000000.0
7,TXT,MRQ,2019-09-30,2019-09-28,2019-09-28,2021-07-29,-1729000000.0,15062000000.0,,7241000000.0,7821000000.0,,23.692,-81000000.0,1053000000.0,1053000000.0,2747000000.0,220000000.0,1.923,1.763,4172000000.0,568000000.0,3604000000.0,4172000000.0,0.0,98000000.0,0.0,0.002,0.02,285000000.0,383000000.0,0.118,383000000.0,285000000.0,241000000.0,0.96,0.95,0.96,5452000000.0,,5452000000.0,14535080136.0,12.0,9.17,156000000.0,0.678,1.0,512000000.0,0.157,2142000000.0,44000000.0,12273000000.0,,4436000000.0,730000000.0,0.0,730000000.0,9610000000.0,3766000000.0,5844000000.0,11322080136.0,156000000.0,0.0,-109000000.0,118000000.0,0.0,8000000.0,-79000000.0,0.0,237000000.0,-10000000.0,220000000.0,220000000.0,220000000.0,0.0,0.0,0.068,227000000.0,285000000.0,1226000000.0,0.021,2.077,13.135,13.333,2497000000.0,0.0,49.2,0.848,0.848,1018000000.0,6009000000.0,3259000000.0,3259000000.0,0.0,,,,,0.0,255000000.0,1.0,230123580.0,230123580.0,,14.162,12920000000.0,0.0,21000000.0,0.0,56.144,3475000000.0
8,TXT,MRQ,2019-06-30,2019-06-29,2019-06-29,2021-07-29,-1715000000.0,14796000000.0,,6914000000.0,7882000000.0,,22.925,-76000000.0,857000000.0,857000000.0,2641000000.0,217000000.0,1.932,1.773,4070000000.0,457000000.0,3613000000.0,4070000000.0,0.0,99000000.0,0.0,0.002,0.02,322000000.0,421000000.0,0.13,421000000.0,322000000.0,279000000.0,0.94,0.93,0.94,5336000000.0,,5336000000.0,15489710323.0,10.0,7.835,86000000.0,0.369,1.0,586000000.0,0.182,2147000000.0,43000000.0,12283000000.0,,4311000000.0,776000000.0,0.0,776000000.0,9460000000.0,3579000000.0,5881000000.0,12345710323.0,129000000.0,0.0,-159000000.0,196000000.0,-4000000.0,43000000.0,-71000000.0,0.0,162000000.0,-5000000.0,217000000.0,217000000.0,217000000.0,0.0,0.0,0.067,264000000.0,322000000.0,1231000000.0,0.021,2.314,10.245,10.566,2517000000.0,0.0,53.04,0.929,0.929,989000000.0,5794000000.0,3227000000.0,3227000000.0,0.0,,,,,0.0,292000000.0,1.0,232762261.0,232762261.0,,13.864,12649000000.0,0.0,62000000.0,0.0,54.343,3335000000.0
9,TXT,MRQ,2019-03-31,2019-03-30,2019-03-30,2021-07-29,-1736000000.0,14480000000.0,,6587000000.0,7893000000.0,,22.299,-59000000.0,742000000.0,742000000.0,2577000000.0,179000000.0,1.919,1.767,3886000000.0,363000000.0,3523000000.0,3886000000.0,0.0,100000000.0,0.0,0.002,0.02,254000000.0,354000000.0,0.114,354000000.0,254000000.0,212000000.0,0.76,0.76,0.76,5233000000.0,,5233000000.0,14565840724.0,9.0,7.39,-255000000.0,-1.087,1.0,532000000.0,0.171,2141000000.0,42000000.0,12051000000.0,,4047000000.0,756000000.0,0.0,756000000.0,9247000000.0,3432000000.0,5815000000.0,11888840724.0,-341000000.0,0.0,-202000000.0,100000000.0,-5000000.0,-98000000.0,-56000000.0,0.0,-196000000.0,9000000.0,179000000.0,179000000.0,179000000.0,0.0,0.0,0.058,278000000.0,254000000.0,1147000000.0,0.026,2.272,9.809,10.214,2523000000.0,0.0,50.66,0.862,0.862,1059000000.0,5581000000.0,3109000000.0,3109000000.0,0.0,,,,,0.0,307000000.0,1.0,234679051.0,234679051.0,,13.248,12339000000.0,0.0,33000000.0,0.0,52.578,3155000000.0
10,TXT,MRQ,2018-12-31,2018-12-29,2018-12-29,2021-07-29,-1762000000.0,14264000000.0,,6614000000.0,7650000000.0,,21.37,-136000000.0,1107000000.0,1107000000.0,3105000000.0,246000000.0,1.886,1.747,3784000000.0,258000000.0,3526000000.0,3784000000.0,0.0,107000000.0,0.0,0.002,0.02,320000000.0,427000000.0,0.114,427000000.0,320000000.0,278000000.0,1.03,1.03,1.03,5192000000.0,,5192000000.0,13664192110.0,9.0,6.905,293000000.0,1.206,1.0,645000000.0,0.172,2218000000.0,42000000.0,11217000000.0,,3818000000.0,760000000.0,0.0,760000000.0,9072000000.0,3506000000.0,5566000000.0,11091192110.0,-123000000.0,-23000000.0,-326000000.0,55000000.0,-5000000.0,-348000000.0,-195000000.0,-25000000.0,429000000.0,-9000000.0,246000000.0,246000000.0,246000000.0,0.0,0.0,0.066,325000000.0,320000000.0,1099000000.0,0.019,2.136,9.076,9.355,2615000000.0,0.0,45.65,0.794,0.794,1024000000.0,5407000000.0,3750000000.0,3750000000.0,0.0,,,,,0.0,271000000.0,1.0,242961492.0,242961492.0,,15.435,12046000000.0,0.0,32000000.0,0.0,49.58,3108000000.0
11,TXT,MRQ,2018-09-30,2018-09-29,2018-09-29,2021-07-29,-1297000000.0,14669000000.0,,6912000000.0,7757000000.0,,22.314,-74000000.0,1293000000.0,1293000000.0,2687000000.0,563000000.0,2.019,1.646,3866000000.0,9000000.0,3857000000.0,3866000000.0,0.0,106000000.0,0.0,0.001,0.02,669000000.0,775000000.0,0.242,775000000.0,669000000.0,628000000.0,2.29,2.26,2.29,5543000000.0,,5543000000.0,20910922092.0,14.0,10.818,225000000.0,0.906,1.0,513000000.0,0.16,2209000000.0,41000000.0,11610000000.0,,4030000000.0,786000000.0,0.0,786000000.0,9126000000.0,3423000000.0,5703000000.0,17753922092.0,562000000.0,807000000.0,-468000000.0,-26000000.0,-5000000.0,-474000000.0,740000000.0,0.0,299000000.0,-3000000.0,563000000.0,563000000.0,563000000.0,0.0,0.0,0.176,288000000.0,225000000.0,1104000000.0,0.009,3.203,20.407,20.362,2593000000.0,0.0,71.47,1.247,1.247,1026000000.0,6419000000.0,3200000000.0,3200000000.0,0.0,,,,,0.0,307000000.0,1.0,248410831.0,248410831.0,,12.882,12460000000.0,0.0,65000000.0,0.0,50.159,3489000000.0
12,TXT,MRQ,2018-06-30,2018-06-30,2018-06-30,2021-07-29,-1343000000.0,14558000000.0,,6770000000.0,7788000000.0,,20.942,-82000000.0,731000000.0,731000000.0,3073000000.0,224000000.0,1.993,1.715,3888000000.0,9000000.0,3879000000.0,3888000000.0,0.0,113000000.0,0.0,0.001,0.02,302000000.0,415000000.0,0.111,415000000.0,302000000.0,260000000.0,0.88,0.87,0.88,5362000000.0,,5362000000.0,19957486330.0,19.0,13.165,368000000.0,1.437,1.0,653000000.0,0.175,2207000000.0,42000000.0,12111000000.0,,3925000000.0,763000000.0,0.0,763000000.0,9196000000.0,3397000000.0,5799000000.0,16875486330.0,-140000000.0,0.0,-571000000.0,-36000000.0,-5000000.0,-577000000.0,4000000.0,25000000.0,450000000.0,-17000000.0,224000000.0,224000000.0,224000000.0,0.0,0.0,0.06,351000000.0,302000000.0,1147000000.0,0.023,3.147,36.213,36.214,2608000000.0,0.0,65.91,1.162,1.162,1121000000.0,5861000000.0,3726000000.0,3726000000.0,0.0,,,,,0.0,370000000.0,1.0,256038330.0,256038330.0,,14.553,12351000000.0,0.0,36000000.0,0.0,48.239,3373000000.0
13,TXT,MRQ,2018-03-31,2018-03-31,2018-03-31,2021-07-29,-1301000000.0,14968000000.0,,6821000000.0,8147000000.0,,21.744,-77000000.0,836000000.0,836000000.0,2729000000.0,189000000.0,2.037,1.63,3918000000.0,16000000.0,3902000000.0,3918000000.0,0.0,103000000.0,0.0,0.001,0.02,259000000.0,362000000.0,0.11,362000000.0,259000000.0,218000000.0,0.73,0.72,0.73,5692000000.0,,5692000000.0,18086693071.0,18.0,12.329,-130000000.0,-0.497,1.0,567000000.0,0.172,2368000000.0,41000000.0,12333000000.0,,4090000000.0,781000000.0,0.0,781000000.0,9276000000.0,3349000000.0,5927000000.0,15436693071.0,-391000000.0,0.0,-344000000.0,2000000.0,-5000000.0,-339000000.0,-10000000.0,0.0,-53000000.0,11000000.0,189000000.0,189000000.0,189000000.0,0.0,0.0,0.057,308000000.0,259000000.0,1229000000.0,0.027,2.712,39.08,39.053,2711000000.0,0.0,58.97,1.072,1.072,1110000000.0,5642000000.0,3296000000.0,3296000000.0,0.0,,,,,0.0,327000000.0,1.0,261771970.0,261771970.0,,12.591,12600000000.0,0.0,29000000.0,0.0,48.133,3472000000.0
14,TXT,MRQ,2017-12-31,2017-12-30,2017-12-30,2021-07-29,-1375000000.0,15340000000.0,,7027000000.0,8313000000.0,,21.437,-147000000.0,1262000000.0,1262000000.0,3355000000.0,-106000000.0,1.92,1.716,3912000000.0,14000000.0,3898000000.0,3912000000.0,0.0,113000000.0,0.0,0.001,0.02,268000000.0,381000000.0,0.095,381000000.0,268000000.0,223000000.0,-0.39,-0.39,-0.39,5647000000.0,,5647000000.0,17895957493.0,19.0,13.044,453000000.0,1.72,1.0,662000000.0,0.165,2364000000.0,45000000.0,11966000000.0,,4150000000.0,819000000.0,0.0,819000000.0,9693000000.0,3660000000.0,6033000000.0,14906957493.0,-25000000.0,-1000000.0,-79000000.0,-354000000.0,-5000000.0,-480000000.0,-149000000.0,0.0,600000000.0,4000000.0,-106000000.0,-106000000.0,-106000000.0,0.0,0.0,-0.026,394000000.0,268000000.0,1205000000.0,-0.051,2.64,48.557,49.209,2721000000.0,0.0,56.59,1.05,1.05,1363000000.0,5368000000.0,4017000000.0,4017000000.0,0.0,,,,,0.0,347000000.0,1.0,263420348.0,263420348.0,,15.249,12976000000.0,0.0,329000000.0,0.0,49.26,3367000000.0
15,TXT,MRQ,2017-09-30,2017-09-30,2017-09-30,2021-07-29,-1419000000.0,15875000000.0,,7374000000.0,8501000000.0,,21.978,-115000000.0,1294000000.0,1294000000.0,2884000000.0,159000000.0,1.825,1.729,4283000000.0,364000000.0,3919000000.0,4283000000.0,0.0,111000000.0,0.0,0.001,0.02,247000000.0,358000000.0,0.103,358000000.0,247000000.0,203000000.0,0.6,0.6,0.6,5818000000.0,,5818000000.0,17137775557.0,17.0,11.893,-37000000.0,-0.14,1.0,600000000.0,0.172,2354000000.0,44000000.0,12469000000.0,,4518000000.0,824000000.0,0.0,824000000.0,10057000000.0,4041000000.0,6016000000.0,14262775557.0,166000000.0,-1000000.0,-122000000.0,295000000.0,-5000000.0,186000000.0,-112000000.0,0.0,78000000.0,14000000.0,159000000.0,159000000.0,159000000.0,0.0,0.0,0.046,353000000.0,247000000.0,1173000000.0,0.033,2.451,22.748,23.124,2701000000.0,0.0,53.88,1.018,1.018,1344000000.0,5943000000.0,3484000000.0,3484000000.0,0.0,,,,,0.0,335000000.0,1.0,264713726.0,264713726.0,,13.161,13521000000.0,0.0,44000000.0,0.0,51.078,3333000000.0
16,TXT,MRQ,2017-06-30,2017-07-01,2017-07-01,2021-07-29,-1486000000.0,15775000000.0,,7186000000.0,8589000000.0,,21.226,-85000000.0,1129000000.0,1129000000.0,2996000000.0,153000000.0,1.794,1.776,4004000000.0,362000000.0,3642000000.0,4004000000.0,0.0,108000000.0,0.0,0.002,0.02,258000000.0,366000000.0,0.102,366000000.0,258000000.0,215000000.0,0.57,0.57,0.57,5682000000.0,,5682000000.0,15726165606.0,15.0,10.757,330000000.0,1.233,1.0,608000000.0,0.169,2340000000.0,43000000.0,12305000000.0,,4655000000.0,840000000.0,0.0,840000000.0,10093000000.0,4005000000.0,6088000000.0,12608165606.0,80000000.0,-11000000.0,-143000000.0,-100000000.0,-5000000.0,-246000000.0,-96000000.0,0.0,415000000.0,7000000.0,153000000.0,153000000.0,153000000.0,0.0,0.0,0.042,350000000.0,258000000.0,1200000000.0,0.035,2.219,14.182,14.316,2669000000.0,0.0,47.1,0.915,0.915,1236000000.0,5789000000.0,3604000000.0,3604000000.0,0.0,,,,,0.0,343000000.0,1.0,267689291.0,267689291.0,,13.463,13435000000.0,0.0,62000000.0,0.0,50.189,3181000000.0
17,TXT,MRQ,2017-03-31,2017-04-01,2017-04-01,2021-07-29,-1555000000.0,15703000000.0,,7126000000.0,8577000000.0,,20.667,-76000000.0,997000000.0,997000000.0,2592000000.0,101000000.0,1.771,1.813,4115000000.0,462000000.0,3653000000.0,4115000000.0,0.0,103000000.0,0.0,0.002,0.02,164000000.0,267000000.0,0.086,267000000.0,164000000.0,122000000.0,0.37,0.37,0.37,5582000000.0,,5582000000.0,15235411824.0,14.0,10.11,-266000000.0,-0.985,1.0,501000000.0,0.162,2332000000.0,42000000.0,12466000000.0,,4709000000.0,900000000.0,0.0,900000000.0,10121000000.0,4023000000.0,6098000000.0,12853411824.0,-279000000.0,-318000000.0,-186000000.0,447000000.0,-6000000.0,274000000.0,-371000000.0,0.0,-190000000.0,8000000.0,101000000.0,101000000.0,101000000.0,-1000000.0,0.0,0.033,338000000.0,163000000.0,1230000000.0,0.054,2.303,14.078,14.08,2637000000.0,0.0,47.59,0.94,0.94,1198000000.0,5641000000.0,3093000000.0,3093000000.0,0.0,,,,,0.0,309000000.0,1.0,270086401.0,270086401.0,,11.452,13371000000.0,0.0,21000000.0,0.0,49.506,3103000000.0
18,TXT,MRQ,2016-12-31,2016-12-31,2016-12-31,2021-07-29,-1605000000.0,15358000000.0,,7053000000.0,8305000000.0,,20.629,-140000000.0,1298000000.0,1298000000.0,3152000000.0,214000000.0,1.812,1.755,3680000000.0,363000000.0,3317000000.0,3680000000.0,0.0,115000000.0,0.0,0.002,0.02,335000000.0,450000000.0,0.118,450000000.0,335000000.0,293000000.0,0.79,0.78,0.79,5574000000.0,,5574000000.0,16204305919.0,14.0,10.09,624000000.0,2.309,1.0,673000000.0,0.176,2113000000.0,42000000.0,11734000000.0,,4464000000.0,935000000.0,0.0,935000000.0,9784000000.0,3893000000.0,5891000000.0,13121305919.0,548000000.0,-7000000.0,10000000.0,-111000000.0,-6000000.0,-137000000.0,-54000000.0,0.0,764000000.0,-25000000.0,214000000.0,214000000.0,214000000.0,1000000.0,0.0,0.056,337000000.0,336000000.0,1273000000.0,0.025,2.354,13.64,13.679,2581000000.0,0.0,48.56,0.952,0.952,1064000000.0,5546000000.0,3825000000.0,3825000000.0,0.0,,,,,0.0,368000000.0,1.0,270208112.0,270208112.0,,14.156,13245000000.0,0.0,79000000.0,0.0,49.018,3160000000.0
19,TXT,MRQ,2016-09-30,2016-10-01,2016-10-01,2021-07-29,-1315000000.0,15167000000.0,,6867000000.0,8300000000.0,,20.971,-99000000.0,739000000.0,739000000.0,2661000000.0,421000000.0,1.897,1.684,3822000000.0,126000000.0,3696000000.0,3822000000.0,0.0,105000000.0,0.0,0.002,0.02,274000000.0,379000000.0,0.117,379000000.0,274000000.0,229000000.0,1.56,1.55,1.56,5651000000.0,,5651000000.0,13880178935.0,12.0,8.573,78000000.0,0.289,1.0,590000000.0,0.181,2121000000.0,45000000.0,12509000000.0,,4791000000.0,969000000.0,0.0,969000000.0,9516000000.0,3620000000.0,5896000000.0,10711178935.0,-72000000.0,0.0,0.0,-143000000.0,-5000000.0,-150000000.0,-97000000.0,0.0,177000000.0,-2000000.0,421000000.0,421000000.0,421000000.0,-122000000.0,0.0,0.129,438000000.0,152000000.0,1216000000.0,0.013,1.895,10.997,11.072,2568000000.0,0.0,39.75,0.771,0.771,1139000000.0,6030000000.0,3251000000.0,3251000000.0,0.0,,,,,0.0,323000000.0,1.0,269463621.0,269463621.0,,12.065,13046000000.0,0.0,-192000000.0,0.0,48.415,3247000000.0
20,TXT,MRQ,2016-06-30,2016-07-02,2016-07-02,2021-07-29,-1333000000.0,15034000000.0,,6770000000.0,8264000000.0,,19.291,-119000000.0,743000000.0,743000000.0,2889000000.0,177000000.0,1.831,1.899,3912000000.0,278000000.0,3634000000.0,3912000000.0,0.0,108000000.0,0.0,0.002,0.02,303000000.0,411000000.0,0.117,411000000.0,303000000.0,259000000.0,0.66,0.65,0.66,5186000000.0,,5186000000.0,12999098556.0,11.0,7.917,-11000000.0,-0.041,1.0,622000000.0,0.177,2118000000.0,44000000.0,12387000000.0,,4595000000.0,985000000.0,0.0,985000000.0,9848000000.0,3698000000.0,6150000000.0,9780098556.0,-58000000.0,-15000000.0,0.0,-13000000.0,-5000000.0,-3000000.0,-158000000.0,-17000000.0,108000000.0,-5000000.0,177000000.0,177000000.0,177000000.0,1000000.0,0.0,0.05,318000000.0,304000000.0,1218000000.0,0.03,1.886,13.416,13.625,2582000000.0,0.0,36.38,0.708,0.708,1144000000.0,5614000000.0,3511000000.0,3511000000.0,0.0,,,,,0.0,318000000.0,1.0,268831736.0,268831736.0,,13.06,12916000000.0,0.0,82000000.0,0.0,48.045,3072000000.0
21,TXT,MRQ,2016-03-31,2016-04-02,2016-04-02,2021-07-29,-1332000000.0,15099000000.0,,6737000000.0,8362000000.0,,18.398,-88000000.0,778000000.0,778000000.0,2635000000.0,150000000.0,1.738,2.026,3997000000.0,309000000.0,3688000000.0,3997000000.0,0.0,109000000.0,0.0,0.002,0.02,257000000.0,366000000.0,0.114,366000000.0,257000000.0,214000000.0,0.55,0.55,0.55,4989000000.0,,4989000000.0,12554285454.0,11.0,7.764,-238000000.0,-0.878,1.0,566000000.0,0.177,2114000000.0,43000000.0,12327000000.0,,4477000000.0,1066000000.0,0.0,1066000000.0,10110000000.0,3877000000.0,6233000000.0,9949285454.0,-227000000.0,-164000000.0,-215000000.0,358000000.0,-6000000.0,144000000.0,-225000000.0,17000000.0,-150000000.0,4000000.0,150000000.0,150000000.0,150000000.0,1000000.0,0.0,0.047,308000000.0,258000000.0,1227000000.0,0.036,1.994,13.838,14.057,2560000000.0,0.0,36.69,0.734,0.734,1209000000.0,5442000000.0,3201000000.0,3201000000.0,0.0,,,,,0.0,308000000.0,1.0,271171585.0,271171585.0,,11.804,12985000000.0,0.0,64000000.0,0.0,47.885,2860000000.0
22,TXT,MRQ,2015-12-31,2016-01-02,2016-01-02,2021-07-29,-1398000000.0,14708000000.0,,6478000000.0,8230000000.0,,18.139,-134000000.0,1005000000.0,1005000000.0,3251000000.0,226000000.0,1.708,1.963,3610000000.0,262000000.0,3348000000.0,3610000000.0,0.0,125000000.0,0.0,0.002,0.02,338000000.0,463000000.0,0.118,463000000.0,338000000.0,295000000.0,0.82,0.82,0.82,4964000000.0,,4964000000.0,14654893420.0,13.0,9.229,557000000.0,2.035,1.0,672000000.0,0.171,2023000000.0,43000000.0,11498000000.0,,4144000000.0,1087000000.0,0.0,1087000000.0,9744000000.0,3792000000.0,5952000000.0,11496893420.0,449000000.0,0.0,24000000.0,-100000000.0,-5000000.0,-105000000.0,-131000000.0,0.0,691000000.0,-6000000.0,226000000.0,226000000.0,226000000.0,-1000000.0,0.0,0.058,335000000.0,337000000.0,1063000000.0,0.024,2.316,16.495,16.671,2492000000.0,0.0,42.01,0.857,0.857,1047000000.0,5298000000.0,3923000000.0,3923000000.0,0.0,,,,,0.0,335000000.0,1.0,273670398.0,273670398.0,,14.335,12685000000.0,0.0,69000000.0,0.0,46.351,2686000000.0
23,TXT,MRQ,2015-09-30,2015-10-03,2015-10-03,2021-07-29,-1427000000.0,14898000000.0,,6737000000.0,8161000000.0,,16.989,-113000000.0,614000000.0,614000000.0,2584000000.0,176000000.0,1.608,2.172,3772000000.0,414000000.0,3358000000.0,3772000000.0,0.0,109000000.0,0.0,0.002,0.02,293000000.0,402000000.0,0.126,402000000.0,293000000.0,252000000.0,0.64,0.63,0.64,4696000000.0,,4696000000.0,13714892426.0,12.0,8.669,117000000.0,0.423,1.0,596000000.0,0.187,2026000000.0,41000000.0,11841000000.0,,4574000000.0,1138000000.0,0.0,1138000000.0,10202000000.0,4189000000.0,6013000000.0,10622892426.0,-164000000.0,-47000000.0,-124000000.0,-105000000.0,-6000000.0,-231000000.0,-158000000.0,0.0,230000000.0,-5000000.0,176000000.0,176000000.0,176000000.0,0.0,0.0,0.055,303000000.0,293000000.0,1173000000.0,0.031,2.262,15.553,15.559,2488000000.0,0.0,38.43,0.781,0.781,1159000000.0,5077000000.0,3180000000.0,3180000000.0,0.0,,,,,0.0,303000000.0,1.0,276421869.0,276421869.0,,11.504,12872000000.0,0.0,76000000.0,0.0,46.567,2548000000.0
24,TXT,MRQ,2015-06-30,2015-07-04,2015-07-04,2021-07-29,-1449000000.0,14948000000.0,,6773000000.0,8175000000.0,,16.575,-94000000.0,792000000.0,792000000.0,2635000000.0,167000000.0,1.667,2.248,3884000000.0,263000000.0,3621000000.0,3884000000.0,0.0,105000000.0,0.0,0.002,0.02,281000000.0,386000000.0,0.119,386000000.0,281000000.0,239000000.0,0.6,0.6,0.6,4602000000.0,,4602000000.0,15489400201.0,14.0,9.878,40000000.0,0.144,1.0,612000000.0,0.188,2015000000.0,42000000.0,11962000000.0,,4437000000.0,1162000000.0,0.0,1162000000.0,10346000000.0,4063000000.0,6283000000.0,12352400201.0,44000000.0,-2000000.0,-87000000.0,141000000.0,-5000000.0,59000000.0,-150000000.0,-31000000.0,134000000.0,1000000.0,167000000.0,167000000.0,167000000.0,2000000.0,0.0,0.051,329000000.0,283000000.0,1129000000.0,0.033,2.684,18.547,18.538,2462000000.0,0.0,44.49,0.892,0.892,1163000000.0,4907000000.0,3247000000.0,3247000000.0,0.0,,,,,0.0,329000000.0,1.0,277644419.0,277644419.0,,11.695,12933000000.0,0.0,72000000.0,0.0,46.581,2710000000.0
25,TXT,MRQ,2015-03-31,2015-04-04,2015-04-04,2021-07-29,-1550000000.0,14738000000.0,,6493000000.0,8245000000.0,,15.858,-79000000.0,708000000.0,708000000.0,2509000000.0,128000000.0,1.739,2.357,3845000000.0,34000000.0,3811000000.0,3845000000.0,0.0,110000000.0,0.0,0.002,0.02,227000000.0,337000000.0,0.11,337000000.0,227000000.0,184000000.0,0.46,0.46,0.46,4390000000.0,,4390000000.0,15492948272.0,14.0,9.97,-100000000.0,-0.361,1.0,564000000.0,0.184,2013000000.0,43000000.0,12128000000.0,,4236000000.0,1203000000.0,0.0,1203000000.0,10348000000.0,3734000000.0,6614000000.0,12440948272.0,-114000000.0,-32000000.0,0.0,-36000000.0,-6000000.0,-31000000.0,-57000000.0,31000000.0,-21000000.0,-5000000.0,128000000.0,128000000.0,128000000.0,0.0,0.0,0.042,337000000.0,227000000.0,1130000000.0,0.043,2.834,19.348,19.371,2460000000.0,0.0,44.94,0.882,0.882,1133000000.0,4745000000.0,3073000000.0,3073000000.0,0.0,,,,,0.0,337000000.0,1.0,276834630.0,276834630.0,,11.1,12725000000.0,0.0,56000000.0,0.0,45.966,2759000000.0
26,TXT,MRQ,2014-12-31,2015-01-03,2015-01-03,2021-07-29,-1506000000.0,14605000000.0,,6014000000.0,8591000000.0,,15.476,-174000000.0,822000000.0,822000000.0,3344000000.0,212000000.0,1.653,2.419,3874000000.0,8000000.0,3866000000.0,3874000000.0,0.0,121000000.0,0.0,0.002,0.02,336000000.0,457000000.0,0.112,457000000.0,336000000.0,286000000.0,0.77,0.76,0.77,4272000000.0,,4272000000.0,15097980848.0,15.0,10.167,354000000.0,1.282,1.0,752000000.0,0.184,2027000000.0,50000000.0,11992000000.0,,3928000000.0,1238000000.0,0.0,1238000000.0,10333000000.0,3638000000.0,6695000000.0,11640980848.0,268000000.0,-48000000.0,12000000.0,130000000.0,-11000000.0,88000000.0,-340000000.0,-77000000.0,528000000.0,-8000000.0,212000000.0,212000000.0,212000000.0,1000000.0,0.0,0.052,415000000.0,337000000.0,1014000000.0,0.026,2.725,19.402,19.614,2497000000.0,0.0,42.17,0.839,0.839,1035000000.0,4623000000.0,4096000000.0,4096000000.0,0.0,,,,,0.0,402000000.0,1.0,276048870.0,276048870.0,,14.838,12578000000.0,0.0,74000000.0,0.0,45.564,2376000000.0
27,TXT,MRQ,2014-09-30,2014-09-27,2014-09-27,2021-07-29,-1010000000.0,14739000000.0,,6200000000.0,8539000000.0,,16.375,-83000000.0,511000000.0,511000000.0,2845000000.0,159000000.0,1.593,2.224,3968000000.0,383000000.0,3585000000.0,3968000000.0,0.0,111000000.0,0.0,0.002,0.02,277000000.0,388000000.0,0.113,388000000.0,277000000.0,230000000.0,0.57,0.57,0.57,4572000000.0,,4572000000.0,13691485964.0,14.0,9.85,132000000.0,0.473,1.0,585000000.0,0.171,2020000000.0,47000000.0,12283000000.0,,4081000000.0,1308000000.0,0.0,1308000000.0,10167000000.0,3893000000.0,6274000000.0,10249485964.0,-304000000.0,-30000000.0,-152000000.0,-280000000.0,-6000000.0,-435000000.0,-77000000.0,19000000.0,215000000.0,-7000000.0,159000000.0,159000000.0,159000000.0,1000000.0,0.0,0.046,307000000.0,278000000.0,1135000000.0,0.035,2.242,18.468,18.54,2442000000.0,0.0,36.71,0.771,0.771,1150000000.0,4416000000.0,3430000000.0,3430000000.0,0.0,,,,,0.0,304000000.0,1.0,279201470.0,279201470.0,,12.285,12719000000.0,0.0,71000000.0,0.0,45.555,2307000000.0
28,TXT,MRQ,2014-06-30,2014-06-28,2014-06-28,2021-07-29,-979000000.0,15135000000.0,,6475000000.0,8660000000.0,,16.401,-106000000.0,815000000.0,815000000.0,2875000000.0,144000000.0,1.636,2.306,4257000000.0,358000000.0,3899000000.0,4257000000.0,0.0,116000000.0,0.0,0.002,0.02,256000000.0,372000000.0,0.106,372000000.0,256000000.0,209000000.0,0.52,0.51,0.52,4578000000.0,,4578000000.0,14525332740.0,17.0,11.33,272000000.0,0.974,1.0,630000000.0,0.18,2006000000.0,47000000.0,12614000000.0,,4017000000.0,1367000000.0,0.0,1367000000.0,10557000000.0,3957000000.0,6600000000.0,10833332740.0,35000000.0,-61000000.0,0.0,-223000000.0,-5000000.0,-217000000.0,-128000000.0,25000000.0,378000000.0,2000000.0,144000000.0,144000000.0,144000000.0,1000000.0,0.0,0.041,373000000.0,257000000.0,1166000000.0,0.038,2.366,21.886,22.051,2463000000.0,0.0,38.81,0.849,0.849,1200000000.0,4263000000.0,3505000000.0,3505000000.0,0.0,,,,,0.0,353000000.0,1.0,279137664.0,279137664.0,,12.557,13129000000.0,0.0,65000000.0,0.0,47.034,2518000000.0
29,TXT,MRQ,2014-03-31,2014-03-29,2014-03-29,2021-07-29,-1022000000.0,14963000000.0,,6335000000.0,8628000000.0,,15.444,-66000000.0,780000000.0,780000000.0,2357000000.0,85000000.0,1.609,2.43,4472000000.0,543000000.0,3929000000.0,4472000000.0,0.0,98000000.0,0.0,0.002,0.02,170000000.0,268000000.0,0.094,268000000.0,170000000.0,123000000.0,0.3,0.3,0.3,4363000000.0,,4363000000.0,12860757789.0,16.0,10.638,-93000000.0,-0.329,1.0,490000000.0,0.172,1980000000.0,47000000.0,12737000000.0,,3909000000.0,1434000000.0,0.0,1434000000.0,10600000000.0,3938000000.0,6662000000.0,10884757789.0,-431000000.0,-1489000000.0,-150000000.0,1253000000.0,-6000000.0,1116000000.0,-1520000000.0,33000000.0,-27000000.0,0.0,85000000.0,85000000.0,85000000.0,2000000.0,0.0,0.03,318000000.0,172000000.0,1158000000.0,0.067,2.495,23.459,23.494,2456000000.0,0.0,38.53,0.9,0.9,1141000000.0,4124000000.0,2847000000.0,2847000000.0,0.0,,,,,0.0,302000000.0,1.0,282500851.0,282500851.0,,10.078,12983000000.0,0.0,38000000.0,0.0,45.957,2397000000.0
30,TXT,MRQ,2013-12-31,2013-12-28,2013-12-28,2021-07-29,-1027000000.0,12944000000.0,,5572000000.0,7372000000.0,,15.593,-144000000.0,1211000000.0,1211000000.0,2938000000.0,167000000.0,1.855,1.953,3187000000.0,8000000.0,3179000000.0,3187000000.0,0.0,104000000.0,0.0,0.002,0.02,258000000.0,362000000.0,0.103,362000000.0,258000000.0,219000000.0,0.59,0.59,0.59,4384000000.0,,4384000000.0,12953919512.0,15.0,10.481,774000000.0,2.753,1.0,568000000.0,0.162,1735000000.0,39000000.0,10182000000.0,,2963000000.0,1493000000.0,0.0,1493000000.0,8560000000.0,3003000000.0,5557000000.0,10292919512.0,574000000.0,-143000000.0,31000000.0,-119000000.0,-6000000.0,-113000000.0,-233000000.0,59000000.0,918000000.0,2000000.0,167000000.0,167000000.0,167000000.0,4000000.0,0.0,0.048,306000000.0,262000000.0,1107000000.0,0.034,2.348,20.669,20.567,2215000000.0,0.0,36.61,0.85,0.85,979000000.0,4045000000.0,3506000000.0,3506000000.0,0.0,,,,,0.0,306000000.0,1.0,281150492.0,281150492.0,,12.47,11209000000.0,0.0,52000000.0,0.0,39.868,2569000000.0
31,TXT,MRQ,2013-09-30,2013-09-28,2013-09-28,2021-07-29,-1651000000.0,12457000000.0,,5189000000.0,7268000000.0,,12.763,-110000000.0,637000000.0,637000000.0,2473000000.0,99000000.0,1.8,2.48,3298000000.0,104000000.0,3194000000.0,3298000000.0,0.0,93000000.0,0.0,0.003,0.02,187000000.0,280000000.0,0.096,280000000.0,187000000.0,146000000.0,0.35,0.35,0.35,3580000000.0,,3580000000.0,10864086208.0,13.0,8.804,251000000.0,0.895,1.0,431000000.0,0.148,1675000000.0,41000000.0,10560000000.0,,3220000000.0,1527000000.0,0.0,1527000000.0,8877000000.0,2883000000.0,5994000000.0,7826086208.0,66000000.0,0.0,0.0,-332000000.0,-5000000.0,-334000000.0,37000000.0,144000000.0,361000000.0,2000000.0,99000000.0,99000000.0,99000000.0,-1000000.0,0.0,0.034,245000000.0,186000000.0,1004000000.0,0.057,2.186,16.338,16.221,2163000000.0,0.0,27.9,0.654,0.654,1024000000.0,4138000000.0,2904000000.0,2904000000.0,0.0,,,,,0.0,245000000.0,1.0,280504882.0,280504882.0,,10.353,10782000000.0,0.0,47000000.0,0.0,38.438,2306000000.0
32,TXT,MRQ,2013-06-30,2013-06-29,2013-06-29,2021-07-29,-1729000000.0,12440000000.0,,5158000000.0,7282000000.0,,12.165,-113000000.0,571000000.0,571000000.0,2338000000.0,113000000.0,1.726,2.68,3609000000.0,374000000.0,3235000000.0,3609000000.0,0.0,95000000.0,0.0,0.003,0.02,204000000.0,299000000.0,0.105,299000000.0,204000000.0,162000000.0,0.4,0.4,0.4,3380000000.0,,3380000000.0,10180115664.0,11.0,7.724,-183000000.0,-0.659,1.0,501000000.0,0.176,1670000000.0,42000000.0,10819000000.0,,3203000000.0,1616000000.0,0.0,1616000000.0,9060000000.0,2989000000.0,6071000000.0,7238115664.0,-220000000.0,-35000000.0,0.0,-136000000.0,-6000000.0,-65000000.0,-84000000.0,93000000.0,-70000000.0,-1000000.0,113000000.0,113000000.0,113000000.0,1000000.0,0.0,0.04,296000000.0,205000000.0,966000000.0,0.05,2.141,13.631,13.639,2141000000.0,0.0,26.05,0.6,0.6,1007000000.0,4044000000.0,2839000000.0,2839000000.0,0.0,,,,,0.0,296000000.0,1.0,277854728.0,277854728.0,,10.218,10770000000.0,0.0,49000000.0,0.0,38.761,2169000000.0
33,TXT,MRQ,2013-03-31,2013-03-30,2013-03-30,2021-07-29,-1755000000.0,12557000000.0,,5072000000.0,7485000000.0,,11.593,-77000000.0,791000000.0,791000000.0,2382000000.0,119000000.0,1.584,2.989,3733000000.0,426000000.0,3307000000.0,3733000000.0,0.0,97000000.0,0.0,0.003,0.02,198000000.0,295000000.0,0.103,295000000.0,198000000.0,147000000.0,0.44,0.41,0.44,3148000000.0,,3148000000.0,10668735732.0,10.0,7.524,-476000000.0,-1.753,1.0,473000000.0,0.166,1645000000.0,51000000.0,10652000000.0,,2972000000.0,1834000000.0,0.0,1834000000.0,9409000000.0,3202000000.0,6207000000.0,8094735732.0,-622000000.0,-18000000.0,0.0,-236000000.0,-5000000.0,-230000000.0,16000000.0,72000000.0,-399000000.0,-9000000.0,119000000.0,119000000.0,119000000.0,-4000000.0,0.0,0.042,279000000.0,194000000.0,1052000000.0,0.045,2.571,13.72,14.061,2134000000.0,0.0,29.81,0.662,0.662,954000000.0,3937000000.0,2855000000.0,2855000000.0,0.0,,,,,0.0,279000000.0,1.0,271544305.0,271544305.0,,10.514,10912000000.0,0.0,28000000.0,0.0,40.185,1870000000.0
34,TXT,MRQ,2012-12-31,2012-12-29,2012-12-29,2021-07-29,-1770000000.0,13033000000.0,,5389000000.0,7644000000.0,,10.613,-166000000.0,1413000000.0,1413000000.0,2797000000.0,148000000.0,1.534,3.357,3987000000.0,535000000.0,3452000000.0,3987000000.0,0.0,106000000.0,0.0,0.003,0.02,254000000.0,360000000.0,0.107,360000000.0,254000000.0,202000000.0,0.53,0.51,0.53,2991000000.0,,2991000000.0,9632632869.0,9.0,6.671,364000000.0,1.292,1.0,565000000.0,0.168,1649000000.0,52000000.0,10446000000.0,,2712000000.0,1990000000.0,0.0,1990000000.0,10042000000.0,3512000000.0,6530000000.0,6797632869.0,175000000.0,-3000000.0,-253000000.0,-123000000.0,0.0,-393000000.0,39000000.0,186000000.0,530000000.0,-1000000.0,148000000.0,148000000.0,148000000.0,-2000000.0,0.0,0.044,313000000.0,252000000.0,1021000000.0,0.038,2.273,11.541,11.486,2149000000.0,0.0,24.12,0.555,0.555,829000000.0,3824000000.0,3362000000.0,3362000000.0,0.0,,,,,0.0,313000000.0,1.0,281825575.0,281825575.0,,11.929,11384000000.0,0.0,54000000.0,0.0,40.394,1877000000.0
35,TXT,MRQ,2012-09-30,2012-09-29,2012-09-29,2021-07-29,-1562000000.0,13065000000.0,,5526000000.0,7539000000.0,,11.775,-156000000.0,1238000000.0,1238000000.0,2475000000.0,151000000.0,1.719,2.95,4073000000.0,521000000.0,3552000000.0,4073000000.0,0.0,94000000.0,0.0,0.003,0.02,270000000.0,364000000.0,0.121,364000000.0,270000000.0,218000000.0,0.54,0.51,0.54,3308000000.0,,3308000000.0,10567232539.0,13.0,8.605,216000000.0,0.769,1.0,525000000.0,0.175,1645000000.0,52000000.0,11040000000.0,,2831000000.0,2053000000.0,0.0,2053000000.0,9757000000.0,3215000000.0,6542000000.0,7352232539.0,327000000.0,-8000000.0,0.0,-81000000.0,-6000000.0,-84000000.0,33000000.0,209000000.0,372000000.0,6000000.0,151000000.0,151000000.0,151000000.0,-9000000.0,0.0,0.05,264000000.0,261000000.0,1019000000.0,0.037,2.223,17.422,17.447,2078000000.0,0.0,26.17,0.606,0.606,914000000.0,3681000000.0,3000000000.0,3000000000.0,0.0,,,,,0.0,264000000.0,1.0,280941251.0,280941251.0,,10.678,11420000000.0,0.0,67000000.0,0.0,40.649,2311000000.0
36,TXT,MRQ,2012-06-30,2012-06-30,2012-06-30,2021-07-29,-1599000000.0,13068000000.0,,5278000000.0,7790000000.0,,11.067,-85000000.0,911000000.0,911000000.0,2435000000.0,172000000.0,1.634,3.213,4126000000.0,507000000.0,3619000000.0,4126000000.0,0.0,92000000.0,0.0,0.003,0.02,307000000.0,399000000.0,0.132,399000000.0,307000000.0,254000000.0,0.61,0.58,0.61,3102000000.0,,3102000000.0,10638589689.0,13.0,8.785,194000000.0,0.692,1.0,584000000.0,0.193,1630000000.0,53000000.0,11423000000.0,,2759000000.0,2250000000.0,0.0,2250000000.0,9966000000.0,3230000000.0,6736000000.0,6970589689.0,265000000.0,0.0,0.0,-190000000.0,-6000000.0,-192000000.0,183000000.0,255000000.0,279000000.0,-5000000.0,172000000.0,172000000.0,172000000.0,1000000.0,0.0,0.057,276000000.0,308000000.0,1135000000.0,0.033,2.247,16.878,16.918,2027000000.0,0.0,24.87,0.584,0.584,917000000.0,3536000000.0,3019000000.0,3019000000.0,0.0,,,,,0.0,276000000.0,1.0,280281049.0,280281049.0,,10.771,11438000000.0,0.0,82000000.0,0.0,40.809,2048000000.0
37,TXT,MRQ,2012-03-31,2012-03-31,2012-03-31,2021-07-29,-1601000000.0,13280000000.0,,5190000000.0,8090000000.0,,10.424,-73000000.0,646000000.0,646000000.0,2312000000.0,118000000.0,1.637,3.556,4314000000.0,464000000.0,3850000000.0,4314000000.0,0.0,91000000.0,0.0,0.003,0.02,230000000.0,321000000.0,0.112,321000000.0,230000000.0,175000000.0,0.42,0.4,0.42,2915000000.0,,2915000000.0,11330457037.0,16.0,10.245,-327000000.0,-1.169,1.0,544000000.0,0.19,1639000000.0,55000000.0,12138000000.0,,2593000000.0,2492000000.0,0.0,2492000000.0,10365000000.0,3171000000.0,7194000000.0,7782457037.0,-239000000.0,0.0,0.0,-117000000.0,-5000000.0,-112000000.0,123000000.0,198000000.0,-254000000.0,4000000.0,118000000.0,118000000.0,118000000.0,2000000.0,0.0,0.041,312000000.0,232000000.0,1378000000.0,0.048,2.67,23.512,23.585,2003000000.0,0.0,27.83,0.668,0.668,937000000.0,3370000000.0,2856000000.0,2856000000.0,0.0,,,,,0.0,312000000.0,1.0,279642725.0,279642725.0,,10.213,11641000000.0,0.0,57000000.0,0.0,41.628,2019000000.0
38,TXT,MRQ,2011-12-31,2011-12-31,2011-12-31,2021-07-29,-1625000000.0,13615000000.0,,5263000000.0,8352000000.0,,9.868,-152000000.0,885000000.0,885000000.0,2715000000.0,-19000000.0,1.796,3.96,4433000000.0,146000000.0,4287000000.0,4433000000.0,0.0,114000000.0,0.0,0.004,0.02,30000000.0,144000000.0,0.044,144000000.0,30000000.0,-32000000.0,-0.07,-0.04,-0.07,2745000000.0,,2745000000.0,9034326671.0,15.0,9.163,251000000.0,0.902,1.0,539000000.0,0.166,1635000000.0,62000000.0,12597000000.0,,2402000000.0,2739000000.0,0.0,2739000000.0,10870000000.0,2931000000.0,7939000000.0,5143326671.0,-657000000.0,-14000000.0,3000000.0,-1214000000.0,-5000000.0,-1251000000.0,195000000.0,433000000.0,403000000.0,-4000000.0,-19000000.0,-19000000.0,-19000000.0,2000000.0,0.0,-0.006,507000000.0,32000000.0,1326000000.0,-0.286,1.874,21.253,21.253,1996000000.0,0.0,18.49,0.456,0.456,856000000.0,3257000000.0,3254000000.0,3254000000.0,0.0,,,,,0.0,345000000.0,1.0,278168019.0,278168019.0,,11.698,11980000000.0,0.0,-13000000.0,0.0,43.067,2332000000.0
39,TXT,MRQ,2011-09-30,2011-10-01,2011-10-01,2021-07-29,-1280000000.0,15281000000.0,,6145000000.0,9136000000.0,,11.942,-102000000.0,1542000000.0,1542000000.0,2313000000.0,142000000.0,1.834,3.614,5433000000.0,589000000.0,4844000000.0,5433000000.0,0.0,94000000.0,0.0,0.005,0.02,253000000.0,347000000.0,0.123,347000000.0,253000000.0,192000000.0,0.51,0.47,0.51,3312000000.0,,3312000000.0,9283148951.0,14.0,8.774,341000000.0,1.23,1.0,501000000.0,0.178,1642000000.0,61000000.0,14179000000.0,,2607000000.0,3271000000.0,0.0,3271000000.0,11969000000.0,3351000000.0,8618000000.0,4892148951.0,891000000.0,0.0,0.0,332000000.0,-6000000.0,309000000.0,147000000.0,223000000.0,443000000.0,-8000000.0,142000000.0,142000000.0,142000000.0,-6000000.0,0.0,0.05,254000000.0,247000000.0,1407000000.0,0.039,1.477,15.24,15.474,1957000000.0,0.0,17.64,0.439,0.439,927000000.0,3282000000.0,2814000000.0,2814000000.0,0.0,,,,,0.0,251000000.0,1.0,277332707.0,277332707.0,,10.147,13639000000.0,0.0,50000000.0,0.0,49.179,2794000000.0
40,TXT,MRQ,2011-06-30,2011-07-02,2011-07-02,2021-07-29,-1260000000.0,14839000000.0,,5441000000.0,9398000000.0,,11.474,-91000000.0,651000000.0,651000000.0,2225000000.0,90000000.0,1.809,3.675,5042000000.0,351000000.0,4691000000.0,5042000000.0,0.0,100000000.0,0.0,0.003,0.02,194000000.0,294000000.0,0.108,294000000.0,194000000.0,133000000.0,0.32,0.29,0.32,3174000000.0,,3174000000.0,11301282417.0,28.0,14.056,72000000.0,0.26,1.0,503000000.0,0.184,1651000000.0,61000000.0,14571000000.0,,2562000000.0,3525000000.0,0.0,3525000000.0,11665000000.0,3008000000.0,8657000000.0,6622282417.0,-371000000.0,0.0,0.0,-677000000.0,-6000000.0,-682000000.0,146000000.0,187000000.0,163000000.0,2000000.0,90000000.0,90000000.0,90000000.0,2000000.0,0.0,0.033,307000000.0,196000000.0,1464000000.0,0.062,2.086,50.552,52.043,1964000000.0,0.0,23.94,0.612,0.612,874000000.0,3145000000.0,2728000000.0,2728000000.0,0.0,,,,,0.0,295000000.0,1.0,276619984.0,276619984.0,,9.862,13188000000.0,0.0,43000000.0,0.0,47.676,2433000000.0
41,TXT,MRQ,2011-03-31,2011-04-02,2011-04-02,2021-07-29,-1280000000.0,15059000000.0,,5399000000.0,9660000000.0,,11.057,-78000000.0,1022000000.0,1022000000.0,2055000000.0,29000000.0,1.933,3.934,5701000000.0,216000000.0,5485000000.0,5701000000.0,0.0,95000000.0,0.0,0.003,0.02,106000000.0,201000000.0,0.081,201000000.0,106000000.0,44000000.0,0.1,0.09,0.1,3052000000.0,,3052000000.0,12594165857.0,33.0,16.23,-24000000.0,-0.087,1.0,424000000.0,0.171,1643000000.0,62000000.0,15302000000.0,,2453000000.0,3803000000.0,0.0,3803000000.0,12007000000.0,2793000000.0,9214000000.0,7563165857.0,91000000.0,0.0,0.0,-320000000.0,-5000000.0,-327000000.0,355000000.0,382000000.0,54000000.0,9000000.0,29000000.0,29000000.0,29000000.0,2000000.0,0.0,0.012,316000000.0,108000000.0,1139000000.0,0.2,2.478,61.489,62.273,1950000000.0,0.0,27.4,0.701,0.701,910000000.0,3061000000.0,2479000000.0,2479000000.0,0.0,,,,,0.0,304000000.0,1.0,276027951.0,276027951.0,,8.981,13416000000.0,0.0,15000000.0,0.0,48.604,2606000000.0
42,TXT,MRQ,2010-12-31,2011-01-01,2011-01-01,2021-07-29,-1316000000.0,15282000000.0,,5047000000.0,10235000000.0,,10.811,-136000000.0,931000000.0,931000000.0,2605000000.0,60000000.0,1.9,4.142,5962000000.0,19000000.0,5943000000.0,5962000000.0,0.0,111000000.0,0.0,0.003,0.02,105000000.0,216000000.0,0.069,216000000.0,105000000.0,42000000.0,0.21,0.19,0.21,2972000000.0,,2972000000.0,11876649049.0,34.0,15.985,89000000.0,0.324,1.0,522000000.0,0.167,1632000000.0,63000000.0,16024000000.0,,2277000000.0,4284000000.0,0.0,4284000000.0,12310000000.0,2657000000.0,9653000000.0,6498649049.0,-60000000.0,-10000000.0,-2000000.0,-494000000.0,-6000000.0,-496000000.0,211000000.0,325000000.0,225000000.0,0.0,60000000.0,60000000.0,60000000.0,3000000.0,0.0,0.019,414000000.0,108000000.0,948000000.0,0.095,2.187,75.566,76.258,1932000000.0,0.0,23.64,0.617,0.617,892000000.0,3037000000.0,3127000000.0,3127000000.0,0.0,,,,,0.0,345000000.0,1.0,274900552.0,274900552.0,,11.375,13650000000.0,0.0,-18000000.0,0.0,49.654,2390000000.0
43,TXT,MRQ,2010-09-30,2010-10-02,2010-10-02,2021-07-29,-1226000000.0,16013000000.0,,5146000000.0,10867000000.0,,10.889,-51000000.0,991000000.0,991000000.0,2037000000.0,-48000000.0,1.936,4.363,6369000000.0,18000000.0,6351000000.0,6369000000.0,0.0,95000000.0,0.0,0.004,0.02,-2000000.0,93000000.0,0.038,93000000.0,-2000000.0,-69000000.0,-0.17,-0.17,-0.17,2986000000.0,,2986000000.0,11781915932.0,47.0,18.238,461000000.0,1.681,1.0,442000000.0,0.178,1627000000.0,67000000.0,17106000000.0,,2647000000.0,4630000000.0,0.0,4630000000.0,13027000000.0,2658000000.0,10369000000.0,5689915932.0,-200000000.0,-4000000.0,0.0,-1018000000.0,-5000000.0,-1023000000.0,299000000.0,325000000.0,512000000.0,12000000.0,-48000000.0,-48000000.0,-48000000.0,0.0,0.0,-0.019,444000000.0,-2000000.0,1027000000.0,-0.118,1.906,-153.782,-148.214,1907000000.0,0.0,20.75,0.557,0.557,899000000.0,2983000000.0,2479000000.0,2479000000.0,0.0,,,,,0.0,301000000.0,1.0,274212816.0,274212816.0,,9.04,14386000000.0,0.0,-21000000.0,0.0,52.463,2488000000.0
44,TXT,MRQ,2010-06-30,2010-07-03,2010-07-03,2021-07-29,-1335000000.0,17123000000.0,,5596000000.0,11527000000.0,,10.662,-45000000.0,1191000000.0,1191000000.0,2188000000.0,82000000.0,2.109,4.876,7283000000.0,136000000.0,7147000000.0,7283000000.0,0.0,97000000.0,0.0,0.005,0.02,169000000.0,266000000.0,0.098,266000000.0,169000000.0,100000000.0,0.3,0.27,0.3,2914000000.0,,2914000000.0,11240190081.0,35.0,15.611,290000000.0,1.061,1.0,521000000.0,0.192,1616000000.0,69000000.0,18946000000.0,,2480000000.0,5260000000.0,0.0,5260000000.0,14209000000.0,2653000000.0,11556000000.0,4392190081.0,-318000000.0,-43000000.0,2000000.0,-1049000000.0,-6000000.0,-1053000000.0,400000000.0,430000000.0,335000000.0,0.0,82000000.0,82000000.0,82000000.0,-1000000.0,0.0,0.03,353000000.0,168000000.0,710000000.0,0.067,1.507,292.813,401.75,1900000000.0,0.0,16.07,0.427,0.427,970000000.0,3036000000.0,2709000000.0,2709000000.0,0.0,,,,,0.0,299000000.0,1.0,273316122.0,273316122.0,,9.912,15507000000.0,0.0,18000000.0,150000000.0,56.736,2943000000.0
45,TXT,MRQ,2010-03-31,2010-04-03,2010-04-03,2021-07-29,-1313000000.0,18110000000.0,,6019000000.0,12091000000.0,,10.421,-38000000.0,1509000000.0,1509000000.0,1776000000.0,-8000000.0,2.214,5.375,8357000000.0,124000000.0,8233000000.0,8357000000.0,0.0,90000000.0,0.0,0.004,0.02,78000000.0,168000000.0,0.076,168000000.0,78000000.0,7000000.0,-0.03,-0.03,-0.03,2841000000.0,,2841000000.0,13193089614.0,117.0,25.568,-126000000.0,-0.462,1.0,434000000.0,0.196,1612000000.0,71000000.0,20627000000.0,,2475000000.0,5921000000.0,0.0,5921000000.0,15269000000.0,2719000000.0,12550000000.0,5834089614.0,-383000000.0,0.0,0.0,-916000000.0,-5000000.0,-921000000.0,639000000.0,633000000.0,-88000000.0,-13000000.0,-8000000.0,-8000000.0,-8000000.0,4000000.0,0.0,-0.004,352000000.0,82000000.0,747000000.0,-0.667,2.054,-46.673,-44.583,1940000000.0,0.0,21.4,0.573,0.573,959000000.0,2960000000.0,2210000000.0,2210000000.0,0.0,,,,,0.0,285000000.0,1.0,272621010.0,272621010.0,,8.106,16498000000.0,0.0,15000000.0,105000000.0,60.516,3300000000.0
46,TXT,MRQ,2009-12-31,2010-01-02,2010-01-02,2021-07-29,-1321000000.0,18940000000.0,,5900000000.0,13040000000.0,,10.424,-73000000.0,1892000000.0,1892000000.0,2324000000.0,-63000000.0,2.152,5.702,9251000000.0,134000000.0,9117000000.0,9251000000.0,0.0,112000000.0,0.0,0.004,0.02,7000000.0,119000000.0,0.042,119000000.0,7000000.0,-68000000.0,-0.24,-0.24,-0.24,2826000000.0,,2826000000.0,12949716074.0,64.0,21.194,404000000.0,1.49,1.0,489000000.0,0.174,1622000000.0,75000000.0,21935000000.0,,2273000000.0,6684000000.0,0.0,6684000000.0,16114000000.0,2742000000.0,13372000000.0,5099716074.0,-684000000.0,0.0,0.0,-1857000000.0,-5000000.0,-1862000000.0,698000000.0,761000000.0,477000000.0,3000000.0,-63000000.0,-63000000.0,-63000000.0,3000000.0,0.0,-0.022,479000000.0,10000000.0,1007000000.0,-0.083,1.805,-164.507,-156.75,1968000000.0,0.0,18.81,0.486,0.486,894000000.0,2973000000.0,2813000000.0,2813000000.0,0.0,,,,,0.0,304000000.0,1.0,271117282.0,271117282.0,,10.376,17318000000.0,0.0,-5000000.0,0.0,63.876,3158000000.0
47,TXT,MRQ,2009-09-30,2009-10-03,2009-10-03,2021-07-29,-1232000000.0,19958000000.0,,6232000000.0,13726000000.0,,10.961,-52000000.0,2576000000.0,2576000000.0,2047000000.0,4000000.0,1.994,5.738,10426000000.0,134000000.0,10292000000.0,10426000000.0,0.0,100000000.0,0.0,0.017,0.02,67000000.0,167000000.0,0.066,167000000.0,67000000.0,-7000000.0,0.01,0.01,0.01,2962000000.0,,2962000000.0,13263849257.0,201.0,28.221,490000000.0,1.813,1.0,502000000.0,0.197,1703000000.0,74000000.0,22980000000.0,,2716000000.0,6794000000.0,0.0,6794000000.0,16996000000.0,3125000000.0,13871000000.0,4731849257.0,691000000.0,0.0,0.0,125000000.0,-6000000.0,-21000000.0,161000000.0,100000000.0,542000000.0,9000000.0,4000000.0,4000000.0,4000000.0,2000000.0,0.0,0.002,433000000.0,69000000.0,664000000.0,2.0,1.598,-26.734,-25.014,1988000000.0,0.0,17.51,0.421,0.421,926000000.0,3042000000.0,2549000000.0,2549000000.0,0.0,,,,,0.0,348000000.0,1.0,270236965.0,270236965.0,,9.432,18255000000.0,0.0,-11000000.0,226000000.0,67.552,3107000000.0
48,TXT,MRQ,2009-06-30,2009-07-04,2009-07-04,2021-07-29,-1258000000.0,19844000000.0,,5765000000.0,14079000000.0,,11.919,-44000000.0,1885000000.0,1885000000.0,2099000000.0,-58000000.0,1.897,5.796,10417000000.0,6000000.0,10411000000.0,10417000000.0,0.0,101000000.0,0.0,0.053,0.02,-39000000.0,62000000.0,0.024,62000000.0,-39000000.0,-116000000.0,-0.22,-0.22,-0.22,2920000000.0,,2920000000.0,11445766585.0,27.0,13.941,121000000.0,0.494,1.0,513000000.0,0.196,1697000000.0,77000000.0,23640000000.0,,3001000000.0,7166000000.0,0.0,7166000000.0,16924000000.0,3039000000.0,13885000000.0,2307766585.0,194000000.0,0.0,333000000.0,-869000000.0,-5000000.0,-541000000.0,558000000.0,531000000.0,165000000.0,12000000.0,-58000000.0,-58000000.0,-58000000.0,-4000000.0,0.0,-0.022,556000000.0,-43000000.0,721000000.0,-0.091,0.79,92.311,67.286,2005000000.0,0.0,9.42,0.19,0.19,839000000.0,3043000000.0,2612000000.0,2612000000.0,0.0,,,,,0.0,340000000.0,1.0,244985837.0,244985837.0,,10.662,18147000000.0,0.0,-58000000.0,206000000.0,74.074,2726000000.0
49,TXT,MRQ,2009-03-31,2009-04-04,2009-04-04,2021-07-29,-1423000000.0,20516000000.0,,5737000000.0,14779000000.0,,10.159,-69000000.0,1691000000.0,1691000000.0,1999000000.0,86000000.0,1.591,7.313,10829000000.0,5000000.0,10824000000.0,10829000000.0,0.0,96000000.0,0.0,0.096,0.02,167000000.0,263000000.0,0.104,263000000.0,167000000.0,84000000.0,0.35,0.35,0.35,2468000000.0,,2468000000.0,11212678835.0,12.0,8.349,-238000000.0,-0.98,1.0,527000000.0,0.209,1688000000.0,83000000.0,24361000000.0,,3323000000.0,7939000000.0,0.0,7939000000.0,18048000000.0,3605000000.0,14443000000.0,1802678835.0,1144000000.0,0.0,0.0,796000000.0,-5000000.0,791000000.0,522000000.0,208000000.0,-169000000.0,0.0,86000000.0,86000000.0,86000000.0,-43000000.0,0.0,0.034,404000000.0,123000000.0,999000000.0,0.057,0.73,5.286,5.338,2068000000.0,0.0,7.42,0.136,0.136,854000000.0,3106000000.0,2526000000.0,2526000000.0,0.0,,,,,0.0,346000000.0,1.0,242948630.0,242948630.0,,10.397,18828000000.0,0.0,-2000000.0,212000000.0,77.498,2132000000.0
50,TXT,MRQ,2008-12-31,2009-01-03,2009-01-03,2021-07-29,-1422000000.0,20031000000.0,,5436000000.0,14595000000.0,,9.813,-231000000.0,547000000.0,547000000.0,2779000000.0,-209000000.0,1.137,7.466,9957000000.0,876000000.0,9081000000.0,9957000000.0,0.0,107000000.0,0.0,0.06,0.23,-129000000.0,-22000000.0,-0.006,-22000000.0,-129000000.0,-259000000.0,-0.84,-0.82,-0.84,2366000000.0,,2366000000.0,13282655003.0,11.0,8.104,-113000000.0,-0.469,1.0,770000000.0,0.217,1698000000.0,130000000.0,22962000000.0,,3093000000.0,8382000000.0,0.0,8382000000.0,17665000000.0,4781000000.0,12884000000.0,3705655003.0,190000000.0,0.0,10000000.0,-507000000.0,-112000000.0,-619000000.0,699000000.0,421000000.0,118000000.0,-8000000.0,-209000000.0,-209000000.0,-209000000.0,-147000000.0,0.0,-0.059,1046000000.0,-276000000.0,1101000000.0,-0.274,1.566,7.625,7.802,2088000000.0,0.0,15.37,0.265,0.265,894000000.0,3025000000.0,3549000000.0,3549000000.0,0.0,,,,,-39000000.0,387000000.0,1.0,241096617.0,241096617.0,,14.72,18333000000.0,0.0,-50000000.0,337000000.0,76.04,655000000.0
51,TXT,MRQ,2008-09-30,2008-09-27,2008-09-27,2021-07-29,-487000000.0,20686000000.0,,5593000000.0,15093000000.0,,14.239,-121000000.0,357000000.0,357000000.0,2595000000.0,206000000.0,1.174,4.845,9934000000.0,550000000.0,9384000000.0,9934000000.0,0.0,94000000.0,0.0,0.028,0.23,424000000.0,518000000.0,0.149,518000000.0,424000000.0,322000000.0,0.85,0.83,0.85,3539000000.0,,3539000000.0,17341001602.0,9.0,7.714,148000000.0,0.595,1.0,876000000.0,0.252,2038000000.0,102000000.0,23460000000.0,,3276000000.0,8437000000.0,0.0,8437000000.0,17147000000.0,4765000000.0,12382000000.0,8075001602.0,-123000000.0,-9000000.0,-397000000.0,263000000.0,-66000000.0,-190000000.0,-191000000.0,-79000000.0,269000000.0,-11000000.0,206000000.0,206000000.0,206000000.0,-1000000.0,0.0,0.059,453000000.0,423000000.0,1062000000.0,0.271,2.282,8.491,8.483,1979000000.0,0.0,32.49,0.584,0.584,1045000000.0,3291000000.0,3471000000.0,3471000000.0,0.0,,,,,12000000.0,419000000.0,1.0,248538061.0,248538061.0,,13.966,18648000000.0,0.0,116000000.0,445000000.0,75.031,828000000.0
52,TXT,MRQ,2008-06-30,2008-06-28,2008-06-28,2021-07-29,-403000000.0,20696000000.0,,5406000000.0,15290000000.0,,15.198,-113000000.0,480000000.0,480000000.0,2775000000.0,258000000.0,1.216,4.464,9746000000.0,394000000.0,9352000000.0,9746000000.0,0.0,100000000.0,0.0,0.019,0.23,484000000.0,584000000.0,0.159,584000000.0,484000000.0,383000000.0,1.03,1.01,1.03,3788000000.0,,3788000000.0,21707008734.0,11.0,9.508,145000000.0,0.582,1.0,909000000.0,0.247,2276000000.0,101000000.0,23239000000.0,,3291000000.0,8474000000.0,0.0,8474000000.0,16908000000.0,4447000000.0,12461000000.0,11946008734.0,119000000.0,0.0,-6000000.0,-360000000.0,-49000000.0,-415000000.0,271000000.0,387000000.0,258000000.0,5000000.0,258000000.0,258000000.0,258000000.0,-8000000.0,0.0,0.07,433000000.0,476000000.0,1159000000.0,0.223,3.154,11.946,11.982,2040000000.0,0.0,47.93,0.887,0.887,1209000000.0,3140000000.0,3684000000.0,3684000000.0,0.0,,,,,14000000.0,393000000.0,1.0,249238655.0,249238655.0,,14.781,18420000000.0,0.0,125000000.0,431000000.0,73.905,959000000.0
53,TXT,MRQ,2008-03-31,2008-03-29,2008-03-29,2021-07-29,-424000000.0,20766000000.0,,5052000000.0,15714000000.0,,14.452,-80000000.0,361000000.0,361000000.0,2434000000.0,231000000.0,1.187,4.778,10122000000.0,385000000.0,9737000000.0,10122000000.0,0.0,99000000.0,0.0,0.016,0.23,460000000.0,559000000.0,0.169,559000000.0,460000000.0,345000000.0,0.93,0.91,0.93,3594000000.0,,3594000000.0,22511385861.0,12.0,10.26,25000000.0,0.101,1.0,872000000.0,0.264,2321000000.0,115000000.0,23950000000.0,,3074000000.0,8634000000.0,0.0,8634000000.0,17172000000.0,4256000000.0,12916000000.0,13583385861.0,-170000000.0,-100000000.0,-90000000.0,583000000.0,-57000000.0,434000000.0,-716000000.0,-541000000.0,105000000.0,7000000.0,231000000.0,231000000.0,231000000.0,-6000000.0,0.0,0.07,418000000.0,454000000.0,1082000000.0,0.247,3.779,14.268,14.336,2001000000.0,0.0,54.62,1.043,1.043,1181000000.0,2940000000.0,3306000000.0,3306000000.0,0.0,,,,,13000000.0,391000000.0,1.0,248688866.0,248688866.0,,13.294,18445000000.0,0.0,114000000.0,474000000.0,74.169,796000000.0
54,TXT,MRQ,2007-12-31,2007-12-29,2007-12-29,2021-07-29,-400000000.0,19991000000.0,,5169000000.0,14822000000.0,,14.07,-165000000.0,531000000.0,531000000.0,2482000000.0,256000000.0,1.209,4.7,9457000000.0,355000000.0,9102000000.0,9457000000.0,0.0,92000000.0,0.0,0.012,0.23,495000000.0,587000000.0,0.174,587000000.0,495000000.0,352000000.0,1.02,1.0,1.02,3507000000.0,,3507000000.0,25453283066.0,14.0,12.04,280000000.0,1.123,1.0,889000000.0,0.264,2085000000.0,143000000.0,22555000000.0,,2593000000.0,8514000000.0,0.0,8514000000.0,16484000000.0,4277000000.0,12207000000.0,17851283066.0,-411000000.0,-1106000000.0,6000000.0,802000000.0,-57000000.0,1460000000.0,-1631000000.0,-355000000.0,445000000.0,1000000.0,256000000.0,256000000.0,256000000.0,-22000000.0,0.0,0.076,439000000.0,450000000.0,840000000.0,0.225,5.09,19.467,19.515,1918000000.0,0.0,71.62,1.44,1.44,958000000.0,2766000000.0,3371000000.0,3371000000.0,0.0,,,,,-30000000.0,428000000.0,1.0,249249973.0,249249973.0,,13.525,17906000000.0,0.0,96000000.0,472000000.0,71.84,892000000.0
55,TXT,MRQ,2007-09-30,2007-09-29,2007-09-29,2021-07-29,-511000000.0,18436000000.0,,5184000000.0,13252000000.0,,12.594,-75000000.0,942000000.0,942000000.0,2275000000.0,255000000.0,1.513,4.862,8544000000.0,93000000.0,8451000000.0,8544000000.0,0.0,77000000.0,0.0,0.013,0.23,476000000.0,553000000.0,0.178,553000000.0,476000000.0,359000000.0,1.02,1.0,1.02,3145000000.0,,3145000000.0,23570781062.0,14.0,11.947,409000000.0,1.638,1.0,835000000.0,0.268,1442000000.0,117000000.0,21169000000.0,,2634000000.0,8084000000.0,0.0,8084000000.0,15291000000.0,3427000000.0,11864000000.0,15535781062.0,245000000.0,0.0,-67000000.0,-315000000.0,0.0,-1069000000.0,132000000.0,179000000.0,484000000.0,12000000.0,255000000.0,255000000.0,255000000.0,-30000000.0,0.0,0.082,389000000.0,446000000.0,998000000.0,0.225,4.94,18.149,18.243,1832000000.0,0.0,62.21,1.295,1.295,1082000000.0,2584000000.0,3110000000.0,3110000000.0,0.0,,,,,12000000.0,383000000.0,1.0,249731250.0,249731250.0,,12.453,16994000000.0,0.0,104000000.0,495000000.0,68.049,1757000000.0
56,TXT,MRQ,2007-06-30,2007-06-30,2007-06-30,2021-07-29,-564000000.0,18123000000.0,,4734000000.0,13389000000.0,,11.77,-79000000.0,697000000.0,697000000.0,2374000000.0,210000000.0,1.5,5.179,8732000000.0,86000000.0,8646000000.0,8732000000.0,0.0,79000000.0,0.0,0.014,0.194,416000000.0,495000000.0,0.153,495000000.0,416000000.0,292000000.0,0.84,0.83,0.84,2933000000.0,,2933000000.0,21894233188.0,14.0,11.867,111000000.0,0.445,1.0,861000000.0,0.266,1431000000.0,124000000.0,21570000000.0,,2518000000.0,8253000000.0,0.0,8253000000.0,15190000000.0,3157000000.0,12033000000.0,13719233188.0,112000000.0,0.0,5000000.0,-119000000.0,-48000000.0,-162000000.0,77000000.0,143000000.0,190000000.0,7000000.0,210000000.0,210000000.0,210000000.0,5000000.0,0.0,0.065,440000000.0,421000000.0,936000000.0,0.231,4.678,17.817,17.992,1807000000.0,0.0,55.055,1.171,1.171,1075000000.0,6509000000.0,3235000000.0,3235000000.0,0.0,,,,,10000000.0,429000000.0,1.0,249191412.0,249191412.0,,12.982,16692000000.0,0.0,82000000.0,492000000.0,66.985,1577000000.0
57,TXT,MRQ,2007-03-31,2007-03-31,2007-03-31,2021-07-29,-631000000.0,17702000000.0,,4420000000.0,13282000000.0,,10.688,-60000000.0,585000000.0,585000000.0,2180000000.0,196000000.0,1.434,5.61,8760000000.0,83000000.0,8677000000.0,8760000000.0,0.0,74000000.0,0.0,0.017,0.194,405000000.0,479000000.0,0.162,479000000.0,405000000.0,282000000.0,0.78,0.77,0.78,2678000000.0,,2678000000.0,19132339225.0,14.0,11.402,-130000000.0,-0.519,1.0,784000000.0,0.265,1426000000.0,123000000.0,21369000000.0,,2342000000.0,8168000000.0,0.0,8168000000.0,15024000000.0,3082000000.0,11942000000.0,11250339225.0,-195000000.0,0.0,-145000000.0,52000000.0,-49000000.0,-142000000.0,16000000.0,45000000.0,-70000000.0,1000000.0,196000000.0,196000000.0,196000000.0,2000000.0,0.0,0.066,377000000.0,407000000.0,897000000.0,0.249,4.201,17.886,18.032,1776000000.0,0.0,44.9,0.995,0.995,1079000000.0,6347000000.0,2964000000.0,2964000000.0,0.0,,,,,8000000.0,372000000.0,1.0,250564348.0,250564348.0,,11.829,16276000000.0,0.0,86000000.0,481000000.0,64.957,1338000000.0
58,TXT,MRQ,2006-12-31,2006-12-30,2006-12-30,2021-07-29,-644000000.0,17550000000.0,,4287000000.0,13263000000.0,,10.558,-192000000.0,780000000.0,780000000.0,2010000000.0,195000000.0,1.432,5.625,8662000000.0,80000000.0,8582000000.0,8662000000.0,0.0,69000000.0,0.0,0.017,0.194,377000000.0,446000000.0,0.166,446000000.0,377000000.0,259000000.0,0.77,0.76,0.77,2649000000.0,,2649000000.0,19352971367.0,15.0,12.233,250000000.0,0.996,1.0,674000000.0,0.251,1426000000.0,118000000.0,21012000000.0,,2069000000.0,8217000000.0,0.0,8217000000.0,14901000000.0,2994000000.0,11907000000.0,11762971367.0,-42000000.0,-494000000.0,-19000000.0,197000000.0,-49000000.0,159000000.0,-649000000.0,16000000.0,442000000.0,6000000.0,195000000.0,195000000.0,195000000.0,-12000000.0,0.0,0.073,309000000.0,365000000.0,814000000.0,0.252,4.441,19.572,19.951,1773000000.0,0.0,46.885,1.072,1.072,964000000.0,6211000000.0,2684000000.0,2684000000.0,0.0,,,,,8000000.0,301000000.0,1.0,250889866.0,250889866.0,,10.698,16124000000.0,0.0,64000000.0,497000000.0,64.267,1293000000.0
59,TXT,MRQ,2006-09-30,2006-09-30,2006-09-30,2021-07-29,-82000000.0,17442000000.0,,4404000000.0,13038000000.0,,12.086,-89000000.0,822000000.0,822000000.0,2099000000.0,169000000.0,1.558,4.736,8412000000.0,6000000.0,8406000000.0,8412000000.0,0.0,72000000.0,0.0,0.017,0.194,353000000.0,425000000.0,0.15,425000000.0,353000000.0,236000000.0,0.67,0.66,0.67,3041000000.0,,3041000000.0,18838766538.0,16.0,12.746,213000000.0,0.847,1.0,738000000.0,0.26,1201000000.0,117000000.0,21005000000.0,,2128000000.0,8044000000.0,0.0,8044000000.0,14401000000.0,2826000000.0,11575000000.0,11047766538.0,497000000.0,0.0,-132000000.0,236000000.0,-48000000.0,64000000.0,121000000.0,-447000000.0,302000000.0,10000000.0,169000000.0,169000000.0,169000000.0,6000000.0,0.0,0.06,379000000.0,359000000.0,860000000.0,0.29,3.633,21.084,21.552,1630000000.0,0.0,43.75,1.005,1.002,962000000.0,6065000000.0,2837000000.0,2837000000.0,0.0,,,,,5000000.0,369000000.0,1.0,252520378.0,251618000.0,256758000.0,11.275,16241000000.0,0.0,67000000.0,478000000.0,64.546,1578000000.0
60,TXT,MRQ,2006-06-30,2006-07-01,2006-07-01,2021-07-29,-69000000.0,17350000000.0,,4856000000.0,12494000000.0,,11.763,-73000000.0,325000000.0,325000000.0,2081000000.0,69000000.0,1.476,4.741,8116000000.0,164000000.0,7952000000.0,8116000000.0,0.0,72000000.0,0.0,0.016,0.194,256000000.0,328000000.0,0.116,328000000.0,256000000.0,147000000.0,0.27,0.265,0.27,3022000000.0,,3022000000.0,19154274630.0,24.0,17.735,83000000.0,0.323,1.0,739000000.0,0.262,1190000000.0,109000000.0,20660000000.0,,2072000000.0,7540000000.0,0.0,7540000000.0,14328000000.0,3291000000.0,11037000000.0,11992274630.0,-220000000.0,0.0,-318000000.0,395000000.0,-50000000.0,22000000.0,-403000000.0,-341000000.0,156000000.0,5000000.0,69000000.0,69000000.0,69000000.0,108000000.0,0.0,0.024,375000000.0,364000000.0,943000000.0,0.719,3.968,62.787,61.866,1597000000.0,0.0,46.09,1.136,1.122,1024000000.0,5944000000.0,2820000000.0,2820000000.0,0.0,,,,,10000000.0,376000000.0,1.0,260192550.0,256906000.0,262588000.0,10.977,16160000000.0,0.0,78000000.0,465000000.0,62.902,1565000000.0
61,TXT,MRQ,2006-03-31,2006-04-01,2006-04-01,2021-07-29,-77000000.0,17050000000.0,,5073000000.0,11977000000.0,,12.787,-58000000.0,545000000.0,545000000.0,1955000000.0,168000000.0,1.61,4.125,7707000000.0,202000000.0,7505000000.0,7707000000.0,0.0,66000000.0,0.0,0.015,0.194,317000000.0,383000000.0,0.146,383000000.0,317000000.0,223000000.0,0.645,0.63,0.645,3327000000.0,,3327000000.0,18920199320.0,24.0,17.326,11000000.0,0.042,1.0,677000000.0,0.257,1180000000.0,94000000.0,19882000000.0,,1925000000.0,7105000000.0,0.0,7105000000.0,13723000000.0,3150000000.0,10573000000.0,12362199320.0,-251000000.0,0.0,-119000000.0,373000000.0,-97000000.0,156000000.0,-478000000.0,-426000000.0,69000000.0,2000000.0,168000000.0,168000000.0,168000000.0,-10000000.0,0.0,0.064,370000000.0,307000000.0,854000000.0,0.301,3.716,50.458,49.941,1577000000.0,0.0,46.695,1.188,1.168,1006000000.0,5924000000.0,2632000000.0,2632000000.0,0.0,,,,,7000000.0,361000000.0,1.0,264743534.0,260186000.0,265712000.0,10.116,15870000000.0,0.0,55000000.0,460000000.0,60.995,1923000000.0
62,TXT,MRQ,2005-12-31,2005-12-31,2005-12-31,2021-07-29,-78000000.0,16499000000.0,,4975000000.0,11524000000.0,,12.374,-161000000.0,796000000.0,796000000.0,1982000000.0,118000000.0,1.581,4.036,7354000000.0,275000000.0,7079000000.0,7354000000.0,0.0,82000000.0,0.0,0.018,0.175,260000000.0,342000000.0,0.127,342000000.0,260000000.0,174000000.0,0.445,0.43,0.445,3276000000.0,,3276000000.0,16465978624.0,23.0,16.159,127000000.0,0.48,1.0,719000000.0,0.266,1148000000.0,86000000.0,18762000000.0,,1712000000.0,6667000000.0,0.0,6667000000.0,13223000000.0,3147000000.0,10076000000.0,10189978624.0,229000000.0,-5000000.0,-170000000.0,522000000.0,0.0,366000000.0,-422000000.0,-302000000.0,288000000.0,-3000000.0,118000000.0,118000000.0,118000000.0,50000000.0,0.0,0.044,409000000.0,310000000.0,677000000.0,0.393,3.11,50.197,50.645,1574000000.0,0.0,38.49,1.015,1.015,891000000.0,5808000000.0,2701000000.0,2701000000.0,0.0,,,,,9000000.0,376000000.0,1.0,264743534.0,264743534.0,,10.202,15351000000.0,0.0,56000000.0,461000000.0,57.984,1828000000.0
63,TXT,MRQ,2005-09-30,2005-10-01,2005-10-01,2021-07-29,-151000000.0,15901000000.0,,4360000000.0,11541000000.0,,12.358,-67000000.0,601000000.0,601000000.0,1787000000.0,-164000000.0,1.662,3.84,6877000000.0,23000000.0,6854000000.0,6877000000.0,0.0,75000000.0,0.0,0.02,0.175,-48000000.0,27000000.0,0.011,27000000.0,-48000000.0,-112000000.0,-0.615,-0.6,-0.615,3285000000.0,,3285000000.0,15602764506.0,22.0,16.511,210000000.0,0.79,1.0,618000000.0,0.257,1273000000.0,64000000.0,18280000000.0,,1947000000.0,6341000000.0,0.0,6341000000.0,12616000000.0,2624000000.0,9992000000.0,9593764506.0,-54000000.0,-1000000.0,-154000000.0,263000000.0,-47000000.0,65000000.0,-397000000.0,-353000000.0,277000000.0,1000000.0,-164000000.0,-164000000.0,-164000000.0,310000000.0,0.0,-0.068,356000000.0,262000000.0,944000000.0,-0.285,2.92,45.685,46.571,1841000000.0,0.0,35.86,1.163,1.155,1290000000.0,5736000000.0,2405000000.0,2405000000.0,0.0,,,,,5000000.0,350000000.0,1.0,267533868.0,265820000.0,271258000.0,9.047,14628000000.0,0.0,52000000.0,474000000.0,55.03,1736000000.0
64,TXT,MRQ,2005-06-30,2005-07-02,2005-07-02,2021-07-29,-173000000.0,15921000000.0,,4326000000.0,11595000000.0,,13.388,-73000000.0,661000000.0,661000000.0,2029000000.0,123000000.0,1.674,3.418,6670000000.0,24000000.0,6646000000.0,6670000000.0,0.0,75000000.0,0.0,0.018,0.175,265000000.0,340000000.0,0.127,340000000.0,265000000.0,193000000.0,0.46,0.445,0.46,3604000000.0,,3604000000.0,16601657958.0,17.0,13.72,358000000.0,1.33,1.0,638000000.0,0.239,1608000000.0,72000000.0,17737000000.0,,1846000000.0,5995000000.0,0.0,5995000000.0,12317000000.0,2585000000.0,9732000000.0,10310657958.0,97000000.0,-23000000.0,-97000000.0,-184000000.0,-47000000.0,-331000000.0,11000000.0,102000000.0,431000000.0,-14000000.0,123000000.0,123000000.0,123000000.0,-5000000.0,0.0,0.046,378000000.0,260000000.0,941000000.0,0.38,2.861,21.616,21.705,1842000000.0,0.0,38.2,1.228,1.225,1315000000.0,5946000000.0,2667000000.0,2667000000.0,0.0,,,,,14000000.0,336000000.0,1.0,269912512.0,269206000.0,275164000.0,9.907,14313000000.0,0.0,70000000.0,457000000.0,53.167,1741000000.0
65,TXT,MRQ,2005-03-31,2005-04-02,2005-04-02,2021-07-29,-135000000.0,16085000000.0,,4282000000.0,11803000000.0,,13.473,-58000000.0,560000000.0,560000000.0,1667000000.0,126000000.0,1.683,3.418,6851000000.0,24000000.0,6827000000.0,6851000000.0,0.0,71000000.0,0.0,0.018,0.175,239000000.0,310000000.0,0.137,310000000.0,239000000.0,171000000.0,0.465,0.455,0.465,3641000000.0,,3641000000.0,16057156386.0,18.0,13.83,-18000000.0,-0.067,1.0,603000000.0,0.266,1636000000.0,68000000.0,18195000000.0,,1833000000.0,6101000000.0,0.0,6101000000.0,12444000000.0,2545000000.0,9899000000.0,10215156386.0,-173000000.0,0.0,-70000000.0,349000000.0,-95000000.0,183000000.0,-387000000.0,-344000000.0,40000000.0,-9000000.0,126000000.0,126000000.0,126000000.0,-42000000.0,0.0,0.056,406000000.0,197000000.0,885000000.0,0.376,2.806,22.5,22.765,1873000000.0,0.0,37.79,1.238,1.238,1327000000.0,5870000000.0,2270000000.0,2270000000.0,0.0,,,,,0.0,340000000.0,1.0,270313744.0,270254000.0,276566000.0,8.4,14449000000.0,0.0,45000000.0,449000000.0,53.465,1737000000.0
66,TXT,MRQ,2004-12-31,2005-01-01,2005-01-01,2021-07-29,-97000000.0,15875000000.0,,5097000000.0,10778000000.0,,13.278,-56000000.0,697000000.0,697000000.0,477000000.0,125000000.0,1.618,3.347,6553000000.0,420000000.0,6133000000.0,6553000000.0,0.0,24000000.0,0.0,0.018,0.175,244000000.0,268000000.0,0.295,268000000.0,244000000.0,183000000.0,0.46,0.435,0.46,3652000000.0,,3652000000.0,15724028250.0,20.0,14.89,68000000.0,0.247,1.0,432000000.0,0.475,1204000000.0,61000000.0,17377000000.0,,1536000000.0,5738000000.0,0.0,5738000000.0,12223000000.0,3150000000.0,9073000000.0,10149028250.0,-75000000.0,-11000000.0,-182000000.0,105000000.0,0.0,-77000000.0,-116000000.0,-29000000.0,124000000.0,26000000.0,125000000.0,125000000.0,125000000.0,10000000.0,0.0,0.138,189000000.0,243000000.0,508000000.0,0.38,2.779,27.806,27.744,1513000000.0,0.0,36.9,1.22,1.22,843000000.0,5792000000.0,909000000.0,909000000.0,0.0,,,,,8000000.0,205000000.0,1.0,275041416.0,275041416.0,,3.305,14671000000.0,0.0,58000000.0,453000000.0,53.341,1947000000.0
67,TXT,MRQ,2004-09-30,2004-10-02,2004-10-02,2021-07-29,-65000000.0,15552000000.0,,3922000000.0,11630000000.0,,13.673,-68000000.0,810000000.0,810000000.0,1975000000.0,103000000.0,1.435,3.124,6385000000.0,395000000.0,5990000000.0,6385000000.0,0.0,86000000.0,0.0,0.02,0.163,206000000.0,292000000.0,0.115,292000000.0,206000000.0,145000000.0,0.375,0.375,0.375,3771000000.0,,3771000000.0,14553830035.0,21.0,14.927,299000000.0,1.084,1.0,574000000.0,0.225,1623000000.0,61000000.0,16771000000.0,,1663000000.0,5519000000.0,0.0,5519000000.0,11781000000.0,2733000000.0,9048000000.0,9073830035.0,-64000000.0,-1000000.0,-67000000.0,143000000.0,-45000000.0,31000000.0,-472000000.0,-441000000.0,367000000.0,10000000.0,103000000.0,103000000.0,103000000.0,0.0,0.0,0.04,370000000.0,204000000.0,877000000.0,0.435,2.406,28.092,27.86,1878000000.0,0.0,32.735,1.093,1.087,1143000000.0,5714000000.0,2549000000.0,2549000000.0,0.0,,,,,0.0,340000000.0,1.0,277190470.0,275792000.0,281236000.0,9.242,13929000000.0,0.0,42000000.0,450000000.0,50.505,1189000000.0
68,TXT,MRQ,2004-06-30,2004-07-03,2004-07-03,2021-07-29,-99000000.0,15436000000.0,,4124000000.0,11312000000.0,,13.615,-57000000.0,873000000.0,873000000.0,1936000000.0,100000000.0,1.385,3.115,6353000000.0,688000000.0,5665000000.0,6353000000.0,0.0,86000000.0,0.0,0.022,0.163,205000000.0,291000000.0,0.115,291000000.0,205000000.0,145000000.0,0.36,0.36,0.36,3751000000.0,,3751000000.0,13601350621.0,21.0,14.996,256000000.0,0.929,1.0,587000000.0,0.233,1619000000.0,60000000.0,16319000000.0,,1648000000.0,5250000000.0,0.0,5250000000.0,11685000000.0,2978000000.0,8707000000.0,7994350621.0,181000000.0,10000000.0,41000000.0,89000000.0,-45000000.0,85000000.0,-231000000.0,-205000000.0,313000000.0,-2000000.0,100000000.0,100000000.0,100000000.0,0.0,0.0,0.04,373000000.0,214000000.0,926000000.0,0.453,2.131,29.941,29.79,1875000000.0,0.0,29.045,1.001,1.002,1247000000.0,5656000000.0,2523000000.0,2523000000.0,0.0,,,,,0.0,342000000.0,1.0,275240166.0,275498000.0,280574000.0,9.158,13817000000.0,0.0,45000000.0,406000000.0,50.153,1146000000.0
69,TXT,MRQ,2004-03-31,2004-04-03,2004-04-03,2021-07-29,-80000000.0,15061000000.0,,3862000000.0,11199000000.0,,13.313,-53000000.0,689000000.0,689000000.0,1818000000.0,37000000.0,1.369,3.117,6296000000.0,700000000.0,5596000000.0,6296000000.0,0.0,84000000.0,0.0,0.024,0.163,121000000.0,205000000.0,0.088,205000000.0,121000000.0,57000000.0,0.135,0.13,0.135,3658000000.0,,3658000000.0,13034404815.0,22.0,14.965,93000000.0,0.338,1.0,519000000.0,0.222,1626000000.0,64000000.0,16220000000.0,,1567000000.0,5034000000.0,0.0,5034000000.0,11403000000.0,2822000000.0,8581000000.0,7417404815.0,-153000000.0,0.0,-20000000.0,-250000000.0,-45000000.0,-315000000.0,1000000.0,14000000.0,146000000.0,-1000000.0,37000000.0,37000000.0,37000000.0,4000000.0,0.0,0.016,394000000.0,125000000.0,874000000.0,1.207,2.028,32.25,31.676,1904000000.0,0.0,26.925,0.928,0.926,1244000000.0,5601000000.0,2337000000.0,2337000000.0,0.0,,,,,0.0,322000000.0,1.0,275483930.0,274760000.0,280458000.0,8.506,13435000000.0,0.0,20000000.0,386000000.0,48.897,1040000000.0
70,TXT,MRQ,2003-12-31,2004-01-03,2004-01-03,2021-07-29,-64000000.0,15171000000.0,,3705000000.0,11466000000.0,,13.564,-86000000.0,838000000.0,838000000.0,562000000.0,83000000.0,1.585,3.111,6434000000.0,316000000.0,6118000000.0,6434000000.0,0.0,19000000.0,0.0,0.023,0.163,168000000.0,187000000.0,0.209,187000000.0,168000000.0,98000000.0,0.305,0.3,0.305,3690000000.0,,3690000000.0,14463831274.0,22.0,15.687,455000000.0,1.673,1.0,333000000.0,0.372,1628000000.0,70000000.0,16802000000.0,,1503000000.0,5016000000.0,0.0,5016000000.0,11481000000.0,2337000000.0,9144000000.0,7778831274.0,611000000.0,-3000000.0,55000000.0,-386000000.0,-89000000.0,-519000000.0,584000000.0,241000000.0,541000000.0,21000000.0,83000000.0,83000000.0,83000000.0,21000000.0,0.0,0.093,144000000.0,189000000.0,689000000.0,0.534,2.108,30.034,29.942,1901000000.0,0.0,28.595,0.966,0.966,1124000000.0,5606000000.0,895000000.0,895000000.0,0.0,,,,,0.0,148000000.0,1.0,272034666.0,272034666.0,,3.29,13543000000.0,0.0,15000000.0,390000000.0,49.784,1368000000.0
71,TXT,MRQ,2003-09-30,2003-09-27,2003-09-27,2021-07-29,-111000000.0,15550000000.0,,3696000000.0,11854000000.0,,13.05,-114000000.0,232000000.0,232000000.0,1723000000.0,47000000.0,1.517,3.393,6917000000.0,313000000.0,6604000000.0,6917000000.0,0.0,85000000.0,0.0,0.032,0.163,139000000.0,224000000.0,0.1,224000000.0,139000000.0,70000000.0,0.175,0.17,0.175,3540000000.0,,3540000000.0,12315175119.0,17.0,11.371,79000000.0,0.291,1.0,508000000.0,0.228,1606000000.0,69000000.0,18192000000.0,,1525000000.0,5827000000.0,0.0,5827000000.0,12010000000.0,2437000000.0,9573000000.0,5434175119.0,-139000000.0,1000000.0,10000000.0,-123000000.0,-44000000.0,-165000000.0,-261000000.0,-230000000.0,193000000.0,-5000000.0,47000000.0,47000000.0,47000000.0,0.0,0.0,0.021,369000000.0,139000000.0,770000000.0,0.931,1.535,17.701,17.982,1905000000.0,0.0,20.05,0.552,0.552,1350000000.0,5569000000.0,2231000000.0,2231000000.0,0.0,,,,,0.0,309000000.0,1.0,271031178.0,271254000.0,273656000.0,8.225,13944000000.0,129000000.0,23000000.0,455000000.0,51.406,1259000000.0
72,TXT,MRQ,2003-06-30,2003-06-28,2003-06-28,2021-07-29,-90000000.0,15926000000.0,,3914000000.0,12012000000.0,,13.085,-5000000.0,371000000.0,371000000.0,1959000000.0,63000000.0,1.484,3.487,7252000000.0,512000000.0,6740000000.0,7252000000.0,0.0,86000000.0,0.0,0.034,0.163,169000000.0,255000000.0,0.101,255000000.0,169000000.0,101000000.0,0.235,0.23,0.235,3543000000.0,,3543000000.0,12020598411.0,16.0,10.742,234000000.0,0.864,1.0,571000000.0,0.226,1640000000.0,68000000.0,18529000000.0,,1626000000.0,5854000000.0,0.0,5854000000.0,12356000000.0,2638000000.0,9718000000.0,5183598411.0,-86000000.0,1000000.0,-20000000.0,-636000000.0,-44000000.0,-700000000.0,380000000.0,382000000.0,239000000.0,14000000.0,63000000.0,63000000.0,63000000.0,22000000.0,0.0,0.025,373000000.0,198000000.0,795000000.0,0.694,1.463,15.66,16.054,1961000000.0,0.0,19.185,0.513,0.514,1385000000.0,5566000000.0,2530000000.0,2530000000.0,0.0,,,,,0.0,323000000.0,1.0,270190170.0,270760000.0,272514000.0,9.344,14286000000.0,52000000.0,38000000.0,434000000.0,52.763,1276000000.0
73,TXT,MRQ,2003-03-31,2003-03-29,2003-03-29,2021-07-29,-211000000.0,16279000000.0,,4085000000.0,12194000000.0,,12.549,-40000000.0,457000000.0,457000000.0,1862000000.0,66000000.0,1.661,3.62,7294000000.0,230000000.0,7064000000.0,7294000000.0,0.0,89000000.0,0.0,0.046,0.163,167000000.0,256000000.0,0.107,256000000.0,167000000.0,99000000.0,0.24,0.24,0.24,3413000000.0,,3413000000.0,10089139520.0,12.0,8.493,-38000000.0,-0.14,1.0,537000000.0,0.224,1635000000.0,68000000.0,19022000000.0,,1755000000.0,6228000000.0,0.0,6228000000.0,12354000000.0,2459000000.0,9895000000.0,3845139520.0,150000000.0,15000000.0,-42000000.0,637000000.0,-45000000.0,550000000.0,-340000000.0,-348000000.0,2000000.0,2000000.0,66000000.0,66000000.0,66000000.0,0.0,0.0,0.028,379000000.0,158000000.0,880000000.0,0.679,1.127,10.309,10.592,1937000000.0,0.0,14.14,0.37,0.37,1323000000.0,5547000000.0,2399000000.0,2399000000.0,0.0,,,,,0.0,327000000.0,1.0,271933488.0,271982000.0,274118000.0,8.82,14644000000.0,18000000.0,33000000.0,418000000.0,53.842,1626000000.0
74,TXT,MRQ,2002-12-31,2002-12-28,2002-12-28,2021-07-29,-225000000.0,15514000000.0,,3939000000.0,11575000000.0,,12.388,-119000000.0,307000000.0,307000000.0,2071000000.0,131000000.0,1.719,3.555,6575000000.0,25000000.0,6550000000.0,6575000000.0,0.0,96000000.0,0.0,0.031,0.163,252000000.0,348000000.0,0.129,348000000.0,252000000.0,183000000.0,0.465,0.465,0.465,3406000000.0,,3406000000.0,12683735200.0,36.0,17.94,410000000.0,1.491,1.0,619000000.0,0.23,1569000000.0,69000000.0,17921000000.0,,1566000000.0,5389000000.0,0.0,5389000000.0,12108000000.0,2292000000.0,9816000000.0,5795735200.0,99000000.0,-12000000.0,-40000000.0,-331000000.0,-45000000.0,-416000000.0,-40000000.0,41000000.0,529000000.0,3000000.0,131000000.0,131000000.0,131000000.0,-15000000.0,0.0,0.049,375000000.0,244000000.0,857000000.0,0.351,1.702,-46.74,-46.844,1955000000.0,0.0,21.08,0.564,0.564,1159000000.0,5526000000.0,2690000000.0,2690000000.0,0.0,,,,,0.0,300000000.0,1.0,274940000.0,274940000.0,,9.784,13945000000.0,193000000.0,52000000.0,398000000.0,50.72,1647000000.0
75,TXT,MRQ,2002-09-30,2002-09-28,2002-09-28,2021-07-29,-215000000.0,15802000000.0,,3716000000.0,12086000000.0,,12.216,-44000000.0,203000000.0,203000000.0,1910000000.0,71000000.0,1.497,3.54,7091000000.0,216000000.0,6875000000.0,7091000000.0,0.0,86000000.0,0.0,0.037,0.163,174000000.0,260000000.0,0.105,260000000.0,174000000.0,94000000.0,0.255,0.255,0.255,3368000000.0,,3368000000.0,11439754430.0,18.0,11.304,71000000.0,0.258,1.0,575000000.0,0.231,1621000000.0,80000000.0,18586000000.0,,1773000000.0,6092000000.0,0.0,6092000000.0,11922000000.0,2483000000.0,9439000000.0,4810754430.0,-413000000.0,0.0,-39000000.0,-188000000.0,0.0,-227000000.0,-326000000.0,-273000000.0,115000000.0,1000000.0,71000000.0,71000000.0,71000000.0,4000000.0,0.0,0.029,391000000.0,184000000.0,889000000.0,0.639,1.428,2405.377,3483.0,1979000000.0,0.0,17.415,0.455,0.454,1325000000.0,5439000000.0,2485000000.0,2485000000.0,0.0,,,,,0.0,313000000.0,1.0,276242000.0,275696000.0,278290000.0,9.014,14181000000.0,0.0,23000000.0,406000000.0,51.437,1233000000.0
76,TXT,MRQ,2002-06-30,2002-06-29,2002-06-29,2021-07-29,-180000000.0,15992000000.0,,4104000000.0,11888000000.0,,12.238,-46000000.0,616000000.0,616000000.0,2174000000.0,105000000.0,1.449,3.534,7245000000.0,537000000.0,6708000000.0,7245000000.0,0.0,83000000.0,0.0,0.021,0.163,241000000.0,324000000.0,0.115,324000000.0,241000000.0,168000000.0,0.375,0.37,0.375,3414000000.0,,3414000000.0,13037216200.0,72.0,22.097,193000000.0,0.692,1.0,650000000.0,0.23,1622000000.0,73000000.0,18166000000.0,,1779000000.0,5836000000.0,0.0,5836000000.0,12066000000.0,2833000000.0,9233000000.0,6561216200.0,236000000.0,84000000.0,-94000000.0,281000000.0,-91000000.0,96000000.0,-112000000.0,-149000000.0,239000000.0,13000000.0,105000000.0,105000000.0,105000000.0,0.0,0.0,0.037,402000000.0,248000000.0,974000000.0,0.435,1.922,-16.444,-16.514,2014000000.0,0.0,23.45,0.602,0.601,1293000000.0,5413000000.0,2824000000.0,2824000000.0,0.0,,,,,0.0,373000000.0,1.0,279796000.0,278972000.0,283198000.0,10.123,14370000000.0,0.0,63000000.0,383000000.0,51.511,1271000000.0
77,TXT,MRQ,2002-03-31,2002-03-30,2002-03-30,2021-07-29,-237000000.0,16027000000.0,,3812000000.0,12215000000.0,,13.821,-42000000.0,380000000.0,380000000.0,1877000000.0,-431000000.0,1.331,2.998,6856000000.0,627000000.0,6229000000.0,6856000000.0,0.0,91000000.0,0.0,0.019,0.163,-325000000.0,-234000000.0,-0.097,-234000000.0,-325000000.0,-402000000.0,-1.535,-1.52,-1.535,3881000000.0,,3881000000.0,13017689775.0,52.0,18.361,-249000000.0,-0.887,1.0,541000000.0,0.224,2149000000.0,77000000.0,17490000000.0,,1836000000.0,5614000000.0,0.0,5614000000.0,11634000000.0,2864000000.0,8770000000.0,7155689775.0,120000000.0,-45000000.0,-51000000.0,680000000.0,-46000000.0,583000000.0,-256000000.0,-163000000.0,-207000000.0,0.0,-431000000.0,-431000000.0,-431000000.0,0.0,0.0,-0.178,372000000.0,169000000.0,891000000.0,-0.106,1.844,-18.93,-18.926,1991000000.0,0.0,25.55,0.63,0.632,1147000000.0,5841000000.0,2418000000.0,2418000000.0,0.0,,,,,0.0,328000000.0,1.0,280066136.0,280806000.0,283922000.0,8.611,13878000000.0,0.0,29000000.0,361000000.0,49.422,948000000.0
78,TXT,MRQ,2001-12-31,2001-12-29,2001-12-29,2021-07-29,-223000000.0,16052000000.0,,4017000000.0,12035000000.0,,13.925,-67000000.0,260000000.0,260000000.0,2218000000.0,257000000.0,1.306,2.95,6122000000.0,673000000.0,5449000000.0,6122000000.0,0.0,105000000.0,0.0,0.023,0.163,557000000.0,662000000.0,0.233,662000000.0,557000000.0,472000000.0,0.91,0.905,0.91,3934000000.0,,3934000000.0,13404127200.0,15.0,9.777,813000000.0,2.878,1.0,620000000.0,0.218,2169000000.0,85000000.0,16670000000.0,,1727000000.0,5492000000.0,0.0,5492000000.0,11605000000.0,3075000000.0,8530000000.0,5989127200.0,-39000000.0,654000000.0,0.0,-1591000000.0,-46000000.0,-1637000000.0,724000000.0,247000000.0,880000000.0,5000000.0,257000000.0,257000000.0,257000000.0,308000000.0,0.0,0.091,-255000000.0,875000000.0,994000000.0,0.179,1.522,36.079,36.239,2044000000.0,0.0,21.2,0.5,0.5,2169000000.0,5829000000.0,2838000000.0,2838000000.0,0.0,,,,,0.0,333000000.0,1.0,282506000.0,282506000.0,,10.046,13883000000.0,0.0,215000000.0,357000000.0,49.142,942000000.0
79,TXT,MRQ,2001-09-30,2001-09-29,2001-09-29,2021-07-29,-214000000.0,17138000000.0,,4222000000.0,12916000000.0,,13.209,-116000000.0,299000000.0,299000000.0,2385000000.0,-330000000.0,1.073,3.457,7714000000.0,1353000000.0,6361000000.0,7714000000.0,0.0,129000000.0,0.0,0.029,0.0,-291000000.0,-162000000.0,-0.058,-162000000.0,-291000000.0,-399000000.0,-1.17,-1.17,-1.17,3730000000.0,,3730000000.0,12185958970.0,51.0,16.14,14000000.0,0.05,1.0,425000000.0,0.151,2183000000.0,108000000.0,18434000000.0,,2018000000.0,5780000000.0,0.0,5780000000.0,12895000000.0,3936000000.0,8959000000.0,4744958970.0,56000000.0,-5000000.0,1000000.0,157000000.0,-46000000.0,112000000.0,-186000000.0,-49000000.0,130000000.0,0.0,-330000000.0,-330000000.0,-330000000.0,0.0,0.0,-0.117,713000000.0,-288000000.0,1117000000.0,0.0,1.272,-15.356,-15.633,2560000000.0,0.0,16.805,0.381,0.381,1500000000.0,5618000000.0,2810000000.0,2810000000.0,0.0,,,,,0.0,355000000.0,1.0,282354000.0,282392000.0,282392000.0,9.951,14955000000.0,0.0,-69000000.0,396000000.0,52.958,286000000.0
80,TXT,MRQ,2001-06-30,2001-06-30,2001-06-30,2021-07-29,-236000000.0,17429000000.0,,4309000000.0,13120000000.0,,14.473,-139000000.0,243000000.0,243000000.0,2524000000.0,126000000.0,1.143,3.143,7684000000.0,1172000000.0,6512000000.0,7684000000.0,0.0,135000000.0,0.0,0.024,0.163,308000000.0,443000000.0,0.135,443000000.0,308000000.0,198000000.0,0.445,0.44,0.445,4083000000.0,,4083000000.0,14721860160.0,16.0,10.346,95000000.0,0.337,1.0,764000000.0,0.232,2421000000.0,110000000.0,18679000000.0,,2079000000.0,5917000000.0,0.0,5917000000.0,12833000000.0,3770000000.0,9063000000.0,7760860160.0,30000000.0,-392000000.0,8000000.0,508000000.0,-46000000.0,470000000.0,-674000000.0,-140000000.0,234000000.0,0.0,126000000.0,126000000.0,126000000.0,0.0,0.0,0.038,449000000.0,315000000.0,1159000000.0,0.366,1.901,43.357,42.667,2552000000.0,0.0,27.52,0.604,0.604,1524000000.0,5995000000.0,3288000000.0,3288000000.0,0.0,,,,,0.0,402000000.0,1.0,282008000.0,282110000.0,286822000.0,11.655,15008000000.0,0.0,72000000.0,422000000.0,53.199,539000000.0
81,TXT,MRQ,2001-03-31,2001-03-31,2001-03-31,2021-07-29,-220000000.0,16792000000.0,,4302000000.0,12490000000.0,,14.24,-123000000.0,213000000.0,213000000.0,2313000000.0,113000000.0,1.14,3.062,7174000000.0,1180000000.0,5994000000.0,7174000000.0,0.0,127000000.0,0.0,0.023,0.163,301000000.0,428000000.0,0.141,428000000.0,301000000.0,179000000.0,0.4,0.395,0.4,4008000000.0,,4008000000.0,14460738575.0,14.0,9.558,-378000000.0,-1.343,1.0,727000000.0,0.239,2449000000.0,122000000.0,17530000000.0,,2066000000.0,5323000000.0,0.0,5323000000.0,12272000000.0,3774000000.0,8498000000.0,7998738575.0,-76000000.0,-158000000.0,-29000000.0,438000000.0,-46000000.0,363000000.0,-184000000.0,93000000.0,-255000000.0,0.0,113000000.0,113000000.0,113000000.0,0.0,0.0,0.037,420000000.0,307000000.0,1184000000.0,0.407,1.996,34.477,34.448,2551000000.0,0.0,28.42,0.623,0.623,1517000000.0,5915000000.0,3040000000.0,3040000000.0,0.0,,,,,0.0,367000000.0,1.0,281447522.0,281466000.0,285504000.0,10.801,14343000000.0,0.0,66000000.0,441000000.0,50.958,528000000.0
82,TXT,MRQ,2000-12-31,2000-12-30,2000-12-30,2021-07-29,-172000000.0,16370000000.0,,3914000000.0,12456000000.0,,14.039,-113000000.0,289000000.0,289000000.0,2509000000.0,-218000000.0,1.2,2.97,6751000000.0,615000000.0,6136000000.0,6751000000.0,0.0,124000000.0,0.0,0.028,0.163,-78000000.0,46000000.0,0.014,46000000.0,-78000000.0,-200000000.0,-0.75,-0.74,-0.75,3994000000.0,,3994000000.0,13422485500.0,13.0,8.913,529000000.0,1.859,1.0,803000000.0,0.242,2340000000.0,122000000.0,17229000000.0,,1871000000.0,5473000000.0,0.0,5473000000.0,11864000000.0,3263000000.0,8601000000.0,6614485500.0,145000000.0,-10000000.0,-66000000.0,-207000000.0,-46000000.0,-319000000.0,-178000000.0,-54000000.0,642000000.0,0.0,-218000000.0,-218000000.0,-218000000.0,0.0,0.0,-0.066,874000000.0,-71000000.0,1200000000.0,-0.217,1.656,30.342,30.795,2568000000.0,0.0,23.25,0.505,0.505,1318000000.0,5848000000.0,3312000000.0,3312000000.0,0.0,,,,,0.0,380000000.0,1.0,284494000.0,284494000.0,,11.642,14030000000.0,0.0,18000000.0,392000000.0,49.316,651000000.0
83,TXT,MRQ,2000-09-30,2000-09-30,2000-09-30,2021-07-29,-212000000.0,16776000000.0,,3950000000.0,12826000000.0,,15.005,-112000000.0,144000000.0,144000000.0,2450000000.0,158000000.0,1.166,2.785,6952000000.0,825000000.0,6127000000.0,6952000000.0,0.0,123000000.0,0.0,0.028,0.163,383000000.0,506000000.0,0.158,506000000.0,383000000.0,251000000.0,0.55,0.54,0.55,4297000000.0,,4297000000.0,13893800750.0,9.0,7.003,108000000.0,0.377,1.0,758000000.0,0.236,2725000000.0,132000000.0,17472000000.0,,2032000000.0,5501000000.0,0.0,5501000000.0,11967000000.0,3387000000.0,8580000000.0,6624800750.0,-86000000.0,-29000000.0,-34000000.0,-486000000.0,-47000000.0,-567000000.0,261000000.0,392000000.0,220000000.0,0.0,158000000.0,158000000.0,158000000.0,0.0,0.0,0.049,369000000.0,389000000.0,1128000000.0,0.296,1.542,10.4,10.45,2507000000.0,0.0,23.095,0.499,0.498,1482000000.0,6111000000.0,3208000000.0,3208000000.0,0.0,,,,,0.0,358000000.0,1.0,286850000.0,286370000.0,290650000.0,11.202,14051000000.0,0.0,93000000.0,350000000.0,49.066,563000000.0
84,TXT,MRQ,2000-06-30,2000-07-01,2000-07-01,2021-07-29,-163000000.0,17413000000.0,,4086000000.0,13327000000.0,,14.842,-127000000.0,230000000.0,230000000.0,2493000000.0,179000000.0,1.166,2.954,7499000000.0,862000000.0,6637000000.0,7499000000.0,0.0,126000000.0,0.0,0.024,0.163,407000000.0,533000000.0,0.163,533000000.0,407000000.0,283000000.0,0.625,0.615,0.625,4274000000.0,,4274000000.0,14620393380.0,10.0,7.789,102000000.0,0.354,1.0,784000000.0,0.239,2764000000.0,124000000.0,18413000000.0,,2083000000.0,6015000000.0,0.0,6015000000.0,12627000000.0,3505000000.0,9122000000.0,7831393380.0,96000000.0,-36000000.0,-94000000.0,566000000.0,-48000000.0,424000000.0,-557000000.0,-386000000.0,229000000.0,0.0,179000000.0,179000000.0,179000000.0,0.0,0.0,0.055,370000000.0,414000000.0,1194000000.0,0.261,1.832,12.53,12.66,2529000000.0,0.0,27.155,0.612,0.611,1484000000.0,6001000000.0,3277000000.0,3277000000.0,0.0,,,,,0.0,361000000.0,1.0,288396000.0,287962000.0,292608000.0,11.38,14649000000.0,0.0,104000000.0,380000000.0,50.871,581000000.0
85,TXT,MRQ,2000-03-31,2000-04-01,2000-04-01,2021-07-29,-73000000.0,16917000000.0,,3992000000.0,12925000000.0,,14.773,-119000000.0,134000000.0,134000000.0,2575000000.0,99000000.0,1.113,2.796,6923000000.0,863000000.0,6060000000.0,6923000000.0,0.0,121000000.0,0.0,0.021,0.163,301000000.0,422000000.0,0.128,422000000.0,301000000.0,192000000.0,0.335,0.33,0.335,4322000000.0,,4322000000.0,15036715699.0,12.0,8.558,-187000000.0,-0.639,1.0,718000000.0,0.218,2789000000.0,109000000.0,17330000000.0,,2030000000.0,5675000000.0,0.0,5675000000.0,12083000000.0,3587000000.0,8496000000.0,8927715699.0,-75000000.0,-19000000.0,-145000000.0,634000000.0,-48000000.0,441000000.0,-448000000.0,-329000000.0,-68000000.0,0.0,99000000.0,99000000.0,99000000.0,0.0,0.0,0.03,352000000.0,366000000.0,1229000000.0,0.487,2.066,14.684,14.777,2480000000.0,0.0,30.44,0.72,0.718,1499000000.0,5868000000.0,3293000000.0,3293000000.0,0.0,,,,,0.0,346000000.0,1.0,293288952.0,292562000.0,297636000.0,11.256,14128000000.0,0.0,93000000.0,515000000.0,48.291,405000000.0
86,TXT,MRQ,1999-12-31,2000-01-01,2000-01-01,2021-07-29,-98000000.0,16393000000.0,,3735000000.0,12658000000.0,,14.713,-182000000.0,209000000.0,209000000.0,2677000000.0,201000000.0,1.147,2.628,6318000000.0,688000000.0,5630000000.0,6318000000.0,0.0,122000000.0,0.0,0.017,0.163,401000000.0,523000000.0,0.149,523000000.0,401000000.0,304000000.0,0.7,0.69,0.7,4377000000.0,,4377000000.0,15888947290.0,6.0,4.844,431000000.0,1.449,1.0,832000000.0,0.237,2807000000.0,97000000.0,16439000000.0,,1859000000.0,5465000000.0,0.0,5465000000.0,11504000000.0,3256000000.0,8248000000.0,11406947290.0,-201000000.0,-1046000000.0,-236000000.0,853000000.0,-4000000.0,613000000.0,-1427000000.0,-183000000.0,613000000.0,0.0,201000000.0,201000000.0,201000000.0,-31000000.0,0.0,0.057,455000000.0,377000000.0,1262000000.0,0.233,2.606,5.124,5.182,2484000000.0,0.0,38.345,0.962,0.962,1363000000.0,5817000000.0,3509000000.0,3509000000.0,0.0,,,,,0.0,445000000.0,1.0,297482000.0,297482000.0,,11.796,13586000000.0,0.0,103000000.0,394000000.0,45.67,479000000.0
87,TXT,MRQ,1999-09-30,1999-10-02,1999-10-02,2021-07-29,-86000000.0,15098000000.0,,4021000000.0,11077000000.0,,14.787,-128000000.0,410000000.0,410000000.0,2108000000.0,146000000.0,1.399,2.293,4892000000.0,194000000.0,4698000000.0,4892000000.0,0.0,111000000.0,0.0,0.017,0.163,288000000.0,399000000.0,0.147,399000000.0,288000000.0,236000000.0,0.485,0.475,0.485,4438000000.0,,4438000000.0,14779135000.0,5.0,4.079,238000000.0,0.793,1.0,601000000.0,0.222,2587000000.0,52000000.0,14119000000.0,,1968000000.0,4334000000.0,0.0,4334000000.0,10177000000.0,2874000000.0,7303000000.0,11376135000.0,152000000.0,-618000000.0,-30000000.0,937000000.0,-48000000.0,859000000.0,-1073000000.0,-355000000.0,366000000.0,0.0,146000000.0,146000000.0,146000000.0,0.0,0.0,0.054,307000000.0,294000000.0,1104000000.0,0.336,2.563,5.206,5.286,2389000000.0,0.0,37.875,1.022,1.021,1388000000.0,5665000000.0,2709000000.0,2709000000.0,0.0,,,,,0.0,300000000.0,1.0,300360000.0,300138000.0,306812000.0,9.026,12511000000.0,0.0,90000000.0,698000000.0,41.684,1147000000.0
88,TXT,MRQ,1999-06-30,1999-07-03,1999-07-03,2021-07-29,-86000000.0,13818000000.0,,3765000000.0,10053000000.0,,14.54,-124000000.0,258000000.0,258000000.0,2221000000.0,162000000.0,1.296,2.047,3661000000.0,218000000.0,3443000000.0,3661000000.0,0.0,108000000.0,0.0,0.014,0.163,305000000.0,413000000.0,0.143,413000000.0,305000000.0,259000000.0,0.54,0.525,0.54,4377000000.0,,4377000000.0,16259776420.0,6.0,4.556,14000000.0,0.047,1.0,666000000.0,0.231,2205000000.0,46000000.0,12111000000.0,,1828000000.0,3900000000.0,0.0,3900000000.0,8958000000.0,2905000000.0,6053000000.0,13164776420.0,-155000000.0,-753000000.0,-88000000.0,845000000.0,-49000000.0,708000000.0,-1001000000.0,-129000000.0,138000000.0,0.0,162000000.0,162000000.0,162000000.0,0.0,0.0,0.056,354000000.0,312000000.0,1069000000.0,0.302,3.008,6.036,6.136,2294000000.0,0.0,43.655,1.222,1.22,1372000000.0,5567000000.0,2887000000.0,2887000000.0,0.0,,,,,0.0,346000000.0,1.0,301564000.0,301024000.0,308192000.0,9.591,11613000000.0,0.0,97000000.0,859000000.0,38.578,860000000.0
89,TXT,MRQ,1999-03-31,1999-04-03,1999-04-03,2021-07-29,-79000000.0,13978000000.0,,4386000000.0,9592000000.0,,14.264,-98000000.0,413000000.0,413000000.0,2179000000.0,1717000000.0,1.349,2.102,3508000000.0,181000000.0,3327000000.0,3508000000.0,0.0,99000000.0,0.0,0.015,0.163,1846000000.0,1945000000.0,0.708,1945000000.0,1846000000.0,1808000000.0,5.63,5.5,5.63,4351000000.0,,4351000000.0,17291505094.0,6.0,4.897,-99000000.0,-0.325,1.0,570000000.0,0.207,2060000000.0,38000000.0,11761000000.0,,1700000000.0,4484000000.0,730000000.0,3754000000.0,9144000000.0,3252000000.0,5892000000.0,11900505094.0,360000000.0,3793000000.0,-347000000.0,-2745000000.0,-91000000.0,-3183000000.0,3544000000.0,-163000000.0,-1000000.0,0.0,1717000000.0,1717000000.0,1717000000.0,-1615000000.0,0.0,0.625,290000000.0,280000000.0,933000000.0,0.029,2.735,5.451,5.548,2150000000.0,0.0,39.25,1.147,1.154,1253000000.0,5454000000.0,2749000000.0,2749000000.0,0.0,,,,,0.0,284000000.0,1.0,303197582.0,305034000.0,312224000.0,9.012,11918000000.0,0.0,91000000.0,1344000000.0,39.071,1134000000.0
90,TXT,MRQ,1998-12-31,1999-01-02,1999-01-02,2021-07-29,-98000000.0,16393000000.0,,3735000000.0,12658000000.0,,13.813,-173000000.0,209000000.0,209000000.0,2147000000.0,160000000.0,1.147,2.628,6318000000.0,688000000.0,5630000000.0,6318000000.0,0.0,448000000.0,0.0,0.015,0.142,418000000.0,866000000.0,0.311,866000000.0,418000000.0,233000000.0,0.51,0.5,0.51,4377000000.0,,4377000000.0,16380781720.0,14.0,8.567,358000000.0,1.13,1.0,639000000.0,0.229,2807000000.0,185000000.0,16439000000.0,,1859000000.0,5465000000.0,0.0,5465000000.0,11504000000.0,3256000000.0,8248000000.0,12031781720.0,-7000000.0,-541000000.0,-404000000.0,904000000.0,-5000000.0,495000000.0,-1033000000.0,-324000000.0,531000000.0,0.0,160000000.0,160000000.0,160000000.0,0.0,0.0,0.057,360000000.0,279000000.0,1214000000.0,0.278,2.749,19.789,20.143,2484000000.0,0.0,37.97,1.219,1.219,1363000000.0,5817000000.0,2786000000.0,2786000000.0,0.0,,,,,0.0,356000000.0,1.0,316876000.0,316876000.0,,8.792,13586000000.0,0.0,73000000.0,394000000.0,42.875,479000000.0
91,TXT,MRQ,1998-09-30,1998-10-03,1998-10-03,2021-07-29,-89000000.0,12634000000.0,,4302000000.0,8332000000.0,,10.135,-106000000.0,60000000.0,60000000.0,1833000000.0,142000000.0,,2.844,4409000000.0,,,4409000000.0,0.0,93000000.0,0.0,0.019,0.142,252000000.0,345000000.0,0.147,345000000.0,252000000.0,212000000.0,0.435,0.425,0.435,3287000000.0,,3287000000.0,9618860000.0,10.0,6.069,141000000.0,0.435,1.0,519000000.0,0.221,1847000000.0,40000000.0,15136000000.0,,1650000000.0,4204000000.0,1193000000.0,3011000000.0,9347000000.0,,,9750860000.0,-40000000.0,-17000000.0,-276000000.0,61000000.0,-45000000.0,-260000000.0,-27000000.0,90000000.0,247000000.0,0.0,142000000.0,142000000.0,142000000.0,0.0,0.0,0.06,258000000.0,261000000.0,837000000.0,0.326,2.966,16.306,16.257,1994000000.0,0.0,29.75,1.035,1.024,1102000000.0,3671000000.0,2352000000.0,2352000000.0,0.0,,,,,0.0,252000000.0,1.0,327760000.0,324312000.0,332232000.0,7.252,10787000000.0,0.0,70000000.0,313000000.0,33.261,
92,TXT,MRQ,1998-06-30,1998-07-04,1998-07-04,2021-07-29,-92000000.0,19979000000.0,,,,,10.58,-114000000.0,132000000.0,132000000.0,1948000000.0,164000000.0,,4.631,0.0,,,0.0,0.0,86000000.0,0.0,0.015,0.142,289000000.0,375000000.0,0.151,375000000.0,289000000.0,250000000.0,0.5,0.49,0.5,3462000000.0,,3462000000.0,11923492720.0,12.0,7.839,30000000.0,0.092,1.0,536000000.0,0.216,1986000000.0,39000000.0,17861000000.0,,1602000000.0,883000000.0,,,16034000000.0,,,11953492720.0,80000000.0,-54000000.0,9000000.0,189000000.0,-46000000.0,152000000.0,-216000000.0,-64000000.0,144000000.0,0.0,164000000.0,164000000.0,164000000.0,0.0,0.0,0.066,349000000.0,187000000.0,985000000.0,0.284,3.453,20.124,20.182,2016000000.0,0.0,36.53,1.312,1.312,11533000000.0,3575000000.0,2484000000.0,2484000000.0,0.0,,,,,0.0,257000000.0,1.0,327224000.0,327226000.0,336054000.0,7.591,17993000000.0,0.0,86000000.0,0.0,54.986,
93,TXT,MRQ,1998-03-31,1998-04-04,1998-04-04,2021-07-29,-58000000.0,19496000000.0,,,,,10.325,-82000000.0,30000000.0,30000000.0,1765000000.0,142000000.0,,4.655,0.0,,,0.0,0.0,82000000.0,0.0,0.013,0.142,244000000.0,326000000.0,0.145,326000000.0,244000000.0,207000000.0,0.435,0.425,0.435,3362000000.0,,3362000000.0,23083559626.0,21.0,13.789,-43000000.0,-0.132,1.0,487000000.0,0.216,1917000000.0,37000000.0,17549000000.0,,1568000000.0,909000000.0,,,15651000000.0,,,12674559626.0,-23000000.0,-227000000.0,30000000.0,321000000.0,-47000000.0,304000000.0,-366000000.0,-52000000.0,39000000.0,0.0,142000000.0,142000000.0,142000000.0,0.0,0.0,0.063,247000000.0,240000000.0,964000000.0,0.326,3.77,22.043,22.197,1925000000.0,0.0,38.845,1.364,1.361,11353000000.0,3457000000.0,2252000000.0,2252000000.0,0.0,,,,,0.0,242000000.0,1.0,326285484.0,325618000.0,334310000.0,6.916,17579000000.0,0.0,65000000.0,0.0,53.987,
94,TXT,MRQ,1997-12-31,1998-01-03,1998-01-03,2021-07-29,-62000000.0,11330000000.0,,3698000000.0,7632000000.0,,9.893,-147000000.0,43000000.0,43000000.0,1861000000.0,150000000.0,1.727,2.36,3586000000.0,476000000.0,3110000000.0,3586000000.0,0.0,386000000.0,0.0,0.016,0.125,153000000.0,539000000.0,0.231,539000000.0,153000000.0,218000000.0,0.46,0.445,0.46,3228000000.0,,3228000000.0,,,,356000000.0,1.091,1.0,470000000.0,0.202,1567000000.0,-65000000.0,11165000000.0,,1349000000.0,4206000000.0,1214000000.0,2992000000.0,7619000000.0,2141000000.0,5478000000.0,10217629931.0,-20000000.0,-9000000.0,-192000000.0,-302000000.0,-78000000.0,-289000000.0,-234000000.0,-96000000.0,503000000.0,0.0,150000000.0,150000000.0,150000000.0,137000000.0,0.0,0.064,242000000.0,228000000.0,812000000.0,0.272,3.165,18.311,18.53,1761000000.0,0.0,31.315,1.177,1.177,920000000.0,3362000000.0,2331000000.0,2331000000.0,0.0,,,,,0.0,236000000.0,1.0,326285484.0,326285484.0,,7.144,9763000000.0,0.0,68000000.0,319000000.0,29.922,1557000000.0
95,TXT,MRQ,1997-09-30,1997-09-27,1997-09-27,2021-07-29,,,,,,,,-71000000.0,,,1589000000.0,138000000.0,,,,,,,,13000000.0,,0.015,0.125,268000000.0,281000000.0,0.138,281000000.0,268000000.0,196000000.0,0.415,0.405,0.415,,,,,,,-141000000.0,-0.428,1.0,453000000.0,0.222,,72000000.0,,,,,,,,,,,-82000000.0,-10000000.0,-13000000.0,-544000000.0,-41000000.0,-598000000.0,586000000.0,658000000.0,-70000000.0,0.0,138000000.0,138000000.0,138000000.0,-47000000.0,0.0,0.068,226000000.0,227000000.0,,0.301,,,,,0.0,32.19,,,,,2042000000.0,2042000000.0,0.0,,,,,0.0,221000000.0,1.0,,329824000.0,339350000.0,6.191,,,58000000.0,,,
96,TXT,MRQ,1997-06-30,1997-06-28,1997-06-28,2021-07-29,,,,,,,,-68000000.0,,,1730000000.0,145000000.0,,,,,,,,108000000.0,,0.014,0.125,420000000.0,528000000.0,0.198,528000000.0,420000000.0,240000000.0,0.44,0.43,0.44,,,,,,,115000000.0,0.348,1.0,937000000.0,0.351,,180000000.0,,,,,,,,,,,21000000.0,3000000.0,-95000000.0,40000000.0,-42000000.0,-97000000.0,-65000000.0,-8000000.0,183000000.0,0.0,145000000.0,145000000.0,145000000.0,0.0,0.0,0.054,510000000.0,427000000.0,,0.284,,,,,0.0,33.065,,,,,2667000000.0,2667000000.0,0.0,,,,,0.0,380000000.0,1.0,,330346000.0,339594000.0,8.073,,,95000000.0,,,
97,TXT,MRQ,1997-03-31,1997-03-29,1997-03-29,2021-07-29,,,,,,,,-88000000.0,,,1656000000.0,125000000.0,,,,,,,,102000000.0,,0.018,0.125,393000000.0,495000000.0,0.194,495000000.0,393000000.0,210000000.0,0.375,0.365,0.375,,,,,,,39000000.0,0.118,1.0,895000000.0,0.351,,183000000.0,,,,,,,,,,,93000000.0,201000000.0,10000000.0,72000000.0,-41000000.0,41000000.0,-75000000.0,-201000000.0,127000000.0,0.0,125000000.0,125000000.0,125000000.0,0.0,0.0,0.049,496000000.0,399000000.0,,0.333,,,,,0.0,25.775,,,,,2551000000.0,2551000000.0,0.0,,,,,0.0,362000000.0,1.0,,331794000.0,340776000.0,7.689,,,85000000.0,,,
98,TXT,MRQ,1996-12-31,1996-12-28,1996-12-28,2021-07-29,0.0,18235000000.0,,,,,,,47000000.0,47000000.0,,,,4.577,10346000000.0,,,10346000000.0,0.0,,0.0,0.019,0.11,,,,,,,,,,3183000000.0,,3183000000.0,,,,,,1.0,,,1609000000.0,,26925000000.0,,1192000000.0,1590000000.0,,,14569000000.0,,,,,,,,,,,,,,,,,,,,,,850000000.0,,,,30.921,1539000000.0,,23.345,,,10738000000.0,2969000000.0,,,,,,,,,,1.0,,,,,16626000000.0,0.0,,0.0,,
0,TXT,MRT,2021-06-30,2021-07-03,2021-07-03,2021-07-29,-1676000000.0,15379000000.0,15524250000.0,7355000000.0,8024000000.0,0.803,27.03,-349000000.0,2188000000.0,2188000000.0,10516000000.0,705000000.0,2.446,1.521,3833000000.0,7000000.0,3826000000.0,3833000000.0,0.0,388000000.0,0.0,0.001,0.08,898000000.0,1286000000.0,0.103,1286000000.0,898000000.0,738000000.0,3.09,3.08,3.09,6101000000.0,5920750000.0,6101000000.0,17597940730.0,20.0,13.684,1403000000.0,6.216,1.0,1956000000.0,0.157,2155000000.0,160000000.0,11862000000.0,11978000000.0,3664000000.0,652000000.0,0.0,652000000.0,9278000000.0,3007000000.0,6271000000.0,15582940730.0,-96000000.0,34000000.0,-394000000.0,-1273000000.0,-18000000.0,-1619000000.0,-257000000.0,19000000.0,1752000000.0,28000000.0,705000000.0,705000000.0,705000000.0,1000000.0,0.0,0.057,1074000000.0,882000000.0,965000000.0,0.026,2.554,22.103,22.343,2488000000.0,0.0,69.04,1.249,1.249,822000000.0,6318000000.0,12472000000.0,12472000000.0,0.0,0.045,0.119,0.075,0.072,0.0,1155000000.0,1.0,225708875.0,225708875.0,,55.257,13224000000.0,0.0,33000000.0,0.0,58.589,4348000000.0
1,TXT,MRT,2021-03-31,2021-04-03,2021-04-03,2021-07-29,-1723000000.0,15414000000.0,15547250000.0,7384000000.0,8030000000.0,0.756,26.498,-315000000.0,2078000000.0,2078000000.0,10107000000.0,430000000.0,2.364,1.571,4093000000.0,257000000.0,3836000000.0,4093000000.0,0.0,388000000.0,0.0,0.001,0.08,569000000.0,957000000.0,0.081,957000000.0,569000000.0,403000000.0,1.88,1.88,1.88,5996000000.0,5777250000.0,5996000000.0,15020004351.0,26.0,15.695,1089000000.0,4.813,1.0,1646000000.0,0.14,2152000000.0,166000000.0,12154000000.0,11920500000.0,3705000000.0,672000000.0,0.0,672000000.0,9418000000.0,3123000000.0,6295000000.0,12905004351.0,-306000000.0,24000000.0,-198000000.0,-1332000000.0,-18000000.0,-1532000000.0,-208000000.0,20000000.0,1404000000.0,30000000.0,430000000.0,430000000.0,430000000.0,0.0,0.0,0.037,1092000000.0,554000000.0,1033000000.0,0.043,2.152,30.012,30.335,2478000000.0,0.0,57.03,1.098,1.098,883000000.0,6139000000.0,11753000000.0,11753000000.0,0.0,0.028,0.074,0.048,0.048,0.0,1080000000.0,1.0,226284488.0,226284488.0,,51.939,13262000000.0,0.0,-27000000.0,0.0,58.608,4261000000.0
2,TXT,MRT,2020-12-31,2021-01-02,2021-01-02,2021-07-29,-1739000000.0,15443000000.0,15680250000.0,7396000000.0,8047000000.0,0.743,25.538,-317000000.0,2254000000.0,2254000000.0,10094000000.0,309000000.0,2.262,1.642,4369000000.0,509000000.0,3860000000.0,4369000000.0,0.0,386000000.0,0.0,0.002,0.08,448000000.0,834000000.0,0.072,834000000.0,448000000.0,282000000.0,1.35,1.35,1.35,5845000000.0,5661750000.0,5845000000.0,13115525415.0,29.0,15.726,515000000.0,2.25,1.0,1557000000.0,0.134,2157000000.0,166000000.0,12131000000.0,11849250000.0,3513000000.0,744000000.0,0.0,744000000.0,9598000000.0,3270000000.0,6328000000.0,11061525415.0,965000000.0,-15000000.0,-161000000.0,589000000.0,-18000000.0,393000000.0,-277000000.0,0.0,832000000.0,17000000.0,309000000.0,309000000.0,309000000.0,0.0,0.0,0.027,1109000000.0,448000000.0,776000000.0,0.059,1.892,35.798,35.8,2516000000.0,0.0,48.33,0.949,0.949,787000000.0,5973000000.0,11651000000.0,11651000000.0,0.0,0.02,0.055,0.038,0.038,0.0,1045000000.0,1.0,228874931.0,228874931.0,,50.906,13286000000.0,0.0,-27000000.0,0.0,58.049,4126000000.0
3,TXT,MRT,2020-09-30,2020-10-03,2020-10-03,2021-07-29,-1717000000.0,15861000000.0,15574000000.0,8467000000.0,7394000000.0,0.772,25.176,-269000000.0,2670000000.0,2670000000.0,10411000000.0,272000000.0,2.122,1.763,4724000000.0,859000000.0,3865000000.0,4724000000.0,0.0,394000000.0,0.0,0.002,0.08,444000000.0,838000000.0,0.07,838000000.0,444000000.0,277000000.0,1.19,1.18,1.19,5741000000.0,5580000000.0,5741000000.0,10531426631.0,24.0,12.567,701000000.0,3.074,1.0,1608000000.0,0.134,2159000000.0,167000000.0,11765000000.0,11685250000.0,4252000000.0,693000000.0,0.0,693000000.0,10120000000.0,3991000000.0,6129000000.0,8145426631.0,1581000000.0,-13000000.0,-63000000.0,902000000.0,-23000000.0,821000000.0,-218000000.0,20000000.0,970000000.0,8000000.0,272000000.0,272000000.0,272000000.0,0.0,0.0,0.023,1164000000.0,444000000.0,1121000000.0,0.067,1.419,29.946,30.017,2438000000.0,0.0,35.72,0.678,0.678,872000000.0,5741000000.0,12019000000.0,12019000000.0,0.0,0.017,0.049,0.038,0.037,0.0,1058000000.0,1.0,228035460.0,228035460.0,,52.707,13702000000.0,0.0,5000000.0,0.0,60.087,4476000000.0
4,TXT,MRT,2020-06-30,2020-07-04,2020-07-04,2021-07-29,-1791000000.0,15471000000.0,15374250000.0,8065000000.0,7406000000.0,0.816,24.297,-295000000.0,2346000000.0,2346000000.0,10826000000.0,377000000.0,1.981,1.799,4732000000.0,1107000000.0,3625000000.0,4732000000.0,0.0,399000000.0,0.0,0.002,0.08,570000000.0,969000000.0,0.077,969000000.0,570000000.0,402000000.0,1.65,1.63,1.65,5527000000.0,5507750000.0,5527000000.0,9969482203.0,17.0,10.288,545000000.0,2.396,1.0,1717000000.0,0.137,2153000000.0,168000000.0,11632000000.0,11812250000.0,4262000000.0,691000000.0,0.0,691000000.0,9944000000.0,4072000000.0,5872000000.0,7381482203.0,1395000000.0,-13000000.0,-172000000.0,1027000000.0,-18000000.0,831000000.0,-266000000.0,20000000.0,840000000.0,-10000000.0,377000000.0,377000000.0,377000000.0,0.0,0.0,0.03,1147000000.0,570000000.0,982000000.0,0.048,1.336,19.58,19.667,2446000000.0,0.0,32.45,0.588,0.588,764000000.0,5631000000.0,12543000000.0,12543000000.0,0.0,0.025,0.068,0.048,0.045,0.0,1055000000.0,1.0,227472487.0,227472487.0,,55.141,13318000000.0,0.0,25000000.0,0.0,58.548,3993000000.0
5,TXT,MRT,2020-03-31,2020-04-04,2020-04-04,2021-07-29,-1859000000.0,15946000000.0,15205500000.0,8502000000.0,7444000000.0,0.875,24.267,-330000000.0,2446000000.0,2446000000.0,11216000000.0,686000000.0,1.883,1.881,5034000000.0,1396000000.0,3638000000.0,5034000000.0,0.0,400000000.0,0.0,0.003,0.08,968000000.0,1368000000.0,0.103,1368000000.0,968000000.0,799000000.0,2.99,2.96,2.99,5534000000.0,5460000000.0,5534000000.0,8120030522.0,8.0,5.936,429000000.0,1.881,1.0,2082000000.0,0.157,2150000000.0,169000000.0,11869000000.0,11975000000.0,4385000000.0,681000000.0,0.0,681000000.0,10412000000.0,4515000000.0,5897000000.0,5667030522.0,1624000000.0,-2000000.0,-331000000.0,1548000000.0,-18000000.0,1202000000.0,-316000000.0,13000000.0,759000000.0,-21000000.0,686000000.0,686000000.0,686000000.0,0.0,0.0,0.052,1114000000.0,968000000.0,1322000000.0,0.027,1.024,8.261,8.311,2483000000.0,0.0,24.85,0.426,0.426,870000000.0,5727000000.0,13298000000.0,13298000000.0,0.0,0.045,0.126,0.081,0.073,0.0,1108000000.0,1.0,228049518.0,228049518.0,,58.312,13796000000.0,0.0,113000000.0,0.0,60.496,3987000000.0
6,TXT,MRT,2019-12-31,2020-01-04,2020-01-04,2021-07-29,-1847000000.0,15018000000.0,14839000000.0,7065000000.0,7953000000.0,0.919,24.174,-339000000.0,1357000000.0,1357000000.0,11406000000.0,815000000.0,1.837,1.722,3810000000.0,561000000.0,3249000000.0,3810000000.0,0.0,410000000.0,0.0,0.002,0.08,1113000000.0,1523000000.0,0.112,1523000000.0,1113000000.0,942000000.0,3.52,3.5,3.52,5518000000.0,5384750000.0,5518000000.0,13331475480.0,12.0,8.753,619000000.0,2.712,1.0,2224000000.0,0.163,2150000000.0,171000000.0,11475000000.0,12020500000.0,4069000000.0,682000000.0,0.0,682000000.0,9500000000.0,3846000000.0,5654000000.0,10212475480.0,194000000.0,-2000000.0,-479000000.0,49000000.0,-18000000.0,-439000000.0,-329000000.0,0.0,958000000.0,4000000.0,815000000.0,815000000.0,815000000.0,0.0,0.0,0.06,1111000000.0,1113000000.0,1378000000.0,0.023,1.851,12.531,12.71,2527000000.0,0.0,44.74,0.749,0.749,921000000.0,5682000000.0,13630000000.0,13630000000.0,0.0,0.055,0.151,0.093,0.082,0.0,1152000000.0,1.0,228262751.0,228262751.0,,59.712,12868000000.0,0.0,127000000.0,0.0,56.374,3219000000.0
7,TXT,MRT,2019-09-30,2019-09-28,2019-09-28,2021-07-29,-1729000000.0,15062000000.0,14650500000.0,7241000000.0,7821000000.0,0.911,23.692,-352000000.0,1053000000.0,1053000000.0,11070000000.0,862000000.0,1.923,1.763,4172000000.0,568000000.0,3604000000.0,4172000000.0,0.0,404000000.0,0.0,0.002,0.08,1181000000.0,1585000000.0,0.119,1585000000.0,1181000000.0,1010000000.0,3.69,3.67,3.69,5452000000.0,5303250000.0,5452000000.0,14535080136.0,12.0,9.17,280000000.0,1.217,1.0,2275000000.0,0.17,2142000000.0,171000000.0,12273000000.0,11956000000.0,4436000000.0,730000000.0,0.0,730000000.0,9610000000.0,3766000000.0,5844000000.0,11322080136.0,-179000000.0,-23000000.0,-796000000.0,469000000.0,-14000000.0,-395000000.0,-401000000.0,-25000000.0,632000000.0,-15000000.0,862000000.0,862000000.0,862000000.0,0.0,0.0,0.065,1094000000.0,1181000000.0,1226000000.0,0.022,2.077,13.135,13.333,2497000000.0,0.0,49.2,0.848,0.848,1018000000.0,6009000000.0,13345000000.0,13345000000.0,0.0,0.059,0.163,0.099,0.088,0.0,1125000000.0,1.0,230123580.0,230123580.0,,57.991,12920000000.0,0.0,148000000.0,0.0,56.144,3475000000.0
8,TXT,MRT,2019-06-30,2019-06-29,2019-06-29,2021-07-29,-1715000000.0,14796000000.0,14552250000.0,6914000000.0,7882000000.0,0.913,22.925,-345000000.0,857000000.0,857000000.0,11010000000.0,1205000000.0,1.932,1.773,4070000000.0,457000000.0,3613000000.0,4070000000.0,0.0,412000000.0,0.0,0.002,0.08,1565000000.0,1977000000.0,0.149,1977000000.0,1565000000.0,1397000000.0,5.02,4.98,5.02,5336000000.0,5326000000.0,5336000000.0,15489710323.0,10.0,7.835,349000000.0,1.499,1.0,2276000000.0,0.171,2147000000.0,168000000.0,12283000000.0,11790250000.0,4311000000.0,776000000.0,0.0,776000000.0,9460000000.0,3579000000.0,5881000000.0,12345710323.0,227000000.0,784000000.0,-1155000000.0,325000000.0,-19000000.0,-877000000.0,418000000.0,-25000000.0,694000000.0,-8000000.0,1205000000.0,1205000000.0,1205000000.0,0.0,0.0,0.091,1155000000.0,1121000000.0,1231000000.0,0.016,2.314,10.245,10.566,2517000000.0,0.0,53.04,0.929,0.929,989000000.0,5794000000.0,13286000000.0,13286000000.0,0.0,0.083,0.226,0.133,0.118,0.0,1177000000.0,1.0,232762261.0,232762261.0,,57.08,12649000000.0,0.0,192000000.0,0.0,54.343,3335000000.0
9,TXT,MRT,2019-03-31,2019-03-30,2019-03-30,2021-07-29,-1736000000.0,14480000000.0,14492750000.0,6587000000.0,7893000000.0,0.951,22.299,-351000000.0,742000000.0,742000000.0,11442000000.0,1212000000.0,1.919,1.767,3886000000.0,363000000.0,3523000000.0,3886000000.0,0.0,426000000.0,0.0,0.002,0.08,1545000000.0,1971000000.0,0.143,1971000000.0,1545000000.0,1378000000.0,4.96,4.92,4.96,5233000000.0,5332500000.0,5233000000.0,14565840724.0,9.0,7.39,631000000.0,2.689,1.0,2343000000.0,0.17,2141000000.0,167000000.0,12051000000.0,11747250000.0,4047000000.0,756000000.0,0.0,756000000.0,9247000000.0,3432000000.0,5815000000.0,11888840724.0,-42000000.0,784000000.0,-1567000000.0,93000000.0,-20000000.0,-1497000000.0,493000000.0,0.0,982000000.0,-20000000.0,1212000000.0,1212000000.0,1212000000.0,0.0,0.0,0.088,1242000000.0,1101000000.0,1147000000.0,0.016,2.272,9.809,10.214,2523000000.0,0.0,50.66,0.862,0.862,1059000000.0,5581000000.0,13785000000.0,13785000000.0,0.0,0.084,0.227,0.132,0.112,0.0,1255000000.0,1.0,234679051.0,234679051.0,,58.74,12339000000.0,0.0,166000000.0,0.0,52.578,3155000000.0
10,TXT,MRT,2018-12-31,2018-12-29,2018-12-29,2021-07-29,-1762000000.0,14264000000.0,14614750000.0,6614000000.0,7650000000.0,0.956,21.37,-369000000.0,1107000000.0,1107000000.0,11594000000.0,1222000000.0,1.886,1.747,3784000000.0,258000000.0,3526000000.0,3784000000.0,0.0,429000000.0,0.0,0.002,0.08,1550000000.0,1979000000.0,0.142,1979000000.0,1550000000.0,1384000000.0,4.88,4.83,4.88,5192000000.0,5447250000.0,5192000000.0,13664192110.0,9.0,6.905,756000000.0,3.112,1.0,2378000000.0,0.17,2218000000.0,166000000.0,11217000000.0,11817750000.0,3818000000.0,760000000.0,0.0,760000000.0,9072000000.0,3506000000.0,5566000000.0,11091192110.0,-92000000.0,784000000.0,-1709000000.0,-5000000.0,-20000000.0,-1738000000.0,539000000.0,0.0,1125000000.0,-18000000.0,1222000000.0,1222000000.0,1222000000.0,0.0,0.0,0.087,1272000000.0,1106000000.0,1099000000.0,0.016,2.136,9.076,9.355,2615000000.0,0.0,45.65,0.794,0.794,1024000000.0,5407000000.0,13972000000.0,13972000000.0,0.0,0.084,0.224,0.131,0.111,0.0,1275000000.0,1.0,242961492.0,242961492.0,,57.507,12046000000.0,0.0,162000000.0,0.0,49.58,3108000000.0
11,TXT,MRT,2018-09-30,2018-09-29,2018-09-29,2021-07-29,-1297000000.0,14669000000.0,14883750000.0,6912000000.0,7757000000.0,0.957,22.314,-380000000.0,1293000000.0,1293000000.0,11844000000.0,870000000.0,2.019,1.646,3866000000.0,9000000.0,3857000000.0,3866000000.0,0.0,435000000.0,0.0,0.001,0.08,1498000000.0,1933000000.0,0.136,1933000000.0,1498000000.0,1329000000.0,3.51,3.46,3.51,5543000000.0,5561000000.0,5543000000.0,20910922092.0,14.0,10.818,916000000.0,3.687,1.0,2395000000.0,0.168,2209000000.0,169000000.0,11610000000.0,12005000000.0,4030000000.0,786000000.0,0.0,786000000.0,9126000000.0,3423000000.0,5703000000.0,17753922092.0,6000000.0,806000000.0,-1462000000.0,-414000000.0,-20000000.0,-1870000000.0,585000000.0,25000000.0,1296000000.0,-5000000.0,870000000.0,870000000.0,870000000.0,0.0,0.0,0.061,1341000000.0,1054000000.0,1104000000.0,0.023,3.203,20.407,20.362,2593000000.0,0.0,71.47,1.247,1.247,1026000000.0,6419000000.0,14239000000.0,14239000000.0,0.0,0.058,0.156,0.125,0.105,0.0,1351000000.0,1.0,248410831.0,248410831.0,,57.32,12460000000.0,0.0,459000000.0,0.0,50.159,3489000000.0
12,TXT,MRT,2018-06-30,2018-06-30,2018-06-30,2021-07-29,-1343000000.0,14558000000.0,15185250000.0,6770000000.0,7788000000.0,0.956,20.942,-421000000.0,731000000.0,731000000.0,12041000000.0,466000000.0,1.993,1.715,3888000000.0,9000000.0,3879000000.0,3888000000.0,0.0,440000000.0,0.0,0.001,0.08,1076000000.0,1516000000.0,0.104,1516000000.0,1076000000.0,904000000.0,1.82,1.8,1.82,5362000000.0,5629750000.0,5362000000.0,19957486330.0,19.0,13.165,654000000.0,2.554,1.0,2482000000.0,0.171,2207000000.0,172000000.0,12111000000.0,12219750000.0,3925000000.0,763000000.0,0.0,763000000.0,9196000000.0,3397000000.0,5799000000.0,16875486330.0,-390000000.0,-2000000.0,-1116000000.0,-93000000.0,-20000000.0,-1210000000.0,-267000000.0,25000000.0,1075000000.0,12000000.0,466000000.0,466000000.0,466000000.0,0.0,0.0,0.032,1406000000.0,1076000000.0,1147000000.0,0.044,3.147,36.213,36.214,2608000000.0,0.0,65.91,1.162,1.162,1121000000.0,5861000000.0,14523000000.0,14523000000.0,0.0,0.031,0.083,0.088,0.074,0.0,1379000000.0,1.0,256038330.0,256038330.0,,56.722,12351000000.0,0.0,438000000.0,0.0,48.239,3373000000.0
13,TXT,MRT,2018-03-31,2018-03-31,2018-03-31,2021-07-29,-1301000000.0,14968000000.0,15489500000.0,6821000000.0,8147000000.0,0.93,21.744,-424000000.0,836000000.0,836000000.0,11964000000.0,395000000.0,2.037,1.63,3918000000.0,16000000.0,3902000000.0,3918000000.0,0.0,435000000.0,0.0,0.001,0.08,1032000000.0,1467000000.0,0.102,1467000000.0,1032000000.0,859000000.0,1.51,1.5,1.51,5692000000.0,5709750000.0,5692000000.0,18086693071.0,18.0,12.329,616000000.0,2.353,1.0,2437000000.0,0.169,2368000000.0,173000000.0,12333000000.0,12268250000.0,4090000000.0,781000000.0,0.0,781000000.0,9276000000.0,3349000000.0,5927000000.0,15436693071.0,-170000000.0,-13000000.0,-688000000.0,-157000000.0,-20000000.0,-879000000.0,-367000000.0,0.0,1040000000.0,36000000.0,395000000.0,395000000.0,395000000.0,0.0,0.0,0.027,1405000000.0,1032000000.0,1229000000.0,0.053,2.712,39.08,39.053,2711000000.0,0.0,58.97,1.072,1.072,1110000000.0,5642000000.0,14401000000.0,14401000000.0,0.0,0.026,0.069,0.084,0.072,0.0,1352000000.0,1.0,261771970.0,261771970.0,,55.014,12600000000.0,0.0,464000000.0,0.0,48.133,3472000000.0
14,TXT,MRT,2017-12-31,2017-12-30,2017-12-30,2021-07-29,-1375000000.0,15340000000.0,15673250000.0,7027000000.0,8313000000.0,0.906,21.437,-423000000.0,1262000000.0,1262000000.0,11827000000.0,307000000.0,1.92,1.716,3912000000.0,14000000.0,3898000000.0,3912000000.0,0.0,435000000.0,0.0,0.001,0.08,937000000.0,1372000000.0,0.097,1372000000.0,937000000.0,763000000.0,1.15,1.14,1.15,5647000000.0,5682250000.0,5647000000.0,17895957493.0,19.0,13.044,480000000.0,1.822,1.0,2371000000.0,0.167,2364000000.0,174000000.0,11966000000.0,12301500000.0,4150000000.0,819000000.0,0.0,819000000.0,9693000000.0,3660000000.0,6033000000.0,14906957493.0,-58000000.0,-331000000.0,-530000000.0,288000000.0,-21000000.0,-266000000.0,-728000000.0,0.0,903000000.0,33000000.0,307000000.0,307000000.0,307000000.0,-1000000.0,0.0,0.022,1435000000.0,936000000.0,1205000000.0,0.07,2.64,48.557,49.209,2721000000.0,0.0,56.59,1.05,1.05,1363000000.0,5368000000.0,14198000000.0,14198000000.0,0.0,0.02,0.054,0.076,0.066,0.0,1334000000.0,1.0,263420348.0,263420348.0,,53.899,12976000000.0,0.0,456000000.0,0.0,49.26,3367000000.0
15,TXT,MRT,2017-09-30,2017-09-30,2017-09-30,2021-07-29,-1419000000.0,15875000000.0,15677750000.0,7374000000.0,8501000000.0,0.893,21.978,-416000000.0,1294000000.0,1294000000.0,11624000000.0,627000000.0,1.825,1.729,4283000000.0,364000000.0,3919000000.0,4283000000.0,0.0,437000000.0,0.0,0.001,0.08,1004000000.0,1441000000.0,0.103,1441000000.0,1004000000.0,833000000.0,2.33,2.32,2.33,5818000000.0,5664000000.0,5818000000.0,17137775557.0,17.0,11.893,651000000.0,2.459,1.0,2382000000.0,0.17,2354000000.0,171000000.0,12469000000.0,12243500000.0,4518000000.0,824000000.0,0.0,824000000.0,10057000000.0,4041000000.0,6016000000.0,14262775557.0,515000000.0,-337000000.0,-441000000.0,531000000.0,-22000000.0,77000000.0,-633000000.0,0.0,1067000000.0,4000000.0,627000000.0,627000000.0,627000000.0,0.0,0.0,0.045,1378000000.0,1004000000.0,1173000000.0,0.034,2.451,22.748,23.124,2701000000.0,0.0,53.88,1.018,1.018,1344000000.0,5943000000.0,14006000000.0,14006000000.0,0.0,0.04,0.111,0.082,0.072,0.0,1355000000.0,1.0,264713726.0,264713726.0,,52.91,13521000000.0,0.0,206000000.0,0.0,51.078,3333000000.0
16,TXT,MRT,2017-06-30,2017-07-01,2017-07-01,2021-07-29,-1486000000.0,15775000000.0,15500750000.0,7186000000.0,8589000000.0,0.889,21.226,-400000000.0,1129000000.0,1129000000.0,11401000000.0,889000000.0,1.794,1.776,4004000000.0,362000000.0,3642000000.0,4004000000.0,0.0,431000000.0,0.0,0.002,0.08,1031000000.0,1462000000.0,0.106,1462000000.0,1031000000.0,859000000.0,3.29,3.27,3.29,5682000000.0,5622250000.0,5682000000.0,15726165606.0,15.0,10.757,766000000.0,2.862,1.0,2372000000.0,0.172,2340000000.0,172000000.0,12305000000.0,12253500000.0,4655000000.0,840000000.0,0.0,840000000.0,10093000000.0,4005000000.0,6088000000.0,12608165606.0,277000000.0,-336000000.0,-319000000.0,93000000.0,-22000000.0,-259000000.0,-618000000.0,0.0,1166000000.0,-12000000.0,889000000.0,889000000.0,889000000.0,-122000000.0,0.0,0.065,1463000000.0,909000000.0,1200000000.0,0.024,2.219,14.182,14.316,2669000000.0,0.0,47.1,0.915,0.915,1236000000.0,5789000000.0,13773000000.0,13773000000.0,0.0,0.057,0.158,0.084,0.075,0.0,1343000000.0,1.0,267689291.0,267689291.0,,51.451,13435000000.0,0.0,-30000000.0,0.0,50.189,3181000000.0
17,TXT,MRT,2017-03-31,2017-04-01,2017-04-01,2021-07-29,-1555000000.0,15703000000.0,15315500000.0,7126000000.0,8577000000.0,0.893,20.667,-434000000.0,997000000.0,997000000.0,11294000000.0,913000000.0,1.771,1.813,4115000000.0,462000000.0,3653000000.0,4115000000.0,0.0,431000000.0,0.0,0.002,0.08,1076000000.0,1507000000.0,0.11,1507000000.0,1076000000.0,903000000.0,3.38,3.35,3.38,5582000000.0,5498250000.0,5582000000.0,15235411824.0,14.0,10.11,425000000.0,1.574,1.0,2386000000.0,0.174,2332000000.0,173000000.0,12466000000.0,12274000000.0,4709000000.0,900000000.0,0.0,900000000.0,10121000000.0,4023000000.0,6098000000.0,12853411824.0,139000000.0,-340000000.0,-176000000.0,180000000.0,-22000000.0,-16000000.0,-680000000.0,-17000000.0,859000000.0,-24000000.0,913000000.0,913000000.0,913000000.0,-121000000.0,0.0,0.067,1431000000.0,955000000.0,1230000000.0,0.024,2.303,14.078,14.08,2637000000.0,0.0,47.59,0.94,0.94,1198000000.0,5641000000.0,13680000000.0,13680000000.0,0.0,0.06,0.166,0.088,0.079,0.0,1318000000.0,1.0,270086401.0,270086401.0,,50.65,13371000000.0,0.0,-10000000.0,0.0,49.506,3103000000.0
18,TXT,MRT,2016-12-31,2016-12-31,2016-12-31,2021-07-29,-1605000000.0,15358000000.0,15164500000.0,7053000000.0,8305000000.0,0.909,20.629,-446000000.0,1298000000.0,1298000000.0,11337000000.0,962000000.0,1.812,1.755,3680000000.0,363000000.0,3317000000.0,3680000000.0,0.0,437000000.0,0.0,0.002,0.08,1169000000.0,1606000000.0,0.116,1606000000.0,1169000000.0,995000000.0,3.55,3.53,3.55,5574000000.0,5350000000.0,5574000000.0,16204305919.0,14.0,10.09,453000000.0,1.676,1.0,2451000000.0,0.178,2113000000.0,174000000.0,11734000000.0,12239250000.0,4464000000.0,935000000.0,0.0,935000000.0,9784000000.0,3893000000.0,5891000000.0,13121305919.0,191000000.0,-186000000.0,-205000000.0,91000000.0,-22000000.0,-146000000.0,-534000000.0,0.0,899000000.0,-28000000.0,962000000.0,962000000.0,962000000.0,-119000000.0,0.0,0.07,1401000000.0,1050000000.0,1273000000.0,0.023,2.354,13.64,13.679,2581000000.0,0.0,48.56,0.952,0.952,1064000000.0,5546000000.0,13788000000.0,13788000000.0,0.0,0.063,0.18,0.096,0.085,0.0,1317000000.0,1.0,270208112.0,270208112.0,,51.027,13245000000.0,0.0,33000000.0,0.0,49.018,3160000000.0
19,TXT,MRT,2016-09-30,2016-10-01,2016-10-01,2021-07-29,-1315000000.0,15167000000.0,15002000000.0,6867000000.0,8300000000.0,0.926,20.971,-440000000.0,739000000.0,739000000.0,11436000000.0,974000000.0,1.897,1.684,3822000000.0,126000000.0,3696000000.0,3822000000.0,0.0,447000000.0,0.0,0.002,0.08,1172000000.0,1619000000.0,0.117,1619000000.0,1172000000.0,997000000.0,3.59,3.57,3.59,5651000000.0,5197500000.0,5651000000.0,13880178935.0,12.0,8.573,386000000.0,1.432,1.0,2450000000.0,0.176,2121000000.0,175000000.0,12509000000.0,12180250000.0,4791000000.0,969000000.0,0.0,969000000.0,9516000000.0,3620000000.0,5896000000.0,10711178935.0,92000000.0,-179000000.0,-191000000.0,102000000.0,-21000000.0,-114000000.0,-611000000.0,0.0,826000000.0,-9000000.0,974000000.0,974000000.0,974000000.0,-121000000.0,0.0,0.07,1399000000.0,1051000000.0,1216000000.0,0.022,1.895,10.997,11.072,2568000000.0,0.0,39.75,0.771,0.771,1139000000.0,6030000000.0,13886000000.0,13886000000.0,0.0,0.065,0.187,0.096,0.084,0.0,1284000000.0,1.0,269463621.0,269463621.0,,51.532,13046000000.0,0.0,23000000.0,0.0,48.415,3247000000.0
20,TXT,MRT,2016-06-30,2016-07-02,2016-07-02,2021-07-29,-1333000000.0,15034000000.0,14934750000.0,6770000000.0,8264000000.0,0.925,19.291,-454000000.0,743000000.0,743000000.0,11359000000.0,729000000.0,1.831,1.899,3912000000.0,278000000.0,3634000000.0,3912000000.0,0.0,451000000.0,0.0,0.002,0.08,1191000000.0,1642000000.0,0.119,1642000000.0,1191000000.0,1020000000.0,2.67,2.65,2.67,5186000000.0,4958750000.0,5186000000.0,12999098556.0,11.0,7.917,425000000.0,1.581,1.0,2456000000.0,0.178,2118000000.0,171000000.0,12387000000.0,12013250000.0,4595000000.0,985000000.0,0.0,985000000.0,9848000000.0,3698000000.0,6150000000.0,9780098556.0,0.0,-226000000.0,-315000000.0,140000000.0,-22000000.0,-195000000.0,-672000000.0,0.0,879000000.0,-12000000.0,729000000.0,729000000.0,729000000.0,1000000.0,0.0,0.053,1264000000.0,1192000000.0,1218000000.0,0.03,1.886,13.416,13.625,2582000000.0,0.0,36.38,0.708,0.708,1144000000.0,5614000000.0,13815000000.0,13815000000.0,0.0,0.049,0.147,0.099,0.086,0.0,1264000000.0,1.0,268831736.0,268831736.0,,51.389,12916000000.0,0.0,291000000.0,0.0,48.045,3072000000.0
21,TXT,MRT,2016-03-31,2016-04-02,2016-04-02,2021-07-29,-1332000000.0,15099000000.0,14913250000.0,6737000000.0,8362000000.0,0.909,18.398,-429000000.0,778000000.0,778000000.0,11105000000.0,719000000.0,1.738,2.026,3997000000.0,309000000.0,3688000000.0,3997000000.0,0.0,448000000.0,0.0,0.002,0.08,1169000000.0,1617000000.0,0.119,1617000000.0,1169000000.0,1000000000.0,2.61,2.6,2.61,4989000000.0,4812750000.0,4989000000.0,12554285454.0,11.0,7.764,476000000.0,1.755,1.0,2446000000.0,0.181,2114000000.0,169000000.0,12327000000.0,11907000000.0,4477000000.0,1066000000.0,0.0,1066000000.0,10110000000.0,3877000000.0,6233000000.0,9949285454.0,102000000.0,-213000000.0,-402000000.0,294000000.0,-22000000.0,-133000000.0,-664000000.0,-14000000.0,905000000.0,-6000000.0,719000000.0,719000000.0,719000000.0,2000000.0,0.0,0.053,1275000000.0,1171000000.0,1227000000.0,0.031,1.994,13.838,14.057,2560000000.0,0.0,36.69,0.734,0.734,1209000000.0,5442000000.0,13551000000.0,13551000000.0,0.0,0.048,0.149,0.098,0.086,0.0,1275000000.0,1.0,271171585.0,271171585.0,,49.972,12985000000.0,0.0,281000000.0,0.0,47.885,2860000000.0
22,TXT,MRT,2015-12-31,2016-01-02,2016-01-02,2021-07-29,-1398000000.0,14708000000.0,14823000000.0,6478000000.0,8230000000.0,0.906,18.139,-420000000.0,1005000000.0,1005000000.0,10979000000.0,697000000.0,1.708,1.963,3610000000.0,262000000.0,3348000000.0,3610000000.0,0.0,449000000.0,0.0,0.002,0.08,1139000000.0,1588000000.0,0.118,1588000000.0,1139000000.0,970000000.0,2.52,2.5,2.52,4964000000.0,4663000000.0,4964000000.0,14654893420.0,13.0,9.229,614000000.0,2.244,1.0,2444000000.0,0.182,2023000000.0,169000000.0,11498000000.0,11857250000.0,4144000000.0,1087000000.0,0.0,1087000000.0,9744000000.0,3792000000.0,5952000000.0,11496893420.0,215000000.0,-81000000.0,-187000000.0,-100000000.0,-22000000.0,-308000000.0,-496000000.0,0.0,1034000000.0,-15000000.0,697000000.0,697000000.0,697000000.0,1000000.0,0.0,0.052,1304000000.0,1140000000.0,1063000000.0,0.032,2.316,16.495,16.671,2492000000.0,0.0,42.01,0.857,0.857,1047000000.0,5298000000.0,13423000000.0,13423000000.0,0.0,0.047,0.149,0.096,0.085,0.0,1304000000.0,1.0,273670398.0,273670398.0,,49.048,12685000000.0,0.0,273000000.0,0.0,46.351,2686000000.0
23,TXT,MRT,2015-09-30,2015-10-03,2015-10-03,2021-07-29,-1427000000.0,14898000000.0,14797250000.0,6737000000.0,8161000000.0,0.919,16.989,-460000000.0,614000000.0,614000000.0,11072000000.0,683000000.0,1.608,2.172,3772000000.0,414000000.0,3358000000.0,3772000000.0,0.0,445000000.0,0.0,0.002,0.08,1137000000.0,1582000000.0,0.116,1582000000.0,1137000000.0,961000000.0,2.47,2.45,2.47,4696000000.0,4490000000.0,4696000000.0,13714892426.0,12.0,8.669,411000000.0,1.487,1.0,2524000000.0,0.186,2026000000.0,176000000.0,11841000000.0,11980750000.0,4574000000.0,1138000000.0,0.0,1138000000.0,10202000000.0,4189000000.0,6013000000.0,10622892426.0,34000000.0,-129000000.0,-199000000.0,130000000.0,-28000000.0,-115000000.0,-705000000.0,-77000000.0,871000000.0,-17000000.0,683000000.0,683000000.0,683000000.0,3000000.0,0.0,0.05,1384000000.0,1140000000.0,1173000000.0,0.032,2.262,15.553,15.559,2488000000.0,0.0,38.43,0.781,0.781,1159000000.0,5077000000.0,13596000000.0,13596000000.0,0.0,0.046,0.152,0.095,0.084,0.0,1371000000.0,1.0,276421869.0,276421869.0,,49.186,12872000000.0,0.0,278000000.0,0.0,46.567,2548000000.0
24,TXT,MRT,2015-06-30,2015-07-04,2015-07-04,2021-07-29,-1449000000.0,14948000000.0,14757500000.0,6773000000.0,8175000000.0,0.938,16.575,-430000000.0,792000000.0,792000000.0,11333000000.0,666000000.0,1.667,2.248,3884000000.0,263000000.0,3621000000.0,3884000000.0,0.0,447000000.0,0.0,0.002,0.08,1121000000.0,1568000000.0,0.113,1568000000.0,1121000000.0,939000000.0,2.4,2.39,2.4,4602000000.0,4459000000.0,4602000000.0,15489400201.0,14.0,9.878,426000000.0,1.534,1.0,2513000000.0,0.181,2015000000.0,182000000.0,11962000000.0,12091250000.0,4437000000.0,1162000000.0,0.0,1162000000.0,10346000000.0,4063000000.0,6283000000.0,12352400201.0,-106000000.0,-112000000.0,-227000000.0,-45000000.0,-28000000.0,-319000000.0,-624000000.0,-58000000.0,856000000.0,-19000000.0,666000000.0,666000000.0,666000000.0,4000000.0,0.0,0.048,1388000000.0,1125000000.0,1129000000.0,0.033,2.684,18.547,18.538,2462000000.0,0.0,44.49,0.892,0.892,1163000000.0,4907000000.0,13846000000.0,13846000000.0,0.0,0.045,0.149,0.093,0.081,0.0,1372000000.0,1.0,277644419.0,277644419.0,,49.87,12933000000.0,0.0,273000000.0,0.0,46.581,2710000000.0
25,TXT,MRT,2015-03-31,2015-04-04,2015-04-04,2021-07-29,-1550000000.0,14738000000.0,14804250000.0,6493000000.0,8245000000.0,0.953,15.858,-442000000.0,708000000.0,708000000.0,11573000000.0,643000000.0,1.739,2.357,3845000000.0,34000000.0,3811000000.0,3845000000.0,0.0,458000000.0,0.0,0.002,0.08,1096000000.0,1554000000.0,0.11,1554000000.0,1096000000.0,909000000.0,2.32,2.3,2.32,4390000000.0,4453000000.0,4390000000.0,15492948272.0,14.0,9.97,658000000.0,2.377,1.0,2531000000.0,0.179,2013000000.0,187000000.0,12128000000.0,12254250000.0,4236000000.0,1203000000.0,0.0,1203000000.0,10348000000.0,3734000000.0,6614000000.0,12440948272.0,-115000000.0,-171000000.0,-140000000.0,-409000000.0,-28000000.0,-595000000.0,-602000000.0,-2000000.0,1100000000.0,-18000000.0,643000000.0,643000000.0,643000000.0,3000000.0,0.0,0.046,1432000000.0,1099000000.0,1130000000.0,0.034,2.834,19.348,19.371,2460000000.0,0.0,44.94,0.882,0.882,1133000000.0,4745000000.0,14104000000.0,14104000000.0,0.0,0.043,0.144,0.089,0.078,0.0,1396000000.0,1.0,276834630.0,276834630.0,,50.947,12725000000.0,0.0,266000000.0,0.0,45.966,2759000000.0
26,TXT,MRT,2014-12-31,2015-01-03,2015-01-03,2021-07-29,-1506000000.0,14605000000.0,14860500000.0,6014000000.0,8591000000.0,0.934,15.476,-429000000.0,822000000.0,822000000.0,11421000000.0,600000000.0,1.653,2.419,3874000000.0,8000000.0,3866000000.0,3874000000.0,0.0,446000000.0,0.0,0.002,0.08,1039000000.0,1485000000.0,0.107,1485000000.0,1039000000.0,848000000.0,2.15,2.13,2.15,4272000000.0,4446250000.0,4272000000.0,15097980848.0,15.0,10.167,665000000.0,2.409,1.0,2457000000.0,0.177,2027000000.0,191000000.0,11992000000.0,12406500000.0,3928000000.0,1238000000.0,0.0,1238000000.0,10333000000.0,3638000000.0,6695000000.0,11640980848.0,-432000000.0,-1628000000.0,-290000000.0,880000000.0,-28000000.0,552000000.0,-2065000000.0,0.0,1094000000.0,-13000000.0,600000000.0,600000000.0,600000000.0,5000000.0,0.0,0.043,1413000000.0,1044000000.0,1014000000.0,0.037,2.725,19.402,19.614,2497000000.0,0.0,42.17,0.839,0.839,1035000000.0,4623000000.0,13878000000.0,13878000000.0,0.0,0.04,0.135,0.084,0.075,0.0,1361000000.0,1.0,276048870.0,276048870.0,,50.274,12578000000.0,0.0,248000000.0,0.0,45.564,2376000000.0
27,TXT,MRT,2014-09-30,2014-09-27,2014-09-27,2021-07-29,-1010000000.0,14739000000.0,14445250000.0,6200000000.0,8539000000.0,0.92,16.375,-399000000.0,511000000.0,511000000.0,11015000000.0,555000000.0,1.593,2.224,3968000000.0,383000000.0,3585000000.0,3968000000.0,0.0,429000000.0,0.0,0.002,0.08,961000000.0,1390000000.0,0.105,1390000000.0,961000000.0,781000000.0,1.98,1.97,1.98,4572000000.0,4474250000.0,4572000000.0,13691485964.0,14.0,9.85,1085000000.0,3.886,1.0,2273000000.0,0.171,2020000000.0,180000000.0,12283000000.0,11954000000.0,4081000000.0,1308000000.0,0.0,1308000000.0,10167000000.0,3893000000.0,6274000000.0,10249485964.0,-126000000.0,-1723000000.0,-271000000.0,631000000.0,-23000000.0,351000000.0,-1958000000.0,136000000.0,1484000000.0,-3000000.0,555000000.0,555000000.0,555000000.0,8000000.0,0.0,0.042,1304000000.0,969000000.0,1135000000.0,0.04,2.242,18.468,18.54,2442000000.0,0.0,36.71,0.771,0.771,1150000000.0,4416000000.0,13288000000.0,13288000000.0,0.0,0.038,0.124,0.08,0.072,0.0,1265000000.0,1.0,279201470.0,279201470.0,,47.593,12719000000.0,0.0,226000000.0,0.0,45.555,2307000000.0
28,TXT,MRT,2014-06-30,2014-06-28,2014-06-28,2021-07-29,-979000000.0,15135000000.0,13874750000.0,6475000000.0,8660000000.0,0.92,16.401,-426000000.0,815000000.0,815000000.0,10643000000.0,495000000.0,1.636,2.306,4257000000.0,358000000.0,3899000000.0,4257000000.0,0.0,411000000.0,0.0,0.002,0.08,871000000.0,1282000000.0,0.1,1282000000.0,871000000.0,697000000.0,1.76,1.75,1.76,4578000000.0,4226250000.0,4578000000.0,14525332740.0,17.0,11.33,1204000000.0,4.313,1.0,2119000000.0,0.166,2006000000.0,174000000.0,12614000000.0,11523250000.0,4017000000.0,1367000000.0,0.0,1367000000.0,10557000000.0,3957000000.0,6600000000.0,10833332740.0,244000000.0,-1693000000.0,-119000000.0,579000000.0,-22000000.0,452000000.0,-1844000000.0,261000000.0,1630000000.0,6000000.0,495000000.0,495000000.0,495000000.0,6000000.0,0.0,0.039,1242000000.0,877000000.0,1166000000.0,0.045,2.366,21.886,22.051,2463000000.0,0.0,38.81,0.849,0.849,1200000000.0,4263000000.0,12762000000.0,12762000000.0,0.0,0.036,0.117,0.076,0.068,0.0,1206000000.0,1.0,279137664.0,279137664.0,,45.719,13129000000.0,0.0,202000000.0,0.0,47.034,2518000000.0
29,TXT,MRT,2014-03-31,2014-03-29,2014-03-29,2021-07-29,-1022000000.0,14963000000.0,13201000000.0,6335000000.0,8628000000.0,0.916,15.444,-433000000.0,780000000.0,780000000.0,10106000000.0,464000000.0,1.609,2.43,4472000000.0,543000000.0,3929000000.0,4472000000.0,0.0,390000000.0,0.0,0.002,0.08,819000000.0,1209000000.0,0.1,1209000000.0,819000000.0,650000000.0,1.64,1.64,1.64,4363000000.0,3926750000.0,4363000000.0,12860757789.0,16.0,10.638,749000000.0,2.651,1.0,1990000000.0,0.165,1980000000.0,169000000.0,12737000000.0,11074500000.0,3909000000.0,1434000000.0,0.0,1434000000.0,10600000000.0,3938000000.0,6662000000.0,10884757789.0,-11000000.0,-1667000000.0,-119000000.0,666000000.0,-23000000.0,604000000.0,-1800000000.0,329000000.0,1182000000.0,3000000.0,464000000.0,464000000.0,464000000.0,6000000.0,0.0,0.038,1165000000.0,825000000.0,1158000000.0,0.049,2.495,23.459,23.494,2456000000.0,0.0,38.53,0.9,0.9,1141000000.0,4124000000.0,12096000000.0,12096000000.0,0.0,0.035,0.118,0.074,0.068,0.0,1149000000.0,1.0,282500851.0,282500851.0,,42.818,12983000000.0,0.0,186000000.0,0.0,45.957,2397000000.0
30,TXT,MRT,2013-12-31,2013-12-28,2013-12-28,2021-07-29,-1027000000.0,12944000000.0,12599500000.0,5572000000.0,7372000000.0,0.961,15.593,-444000000.0,1211000000.0,1211000000.0,10131000000.0,498000000.0,1.855,1.953,3187000000.0,8000000.0,3179000000.0,3187000000.0,0.0,389000000.0,0.0,0.002,0.08,847000000.0,1236000000.0,0.102,1236000000.0,847000000.0,674000000.0,1.78,1.75,1.78,4384000000.0,3623000000.0,4384000000.0,12953919512.0,15.0,10.481,366000000.0,1.302,1.0,1973000000.0,0.163,1735000000.0,173000000.0,10182000000.0,10553250000.0,2963000000.0,1493000000.0,0.0,1493000000.0,8560000000.0,3003000000.0,5557000000.0,10292919512.0,-202000000.0,-196000000.0,31000000.0,-823000000.0,-22000000.0,-742000000.0,-264000000.0,368000000.0,810000000.0,-6000000.0,498000000.0,498000000.0,498000000.0,0.0,0.0,0.041,1126000000.0,847000000.0,1107000000.0,0.045,2.348,20.669,20.567,2215000000.0,0.0,36.61,0.85,0.85,979000000.0,4045000000.0,12104000000.0,12104000000.0,0.0,0.04,0.137,0.08,0.07,0.0,1126000000.0,1.0,281150492.0,281150492.0,,43.052,11209000000.0,0.0,176000000.0,0.0,39.868,2569000000.0
31,TXT,MRT,2013-09-30,2013-09-28,2013-09-28,2021-07-29,-1651000000.0,12457000000.0,12621750000.0,5189000000.0,7268000000.0,0.948,12.763,-466000000.0,637000000.0,637000000.0,9990000000.0,479000000.0,1.8,2.48,3298000000.0,104000000.0,3194000000.0,3298000000.0,0.0,391000000.0,0.0,0.003,0.08,843000000.0,1234000000.0,0.103,1234000000.0,843000000.0,657000000.0,1.72,1.67,1.72,3580000000.0,3274750000.0,3580000000.0,10864086208.0,13.0,8.804,-44000000.0,-0.157,1.0,1970000000.0,0.165,1675000000.0,186000000.0,10560000000.0,10619250000.0,3220000000.0,1527000000.0,0.0,1527000000.0,8877000000.0,2883000000.0,5994000000.0,7826086208.0,-601000000.0,-56000000.0,-253000000.0,-827000000.0,-16000000.0,-1022000000.0,8000000.0,495000000.0,422000000.0,-9000000.0,479000000.0,479000000.0,479000000.0,-6000000.0,0.0,0.04,1133000000.0,837000000.0,1004000000.0,0.047,2.186,16.338,16.221,2163000000.0,0.0,27.9,0.654,0.654,1024000000.0,4138000000.0,11960000000.0,11960000000.0,0.0,0.038,0.146,0.079,0.07,0.0,1133000000.0,1.0,280504882.0,280504882.0,,42.637,10782000000.0,0.0,178000000.0,0.0,38.438,2306000000.0
32,TXT,MRT,2013-06-30,2013-06-29,2013-06-29,2021-07-29,-1729000000.0,12440000000.0,12773750000.0,5158000000.0,7282000000.0,0.944,12.165,-512000000.0,571000000.0,571000000.0,9992000000.0,531000000.0,1.726,2.68,3609000000.0,374000000.0,3235000000.0,3609000000.0,0.0,392000000.0,0.0,0.003,0.08,926000000.0,1318000000.0,0.109,1318000000.0,926000000.0,729000000.0,1.91,1.83,1.91,3380000000.0,3206750000.0,3380000000.0,10180115664.0,11.0,7.724,-79000000.0,-0.284,1.0,2064000000.0,0.171,1670000000.0,197000000.0,10819000000.0,10739250000.0,3203000000.0,1616000000.0,0.0,1616000000.0,9060000000.0,2989000000.0,6071000000.0,7238115664.0,-340000000.0,-64000000.0,-253000000.0,-576000000.0,-17000000.0,-772000000.0,4000000.0,560000000.0,433000000.0,-5000000.0,531000000.0,531000000.0,531000000.0,-14000000.0,0.0,0.044,1152000000.0,912000000.0,966000000.0,0.042,2.141,13.631,13.639,2141000000.0,0.0,26.05,0.6,0.6,1007000000.0,4044000000.0,12056000000.0,12056000000.0,0.0,0.042,0.166,0.086,0.077,0.0,1152000000.0,1.0,277854728.0,277854728.0,,43.39,10770000000.0,0.0,198000000.0,0.0,38.761,2169000000.0
33,TXT,MRT,2013-03-31,2013-03-30,2013-03-30,2021-07-29,-1755000000.0,12557000000.0,12930750000.0,5072000000.0,7485000000.0,0.946,11.593,-484000000.0,791000000.0,791000000.0,10089000000.0,590000000.0,1.584,2.989,3733000000.0,426000000.0,3307000000.0,3733000000.0,0.0,389000000.0,0.0,0.003,0.08,1029000000.0,1418000000.0,0.116,1418000000.0,1029000000.0,821000000.0,2.12,2.01,2.12,3148000000.0,3137250000.0,3148000000.0,10668735732.0,10.0,7.524,298000000.0,1.097,1.0,2147000000.0,0.175,1645000000.0,208000000.0,10652000000.0,10890250000.0,2972000000.0,1834000000.0,0.0,1834000000.0,9409000000.0,3202000000.0,6207000000.0,8094735732.0,145000000.0,-29000000.0,-253000000.0,-630000000.0,-17000000.0,-899000000.0,271000000.0,722000000.0,782000000.0,-9000000.0,590000000.0,590000000.0,590000000.0,-14000000.0,0.0,0.048,1132000000.0,1015000000.0,1052000000.0,0.038,2.571,13.72,14.061,2134000000.0,0.0,29.81,0.662,0.662,954000000.0,3937000000.0,12236000000.0,12236000000.0,0.0,0.046,0.188,0.094,0.084,0.0,1132000000.0,1.0,271544305.0,271544305.0,,45.061,10912000000.0,0.0,231000000.0,0.0,40.185,1870000000.0
34,TXT,MRT,2012-12-31,2012-12-29,2012-12-29,2021-07-29,-1770000000.0,13033000000.0,13111500000.0,5389000000.0,7644000000.0,0.933,10.613,-480000000.0,1413000000.0,1413000000.0,10019000000.0,589000000.0,1.534,3.357,3987000000.0,535000000.0,3452000000.0,3987000000.0,0.0,383000000.0,0.0,0.003,0.08,1061000000.0,1444000000.0,0.118,1444000000.0,1061000000.0,849000000.0,2.1,2.0,2.1,2991000000.0,3079000000.0,2991000000.0,9632632869.0,9.0,6.671,447000000.0,1.586,1.0,2218000000.0,0.181,1649000000.0,212000000.0,10446000000.0,11261750000.0,2712000000.0,1990000000.0,0.0,1990000000.0,10042000000.0,3512000000.0,6530000000.0,6797632869.0,528000000.0,-11000000.0,-253000000.0,-511000000.0,-17000000.0,-781000000.0,378000000.0,848000000.0,927000000.0,4000000.0,589000000.0,589000000.0,589000000.0,-8000000.0,0.0,0.048,1165000000.0,1053000000.0,1021000000.0,0.038,2.273,11.541,11.486,2149000000.0,0.0,24.12,0.555,0.555,829000000.0,3824000000.0,12237000000.0,12237000000.0,0.0,0.045,0.191,0.094,0.087,0.0,1165000000.0,1.0,281825575.0,281825575.0,,43.42,11384000000.0,0.0,260000000.0,0.0,40.394,1877000000.0
35,TXT,MRT,2012-09-30,2012-09-29,2012-09-29,2021-07-29,-1562000000.0,13065000000.0,13257000000.0,5526000000.0,7539000000.0,0.915,11.775,-466000000.0,1238000000.0,1238000000.0,9937000000.0,422000000.0,1.719,2.95,4073000000.0,521000000.0,3552000000.0,4073000000.0,0.0,391000000.0,0.0,0.003,0.08,837000000.0,1228000000.0,0.101,1228000000.0,837000000.0,615000000.0,1.5,1.45,1.5,3308000000.0,3017500000.0,3308000000.0,10567232539.0,13.0,8.605,334000000.0,1.189,1.0,2192000000.0,0.181,1645000000.0,222000000.0,11040000000.0,11799500000.0,2831000000.0,2053000000.0,0.0,2053000000.0,9757000000.0,3215000000.0,6542000000.0,7352232539.0,-304000000.0,-22000000.0,3000000.0,-1602000000.0,-22000000.0,-1639000000.0,534000000.0,1095000000.0,800000000.0,1000000.0,422000000.0,422000000.0,422000000.0,-4000000.0,0.0,0.035,1359000000.0,833000000.0,1019000000.0,0.053,2.223,17.422,17.447,2078000000.0,0.0,26.17,0.606,0.606,914000000.0,3681000000.0,12129000000.0,12129000000.0,0.0,0.032,0.14,0.071,0.069,0.0,1197000000.0,1.0,280941251.0,280941251.0,,43.173,11420000000.0,0.0,193000000.0,0.0,40.649,2311000000.0
36,TXT,MRT,2012-06-30,2012-06-30,2012-06-30,2021-07-29,-1599000000.0,13068000000.0,13811000000.0,5278000000.0,7790000000.0,0.865,11.067,-412000000.0,911000000.0,911000000.0,9775000000.0,413000000.0,1.634,3.213,4126000000.0,507000000.0,3619000000.0,4126000000.0,0.0,391000000.0,0.0,0.003,0.08,820000000.0,1211000000.0,0.101,1211000000.0,820000000.0,589000000.0,1.47,1.41,1.47,3102000000.0,3018500000.0,3102000000.0,10638589689.0,13.0,8.785,459000000.0,1.638,1.0,2168000000.0,0.182,1630000000.0,231000000.0,11423000000.0,12584250000.0,2759000000.0,2250000000.0,0.0,2250000000.0,9966000000.0,3230000000.0,6736000000.0,6970589689.0,260000000.0,-14000000.0,3000000.0,-1189000000.0,-22000000.0,-1246000000.0,648000000.0,1109000000.0,871000000.0,-13000000.0,413000000.0,413000000.0,413000000.0,-1000000.0,0.0,0.035,1349000000.0,819000000.0,1135000000.0,0.054,2.247,16.878,16.918,2027000000.0,0.0,24.87,0.584,0.584,917000000.0,3536000000.0,11943000000.0,11943000000.0,0.0,0.03,0.137,0.065,0.069,0.0,1184000000.0,1.0,280281049.0,280281049.0,,42.611,11438000000.0,0.0,176000000.0,0.0,40.809,2048000000.0
37,TXT,MRT,2012-03-31,2012-03-31,2012-03-31,2021-07-29,-1601000000.0,13280000000.0,14253750000.0,5190000000.0,8090000000.0,0.817,10.424,-418000000.0,646000000.0,646000000.0,9565000000.0,331000000.0,1.637,3.556,4314000000.0,464000000.0,3850000000.0,4314000000.0,0.0,399000000.0,0.0,0.003,0.08,707000000.0,1106000000.0,0.095,1106000000.0,707000000.0,468000000.0,1.18,1.12,1.18,2915000000.0,3036500000.0,2915000000.0,11330457037.0,16.0,10.245,337000000.0,1.205,1.0,2087000000.0,0.179,1639000000.0,239000000.0,12138000000.0,13371250000.0,2593000000.0,2492000000.0,0.0,2492000000.0,10365000000.0,3171000000.0,7194000000.0,7782457037.0,-376000000.0,-14000000.0,3000000.0,-1676000000.0,-22000000.0,-1736000000.0,611000000.0,1041000000.0,755000000.0,-6000000.0,331000000.0,331000000.0,331000000.0,0.0,0.0,0.028,1380000000.0,707000000.0,1378000000.0,0.068,2.67,23.512,23.585,2003000000.0,0.0,27.83,0.668,0.668,937000000.0,3370000000.0,11652000000.0,11652000000.0,0.0,0.023,0.109,0.053,0.061,0.0,1203000000.0,1.0,279642725.0,279642725.0,,41.667,11641000000.0,0.0,137000000.0,0.0,41.628,2019000000.0
38,TXT,MRT,2011-12-31,2011-12-31,2011-12-31,2021-07-29,-1625000000.0,13615000000.0,14698500000.0,5263000000.0,8352000000.0,0.767,9.868,-423000000.0,885000000.0,885000000.0,9308000000.0,242000000.0,1.796,3.96,4433000000.0,146000000.0,4287000000.0,4433000000.0,0.0,403000000.0,0.0,0.004,0.08,583000000.0,986000000.0,0.087,986000000.0,583000000.0,337000000.0,0.87,0.79,0.87,2745000000.0,3070750000.0,2745000000.0,9034326671.0,15.0,9.163,640000000.0,2.301,1.0,1967000000.0,0.174,1635000000.0,246000000.0,12597000000.0,14162250000.0,2402000000.0,2739000000.0,0.0,2739000000.0,10870000000.0,2931000000.0,7939000000.0,5143326671.0,-46000000.0,-14000000.0,3000000.0,-1879000000.0,-22000000.0,-1951000000.0,843000000.0,1225000000.0,1063000000.0,-1000000.0,242000000.0,242000000.0,242000000.0,0.0,0.0,0.021,1384000000.0,583000000.0,1326000000.0,0.092,1.874,21.253,21.253,1996000000.0,0.0,18.49,0.456,0.456,856000000.0,3257000000.0,11275000000.0,11275000000.0,0.0,0.016,0.079,0.041,0.052,0.0,1195000000.0,1.0,278168019.0,278168019.0,,40.533,11980000000.0,0.0,95000000.0,0.0,43.067,2332000000.0
39,TXT,MRT,2011-09-30,2011-10-01,2011-10-01,2021-07-29,-1280000000.0,15281000000.0,15115250000.0,6145000000.0,9136000000.0,0.738,11.942,-407000000.0,1542000000.0,1542000000.0,9198000000.0,321000000.0,1.834,3.614,5433000000.0,589000000.0,4844000000.0,5433000000.0,0.0,400000000.0,0.0,0.005,0.08,658000000.0,1058000000.0,0.095,1058000000.0,658000000.0,411000000.0,1.14,1.04,1.14,3312000000.0,3127500000.0,3312000000.0,9283148951.0,14.0,8.774,478000000.0,1.724,1.0,1950000000.0,0.175,1642000000.0,247000000.0,14179000000.0,15019000000.0,2607000000.0,3271000000.0,0.0,3271000000.0,11969000000.0,3351000000.0,8618000000.0,4892148951.0,551000000.0,-10000000.0,-2000000.0,-1159000000.0,-23000000.0,-1196000000.0,859000000.0,1117000000.0,885000000.0,3000000.0,321000000.0,321000000.0,321000000.0,1000000.0,0.0,0.029,1291000000.0,659000000.0,1407000000.0,0.07,1.477,15.24,15.474,1957000000.0,0.0,17.64,0.439,0.439,927000000.0,3282000000.0,11148000000.0,11148000000.0,0.0,0.021,0.103,0.044,0.059,0.0,1195000000.0,1.0,277332707.0,277332707.0,,40.197,13639000000.0,0.0,90000000.0,0.0,49.179,2794000000.0
40,TXT,MRT,2011-06-30,2011-07-02,2011-07-02,2021-07-29,-1260000000.0,14839000000.0,15298250000.0,5441000000.0,9398000000.0,0.707,11.474,-356000000.0,651000000.0,651000000.0,8922000000.0,131000000.0,1.809,3.675,5042000000.0,351000000.0,4691000000.0,5042000000.0,0.0,401000000.0,0.0,0.003,0.08,403000000.0,804000000.0,0.074,804000000.0,403000000.0,150000000.0,0.46,0.4,0.46,3174000000.0,3046000000.0,3174000000.0,11301282417.0,28.0,14.056,598000000.0,2.162,1.0,1891000000.0,0.175,1651000000.0,253000000.0,14571000000.0,15750750000.0,2562000000.0,3525000000.0,0.0,3525000000.0,11665000000.0,3008000000.0,8657000000.0,6622282417.0,-540000000.0,-14000000.0,-2000000.0,-2509000000.0,-22000000.0,-2528000000.0,1011000000.0,1219000000.0,954000000.0,23000000.0,131000000.0,131000000.0,131000000.0,7000000.0,0.0,0.012,1481000000.0,410000000.0,1464000000.0,0.174,2.086,50.552,52.043,1964000000.0,0.0,23.94,0.612,0.612,874000000.0,3145000000.0,10813000000.0,10813000000.0,0.0,0.009,0.043,0.026,0.037,0.0,1245000000.0,1.0,276619984.0,276619984.0,,39.09,13188000000.0,0.0,19000000.0,0.0,47.676,2433000000.0
41,TXT,MRT,2011-03-31,2011-04-02,2011-04-02,2021-07-29,-1280000000.0,15059000000.0,15869250000.0,5399000000.0,9660000000.0,0.68,11.057,-310000000.0,1022000000.0,1022000000.0,8885000000.0,123000000.0,1.933,3.934,5701000000.0,216000000.0,5485000000.0,5701000000.0,0.0,398000000.0,0.0,0.003,0.08,378000000.0,776000000.0,0.072,776000000.0,378000000.0,117000000.0,0.44,0.38,0.44,3052000000.0,2981000000.0,3052000000.0,12594165857.0,33.0,16.23,816000000.0,2.956,1.0,1909000000.0,0.177,1643000000.0,261000000.0,15302000000.0,16844500000.0,2453000000.0,3803000000.0,0.0,3803000000.0,12007000000.0,2793000000.0,9214000000.0,7563165857.0,-487000000.0,-57000000.0,0.0,-2881000000.0,-22000000.0,-2899000000.0,1265000000.0,1462000000.0,1126000000.0,21000000.0,123000000.0,123000000.0,123000000.0,4000000.0,0.0,0.011,1527000000.0,382000000.0,1139000000.0,0.182,2.478,61.489,62.273,1950000000.0,0.0,27.4,0.701,0.701,910000000.0,3061000000.0,10794000000.0,10794000000.0,0.0,0.008,0.041,0.022,0.035,0.0,1249000000.0,1.0,276027951.0,276027951.0,,39.105,13416000000.0,0.0,-6000000.0,0.0,48.604,2606000000.0
42,TXT,MRT,2010-12-31,2011-01-01,2011-01-01,2021-07-29,-1316000000.0,15282000000.0,16632000000.0,5047000000.0,10235000000.0,0.633,10.811,-270000000.0,931000000.0,931000000.0,8605000000.0,86000000.0,1.9,4.142,5962000000.0,19000000.0,5943000000.0,5962000000.0,0.0,393000000.0,0.0,0.003,0.08,350000000.0,743000000.0,0.071,743000000.0,350000000.0,80000000.0,0.31,0.28,0.31,2972000000.0,2928250000.0,2972000000.0,11876649049.0,34.0,15.985,714000000.0,2.597,1.0,1920000000.0,0.182,1632000000.0,270000000.0,16024000000.0,18175750000.0,2277000000.0,4284000000.0,0.0,4284000000.0,12310000000.0,2657000000.0,9653000000.0,6498649049.0,-961000000.0,-57000000.0,0.0,-3477000000.0,-22000000.0,-3493000000.0,1549000000.0,1713000000.0,984000000.0,-1000000.0,86000000.0,86000000.0,86000000.0,6000000.0,0.0,0.008,1564000000.0,356000000.0,948000000.0,0.258,2.187,75.566,76.258,1932000000.0,0.0,23.64,0.617,0.617,892000000.0,3037000000.0,10525000000.0,10525000000.0,0.0,0.005,0.029,0.019,0.033,0.0,1231000000.0,1.0,274900552.0,274900552.0,,38.287,13650000000.0,0.0,-6000000.0,0.0,49.654,2390000000.0
43,TXT,MRT,2010-09-30,2010-10-02,2010-10-02,2021-07-29,-1226000000.0,16013000000.0,17546500000.0,5146000000.0,10867000000.0,0.582,10.889,-207000000.0,991000000.0,991000000.0,8325000000.0,-37000000.0,1.936,4.363,6369000000.0,18000000.0,6351000000.0,6369000000.0,0.0,394000000.0,0.0,0.004,0.08,252000000.0,646000000.0,0.063,646000000.0,252000000.0,-30000000.0,-0.14,-0.17,-0.14,2986000000.0,2891750000.0,2986000000.0,11781915932.0,47.0,18.238,1029000000.0,3.753,1.0,1886000000.0,0.185,1627000000.0,282000000.0,17106000000.0,19653500000.0,2647000000.0,4630000000.0,0.0,4630000000.0,13027000000.0,2658000000.0,10369000000.0,5689915932.0,-1585000000.0,-47000000.0,2000000.0,-4840000000.0,-21000000.0,-4859000000.0,2036000000.0,2149000000.0,1236000000.0,2000000.0,-37000000.0,-37000000.0,-37000000.0,6000000.0,0.0,-0.004,1628000000.0,258000000.0,1027000000.0,-0.571,1.906,-153.782,-148.214,1907000000.0,0.0,20.75,0.557,0.557,899000000.0,2983000000.0,10211000000.0,10211000000.0,0.0,-0.002,-0.013,0.013,0.025,0.0,1189000000.0,1.0,274212816.0,274212816.0,,37.238,14386000000.0,0.0,7000000.0,0.0,52.463,2488000000.0
44,TXT,MRT,2010-06-30,2010-07-03,2010-07-03,2021-07-29,-1335000000.0,17123000000.0,18532750000.0,5596000000.0,11527000000.0,0.555,10.662,-208000000.0,1191000000.0,1191000000.0,8335000000.0,15000000.0,2.109,4.876,7283000000.0,136000000.0,7147000000.0,7283000000.0,0.0,399000000.0,0.0,0.005,0.08,321000000.0,720000000.0,0.07,720000000.0,321000000.0,32000000.0,0.04,0.01,0.04,2914000000.0,2885750000.0,2914000000.0,11240190081.0,35.0,15.611,1058000000.0,3.871,1.0,1946000000.0,0.189,1616000000.0,289000000.0,18946000000.0,21122000000.0,2480000000.0,5260000000.0,0.0,5260000000.0,14209000000.0,2653000000.0,11556000000.0,4392190081.0,-694000000.0,-43000000.0,2000000.0,-3697000000.0,-22000000.0,-3857000000.0,1898000000.0,1924000000.0,1266000000.0,-1000000.0,15000000.0,15000000.0,15000000.0,8000000.0,0.0,0.001,1617000000.0,329000000.0,710000000.0,2.0,1.507,292.813,401.75,1900000000.0,0.0,16.07,0.427,0.427,970000000.0,3036000000.0,10281000000.0,10281000000.0,0.0,0.001,0.005,0.015,0.031,0.0,1236000000.0,1.0,273316122.0,273316122.0,,37.616,15507000000.0,0.0,17000000.0,150000000.0,56.736,2943000000.0
45,TXT,MRT,2010-03-31,2010-04-03,2010-04-03,2021-07-29,-1313000000.0,18110000000.0,19213000000.0,6019000000.0,12091000000.0,0.53,10.421,-207000000.0,1509000000.0,1509000000.0,8246000000.0,-125000000.0,2.214,5.375,8357000000.0,124000000.0,8233000000.0,8357000000.0,0.0,403000000.0,0.0,0.004,0.08,113000000.0,516000000.0,0.051,516000000.0,113000000.0,-184000000.0,-0.48,-0.48,-0.48,2841000000.0,2887250000.0,2841000000.0,13193089614.0,117.0,25.568,889000000.0,3.261,1.0,1938000000.0,0.19,1612000000.0,297000000.0,20627000000.0,22295500000.0,2475000000.0,5921000000.0,0.0,5921000000.0,15269000000.0,2719000000.0,12550000000.0,5834089614.0,-182000000.0,0.0,333000000.0,-3517000000.0,-21000000.0,-3345000000.0,2056000000.0,2025000000.0,1096000000.0,11000000.0,-125000000.0,-125000000.0,-125000000.0,5000000.0,0.0,-0.012,1820000000.0,118000000.0,747000000.0,-0.167,2.054,-46.673,-44.583,1940000000.0,0.0,21.4,0.573,0.573,959000000.0,2960000000.0,10184000000.0,10184000000.0,0.0,-0.007,-0.043,0.005,0.011,0.0,1277000000.0,1.0,272621010.0,272621010.0,,37.356,16498000000.0,0.0,-59000000.0,105000000.0,60.516,3300000000.0
46,TXT,MRT,2009-12-31,2010-01-02,2010-01-02,2021-07-29,-1321000000.0,18940000000.0,19814500000.0,5900000000.0,13040000000.0,0.53,10.424,-238000000.0,1892000000.0,1892000000.0,8468000000.0,-31000000.0,2.152,5.702,9251000000.0,134000000.0,9117000000.0,9251000000.0,0.0,409000000.0,0.0,0.004,0.08,202000000.0,611000000.0,0.058,611000000.0,202000000.0,-107000000.0,-0.12,-0.12,-0.12,2826000000.0,2794000000.0,2826000000.0,12949716074.0,64.0,21.194,777000000.0,2.866,1.0,2032000000.0,0.194,1622000000.0,309000000.0,21935000000.0,23229000000.0,2273000000.0,6684000000.0,0.0,6684000000.0,16114000000.0,2742000000.0,13372000000.0,5099716074.0,1345000000.0,0.0,333000000.0,-1805000000.0,-21000000.0,-1633000000.0,1939000000.0,1600000000.0,1015000000.0,24000000.0,-31000000.0,-31000000.0,-31000000.0,-42000000.0,0.0,-0.003,1872000000.0,160000000.0,1007000000.0,-0.667,1.805,-164.507,-156.75,1968000000.0,0.0,18.81,0.486,0.486,894000000.0,2973000000.0,10500000000.0,10500000000.0,0.0,-0.002,-0.011,0.009,0.019,0.0,1338000000.0,1.0,271117282.0,271117282.0,,38.729,17318000000.0,0.0,-76000000.0,0.0,63.876,3158000000.0
47,TXT,MRT,2009-09-30,2009-10-03,2009-10-03,2021-07-29,-1232000000.0,19958000000.0,20087250000.0,6232000000.0,13726000000.0,0.559,10.961,-396000000.0,2576000000.0,2576000000.0,8924000000.0,-177000000.0,1.994,5.738,10426000000.0,134000000.0,10292000000.0,10426000000.0,0.0,404000000.0,0.0,0.017,0.29,66000000.0,470000000.0,0.042,470000000.0,66000000.0,-298000000.0,-0.7,-0.68,-0.7,2962000000.0,2679000000.0,2962000000.0,13263849257.0,201.0,28.221,260000000.0,0.962,1.0,2312000000.0,0.206,1703000000.0,364000000.0,22980000000.0,23485750000.0,2716000000.0,6794000000.0,0.0,6794000000.0,16996000000.0,3125000000.0,13871000000.0,4731849257.0,2219000000.0,0.0,343000000.0,-455000000.0,-128000000.0,-390000000.0,1940000000.0,1260000000.0,656000000.0,13000000.0,-177000000.0,-177000000.0,-177000000.0,-192000000.0,0.0,-0.016,2439000000.0,-127000000.0,664000000.0,-0.414,1.598,-26.734,-25.014,1988000000.0,0.0,17.51,0.421,0.421,926000000.0,3042000000.0,11236000000.0,11236000000.0,0.0,-0.009,-0.066,0.003,0.006,-39000000.0,1421000000.0,1.0,270236965.0,270236965.0,,41.578,18255000000.0,0.0,-121000000.0,226000000.0,67.552,3107000000.0
48,TXT,MRT,2009-06-30,2009-07-04,2009-07-04,2021-07-29,-1258000000.0,19844000000.0,20269250000.0,5765000000.0,14079000000.0,0.6,11.919,-465000000.0,1885000000.0,1885000000.0,9472000000.0,25000000.0,1.897,5.796,10417000000.0,6000000.0,10411000000.0,10417000000.0,0.0,398000000.0,0.0,0.053,0.5,423000000.0,821000000.0,0.068,821000000.0,423000000.0,31000000.0,0.14,0.14,0.14,2920000000.0,2823250000.0,2920000000.0,11445766585.0,27.0,13.941,-82000000.0,-0.335,1.0,2686000000.0,0.221,1697000000.0,392000000.0,23640000000.0,23605750000.0,3001000000.0,7166000000.0,0.0,7166000000.0,16924000000.0,3039000000.0,13885000000.0,2307766585.0,1405000000.0,-9000000.0,-54000000.0,-317000000.0,-188000000.0,-559000000.0,1588000000.0,1081000000.0,383000000.0,-7000000.0,25000000.0,25000000.0,25000000.0,-195000000.0,0.0,0.002,2459000000.0,227000000.0,721000000.0,3.571,0.79,92.311,67.286,2005000000.0,0.0,9.42,0.19,0.19,839000000.0,3043000000.0,12158000000.0,12158000000.0,0.0,0.001,0.009,0.018,0.035,-27000000.0,1492000000.0,1.0,244985837.0,244985837.0,,49.627,18147000000.0,0.0,6000000.0,206000000.0,74.074,2726000000.0
49,TXT,MRT,2009-03-31,2009-04-04,2009-04-04,2021-07-29,-1423000000.0,20516000000.0,20482250000.0,5737000000.0,14779000000.0,0.646,10.159,-534000000.0,1691000000.0,1691000000.0,10148000000.0,341000000.0,1.591,7.313,10829000000.0,5000000.0,10824000000.0,10829000000.0,0.0,397000000.0,0.0,0.096,0.71,946000000.0,1343000000.0,0.102,1343000000.0,946000000.0,530000000.0,1.39,1.37,1.39,2468000000.0,3040250000.0,2468000000.0,11212678835.0,12.0,8.349,-58000000.0,-0.239,1.0,3082000000.0,0.233,1688000000.0,416000000.0,24361000000.0,23505500000.0,3323000000.0,7939000000.0,0.0,7939000000.0,18048000000.0,3605000000.0,14443000000.0,1802678835.0,1330000000.0,-9000000.0,-393000000.0,192000000.0,-232000000.0,-433000000.0,1301000000.0,937000000.0,476000000.0,-14000000.0,341000000.0,341000000.0,341000000.0,-199000000.0,0.0,0.026,2336000000.0,746000000.0,999000000.0,0.511,0.73,5.286,5.338,2068000000.0,0.0,7.42,0.136,0.136,854000000.0,3106000000.0,13230000000.0,13230000000.0,0.0,0.017,0.112,0.04,0.072,-13000000.0,1545000000.0,1.0,242948630.0,242948630.0,,54.456,18828000000.0,0.0,189000000.0,212000000.0,77.498,2132000000.0
50,TXT,MRT,2008-12-31,2009-01-03,2009-01-03,2021-07-29,-1422000000.0,20031000000.0,20544750000.0,5436000000.0,14595000000.0,0.682,9.813,-545000000.0,547000000.0,547000000.0,10583000000.0,486000000.0,1.137,7.466,9957000000.0,876000000.0,9081000000.0,9957000000.0,0.0,400000000.0,0.0,0.06,0.92,1239000000.0,1639000000.0,0.117,1639000000.0,1239000000.0,791000000.0,1.97,1.94,1.97,2366000000.0,3321750000.0,2366000000.0,13282655003.0,11.0,8.104,205000000.0,0.85,1.0,3427000000.0,0.245,1698000000.0,448000000.0,22962000000.0,23402750000.0,3093000000.0,8382000000.0,0.0,8382000000.0,17665000000.0,4781000000.0,12884000000.0,3705655003.0,16000000.0,-109000000.0,-483000000.0,-21000000.0,-284000000.0,-790000000.0,63000000.0,188000000.0,750000000.0,-7000000.0,486000000.0,486000000.0,486000000.0,-162000000.0,0.0,0.035,2350000000.0,1077000000.0,1101000000.0,0.467,1.566,7.625,7.802,2088000000.0,0.0,15.37,0.265,0.265,894000000.0,3025000000.0,14010000000.0,14010000000.0,0.0,0.024,0.146,0.053,0.088,0.0,1590000000.0,1.0,241096617.0,241096617.0,,58.109,18333000000.0,0.0,305000000.0,337000000.0,76.04,655000000.0
51,TXT,MRT,2008-09-30,2008-09-27,2008-09-27,2021-07-29,-487000000.0,20686000000.0,20534750000.0,5593000000.0,15093000000.0,0.674,14.239,-479000000.0,357000000.0,357000000.0,10286000000.0,951000000.0,1.174,4.845,9934000000.0,550000000.0,9384000000.0,9934000000.0,0.0,385000000.0,0.0,0.028,0.92,1863000000.0,2248000000.0,0.163,2248000000.0,1863000000.0,1402000000.0,3.83,3.75,3.83,3539000000.0,3607000000.0,3539000000.0,17341001602.0,9.0,7.714,598000000.0,2.406,1.0,3546000000.0,0.256,2038000000.0,461000000.0,23460000000.0,23301000000.0,3276000000.0,8437000000.0,0.0,8437000000.0,17147000000.0,4765000000.0,12382000000.0,8075001602.0,-585000000.0,-1215000000.0,-487000000.0,1288000000.0,-229000000.0,1289000000.0,-2267000000.0,-588000000.0,1077000000.0,2000000.0,951000000.0,951000000.0,951000000.0,-37000000.0,0.0,0.069,1743000000.0,1803000000.0,1062000000.0,0.24,2.282,8.491,8.483,1979000000.0,0.0,32.49,0.584,0.584,1045000000.0,3291000000.0,13832000000.0,13832000000.0,0.0,0.046,0.264,0.08,0.135,9000000.0,1631000000.0,1.0,248538061.0,248538061.0,,55.653,18648000000.0,0.0,451000000.0,445000000.0,75.031,828000000.0
52,TXT,MRT,2008-06-30,2008-06-28,2008-06-28,2021-07-29,-403000000.0,20696000000.0,19972250000.0,5406000000.0,15290000000.0,0.674,15.198,-433000000.0,480000000.0,480000000.0,9966000000.0,1000000000.0,1.216,4.464,9746000000.0,394000000.0,9352000000.0,9746000000.0,0.0,368000000.0,0.0,0.019,0.92,1915000000.0,2283000000.0,0.169,2283000000.0,1915000000.0,1439000000.0,4.0,3.92,4.0,3788000000.0,3508500000.0,3788000000.0,21707008734.0,11.0,9.508,859000000.0,3.446,1.0,3505000000.0,0.26,2276000000.0,476000000.0,23239000000.0,22728250000.0,3291000000.0,8474000000.0,0.0,8474000000.0,16908000000.0,4447000000.0,12461000000.0,11946008734.0,-217000000.0,-1206000000.0,-157000000.0,710000000.0,-163000000.0,410000000.0,-1944000000.0,-330000000.0,1292000000.0,25000000.0,1000000000.0,1000000000.0,1000000000.0,-66000000.0,0.0,0.074,1679000000.0,1826000000.0,1159000000.0,0.23,3.154,11.946,11.982,2040000000.0,0.0,47.93,0.887,0.887,1209000000.0,3140000000.0,13471000000.0,13471000000.0,0.0,0.05,0.285,0.084,0.142,9000000.0,1595000000.0,1.0,249238655.0,249238655.0,,54.049,18420000000.0,0.0,439000000.0,431000000.0,73.905,959000000.0
53,TXT,MRT,2008-03-31,2008-03-29,2008-03-29,2021-07-29,-424000000.0,20766000000.0,19329000000.0,5052000000.0,15714000000.0,0.674,14.452,-399000000.0,361000000.0,361000000.0,9565000000.0,952000000.0,1.187,4.778,10122000000.0,385000000.0,9737000000.0,10122000000.0,0.0,347000000.0,0.0,0.016,0.884,1847000000.0,2194000000.0,0.168,2194000000.0,1847000000.0,1348000000.0,3.81,3.74,3.81,3594000000.0,3294750000.0,3594000000.0,22511385861.0,12.0,10.26,825000000.0,3.317,1.0,3457000000.0,0.265,2321000000.0,499000000.0,23950000000.0,22311000000.0,3074000000.0,8634000000.0,0.0,8634000000.0,17172000000.0,4256000000.0,12916000000.0,13583385861.0,-224000000.0,-1206000000.0,-146000000.0,951000000.0,-162000000.0,663000000.0,-2138000000.0,-574000000.0,1224000000.0,27000000.0,952000000.0,952000000.0,952000000.0,-53000000.0,0.0,0.073,1686000000.0,1771000000.0,1082000000.0,0.232,3.779,14.268,14.336,2001000000.0,0.0,54.62,1.043,1.043,1181000000.0,2940000000.0,13022000000.0,13022000000.0,0.0,0.049,0.289,0.083,0.142,5000000.0,1631000000.0,1.0,248688866.0,248688866.0,,52.363,18445000000.0,0.0,396000000.0,474000000.0,74.169,796000000.0
54,TXT,MRT,2007-12-31,2007-12-29,2007-12-29,2021-07-29,-400000000.0,19991000000.0,18563000000.0,5169000000.0,14822000000.0,0.668,14.07,-379000000.0,531000000.0,531000000.0,9099000000.0,917000000.0,1.209,4.7,9457000000.0,355000000.0,9102000000.0,9457000000.0,0.0,322000000.0,0.0,0.012,0.848,1792000000.0,2114000000.0,0.171,2114000000.0,1792000000.0,1285000000.0,3.67,3.6,3.67,3507000000.0,3065750000.0,3507000000.0,25453283066.0,14.0,12.04,670000000.0,2.688,1.0,3296000000.0,0.266,2085000000.0,507000000.0,22555000000.0,21665750000.0,2593000000.0,8514000000.0,0.0,8514000000.0,16484000000.0,4277000000.0,12207000000.0,17851283066.0,-249000000.0,-1106000000.0,-201000000.0,420000000.0,-154000000.0,87000000.0,-1406000000.0,12000000.0,1049000000.0,21000000.0,917000000.0,917000000.0,917000000.0,-51000000.0,0.0,0.074,1578000000.0,1718000000.0,840000000.0,0.231,5.09,19.467,19.515,1918000000.0,0.0,71.62,1.44,1.44,958000000.0,2766000000.0,12395000000.0,12395000000.0,0.0,0.049,0.299,0.083,0.145,0.0,1545000000.0,1.0,249249973.0,249249973.0,,49.729,17906000000.0,0.0,368000000.0,472000000.0,71.84,892000000.0
55,TXT,MRT,2007-09-30,2007-09-29,2007-09-29,2021-07-29,-511000000.0,18436000000.0,17952750000.0,5184000000.0,13252000000.0,0.668,12.594,-406000000.0,942000000.0,942000000.0,8839000000.0,856000000.0,1.513,4.862,8544000000.0,93000000.0,8451000000.0,8544000000.0,0.0,299000000.0,0.0,0.013,0.811,1674000000.0,1973000000.0,0.165,1973000000.0,1674000000.0,1192000000.0,3.41,3.36,3.41,3145000000.0,2851250000.0,3145000000.0,23570781062.0,14.0,11.947,640000000.0,2.563,1.0,3154000000.0,0.263,1442000000.0,482000000.0,21169000000.0,21280000000.0,2634000000.0,8084000000.0,0.0,8084000000.0,15291000000.0,3427000000.0,11864000000.0,15535781062.0,120000000.0,-494000000.0,-226000000.0,-185000000.0,-146000000.0,-1214000000.0,-424000000.0,383000000.0,1046000000.0,26000000.0,856000000.0,856000000.0,856000000.0,-35000000.0,0.0,0.071,1515000000.0,1639000000.0,998000000.0,0.238,4.94,18.149,18.243,1832000000.0,0.0,62.21,1.295,1.295,1082000000.0,2584000000.0,11993000000.0,11993000000.0,0.0,0.048,0.3,0.079,0.14,38000000.0,1485000000.0,1.0,249731250.0,249731250.0,,48.024,16994000000.0,0.0,336000000.0,495000000.0,68.049,1757000000.0
56,TXT,MRT,2007-06-30,2007-06-30,2007-06-30,2021-07-29,-564000000.0,18123000000.0,17704250000.0,4734000000.0,13389000000.0,0.662,11.77,-420000000.0,697000000.0,697000000.0,8663000000.0,770000000.0,1.5,5.179,8732000000.0,86000000.0,8646000000.0,8732000000.0,0.0,294000000.0,0.0,0.014,0.775,1551000000.0,1845000000.0,0.157,1845000000.0,1551000000.0,1069000000.0,3.06,3.02,3.06,2933000000.0,2825250000.0,2933000000.0,21894233188.0,14.0,11.867,444000000.0,1.782,1.0,3057000000.0,0.261,1431000000.0,482000000.0,21570000000.0,21239000000.0,2518000000.0,8253000000.0,0.0,8253000000.0,15190000000.0,3157000000.0,12033000000.0,13719233188.0,372000000.0,-494000000.0,-291000000.0,366000000.0,-194000000.0,-81000000.0,-435000000.0,-243000000.0,864000000.0,24000000.0,770000000.0,770000000.0,770000000.0,1000000.0,0.0,0.066,1505000000.0,1552000000.0,936000000.0,0.253,4.678,17.817,17.992,1807000000.0,0.0,55.055,1.171,1.171,1075000000.0,6509000000.0,11720000000.0,11720000000.0,0.0,0.043,0.273,0.073,0.132,31000000.0,1471000000.0,1.0,249191412.0,249191412.0,,47.032,16692000000.0,0.0,299000000.0,492000000.0,66.985,1577000000.0
57,TXT,MRT,2007-03-31,2007-03-31,2007-03-31,2021-07-29,-631000000.0,17702000000.0,17511000000.0,4420000000.0,13282000000.0,0.646,10.688,-414000000.0,585000000.0,585000000.0,8370000000.0,629000000.0,1.434,5.61,8760000000.0,83000000.0,8677000000.0,8760000000.0,0.0,287000000.0,0.0,0.017,0.775,1391000000.0,1678000000.0,0.148,1678000000.0,1391000000.0,924000000.0,2.49,2.455,2.49,2678000000.0,2847500000.0,2678000000.0,19132339225.0,14.0,11.402,416000000.0,1.66,1.0,2935000000.0,0.26,1426000000.0,467000000.0,21369000000.0,21011500000.0,2342000000.0,8168000000.0,0.0,8168000000.0,15024000000.0,3082000000.0,11942000000.0,11250339225.0,40000000.0,-494000000.0,-614000000.0,880000000.0,-196000000.0,103000000.0,-915000000.0,-727000000.0,830000000.0,22000000.0,629000000.0,629000000.0,629000000.0,104000000.0,0.0,0.056,1440000000.0,1495000000.0,897000000.0,0.311,4.201,17.886,18.032,1776000000.0,0.0,44.9,0.995,0.995,1079000000.0,6347000000.0,11305000000.0,11305000000.0,0.0,0.036,0.221,0.066,0.123,31000000.0,1418000000.0,1.0,250564348.0,250564348.0,,45.118,16276000000.0,0.0,295000000.0,481000000.0,64.957,1338000000.0
58,TXT,MRT,2006-12-31,2006-12-30,2006-12-30,2021-07-29,-644000000.0,17550000000.0,17348000000.0,4287000000.0,13263000000.0,0.633,10.558,-412000000.0,780000000.0,780000000.0,8145000000.0,601000000.0,1.432,5.625,8662000000.0,80000000.0,8582000000.0,8662000000.0,0.0,279000000.0,0.0,0.017,0.775,1303000000.0,1582000000.0,0.144,1582000000.0,1303000000.0,865000000.0,2.35,2.31,2.35,2649000000.0,3009750000.0,2649000000.0,19352971367.0,15.0,12.233,557000000.0,2.22,1.0,2828000000.0,0.258,1426000000.0,438000000.0,21012000000.0,20639750000.0,2069000000.0,8217000000.0,0.0,8217000000.0,14901000000.0,2994000000.0,11907000000.0,11762971367.0,-16000000.0,-494000000.0,-588000000.0,1201000000.0,-244000000.0,401000000.0,-1409000000.0,-1198000000.0,969000000.0,23000000.0,601000000.0,601000000.0,601000000.0,92000000.0,0.0,0.055,1433000000.0,1395000000.0,814000000.0,0.33,4.441,19.572,19.951,1773000000.0,0.0,46.885,1.072,1.072,964000000.0,6211000000.0,10973000000.0,10973000000.0,0.0,0.035,0.2,0.063,0.119,30000000.0,1407000000.0,1.0,250889866.0,250889866.0,,43.736,16124000000.0,0.0,264000000.0,497000000.0,64.267,1293000000.0
59,TXT,MRT,2006-09-30,2006-09-30,2006-09-30,2021-07-29,-82000000.0,17442000000.0,17085250000.0,4404000000.0,13038000000.0,0.643,12.086,-381000000.0,822000000.0,822000000.0,8117000000.0,524000000.0,1.558,4.736,8412000000.0,6000000.0,8406000000.0,8412000000.0,0.0,292000000.0,0.0,0.017,0.756,1186000000.0,1478000000.0,0.134,1478000000.0,1186000000.0,780000000.0,2.03,1.985,2.03,3041000000.0,3166500000.0,3041000000.0,18838766538.0,16.0,12.746,434000000.0,1.725,1.0,2873000000.0,0.261,1201000000.0,406000000.0,21005000000.0,20077250000.0,2128000000.0,8044000000.0,0.0,8044000000.0,14401000000.0,2826000000.0,11575000000.0,11047766538.0,255000000.0,-5000000.0,-739000000.0,1526000000.0,-195000000.0,608000000.0,-1182000000.0,-1516000000.0,815000000.0,14000000.0,524000000.0,524000000.0,524000000.0,154000000.0,0.0,0.048,1533000000.0,1340000000.0,860000000.0,0.372,3.633,21.084,21.552,1630000000.0,0.0,43.75,1.005,1.002,962000000.0,6065000000.0,10990000000.0,10990000000.0,0.0,0.031,0.165,0.059,0.108,31000000.0,1482000000.0,1.0,252520378.0,251618000.0,,43.677,16241000000.0,0.0,256000000.0,478000000.0,64.546,1578000000.0
60,TXT,MRT,2006-06-30,2006-07-01,2006-07-01,2021-07-29,-69000000.0,17350000000.0,16700000000.0,4856000000.0,12494000000.0,0.632,11.763,-359000000.0,325000000.0,325000000.0,7805000000.0,191000000.0,1.476,4.741,8116000000.0,164000000.0,7952000000.0,8116000000.0,0.0,295000000.0,0.0,0.016,0.738,785000000.0,1080000000.0,0.102,1080000000.0,785000000.0,432000000.0,0.745,0.725,0.745,3022000000.0,3227500000.0,3022000000.0,19154274630.0,24.0,17.735,431000000.0,1.678,1.0,2753000000.0,0.261,1190000000.0,353000000.0,20660000000.0,19396000000.0,2072000000.0,7540000000.0,0.0,7540000000.0,14328000000.0,3291000000.0,11037000000.0,11992274630.0,-296000000.0,-6000000.0,-761000000.0,1553000000.0,-194000000.0,609000000.0,-1700000000.0,-1422000000.0,790000000.0,5000000.0,191000000.0,191000000.0,191000000.0,458000000.0,0.0,0.018,1510000000.0,1243000000.0,943000000.0,0.991,3.968,62.787,61.866,1597000000.0,0.0,46.09,1.136,1.122,1024000000.0,5944000000.0,10558000000.0,10558000000.0,0.0,0.011,0.059,0.04,0.074,31000000.0,1463000000.0,1.0,260192550.0,256906000.0,,41.097,16160000000.0,0.0,241000000.0,465000000.0,62.902,1565000000.0
61,TXT,MRT,2006-03-31,2006-04-01,2006-04-01,2021-07-29,-77000000.0,17050000000.0,16342750000.0,5073000000.0,11977000000.0,0.637,12.787,-359000000.0,545000000.0,545000000.0,7753000000.0,245000000.0,1.61,4.125,7707000000.0,202000000.0,7505000000.0,7707000000.0,0.0,298000000.0,0.0,0.015,0.719,794000000.0,1092000000.0,0.105,1092000000.0,794000000.0,478000000.0,0.935,0.905,0.935,3327000000.0,3373000000.0,3327000000.0,18920199320.0,24.0,17.326,706000000.0,2.713,1.0,2652000000.0,0.255,1180000000.0,316000000.0,19882000000.0,18665250000.0,1925000000.0,7105000000.0,0.0,7105000000.0,13723000000.0,3150000000.0,10573000000.0,12362199320.0,21000000.0,-29000000.0,-540000000.0,974000000.0,-191000000.0,256000000.0,-1286000000.0,-979000000.0,1065000000.0,-14000000.0,245000000.0,245000000.0,245000000.0,345000000.0,0.0,0.024,1513000000.0,1139000000.0,854000000.0,0.769,3.716,50.458,49.941,1577000000.0,0.0,46.695,1.188,1.168,1006000000.0,5924000000.0,10405000000.0,10405000000.0,0.0,0.015,0.073,0.043,0.076,35000000.0,1423000000.0,1.0,264743534.0,260186000.0,,39.991,15870000000.0,0.0,233000000.0,460000000.0,60.995,1923000000.0
62,TXT,MRT,2005-12-31,2005-12-31,2005-12-31,2021-07-29,-78000000.0,16499000000.0,16101500000.0,4975000000.0,11524000000.0,0.624,12.374,-359000000.0,796000000.0,796000000.0,7464000000.0,203000000.0,1.581,4.036,7354000000.0,275000000.0,7079000000.0,7354000000.0,0.0,303000000.0,0.0,0.018,0.7,716000000.0,1019000000.0,0.101,1019000000.0,716000000.0,426000000.0,0.76,0.74,0.76,3276000000.0,3451500000.0,3276000000.0,16465978624.0,23.0,16.159,677000000.0,2.557,1.0,2579000000.0,0.257,1148000000.0,290000000.0,18762000000.0,18243500000.0,1712000000.0,6667000000.0,0.0,6667000000.0,13223000000.0,3147000000.0,10076000000.0,10189978624.0,99000000.0,-29000000.0,-491000000.0,950000000.0,-189000000.0,283000000.0,-1195000000.0,-897000000.0,1036000000.0,-25000000.0,203000000.0,203000000.0,203000000.0,313000000.0,0.0,0.02,1550000000.0,1029000000.0,677000000.0,0.921,3.11,50.197,50.645,1574000000.0,0.0,38.49,1.015,1.015,891000000.0,5808000000.0,10043000000.0,10043000000.0,0.0,0.013,0.059,0.039,0.071,28000000.0,1403000000.0,1.0,264743534.0,264743534.0,,37.935,15351000000.0,0.0,223000000.0,461000000.0,57.984,1828000000.0
63,TXT,MRT,2005-09-30,2005-10-01,2005-10-01,2021-07-29,-151000000.0,15901000000.0,15945500000.0,4360000000.0,11541000000.0,0.517,12.358,-254000000.0,601000000.0,601000000.0,5960000000.0,210000000.0,1.662,3.84,6877000000.0,23000000.0,6854000000.0,6877000000.0,0.0,245000000.0,0.0,0.02,0.7,700000000.0,945000000.0,0.115,945000000.0,700000000.0,435000000.0,0.77,0.735,0.77,3285000000.0,3545500000.0,3285000000.0,15602764506.0,22.0,16.511,618000000.0,2.325,1.0,2291000000.0,0.278,1273000000.0,265000000.0,18280000000.0,17897250000.0,1947000000.0,6341000000.0,0.0,6341000000.0,12616000000.0,2624000000.0,9992000000.0,9593764506.0,-205000000.0,-35000000.0,-503000000.0,533000000.0,-189000000.0,-160000000.0,-889000000.0,-624000000.0,872000000.0,4000000.0,210000000.0,210000000.0,210000000.0,273000000.0,0.0,0.025,1329000000.0,962000000.0,944000000.0,0.909,2.92,45.685,46.571,1841000000.0,0.0,35.86,1.163,1.155,1290000000.0,5736000000.0,8251000000.0,8251000000.0,0.0,0.013,0.059,0.039,0.085,27000000.0,1231000000.0,1.0,267533868.0,265820000.0,,31.04,14628000000.0,0.0,225000000.0,474000000.0,55.03,1736000000.0
64,TXT,MRT,2005-06-30,2005-07-02,2005-07-02,2021-07-29,-173000000.0,15921000000.0,15858250000.0,4326000000.0,11595000000.0,0.529,13.388,-255000000.0,661000000.0,661000000.0,6148000000.0,477000000.0,1.674,3.418,6670000000.0,24000000.0,6646000000.0,6670000000.0,0.0,256000000.0,0.0,0.018,0.687,954000000.0,1210000000.0,0.144,1210000000.0,954000000.0,692000000.0,1.76,1.71,1.76,3604000000.0,3667000000.0,3604000000.0,16601657958.0,17.0,13.72,707000000.0,2.626,1.0,2247000000.0,0.268,1608000000.0,262000000.0,17737000000.0,17520000000.0,1846000000.0,5995000000.0,0.0,5995000000.0,12317000000.0,2585000000.0,9732000000.0,10310657958.0,-215000000.0,-35000000.0,-416000000.0,413000000.0,-187000000.0,-194000000.0,-964000000.0,-712000000.0,962000000.0,13000000.0,477000000.0,477000000.0,477000000.0,-37000000.0,0.0,0.057,1343000000.0,904000000.0,941000000.0,0.39,2.861,21.616,21.705,1842000000.0,0.0,38.2,1.228,1.225,1315000000.0,5946000000.0,8395000000.0,8395000000.0,0.0,0.03,0.13,0.054,0.114,22000000.0,1221000000.0,1.0,269912512.0,269206000.0,,31.184,14313000000.0,0.0,215000000.0,457000000.0,53.167,1741000000.0
65,TXT,MRT,2005-03-31,2005-04-02,2005-04-02,2021-07-29,-135000000.0,16085000000.0,15737000000.0,4282000000.0,11803000000.0,0.524,13.473,-239000000.0,560000000.0,560000000.0,6055000000.0,454000000.0,1.683,3.418,6851000000.0,24000000.0,6827000000.0,6851000000.0,0.0,267000000.0,0.0,0.018,0.675,894000000.0,1161000000.0,0.141,1161000000.0,894000000.0,644000000.0,1.66,1.625,1.66,3641000000.0,3703750000.0,3641000000.0,16057156386.0,18.0,13.83,605000000.0,2.239,1.0,2196000000.0,0.266,1636000000.0,250000000.0,18195000000.0,17165500000.0,1833000000.0,6101000000.0,0.0,6101000000.0,12444000000.0,2545000000.0,9899000000.0,10215156386.0,-131000000.0,-2000000.0,-278000000.0,686000000.0,-185000000.0,222000000.0,-1206000000.0,-1019000000.0,844000000.0,25000000.0,454000000.0,454000000.0,454000000.0,-32000000.0,0.0,0.055,1338000000.0,858000000.0,885000000.0,0.407,2.806,22.5,22.765,1873000000.0,0.0,37.79,1.238,1.238,1327000000.0,5870000000.0,8251000000.0,8251000000.0,0.0,0.029,0.123,0.052,0.108,8000000.0,1227000000.0,1.0,270313744.0,270254000.0,,30.531,14449000000.0,0.0,190000000.0,449000000.0,53.465,1737000000.0
66,TXT,MRT,2004-12-31,2005-01-01,2005-01-01,2021-07-29,-97000000.0,15875000000.0,15481000000.0,5097000000.0,10778000000.0,0.537,13.278,-234000000.0,697000000.0,697000000.0,6206000000.0,365000000.0,1.618,3.347,6553000000.0,420000000.0,6133000000.0,6553000000.0,0.0,280000000.0,0.0,0.018,0.662,776000000.0,1056000000.0,0.127,1056000000.0,776000000.0,530000000.0,1.33,1.305,1.33,3652000000.0,3708000000.0,3652000000.0,15724028250.0,20.0,14.89,716000000.0,2.603,1.0,2112000000.0,0.254,1204000000.0,246000000.0,17377000000.0,16671750000.0,1536000000.0,5738000000.0,0.0,5738000000.0,12223000000.0,3150000000.0,9073000000.0,10149028250.0,-111000000.0,-2000000.0,-228000000.0,87000000.0,-135000000.0,-276000000.0,-818000000.0,-661000000.0,950000000.0,33000000.0,365000000.0,365000000.0,365000000.0,10000000.0,0.0,0.044,1326000000.0,786000000.0,508000000.0,0.498,2.779,27.806,27.744,1513000000.0,0.0,36.9,1.22,1.22,843000000.0,5792000000.0,8318000000.0,8318000000.0,0.0,0.024,0.098,0.047,0.093,8000000.0,1209000000.0,1.0,275041416.0,275041416.0,,30.243,14671000000.0,0.0,165000000.0,453000000.0,53.341,1947000000.0
67,TXT,MRT,2004-09-30,2004-10-02,2004-10-02,2021-07-29,-65000000.0,15552000000.0,15305000000.0,3922000000.0,11630000000.0,0.543,13.673,-264000000.0,810000000.0,810000000.0,6291000000.0,323000000.0,1.435,3.124,6385000000.0,395000000.0,5990000000.0,6385000000.0,0.0,275000000.0,0.0,0.02,0.65,700000000.0,975000000.0,0.117,975000000.0,700000000.0,445000000.0,1.175,1.165,1.175,3771000000.0,3717500000.0,3771000000.0,14553830035.0,21.0,14.927,1103000000.0,3.999,1.0,2013000000.0,0.242,1623000000.0,255000000.0,16771000000.0,16528000000.0,1663000000.0,5519000000.0,0.0,5519000000.0,11781000000.0,2733000000.0,9048000000.0,9073830035.0,575000000.0,6000000.0,9000000.0,-404000000.0,-224000000.0,-718000000.0,-118000000.0,-391000000.0,1367000000.0,28000000.0,323000000.0,323000000.0,323000000.0,25000000.0,0.0,0.039,1281000000.0,732000000.0,877000000.0,0.553,2.406,28.092,27.86,1878000000.0,0.0,32.735,1.093,1.087,1143000000.0,5714000000.0,8304000000.0,8304000000.0,0.0,0.021,0.087,0.042,0.084,0.0,1152000000.0,1.0,277190470.0,275792000.0,,30.11,13929000000.0,0.0,122000000.0,450000000.0,50.505,1189000000.0
68,TXT,MRT,2004-06-30,2004-07-03,2004-07-03,2021-07-29,-99000000.0,15436000000.0,15304500000.0,4124000000.0,11312000000.0,0.522,13.615,-310000000.0,873000000.0,873000000.0,6039000000.0,267000000.0,1.385,3.115,6353000000.0,688000000.0,5665000000.0,6353000000.0,0.0,274000000.0,0.0,0.022,0.65,633000000.0,907000000.0,0.114,907000000.0,633000000.0,370000000.0,0.975,0.96,0.975,3751000000.0,3659750000.0,3751000000.0,13601350621.0,21.0,14.996,883000000.0,3.205,1.0,1947000000.0,0.244,1619000000.0,263000000.0,16319000000.0,16883250000.0,1648000000.0,5250000000.0,0.0,5250000000.0,11685000000.0,2978000000.0,8707000000.0,7994350621.0,500000000.0,8000000.0,86000000.0,-670000000.0,-223000000.0,-914000000.0,93000000.0,-180000000.0,1193000000.0,13000000.0,267000000.0,267000000.0,267000000.0,25000000.0,0.0,0.033,1280000000.0,667000000.0,926000000.0,0.667,2.131,29.941,29.79,1875000000.0,0.0,29.045,1.001,1.002,1247000000.0,5656000000.0,7986000000.0,7986000000.0,0.0,0.017,0.073,0.037,0.079,0.0,1121000000.0,1.0,275240166.0,275498000.0,,28.988,13817000000.0,0.0,103000000.0,406000000.0,50.153,1146000000.0
69,TXT,MRT,2004-03-31,2004-04-03,2004-04-03,2021-07-29,-80000000.0,15061000000.0,15427000000.0,3862000000.0,11199000000.0,0.518,13.313,-258000000.0,689000000.0,689000000.0,6062000000.0,230000000.0,1.369,3.117,6296000000.0,700000000.0,5596000000.0,6296000000.0,0.0,274000000.0,0.0,0.024,0.65,597000000.0,871000000.0,0.109,871000000.0,597000000.0,326000000.0,0.85,0.83,0.85,3658000000.0,3607750000.0,3658000000.0,13034404815.0,22.0,14.965,861000000.0,3.134,1.0,1931000000.0,0.242,1626000000.0,271000000.0,16220000000.0,17435750000.0,1567000000.0,5034000000.0,0.0,5034000000.0,11403000000.0,2822000000.0,8581000000.0,7417404815.0,233000000.0,-1000000.0,25000000.0,-1395000000.0,-222000000.0,-1699000000.0,704000000.0,407000000.0,1119000000.0,29000000.0,230000000.0,230000000.0,230000000.0,47000000.0,0.0,0.029,1280000000.0,651000000.0,874000000.0,0.765,2.028,32.25,31.676,1904000000.0,0.0,26.925,0.928,0.926,1244000000.0,5601000000.0,7993000000.0,7993000000.0,0.0,0.015,0.064,0.034,0.075,0.0,1102000000.0,1.0,275483930.0,274760000.0,,29.091,13435000000.0,0.0,96000000.0,386000000.0,48.897,1040000000.0
70,TXT,MRT,2003-12-31,2004-01-03,2004-01-03,2021-07-29,-64000000.0,15171000000.0,15731500000.0,3705000000.0,11466000000.0,0.512,13.564,-245000000.0,838000000.0,838000000.0,6106000000.0,259000000.0,1.585,3.111,6434000000.0,316000000.0,6118000000.0,6434000000.0,0.0,279000000.0,0.0,0.023,0.65,643000000.0,922000000.0,0.114,922000000.0,643000000.0,368000000.0,0.955,0.945,0.955,3690000000.0,3546500000.0,3690000000.0,14463831274.0,22.0,15.687,730000000.0,2.683,1.0,1949000000.0,0.242,1628000000.0,275000000.0,16802000000.0,18136250000.0,1503000000.0,5016000000.0,0.0,5016000000.0,11481000000.0,2337000000.0,9144000000.0,7778831274.0,536000000.0,14000000.0,3000000.0,-508000000.0,-222000000.0,-834000000.0,363000000.0,45000000.0,975000000.0,32000000.0,259000000.0,259000000.0,259000000.0,43000000.0,0.0,0.032,1250000000.0,699000000.0,689000000.0,0.681,2.108,30.034,29.942,1901000000.0,0.0,28.595,0.966,0.966,1124000000.0,5606000000.0,8055000000.0,8055000000.0,0.0,0.016,0.073,0.035,0.08,0.0,1107000000.0,1.0,272034666.0,272034666.0,,29.61,13543000000.0,0.0,109000000.0,390000000.0,49.784,1368000000.0
71,TXT,MRT,2003-09-30,2003-09-27,2003-09-27,2021-07-29,-111000000.0,15550000000.0,15817250000.0,3696000000.0,11854000000.0,0.623,13.05,-278000000.0,232000000.0,232000000.0,7615000000.0,307000000.0,1.517,3.393,6917000000.0,313000000.0,6604000000.0,6917000000.0,0.0,356000000.0,0.0,0.032,0.65,727000000.0,1083000000.0,0.11,1083000000.0,727000000.0,453000000.0,1.115,1.105,1.115,3540000000.0,3475500000.0,3540000000.0,12315175119.0,17.0,11.371,685000000.0,2.525,1.0,2235000000.0,0.227,1606000000.0,274000000.0,18192000000.0,18416000000.0,1525000000.0,5827000000.0,0.0,5827000000.0,12010000000.0,2437000000.0,9573000000.0,5434175119.0,24000000.0,5000000.0,-92000000.0,-453000000.0,-178000000.0,-731000000.0,-261000000.0,-155000000.0,963000000.0,14000000.0,307000000.0,307000000.0,307000000.0,7000000.0,0.0,0.031,1496000000.0,739000000.0,770000000.0,0.583,1.535,17.701,17.982,1905000000.0,0.0,20.05,0.552,0.552,1350000000.0,5569000000.0,9850000000.0,9850000000.0,0.0,0.019,0.088,0.039,0.074,0.0,1259000000.0,1.0,271031178.0,271254000.0,,36.313,13944000000.0,129000000.0,146000000.0,455000000.0,51.406,1259000000.0
72,TXT,MRT,2003-06-30,2003-06-28,2003-06-28,2021-07-29,-90000000.0,15926000000.0,15880250000.0,3914000000.0,12012000000.0,0.636,13.085,-208000000.0,371000000.0,371000000.0,7802000000.0,331000000.0,1.484,3.487,7252000000.0,512000000.0,6740000000.0,7252000000.0,0.0,357000000.0,0.0,0.034,0.65,762000000.0,1119000000.0,0.111,1119000000.0,762000000.0,477000000.0,1.195,1.19,1.195,3543000000.0,3432500000.0,3543000000.0,12020598411.0,16.0,10.742,677000000.0,2.5,1.0,2302000000.0,0.228,1640000000.0,285000000.0,18529000000.0,18514500000.0,1626000000.0,5854000000.0,0.0,5854000000.0,12356000000.0,2638000000.0,9718000000.0,5183598411.0,-250000000.0,4000000.0,-141000000.0,-518000000.0,-134000000.0,-793000000.0,-326000000.0,-198000000.0,885000000.0,20000000.0,331000000.0,331000000.0,331000000.0,11000000.0,0.0,0.033,1518000000.0,784000000.0,795000000.0,0.544,1.463,15.66,16.054,1961000000.0,0.0,19.185,0.513,0.514,1385000000.0,5566000000.0,10104000000.0,10104000000.0,0.0,0.021,0.096,0.041,0.075,0.0,1263000000.0,1.0,270190170.0,270760000.0,,37.317,14286000000.0,52000000.0,146000000.0,434000000.0,52.763,1276000000.0
73,TXT,MRT,2003-03-31,2003-03-29,2003-03-29,2021-07-29,-211000000.0,16279000000.0,15896750000.0,4085000000.0,12194000000.0,0.654,12.549,-249000000.0,457000000.0,457000000.0,8017000000.0,373000000.0,1.661,3.62,7294000000.0,230000000.0,7064000000.0,7294000000.0,0.0,354000000.0,0.0,0.046,0.65,834000000.0,1188000000.0,0.114,1188000000.0,834000000.0,544000000.0,1.335,1.33,1.335,3413000000.0,3400250000.0,3413000000.0,10089139520.0,12.0,8.493,636000000.0,2.338,1.0,2381000000.0,0.229,1635000000.0,290000000.0,19022000000.0,18423750000.0,1755000000.0,6228000000.0,0.0,6228000000.0,12354000000.0,2459000000.0,9895000000.0,3845139520.0,72000000.0,87000000.0,-215000000.0,399000000.0,-181000000.0,3000000.0,-818000000.0,-729000000.0,885000000.0,19000000.0,373000000.0,373000000.0,373000000.0,-11000000.0,0.0,0.036,1547000000.0,834000000.0,880000000.0,0.487,1.127,10.309,10.592,1937000000.0,0.0,14.14,0.37,0.37,1323000000.0,5547000000.0,10398000000.0,10398000000.0,0.0,0.023,0.11,0.045,0.08,0.0,1313000000.0,1.0,271933488.0,271982000.0,,38.23,14644000000.0,18000000.0,171000000.0,418000000.0,53.842,1626000000.0
74,TXT,MRT,2002-12-31,2002-12-28,2002-12-28,2021-07-29,-225000000.0,15514000000.0,15833750000.0,3939000000.0,11575000000.0,0.649,12.388,-251000000.0,307000000.0,307000000.0,7893000000.0,-124000000.0,1.719,3.555,6575000000.0,25000000.0,6550000000.0,6575000000.0,0.0,356000000.0,0.0,0.031,0.65,351000000.0,707000000.0,0.069,707000000.0,351000000.0,52000000.0,-0.45,-0.44,-0.45,3406000000.0,3517250000.0,3406000000.0,12683735200.0,36.0,17.94,425000000.0,1.546,1.0,2378000000.0,0.232,1569000000.0,299000000.0,17921000000.0,18040750000.0,1566000000.0,5389000000.0,0.0,5389000000.0,12108000000.0,2292000000.0,9816000000.0,5795735200.0,42000000.0,27000000.0,-224000000.0,442000000.0,-182000000.0,36000000.0,-734000000.0,-544000000.0,676000000.0,17000000.0,-124000000.0,-124000000.0,-124000000.0,10000000.0,0.0,-0.012,1503000000.0,875000000.0,857000000.0,-1.444,1.702,-46.74,-46.844,1955000000.0,0.0,21.08,0.564,0.564,1159000000.0,5526000000.0,10271000000.0,10271000000.0,0.0,-0.008,-0.035,0.019,0.034,0.0,1286000000.0,1.0,274940000.0,274940000.0,,37.357,13945000000.0,193000000.0,176000000.0,398000000.0,50.72,1647000000.0
75,TXT,MRT,2002-09-30,2002-09-28,2002-09-28,2021-07-29,-215000000.0,15802000000.0,15968250000.0,3716000000.0,12086000000.0,0.662,12.216,-199000000.0,203000000.0,203000000.0,8179000000.0,2000000.0,1.497,3.54,7091000000.0,216000000.0,6875000000.0,7091000000.0,0.0,365000000.0,0.0,0.037,0.65,647000000.0,1012000000.0,0.096,1012000000.0,647000000.0,332000000.0,0.005,0.01,0.005,3368000000.0,3649250000.0,3368000000.0,11439754430.0,18.0,11.304,828000000.0,3.003,1.0,2386000000.0,0.226,1621000000.0,315000000.0,18586000000.0,17728000000.0,1773000000.0,6092000000.0,0.0,6092000000.0,11922000000.0,2483000000.0,9439000000.0,4810754430.0,-96000000.0,693000000.0,-184000000.0,-818000000.0,-183000000.0,-1185000000.0,30000000.0,-338000000.0,1027000000.0,19000000.0,2000000.0,2000000.0,2000000.0,312000000.0,0.0,0.0,910000000.0,1476000000.0,889000000.0,130.0,1.428,2405.377,3483.0,1979000000.0,0.0,17.415,0.455,0.454,1325000000.0,5439000000.0,10565000000.0,10565000000.0,0.0,0.0,0.001,0.036,0.061,0.0,1347000000.0,1.0,276242000.0,275696000.0,,38.321,14181000000.0,0.0,330000000.0,406000000.0,51.437,1233000000.0
76,TXT,MRT,2002-06-30,2002-06-29,2002-06-29,2021-07-29,-180000000.0,15992000000.0,16302250000.0,4104000000.0,11888000000.0,0.668,12.238,-271000000.0,616000000.0,616000000.0,8654000000.0,-399000000.0,1.449,3.534,7245000000.0,537000000.0,6708000000.0,7245000000.0,0.0,408000000.0,0.0,0.021,0.488,182000000.0,590000000.0,0.054,590000000.0,182000000.0,-161000000.0,-1.42,-1.415,-1.42,3414000000.0,3739750000.0,3414000000.0,13037216200.0,72.0,22.097,771000000.0,2.764,1.0,2236000000.0,0.205,1622000000.0,343000000.0,18166000000.0,17690000000.0,1779000000.0,5836000000.0,0.0,5836000000.0,12066000000.0,2833000000.0,9233000000.0,6561216200.0,373000000.0,688000000.0,-144000000.0,-473000000.0,-229000000.0,-846000000.0,170000000.0,-114000000.0,1042000000.0,18000000.0,-399000000.0,-399000000.0,-399000000.0,308000000.0,0.0,-0.037,1232000000.0,1004000000.0,974000000.0,-0.344,1.922,-16.444,-16.514,2014000000.0,0.0,23.45,0.602,0.601,1293000000.0,5413000000.0,10890000000.0,10890000000.0,0.0,-0.024,-0.107,0.01,0.017,0.0,1389000000.0,1.0,279796000.0,278972000.0,,39.036,14370000000.0,0.0,238000000.0,383000000.0,51.511,1271000000.0
77,TXT,MRT,2002-03-31,2002-03-30,2002-03-30,2021-07-29,-237000000.0,16027000000.0,16661500000.0,3812000000.0,12215000000.0,0.681,13.821,-364000000.0,380000000.0,380000000.0,9004000000.0,-378000000.0,1.331,2.998,6856000000.0,627000000.0,6229000000.0,6856000000.0,0.0,460000000.0,0.0,0.019,0.488,249000000.0,709000000.0,0.062,709000000.0,249000000.0,-131000000.0,-1.35,-1.345,-1.35,3881000000.0,3907000000.0,3881000000.0,13017689775.0,52.0,18.361,673000000.0,2.397,1.0,2350000000.0,0.207,2149000000.0,380000000.0,17490000000.0,17818250000.0,1836000000.0,5614000000.0,0.0,5614000000.0,11634000000.0,2864000000.0,8770000000.0,7155689775.0,167000000.0,212000000.0,-42000000.0,-246000000.0,-184000000.0,-472000000.0,-392000000.0,-105000000.0,1037000000.0,5000000.0,-378000000.0,-378000000.0,-378000000.0,308000000.0,0.0,-0.033,1279000000.0,1071000000.0,891000000.0,-0.361,1.844,-18.93,-18.926,1991000000.0,0.0,25.55,0.63,0.632,1147000000.0,5841000000.0,11354000000.0,11354000000.0,0.0,-0.023,-0.097,0.014,0.022,0.0,1418000000.0,1.0,280066136.0,280806000.0,,40.434,13878000000.0,0.0,247000000.0,361000000.0,49.422,948000000.0
78,TXT,MRT,2001-12-31,2001-12-29,2001-12-29,2021-07-29,-223000000.0,16052000000.0,16852750000.0,4017000000.0,12035000000.0,0.711,13.925,-445000000.0,260000000.0,260000000.0,9440000000.0,166000000.0,1.306,2.95,6122000000.0,673000000.0,5449000000.0,6122000000.0,0.0,496000000.0,0.0,0.023,0.488,875000000.0,1371000000.0,0.114,1371000000.0,875000000.0,450000000.0,0.585,0.58,0.585,3934000000.0,3938750000.0,3934000000.0,13404127200.0,15.0,9.777,544000000.0,1.926,1.0,2536000000.0,0.212,2169000000.0,425000000.0,16670000000.0,17828250000.0,1727000000.0,5492000000.0,0.0,5492000000.0,11605000000.0,3075000000.0,8530000000.0,5989127200.0,-29000000.0,99000000.0,-20000000.0,-488000000.0,-184000000.0,-692000000.0,-320000000.0,151000000.0,989000000.0,5000000.0,166000000.0,166000000.0,166000000.0,308000000.0,0.0,0.014,1327000000.0,1209000000.0,994000000.0,0.834,1.522,36.079,36.239,2044000000.0,0.0,21.2,0.5,0.5,2169000000.0,5829000000.0,11976000000.0,11976000000.0,0.0,0.01,0.042,0.049,0.073,0.0,1457000000.0,1.0,282506000.0,282506000.0,,42.392,13883000000.0,0.0,284000000.0,357000000.0,49.142,942000000.0
79,TXT,MRT,2001-09-30,2001-09-29,2001-09-29,2021-07-29,-214000000.0,17138000000.0,16932250000.0,4222000000.0,12916000000.0,0.735,13.209,-491000000.0,299000000.0,299000000.0,9731000000.0,-309000000.0,1.073,3.457,7714000000.0,1353000000.0,6361000000.0,7714000000.0,0.0,515000000.0,0.0,0.029,0.488,240000000.0,755000000.0,0.061,755000000.0,240000000.0,-222000000.0,-1.075,-1.075,-1.075,3730000000.0,3953750000.0,3730000000.0,12185958970.0,51.0,16.14,260000000.0,0.921,1.0,2719000000.0,0.218,2183000000.0,462000000.0,18434000000.0,17968000000.0,2018000000.0,5780000000.0,0.0,5780000000.0,12895000000.0,3936000000.0,8959000000.0,4744958970.0,155000000.0,-565000000.0,-86000000.0,896000000.0,-184000000.0,626000000.0,-1222000000.0,-150000000.0,751000000.0,0.0,-309000000.0,-309000000.0,-309000000.0,0.0,0.0,-0.025,2456000000.0,263000000.0,1117000000.0,-0.454,1.272,-15.356,-15.633,2560000000.0,0.0,16.805,0.381,0.381,1500000000.0,5618000000.0,12450000000.0,12450000000.0,0.0,-0.018,-0.078,0.013,0.019,0.0,1504000000.0,1.0,282354000.0,282392000.0,,44.088,14955000000.0,0.0,87000000.0,396000000.0,52.958,286000000.0
80,TXT,MRT,2001-06-30,2001-06-30,2001-06-30,2021-07-29,-236000000.0,17429000000.0,16841750000.0,4309000000.0,13120000000.0,0.763,14.473,-487000000.0,243000000.0,243000000.0,9796000000.0,179000000.0,1.143,3.143,7684000000.0,1172000000.0,6512000000.0,7684000000.0,0.0,509000000.0,0.0,0.024,0.65,914000000.0,1423000000.0,0.111,1423000000.0,914000000.0,428000000.0,0.645,0.635,0.645,4083000000.0,4095500000.0,4083000000.0,14721860160.0,16.0,10.346,354000000.0,1.255,1.0,3052000000.0,0.238,2421000000.0,486000000.0,18679000000.0,17727500000.0,2079000000.0,5917000000.0,0.0,5917000000.0,12833000000.0,3770000000.0,9063000000.0,7760860160.0,13000000.0,-589000000.0,-121000000.0,253000000.0,-185000000.0,-53000000.0,-775000000.0,291000000.0,841000000.0,0.0,179000000.0,179000000.0,179000000.0,0.0,0.0,0.014,2112000000.0,940000000.0,1159000000.0,1.008,1.901,43.357,42.667,2552000000.0,0.0,27.52,0.604,0.604,1524000000.0,5995000000.0,12848000000.0,12848000000.0,0.0,0.011,0.044,0.052,0.071,0.0,1507000000.0,1.0,282008000.0,282110000.0,,45.543,15008000000.0,0.0,249000000.0,422000000.0,53.199,539000000.0
81,TXT,MRT,2001-03-31,2001-03-31,2001-03-31,2021-07-29,-220000000.0,16792000000.0,16837750000.0,4302000000.0,12490000000.0,0.762,14.24,-475000000.0,213000000.0,213000000.0,9765000000.0,232000000.0,1.14,3.062,7174000000.0,1180000000.0,5994000000.0,7174000000.0,0.0,500000000.0,0.0,0.023,0.65,1013000000.0,1513000000.0,0.118,1513000000.0,1013000000.0,513000000.0,0.825,0.81,0.825,4008000000.0,4143250000.0,4008000000.0,14460738575.0,14.0,9.558,361000000.0,1.283,1.0,3072000000.0,0.239,2449000000.0,500000000.0,17530000000.0,17661000000.0,2066000000.0,5323000000.0,0.0,5323000000.0,12272000000.0,3774000000.0,8498000000.0,7998738575.0,79000000.0,-233000000.0,-223000000.0,311000000.0,-187000000.0,-99000000.0,-658000000.0,45000000.0,836000000.0,0.0,232000000.0,232000000.0,232000000.0,0.0,0.0,0.018,2033000000.0,1039000000.0,1184000000.0,0.788,1.996,34.477,34.448,2551000000.0,0.0,28.42,0.623,0.623,1517000000.0,5915000000.0,12837000000.0,12837000000.0,0.0,0.014,0.056,0.057,0.079,0.0,1466000000.0,1.0,281447522.0,281466000.0,,45.608,14343000000.0,0.0,281000000.0,441000000.0,50.958,528000000.0
82,TXT,MRT,2000-12-31,2000-12-30,2000-12-30,2021-07-29,-172000000.0,16370000000.0,16869000000.0,3914000000.0,12456000000.0,0.776,14.039,-471000000.0,289000000.0,289000000.0,10028000000.0,218000000.0,1.2,2.97,6751000000.0,615000000.0,6136000000.0,6751000000.0,0.0,494000000.0,0.0,0.028,0.65,1012000000.0,1506000000.0,0.115,1506000000.0,1012000000.0,526000000.0,0.755,0.745,0.755,3994000000.0,4221750000.0,3994000000.0,13422485500.0,13.0,8.913,552000000.0,1.94,1.0,3062000000.0,0.234,2340000000.0,486000000.0,17229000000.0,17611000000.0,1871000000.0,5473000000.0,0.0,5473000000.0,11864000000.0,3263000000.0,8601000000.0,6614485500.0,80000000.0,-94000000.0,-339000000.0,507000000.0,-189000000.0,-21000000.0,-922000000.0,-377000000.0,1023000000.0,0.0,218000000.0,218000000.0,218000000.0,0.0,0.0,0.017,1965000000.0,1097000000.0,1200000000.0,0.861,1.656,30.342,30.795,2568000000.0,0.0,23.25,0.505,0.505,1318000000.0,5848000000.0,13090000000.0,13090000000.0,0.0,0.013,0.052,0.057,0.077,0.0,1445000000.0,1.0,284494000.0,284494000.0,,46.012,14030000000.0,0.0,308000000.0,392000000.0,49.316,651000000.0
83,TXT,MRT,2000-09-30,2000-09-30,2000-09-30,2021-07-29,-212000000.0,16776000000.0,16874750000.0,3950000000.0,12826000000.0,0.787,15.005,-540000000.0,144000000.0,144000000.0,10195000000.0,637000000.0,1.166,2.785,6952000000.0,825000000.0,6127000000.0,6952000000.0,0.0,492000000.0,0.0,0.028,0.65,1492000000.0,1984000000.0,0.149,1984000000.0,1492000000.0,1030000000.0,2.21,2.175,2.21,4297000000.0,4317500000.0,4297000000.0,13893800750.0,9.0,7.003,454000000.0,1.585,1.0,3092000000.0,0.233,2725000000.0,462000000.0,17472000000.0,17413500000.0,2032000000.0,5501000000.0,0.0,5501000000.0,11967000000.0,3387000000.0,8580000000.0,6624800750.0,-266000000.0,-1130000000.0,-509000000.0,1567000000.0,-147000000.0,911000000.0,-2171000000.0,-506000000.0,994000000.0,0.0,637000000.0,637000000.0,637000000.0,-31000000.0,0.0,0.048,1546000000.0,1546000000.0,1128000000.0,0.294,1.542,10.4,10.45,2507000000.0,0.0,23.095,0.499,0.498,1482000000.0,6111000000.0,13287000000.0,13287000000.0,0.0,0.038,0.148,0.086,0.112,0.0,1510000000.0,1.0,286850000.0,286370000.0,,46.398,14051000000.0,0.0,393000000.0,350000000.0,49.066,563000000.0
84,TXT,MRT,2000-06-30,2000-07-01,2000-07-01,2021-07-29,-163000000.0,17413000000.0,16455250000.0,4086000000.0,13327000000.0,0.777,14.842,-556000000.0,230000000.0,230000000.0,9853000000.0,625000000.0,1.166,2.954,7499000000.0,862000000.0,6637000000.0,7499000000.0,0.0,480000000.0,0.0,0.024,0.65,1397000000.0,1877000000.0,0.147,1877000000.0,1397000000.0,1015000000.0,2.145,2.11,2.145,4274000000.0,4352750000.0,4274000000.0,14620393380.0,10.0,7.789,584000000.0,2.028,1.0,2935000000.0,0.23,2764000000.0,382000000.0,18413000000.0,16575250000.0,2083000000.0,6015000000.0,0.0,6015000000.0,12627000000.0,3505000000.0,9122000000.0,7831393380.0,-28000000.0,-1719000000.0,-505000000.0,2990000000.0,-148000000.0,2337000000.0,-3505000000.0,-1253000000.0,1140000000.0,0.0,625000000.0,625000000.0,625000000.0,-31000000.0,0.0,0.049,1484000000.0,1451000000.0,1194000000.0,0.303,1.832,12.53,12.66,2529000000.0,0.0,27.155,0.612,0.611,1484000000.0,6001000000.0,12788000000.0,12788000000.0,0.0,0.038,0.144,0.084,0.109,0.0,1452000000.0,1.0,288396000.0,287962000.0,,44.409,14649000000.0,0.0,390000000.0,380000000.0,50.871,581000000.0
85,TXT,MRT,2000-03-31,2000-04-01,2000-04-01,2021-07-29,-73000000.0,16917000000.0,15556500000.0,3992000000.0,12925000000.0,0.797,14.773,-553000000.0,134000000.0,134000000.0,9581000000.0,608000000.0,1.113,2.796,6923000000.0,863000000.0,6060000000.0,6923000000.0,0.0,462000000.0,0.0,0.021,0.65,1295000000.0,1757000000.0,0.142,1757000000.0,1295000000.0,991000000.0,2.06,2.02,2.06,4322000000.0,4378500000.0,4322000000.0,15036715699.0,12.0,8.558,496000000.0,1.695,1.0,2817000000.0,0.227,2789000000.0,304000000.0,17330000000.0,14999750000.0,2030000000.0,5675000000.0,0.0,5675000000.0,12083000000.0,3587000000.0,8496000000.0,8927715699.0,-279000000.0,-2436000000.0,-499000000.0,3269000000.0,-149000000.0,2621000000.0,-3949000000.0,-996000000.0,1049000000.0,0.0,608000000.0,608000000.0,608000000.0,-31000000.0,0.0,0.049,1468000000.0,1349000000.0,1229000000.0,0.316,2.066,14.684,14.777,2480000000.0,0.0,30.44,0.72,0.718,1499000000.0,5868000000.0,12398000000.0,12398000000.0,0.0,0.039,0.139,0.086,0.104,0.0,1437000000.0,1.0,293288952.0,292562000.0,,42.377,14128000000.0,0.0,383000000.0,515000000.0,48.291,405000000.0
86,TXT,MRT,1999-12-31,2000-01-01,2000-01-01,2021-07-29,-98000000.0,16393000000.0,14821750000.0,3735000000.0,12658000000.0,0.8,14.713,-532000000.0,209000000.0,209000000.0,9242000000.0,2226000000.0,1.147,2.628,6318000000.0,688000000.0,5630000000.0,6318000000.0,0.0,440000000.0,0.0,0.017,0.65,2840000000.0,3280000000.0,0.277,3280000000.0,2840000000.0,2607000000.0,7.4,7.24,7.4,4377000000.0,4385750000.0,4377000000.0,15888947290.0,6.0,4.844,584000000.0,1.963,1.0,2612000000.0,0.22,2807000000.0,233000000.0,16439000000.0,13607500000.0,1859000000.0,5465000000.0,0.0,5465000000.0,11504000000.0,3256000000.0,8248000000.0,11406947290.0,156000000.0,1376000000.0,-701000000.0,-110000000.0,-192000000.0,-1003000000.0,43000000.0,-830000000.0,1116000000.0,0.0,2226000000.0,2226000000.0,2226000000.0,-1646000000.0,0.0,0.188,1349000000.0,1263000000.0,1262000000.0,0.088,2.606,5.124,5.182,2484000000.0,0.0,38.345,0.962,0.962,1363000000.0,5817000000.0,11854000000.0,11854000000.0,0.0,0.15,0.508,0.209,0.24,0.0,1318000000.0,1.0,297482000.0,297482000.0,,39.848,13586000000.0,0.0,381000000.0,394000000.0,45.67,479000000.0
87,TXT,MRT,1999-09-30,1999-10-02,1999-10-02,2021-07-29,-86000000.0,15098000000.0,14821750000.0,4021000000.0,11077000000.0,0.751,14.787,-523000000.0,410000000.0,410000000.0,8655000000.0,2185000000.0,1.399,2.293,4892000000.0,194000000.0,4698000000.0,4892000000.0,0.0,766000000.0,0.0,0.017,0.63,2857000000.0,3623000000.0,0.325,3623000000.0,2857000000.0,2536000000.0,7.165,7.0,7.165,4438000000.0,4385750000.0,4438000000.0,14779135000.0,5.0,4.079,511000000.0,1.703,1.0,2476000000.0,0.222,2587000000.0,321000000.0,14119000000.0,13607500000.0,1968000000.0,4334000000.0,0.0,4334000000.0,10177000000.0,2874000000.0,7303000000.0,11376135000.0,350000000.0,1881000000.0,-869000000.0,-59000000.0,-193000000.0,-1121000000.0,437000000.0,-971000000.0,1034000000.0,0.0,2185000000.0,2185000000.0,2185000000.0,-1615000000.0,0.0,0.196,1311000000.0,1165000000.0,1104000000.0,0.088,2.563,5.206,5.286,2389000000.0,0.0,37.875,1.022,1.021,1388000000.0,5665000000.0,11131000000.0,11131000000.0,0.0,0.147,0.498,0.21,0.257,0.0,1286000000.0,1.0,300360000.0,300138000.0,,37.086,12511000000.0,0.0,351000000.0,698000000.0,41.684,1147000000.0
88,TXT,MRT,1999-06-30,1999-07-03,1999-07-03,2021-07-29,-86000000.0,13818000000.0,14205750000.0,3765000000.0,10053000000.0,0.758,14.54,-501000000.0,258000000.0,258000000.0,8380000000.0,2181000000.0,1.296,2.047,3661000000.0,218000000.0,3443000000.0,3661000000.0,0.0,748000000.0,0.0,0.014,0.61,2821000000.0,3569000000.0,0.331,3569000000.0,2821000000.0,2512000000.0,7.115,6.95,7.115,4377000000.0,4098000000.0,4377000000.0,16259776420.0,6.0,4.556,414000000.0,1.375,1.0,2394000000.0,0.222,2205000000.0,309000000.0,12111000000.0,13861750000.0,1828000000.0,3900000000.0,0.0,3900000000.0,8958000000.0,2905000000.0,6053000000.0,13164776420.0,158000000.0,2482000000.0,-1115000000.0,-935000000.0,-190000000.0,-2240000000.0,1483000000.0,-526000000.0,915000000.0,0.0,2181000000.0,2181000000.0,2181000000.0,-1615000000.0,0.0,0.202,1262000000.0,1132000000.0,1069000000.0,0.086,3.008,6.036,6.136,2294000000.0,0.0,43.655,1.222,1.22,1372000000.0,5567000000.0,10774000000.0,10774000000.0,0.0,0.154,0.532,0.204,0.262,0.0,1238000000.0,1.0,301564000.0,301024000.0,,35.791,11613000000.0,0.0,331000000.0,859000000.0,38.578,860000000.0
89,TXT,MRT,1999-03-31,1999-04-03,1999-04-03,2021-07-29,-79000000.0,13978000000.0,15746000000.0,4386000000.0,9592000000.0,0.659,14.264,-491000000.0,413000000.0,413000000.0,8107000000.0,2183000000.0,1.349,2.102,3508000000.0,181000000.0,3327000000.0,3508000000.0,0.0,726000000.0,0.0,0.015,0.59,2805000000.0,3531000000.0,0.34,3531000000.0,2805000000.0,2503000000.0,7.075,6.915,7.075,4351000000.0,3869250000.0,4351000000.0,17291505094.0,6.0,4.897,430000000.0,1.41,1.0,2264000000.0,0.218,2060000000.0,302000000.0,11761000000.0,15299250000.0,1700000000.0,4484000000.0,730000000.0,3754000000.0,9144000000.0,3252000000.0,5892000000.0,11900505094.0,393000000.0,3181000000.0,-1018000000.0,-1591000000.0,-187000000.0,-2796000000.0,2268000000.0,-461000000.0,921000000.0,0.0,2183000000.0,2183000000.0,2183000000.0,-1615000000.0,0.0,0.21,1257000000.0,1007000000.0,933000000.0,0.083,2.735,5.451,5.548,2150000000.0,0.0,39.25,1.147,1.154,1253000000.0,5454000000.0,10371000000.0,10371000000.0,0.0,0.139,0.564,0.183,0.27,0.0,1149000000.0,1.0,303197582.0,305034000.0,,33.999,11918000000.0,0.0,320000000.0,1344000000.0,39.071,1134000000.0
90,TXT,MRT,1998-12-31,1999-01-02,1999-01-02,2021-07-29,-98000000.0,16393000000.0,17125500000.0,3735000000.0,12658000000.0,0.577,13.813,-475000000.0,209000000.0,209000000.0,7692000000.0,608000000.0,1.147,2.628,6318000000.0,688000000.0,5630000000.0,6318000000.0,0.0,709000000.0,0.0,0.015,0.57,1203000000.0,1912000000.0,0.194,1912000000.0,1203000000.0,902000000.0,1.885,1.84,1.885,4377000000.0,3622000000.0,4377000000.0,16380781720.0,14.0,8.567,486000000.0,1.534,1.0,2182000000.0,0.221,2807000000.0,301000000.0,16439000000.0,16746250000.0,1859000000.0,5465000000.0,0.0,5465000000.0,11504000000.0,3256000000.0,8248000000.0,12031781720.0,10000000.0,-839000000.0,-641000000.0,1475000000.0,-143000000.0,691000000.0,-1642000000.0,-350000000.0,961000000.0,0.0,608000000.0,608000000.0,608000000.0,0.0,0.0,0.062,1215000000.0,967000000.0,1214000000.0,0.302,2.749,19.789,20.143,2484000000.0,0.0,37.97,1.219,1.219,1363000000.0,5817000000.0,9874000000.0,9874000000.0,0.0,0.036,0.168,0.072,0.122,0.0,1108000000.0,1.0,316876000.0,316876000.0,,31.16,13586000000.0,0.0,294000000.0,394000000.0,42.875,479000000.0
91,TXT,MRT,1998-09-30,1998-10-03,1998-10-03,2021-07-29,-89000000.0,12634000000.0,15859750000.0,4302000000.0,8332000000.0,0.594,10.135,-449000000.0,60000000.0,60000000.0,7407000000.0,598000000.0,,2.844,4409000000.0,,,4409000000.0,0.0,647000000.0,0.0,0.019,0.552,938000000.0,1585000000.0,0.168,1585000000.0,938000000.0,887000000.0,1.83,1.785,1.83,3287000000.0,3334750000.0,3287000000.0,9618860000.0,10.0,6.069,484000000.0,1.492,1.0,2012000000.0,0.214,1847000000.0,51000000.0,15136000000.0,15427750000.0,1650000000.0,4204000000.0,1193000000.0,3011000000.0,9347000000.0,,,9750860000.0,-3000000.0,-307000000.0,-429000000.0,269000000.0,-216000000.0,-93000000.0,-843000000.0,-122000000.0,933000000.0,0.0,598000000.0,598000000.0,598000000.0,137000000.0,0.0,0.063,1096000000.0,916000000.0,837000000.0,0.302,2.966,16.306,16.257,1994000000.0,0.0,29.75,1.035,1.024,1102000000.0,3671000000.0,9419000000.0,9419000000.0,0.0,0.038,0.179,0.061,0.1,0.0,987000000.0,1.0,327760000.0,324312000.0,,29.043,10787000000.0,0.0,289000000.0,313000000.0,33.261,
92,TXT,MRT,1998-06-30,1998-07-04,1998-07-04,2021-07-29,-92000000.0,19979000000.0,,,,,10.58,-414000000.0,132000000.0,132000000.0,7163000000.0,594000000.0,,4.631,0.0,,,0.0,0.0,567000000.0,0.0,0.015,0.535,954000000.0,1521000000.0,0.167,1521000000.0,954000000.0,871000000.0,1.81,1.765,1.81,3462000000.0,,3462000000.0,11923492720.0,12.0,7.839,202000000.0,0.617,1.0,1946000000.0,0.214,1986000000.0,83000000.0,17861000000.0,,1602000000.0,883000000.0,,,16034000000.0,,,11953492720.0,-45000000.0,-300000000.0,-166000000.0,-336000000.0,-212000000.0,-431000000.0,-230000000.0,446000000.0,616000000.0,0.0,594000000.0,594000000.0,594000000.0,90000000.0,0.0,0.065,1064000000.0,882000000.0,985000000.0,0.296,3.453,20.124,20.182,2016000000.0,0.0,36.53,1.312,1.312,11533000000.0,3575000000.0,9109000000.0,9109000000.0,0.0,,,,0.105,0.0,956000000.0,1.0,327224000.0,327226000.0,,27.837,17993000000.0,0.0,277000000.0,0.0,54.986,
93,TXT,MRT,1998-03-31,1998-04-04,1998-04-04,2021-07-29,-58000000.0,19496000000.0,,,,,10.325,-368000000.0,30000000.0,30000000.0,6945000000.0,575000000.0,,4.655,0.0,,,0.0,0.0,589000000.0,0.0,0.013,0.517,1085000000.0,1674000000.0,0.18,1674000000.0,1085000000.0,861000000.0,1.75,1.705,1.75,3362000000.0,,3362000000.0,23083559626.0,21.0,13.789,287000000.0,0.881,1.0,2347000000.0,0.253,1917000000.0,224000000.0,17549000000.0,,1568000000.0,909000000.0,,,15651000000.0,,,12674559626.0,-104000000.0,-243000000.0,-270000000.0,-485000000.0,-208000000.0,-680000000.0,-79000000.0,502000000.0,655000000.0,0.0,575000000.0,575000000.0,575000000.0,90000000.0,0.0,0.062,1225000000.0,1122000000.0,964000000.0,0.295,3.77,22.043,22.197,1925000000.0,0.0,38.845,1.364,1.361,11353000000.0,3457000000.0,9292000000.0,9292000000.0,0.0,,,,0.117,0.0,1079000000.0,1.0,326285484.0,325618000.0,,28.537,17579000000.0,0.0,286000000.0,0.0,53.987,
94,TXT,MRT,1997-12-31,1998-01-03,1998-01-03,2021-07-29,-62000000.0,11330000000.0,14782500000.0,3698000000.0,7632000000.0,0.587,9.893,-374000000.0,43000000.0,43000000.0,6836000000.0,558000000.0,1.727,2.36,3586000000.0,476000000.0,3110000000.0,3586000000.0,0.0,609000000.0,0.0,0.016,0.5,961000000.0,1570000000.0,0.181,1570000000.0,961000000.0,808000000.0,1.69,1.645,1.69,3228000000.0,3205500000.0,3228000000.0,,,,369000000.0,1.131,1.0,1847000000.0,0.213,1567000000.0,153000000.0,11165000000.0,19045000000.0,1349000000.0,4206000000.0,1214000000.0,2992000000.0,7619000000.0,2141000000.0,5478000000.0,10217629931.0,12000000.0,185000000.0,-290000000.0,-734000000.0,-202000000.0,-943000000.0,212000000.0,353000000.0,743000000.0,0.0,558000000.0,558000000.0,558000000.0,0.0,0.0,0.064,929000000.0,918000000.0,812000000.0,0.296,3.165,18.311,18.53,1761000000.0,0.0,31.315,1.177,1.177,920000000.0,3362000000.0,8683000000.0,8683000000.0,0.0,0.038,0.174,0.05,0.111,0.0,906000000.0,1.0,326285484.0,326285484.0,,26.612,9763000000.0,0.0,250000000.0,319000000.0,29.922,1557000000.0
95,TXT,MRT,1997-09-30,1997-09-27,1997-09-27,2021-07-29,,,,,,,,,,,,,,,,,,,,,,0.015,0.485,,,,,,,,,,,,,,,,,,1.0,,,,,,,,,,,,,,,,,,,,,,,,,,,,,,,,,,,,,,,,32.19,,,,,,,,,,,,,,1.0,,329824000.0,,,,,,,,
96,TXT,MRT,1997-06-30,1997-06-28,1997-06-28,2021-07-29,,,,,,,,,,,,,,,,,,,,,,0.014,0.47,,,,,,,,,,,,,,,,,,1.0,,,,,,,,,,,,,,,,,,,,,,,,,,,,,,,,,,,,,,,,33.065,,,,,,,,,,,,,,1.0,,330346000.0,,,,,,,,
97,TXT,MRT,1997-03-31,1997-03-29,1997-03-29,2021-07-29,,,,,,,,,,,,,,,,,,,,,,0.018,0.455,,,,,,,,,,,,,,,,,,1.0,,,,,,,,,,,,,,,,,,,,,,,,,,,,,,,,,,,,,,,,25.775,,,,,,,,,,,,,,1.0,,331794000.0,,,,,,,,
98,TXT,MRT,1996-12-31,1996-12-28,1996-12-28,2021-07-29,0.0,18235000000.0,,,,,,-312000000.0,47000000.0,47000000.0,5837000000.0,253000000.0,,4.577,10346000000.0,,,10346000000.0,0.0,267000000.0,0.0,0.019,0.44,611000000.0,878000000.0,0.117,878000000.0,611000000.0,464000000.0,0.755,0.735,0.755,3183000000.0,,3183000000.0,,,,344000000.0,,1.0,1669000000.0,0.222,1609000000.0,147000000.0,26925000000.0,,1192000000.0,1590000000.0,,,14569000000.0,,,,-28000000.0,-36000000.0,-258000000.0,244000000.0,-148000000.0,-162000000.0,-522000000.0,-198000000.0,656000000.0,0.0,253000000.0,253000000.0,253000000.0,245000000.0,0.0,0.034,834000000.0,835000000.0,850000000.0,0.583,,,30.921,1539000000.0,0.0,23.345,,,10738000000.0,2969000000.0,7506000000.0,7506000000.0,0.0,,,,0.081,0.0,808000000.0,1.0,,,,,16626000000.0,0.0,211000000.0,0.0,,
99,TXT,MRT,1995-12-31,1996-01-03,1996-01-03,2021-07-29,,,,,,,,-279000000.0,,,5294000000.0,479000000.0,,,,,,,,342000000.0,,0.022,0.39,1544000000.0,1886000000.0,0.223,1886000000.0,1544000000.0,753000000.0,1.41,1.385,1.41,,,,,,,629000000.0,,1.0,3159000000.0,0.374,,791000000.0,,,,,,,,,,,35000000.0,-252000000.0,-80000000.0,384000000.0,-133000000.0,171000000.0,-1044000000.0,-543000000.0,908000000.0,0.0,479000000.0,479000000.0,479000000.0,0.0,0.0,0.057,1678000000.0,1481000000.0,,0.277,,,12.656,,0.0,17.845,,,,,8453000000.0,8453000000.0,0.0,,,,0.183,0.0,1274000000.0,1.0,,,,,,,274000000.0,,,
