None,ticker,dimension,calendardate,datekey,reportperiod,lastupdated,accoci,assets,assetsavg,assetsc,assetsnc,assetturnover,bvps,capex,cashneq,cashnequsd,cor,consolinc,currentratio,de,debt,debtc,debtnc,debtusd,deferredrev,depamor,deposits,divyield,dps,ebit,ebitda,ebitdamargin,ebitdausd,ebitusd,ebt,eps,epsdil,epsusd,equity,equityavg,equityusd,ev,evebit,evebitda,fcf,fcfps,fxusd,gp,grossmargin,intangibles,intexp,invcap,invcapavg,inventory,investments,investmentsc,investmentsnc,liabilities,liabilitiesc,liabilitiesnc,marketcap,ncf,ncfbus,ncfcommon,ncfdebt,ncfdiv,ncff,ncfi,ncfinv,ncfo,ncfx,netinc,netinccmn,netinccmnusd,netincdis,netincnci,netmargin,opex,opinc,payables,payoutratio,pb,pe,pe1,ppnenet,prefdivis,price,ps,ps1,receivables,retearn,revenue,revenueusd,rnd,roa,roe,roic,ros,sbcomp,sgna,sharefactor,sharesbas,shareswa,shareswadil,sps,tangibles,taxassets,taxexp,taxliabilities,tbvps,workingcapital
0,GAS,MRY,2015-12-31,2015-12-31,2015-12-31,2019-04-19,-186000000.0,14754000000.0,14228500000.0,2115000000.0,12639000000.0,0.277,32.851,-1027000000.0,19000000.0,19000000.0,1826000000.0,373000000.0,0.705,2.743,4830000000.0,1555000000.0,3275000000.0,4830000000.0,0.0,397000000.0,165000000.0,0.032,2.04,739000000.0,1136000000.0,0.288,1136000000.0,739000000.0,566000000.0,2.95,2.94,2.95,3929000000.0,3918000000.0,3929000000.0,12172510189.0,16.0,10.715,354000000.0,2.96,1.0,2115000000.0,0.537,1922000000.0,173000000.0,14643000000.0,14098500000.0,651000000.0,0.0,0.0,0.0,10779000000.0,3000000000.0,7779000000.0,7672510189.0,-12000000.0,0.0,13000000.0,-117000000.0,-244000000.0,-366000000.0,-1027000000.0,0.0,1381000000.0,0.0,353000000.0,353000000.0,353000000.0,0.0,20000000.0,0.09,1369000000.0,746000000.0,673000000.0,0.692,1.953,21.735,21.631,9791000000.0,0.0,63.81,1.947,1.936,932000000.0,1421000000.0,3941000000.0,3941000000.0,0.0,0.025,0.09,0.052,0.188,0.0,914000000.0,1.0,120239934.0,119600000.0,119900000.0,32.952,12832000000.0,0.0,213000000.0,1943000000.0,107.291,-885000000.0
1,GAS,MRY,2014-12-31,2014-12-31,2014-12-31,2019-04-19,-206000000.0,14888000000.0,14560750000.0,2886000000.0,12002000000.0,0.37,31.852,-769000000.0,31000000.0,31000000.0,2973000000.0,500000000.0,0.897,2.923,5044000000.0,1463000000.0,3581000000.0,5044000000.0,0.0,380000000.0,125000000.0,0.036,1.96,1011000000.0,1391000000.0,0.258,1391000000.0,1011000000.0,832000000.0,4.06,4.04,4.06,3784000000.0,3791250000.0,3784000000.0,11016924176.0,11.0,7.92,-114000000.0,-0.96,1.0,2412000000.0,0.448,1952000000.0,179000000.0,14730000000.0,14098250000.0,716000000.0,400000000.0,253000000.0,147000000.0,11060000000.0,3219000000.0,7841000000.0,6517924175.0,-74000000.0,230000000.0,22000000.0,4000000.0,-233000000.0,-224000000.0,-505000000.0,0.0,655000000.0,0.0,482000000.0,482000000.0,482000000.0,0.0,18000000.0,0.09,1317000000.0,1095000000.0,1089000000.0,0.483,1.722,13.523,13.426,9090000000.0,0.0,54.51,1.21,1.203,1541000000.0,1312000000.0,5385000000.0,5385000000.0,0.0,0.033,0.127,0.072,0.188,0.0,939000000.0,1.0,119572999.0,118800000.0,119200000.0,45.328,12936000000.0,0.0,350000000.0,1805000000.0,108.889,-333000000.0
2,GAS,MRY,2013-12-31,2013-12-31,2013-12-31,2019-04-19,-136000000.0,14550000000.0,13982500000.0,2895000000.0,11655000000.0,0.301,30.263,-731000000.0,81000000.0,81000000.0,2297000000.0,313000000.0,0.928,3.065,5059000000.0,1246000000.0,3813000000.0,5059000000.0,0.0,397000000.0,136000000.0,0.04,1.88,642000000.0,1039000000.0,0.247,1039000000.0,642000000.0,472000000.0,2.5,2.49,2.5,3568000000.0,3500000000.0,3568000000.0,10171385106.0,16.0,9.79,240000000.0,2.036,1.0,1912000000.0,0.454,1972000000.0,170000000.0,14438000000.0,13808000000.0,658000000.0,281000000.0,148000000.0,133000000.0,10937000000.0,3118000000.0,7819000000.0,5610385106.0,-26000000.0,-142000000.0,33000000.0,63000000.0,-222000000.0,-121000000.0,-876000000.0,0.0,971000000.0,0.0,295000000.0,295000000.0,295000000.0,0.0,18000000.0,0.07,1273000000.0,639000000.0,1092000000.0,0.752,1.572,19.018,18.892,8643000000.0,0.0,47.23,1.333,1.323,1493000000.0,1063000000.0,4209000000.0,4209000000.0,0.0,0.021,0.084,0.046,0.153,0.0,887000000.0,1.0,118788590.0,117900000.0,118300000.0,35.7,12578000000.0,0.0,177000000.0,1713000000.0,106.684,-223000000.0
3,GAS,MRY,2012-12-31,2012-12-31,2012-12-31,2019-04-19,-218000000.0,14070000000.0,13510250000.0,2836000000.0,11234000000.0,0.264,28.795,-775000000.0,108000000.0,108000000.0,1742000000.0,275000000.0,0.85,3.17,4969000000.0,1636000000.0,3333000000.0,4969000000.0,0.0,394000000.0,143000000.0,0.044,1.741,600000000.0,994000000.0,0.279,994000000.0,600000000.0,417000000.0,2.22,2.21,2.22,3369000000.0,3393000000.0,3369000000.0,9262754814.0,15.0,9.319,228000000.0,1.949,1.0,1820000000.0,0.511,1847000000.0,183000000.0,13748000000.0,13393250000.0,699000000.0,328000000.0,186000000.0,142000000.0,10679000000.0,3336000000.0,7343000000.0,4707754814.0,62000000.0,0.0,21000000.0,41000000.0,-203000000.0,-155000000.0,-786000000.0,0.0,1003000000.0,0.0,260000000.0,260000000.0,260000000.0,0.0,15000000.0,0.073,1230000000.0,590000000.0,936000000.0,0.784,1.397,18.107,18.005,8205000000.0,0.0,39.97,1.322,1.313,1301000000.0,990000000.0,3562000000.0,3562000000.0,0.0,0.019,0.077,0.045,0.168,0.0,816000000.0,1.0,117782207.0,117000000.0,117500000.0,30.444,12223000000.0,0.0,157000000.0,1612000000.0,104.47,-500000000.0
4,GAS,MRY,2011-12-31,2011-12-31,2011-12-31,2019-04-19,-217000000.0,13913000000.0,8903750000.0,2746000000.0,11167000000.0,0.259,41.269,-427000000.0,69000000.0,69000000.0,1142000000.0,179000000.0,0.89,3.187,5009000000.0,1437000000.0,3572000000.0,5009000000.0,0.0,182000000.0,152000000.0,0.045,1.899,420000000.0,602000000.0,0.261,602000000.0,420000000.0,286000000.0,2.05,2.04,2.05,3318000000.0,2245250000.0,3318000000.0,5858686081.0,14.0,9.732,24000000.0,0.299,1.0,1163000000.0,0.505,1918000000.0,134000000.0,13851000000.0,9363750000.0,750000000.0,469000000.0,279000000.0,190000000.0,10574000000.0,3084000000.0,7490000000.0,3319686081.0,45000000.0,-928000000.0,19000000.0,1080000000.0,-148000000.0,933000000.0,-1339000000.0,0.0,451000000.0,0.0,165000000.0,165000000.0,165000000.0,0.0,14000000.0,0.072,736000000.0,427000000.0,884000000.0,0.926,1.001,20.119,20.615,7900000000.0,0.0,42.26,1.44,1.474,1284000000.0,967000000.0,2305000000.0,2305000000.0,0.0,0.019,0.073,0.045,0.182,0.0,497000000.0,1.0,78553859.0,80400000.0,80900000.0,28.669,11995000000.0,0.0,121000000.0,1494000000.0,149.192,-338000000.0
5,GAS,MRY,2010-12-31,2010-12-31,2010-12-31,2019-04-19,-150000000.0,7520000000.0,7003000000.0,2166000000.0,5354000000.0,0.339,23.424,-510000000.0,24000000.0,24000000.0,1210000000.0,250000000.0,0.891,3.135,2708000000.0,1033000000.0,1675000000.0,2708000000.0,0.0,160000000.0,52000000.0,0.049,1.76,483000000.0,643000000.0,0.271,643000000.0,483000000.0,374000000.0,3.02,3.0,3.02,1813000000.0,1813750000.0,1813000000.0,5272793762.0,11.0,8.2,16000000.0,0.207,1.0,1163000000.0,0.49,421000000.0,109000000.0,7351000000.0,6922000000.0,639000000.0,57000000.0,0.0,57000000.0,5684000000.0,2432000000.0,3252000000.0,2797793762.0,-2000000.0,73000000.0,8000000.0,291000000.0,-136000000.0,-86000000.0,-442000000.0,0.0,526000000.0,0.0,234000000.0,234000000.0,234000000.0,0.0,16000000.0,0.099,663000000.0,500000000.0,922000000.0,0.583,1.543,11.956,11.871,4405000000.0,0.0,35.85,1.179,1.169,1162000000.0,943000000.0,2373000000.0,2373000000.0,0.0,0.033,0.129,0.07,0.204,0.0,497000000.0,1.0,78041667.0,77400000.0,77800000.0,30.659,7099000000.0,0.0,140000000.0,816000000.0,91.718,-266000000.0
6,GAS,MRY,2009-12-31,2009-12-31,2009-12-31,2019-04-19,0.0,7074000000.0,6383500000.0,2000000000.0,5074000000.0,0.363,23.177,-476000000.0,26000000.0,26000000.0,1186000000.0,249000000.0,1.129,2.952,2576000000.0,602000000.0,1974000000.0,2576000000.0,0.0,158000000.0,41000000.0,0.047,1.72,458000000.0,616000000.0,0.266,616000000.0,458000000.0,357000000.0,2.89,2.88,2.89,1780000000.0,1741250000.0,1780000000.0,5086731756.0,11.0,8.258,116000000.0,1.51,1.0,1131000000.0,0.488,418000000.0,101000000.0,7434000000.0,6842250000.0,672000000.0,0.0,0.0,0.0,5255000000.0,1772000000.0,3483000000.0,2822731756.0,10000000.0,0.0,8000000.0,33000000.0,-127000000.0,-106000000.0,-476000000.0,0.0,592000000.0,0.0,222000000.0,222000000.0,222000000.0,0.0,27000000.0,0.096,655000000.0,476000000.0,720000000.0,0.595,1.586,12.715,12.619,4146000000.0,0.0,36.47,1.218,1.209,963000000.0,,2317000000.0,2317000000.0,0.0,0.035,0.127,0.067,0.198,0.0,497000000.0,1.0,77398732.0,76800000.0,77100000.0,30.169,6656000000.0,0.0,135000000.0,730000000.0,86.667,228000000.0
7,GAS,MRY,2008-12-31,2008-12-31,2008-12-31,2019-04-19,0.0,6710000000.0,6477750000.0,2042000000.0,4668000000.0,0.432,21.651,-372000000.0,16000000.0,16000000.0,1698000000.0,237000000.0,1.03,3.042,2541000000.0,866000000.0,1675000000.0,2541000000.0,0.0,152000000.0,50000000.0,0.054,1.68,464000000.0,616000000.0,0.22,616000000.0,464000000.0,349000000.0,2.85,2.84,2.85,1652000000.0,1696000000.0,1652000000.0,4840066763.0,10.0,7.857,-145000000.0,-1.9,1.0,1102000000.0,0.394,418000000.0,115000000.0,6834000000.0,6449750000.0,663000000.0,0.0,0.0,0.0,5026000000.0,1983000000.0,3043000000.0,2407066763.0,-3000000.0,0.0,9000000.0,446000000.0,-124000000.0,142000000.0,-372000000.0,0.0,227000000.0,0.0,217000000.0,217000000.0,217000000.0,0.0,20000000.0,0.077,624000000.0,478000000.0,741000000.0,0.589,1.457,11.092,11.0,3816000000.0,0.0,31.35,0.86,0.854,1005000000.0,,2800000000.0,2800000000.0,0.0,0.033,0.128,0.072,0.166,0.0,472000000.0,1.0,76780439.0,76300000.0,76600000.0,36.697,6292000000.0,0.0,132000000.0,607000000.0,82.464,59000000.0
8,GAS,MRY,2007-12-31,2007-12-31,2007-12-31,2019-04-19,0.0,6258000000.0,5900000000.0,1797000000.0,4461000000.0,0.423,21.543,-259000000.0,19000000.0,19000000.0,1410000000.0,241000000.0,1.1,2.768,2255000000.0,580000000.0,1675000000.0,2255000000.0,0.0,144000000.0,35000000.0,0.044,1.64,463000000.0,607000000.0,0.243,607000000.0,463000000.0,338000000.0,2.74,2.72,2.74,1661000000.0,1658500000.0,1661000000.0,4989355156.0,11.0,8.22,118000000.0,1.53,1.0,1084000000.0,0.435,420000000.0,125000000.0,6440000000.0,6087750000.0,551000000.0,0.0,0.0,0.0,4597000000.0,1634000000.0,2963000000.0,2882355156.0,2000000.0,0.0,-64000000.0,91000000.0,-123000000.0,-122000000.0,-253000000.0,0.0,377000000.0,0.0,211000000.0,211000000.0,211000000.0,0.0,30000000.0,0.085,595000000.0,489000000.0,750000000.0,0.599,1.735,13.66,13.737,3566000000.0,0.0,37.64,1.156,1.164,989000000.0,,2494000000.0,2494000000.0,0.0,0.036,0.127,0.076,0.186,0.0,451000000.0,1.0,76576917.0,77100000.0,77400000.0,32.348,5838000000.0,0.0,127000000.0,589000000.0,75.72,163000000.0
9,GAS,MRY,2006-12-31,2006-12-31,2006-12-31,2019-04-19,0.0,6147000000.0,5876500000.0,1822000000.0,4325000000.0,0.446,20.735,-253000000.0,20000000.0,20000000.0,1522000000.0,212000000.0,1.094,2.82,2161000000.0,539000000.0,1622000000.0,2161000000.0,0.0,138000000.0,42000000.0,0.038,1.48,464000000.0,602000000.0,0.23,602000000.0,464000000.0,341000000.0,2.73,2.72,2.73,1609000000.0,1587000000.0,1609000000.0,5084154862.0,11.0,8.445,98000000.0,1.263,1.0,1099000000.0,0.419,420000000.0,123000000.0,6202000000.0,6035750000.0,597000000.0,0.0,0.0,0.0,4538000000.0,1666000000.0,2872000000.0,3023154862.0,-15000000.0,0.0,-24000000.0,31000000.0,-111000000.0,-118000000.0,-248000000.0,0.0,351000000.0,0.0,212000000.0,212000000.0,212000000.0,0.0,0.0,0.081,611000000.0,488000000.0,723000000.0,0.542,1.879,14.26,14.253,3436000000.0,0.0,38.91,1.153,1.152,880000000.0,,2621000000.0,2621000000.0,0.0,0.036,0.134,0.077,0.177,0.0,473000000.0,1.0,77696090.0,77600000.0,78000000.0,33.776,5727000000.0,0.0,129000000.0,505000000.0,73.802,156000000.0
10,GAS,MRY,2005-12-31,2005-12-31,2005-12-31,2019-04-19,0.0,6320000000.0,5869250000.0,2041000000.0,4279000000.0,0.463,19.392,-267000000.0,32000000.0,32000000.0,1666000000.0,193000000.0,1.037,3.216,2137000000.0,522000000.0,1615000000.0,2137000000.0,0.0,133000000.0,42000000.0,0.037,1.3,419000000.0,552000000.0,0.203,552000000.0,419000000.0,310000000.0,2.5,2.48,2.5,1499000000.0,1463250000.0,1499000000.0,4606060167.0,11.0,8.344,-187000000.0,-2.419,1.0,1052000000.0,0.387,420000000.0,109000000.0,6037000000.0,5773250000.0,543000000.0,0.0,0.0,0.0,4821000000.0,1968000000.0,2853000000.0,2703060167.0,-17000000.0,66000000.0,28000000.0,188000000.0,-100000000.0,97000000.0,-194000000.0,0.0,80000000.0,0.0,193000000.0,193000000.0,193000000.0,0.0,0.0,0.071,610000000.0,442000000.0,1041000000.0,0.52,1.803,14.005,13.924,3333000000.0,0.0,34.81,0.995,0.99,1220000000.0,,2718000000.0,2718000000.0,0.0,0.033,0.132,0.073,0.154,0.0,477000000.0,1.0,77651829.0,77300000.0,77800000.0,35.162,5900000000.0,0.0,117000000.0,423000000.0,76.326,73000000.0
11,GAS,MRY,2004-12-31,2004-12-31,2004-12-31,2019-04-19,0.0,5637000000.0,4401750000.0,1454000000.0,4183000000.0,0.416,20.89,-264000000.0,49000000.0,49000000.0,1024000000.0,153000000.0,0.986,3.07,1957000000.0,334000000.0,1623000000.0,1957000000.0,0.0,99000000.0,50000000.0,0.035,1.15,314000000.0,413000000.0,0.225,413000000.0,314000000.0,243000000.0,2.3,2.28,2.3,1385000000.0,1105250000.0,1385000000.0,3429671704.0,11.0,8.304,23000000.0,0.347,1.0,808000000.0,0.441,354000000.0,71000000.0,5717000000.0,4452250000.0,332000000.0,0.0,0.0,0.0,4252000000.0,1474000000.0,2778000000.0,2172671704.0,32000000.0,-175000000.0,368000000.0,-112000000.0,-75000000.0,167000000.0,-422000000.0,0.0,287000000.0,0.0,153000000.0,153000000.0,153000000.0,0.0,0.0,0.084,476000000.0,332000000.0,728000000.0,0.5,1.569,14.2,14.452,3178000000.0,0.0,33.24,1.186,1.203,889000000.0,,1832000000.0,1832000000.0,0.0,0.035,0.138,0.071,0.171,0.0,377000000.0,1.0,65363168.0,66300000.0,67000000.0,27.632,5283000000.0,0.0,90000000.0,437000000.0,79.683,-20000000.0
12,GAS,MRY,2003-12-31,2003-12-31,2003-12-31,2019-04-19,0.0,3972000000.0,3801350000.0,742000000.0,3230000000.0,0.259,14.976,-158000000.0,17000000.0,17000000.0,367000000.0,128000000.0,0.708,3.203,1339000000.0,383000000.0,956000000.0,1339000000.0,0.0,91000000.0,19000000.0,0.038,1.11,290000000.0,381000000.0,0.388,381000000.0,290000000.0,215000000.0,2.03,2.01,2.03,945000000.0,908975000.0,945000000.0,3168551542.0,11.0,8.316,-36000000.0,-0.571,1.0,616000000.0,0.627,184000000.0,75000000.0,4062000000.0,3943275000.0,210000000.0,101000000.0,0.0,101000000.0,3027000000.0,1048000000.0,1979000000.0,1870151542.0,8000000.0,3000000.0,168000000.0,-64000000.0,-70000000.0,31000000.0,-145000000.0,0.0,122000000.0,0.0,128000000.0,128000000.0,128000000.0,0.0,0.0,0.13,380000000.0,236000000.0,403000000.0,0.547,1.979,14.611,14.335,2345000000.0,0.0,29.1,1.902,1.868,434000000.0,,983000000.0,983000000.0,0.0,0.034,0.141,0.074,0.295,0.0,283000000.0,1.0,64266376.0,63100000.0,63700000.0,15.578,3788000000.0,0.0,87000000.0,422000000.0,60.032,-306000000.0
13,GAS,MRY,2002-12-31,2002-12-31,2002-12-31,2019-04-19,0.0,3742000000.0,3542875000.0,586400000.0,3155600000.0,0.248,12.658,-187000000.0,8400000.0,8400000.0,297000000.0,103000000.0,0.577,4.27,1185600000.0,418600000.0,767000000.0,1185600000.0,0.0,89000000.0,22900000.0,0.044,1.08,247000000.0,336000000.0,0.383,336000000.0,247000000.0,161000000.0,1.84,1.82,1.84,710100000.0,735725000.0,710100000.0,2527509910.0,10.0,7.522,99000000.0,1.765,1.0,580000000.0,0.661,176200000.0,86000000.0,3727200000.0,3680150000.0,118200000.0,79200000.0,0.0,79200000.0,3031900000.0,1015800000.0,2016100000.0,1368409910.0,1000000.0,0.0,26000000.0,-89000000.0,-53000000.0,-124000000.0,-161000000.0,27000000.0,286000000.0,0.0,103000000.0,103000000.0,103000000.0,0.0,0.0,0.117,363000000.0,217000000.0,341800000.0,0.587,1.927,13.286,13.207,2194200000.0,0.0,24.3,1.56,1.554,351700000.0,,877000000.0,877000000.0,0.0,0.029,0.14,0.067,0.282,0.0,274000000.0,1.0,56313165.0,56100000.0,56600000.0,15.633,3565800000.0,21400000.0,58000000.0,369700000.0,63.561,-429400000.0
14,GAS,MRY,2001-12-31,2001-09-30,2001-09-30,2019-04-19,0.0,3368100000.0,2896450000.0,239500000.0,3128600000.0,0.362,12.319,-155700000.0,2800000.0,2800000.0,468500000.0,88900000.0,0.36,4.017,1193400000.0,348400000.0,845000000.0,1193400000.0,0.0,101300000.0,12700000.0,0.054,1.08,225700000.0,327000000.0,0.312,327000000.0,225700000.0,138800000.0,1.63,1.62,1.63,671400000.0,663250000.0,671400000.0,2238997228.0,10.0,6.847,-55900000.0,-1.026,1.0,580800000.0,0.554,176200000.0,86900000.0,3717000000.0,3276400000.0,119500000.0,69700000.0,0.0,69700000.0,2696700000.0,665500000.0,2031200000.0,1094497228.0,800000.0,-503500000.0,18200000.0,587800000.0,-53900000.0,552100000.0,-651100000.0,0.0,99800000.0,0.0,88900000.0,88900000.0,88900000.0,0.0,0.0,0.085,372100000.0,208700000.0,82400000.0,0.663,1.63,12.312,12.252,2058900000.0,0.0,19.97,1.043,1.037,66300000.0,,1049300000.0,1049300000.0,0.0,0.031,0.134,0.069,0.215,0.0,272100000.0,1.0,54807072.0,54500000.0,54900000.0,19.253,3191900000.0,0.0,49900000.0,342200000.0,58.567,-426000000.0
15,GAS,MRY,2000-12-31,2000-09-30,2000-09-30,2019-04-19,0.0,2587900000.0,2108275000.0,99700000.0,2488200000.0,0.288,11.248,-157800000.0,2000000.0,2000000.0,138600000.0,71100000.0,0.35,3.168,751200000.0,161200000.0,590000000.0,751200000.0,0.0,84400000.0,1800000.0,0.054,1.08,159900000.0,244300000.0,0.402,244300000.0,159900000.0,108300000.0,1.29,1.29,1.29,620900000.0,635750000.0,620900000.0,1836557591.0,11.0,7.518,-6200000.0,-0.112,1.0,468800000.0,0.772,0.0,51600000.0,3052300000.0,2595600000.0,37200000.0,78800000.0,0.0,78800000.0,1967000000.0,284800000.0,1682200000.0,1088057591.0,-30900000.0,-4100000.0,-60500000.0,89700000.0,-51200000.0,-22000000.0,-160500000.0,0.0,151600000.0,0.0,71100000.0,71100000.0,71100000.0,0.0,0.0,0.117,331000000.0,137800000.0,34000000.0,0.837,1.752,15.303,15.566,1637500000.0,0.0,20.08,1.791,1.825,31600000.0,,607400000.0,607400000.0,0.0,0.034,0.112,0.062,0.263,0.0,247800000.0,1.0,54186135.0,55200000.0,55200000.0,11.004,2587900000.0,8100000.0,37200000.0,308500000.0,46.882,-185100000.0
16,GAS,MRY,1999-12-31,1999-09-30,1999-09-30,2019-04-19,0.0,1970400000.0,2006625000.0,158600000.0,1811800000.0,0.534,11.524,-147300000.0,32900000.0,32900000.0,569100000.0,74400000.0,0.708,1.979,661500000.0,51500000.0,610000000.0,661500000.0,0.0,81800000.0,7400000.0,0.066,1.08,166500000.0,248300000.0,0.232,248300000.0,166500000.0,113500000.0,1.3,1.29,1.3,661500000.0,1356000000.0,661500000.0,1572316783.0,9.0,6.332,119700000.0,2.085,1.0,501600000.0,0.468,0.0,53000000.0,2375000000.0,2435450000.0,63300000.0,28200000.0,0.0,28200000.0,1308900000.0,224000000.0,1084900000.0,924816783.0,32000000.0,62400000.0,-14600000.0,-75000000.0,-52800000.0,-142400000.0,-92600000.0,0.0,267000000.0,0.0,74400000.0,74400000.0,74400000.0,0.0,0.0,0.069,347000000.0,154600000.0,31300000.0,0.831,1.398,12.43,12.5,1598900000.0,0.0,16.25,0.864,0.871,51800000.0,,1070700000.0,1070700000.0,0.0,0.037,0.055,0.068,0.156,0.0,268200000.0,1.0,56911802.0,57400000.0,57400000.0,18.653,1970400000.0,0.0,39100000.0,252200000.0,34.328,-65400000.0
17,GAS,MRY,1998-12-31,1998-09-30,1998-09-30,2019-04-19,0.0,1985300000.0,1979700000.0,298400000.0,1686900000.0,0.677,28.933,-119200000.0,900000.0,900000.0,823400000.0,80600000.0,1.177,0.204,736500000.0,76500000.0,660000000.0,736500000.0,0.0,75700000.0,30500000.0,0.056,1.08,173800000.0,249500000.0,0.186,249500000.0,173800000.0,119400000.0,1.41,1.41,1.41,1649200000.0,1597750000.0,1649200000.0,1768762584.0,10.0,7.089,58300000.0,1.023,1.0,516700000.0,0.386,0.0,54400000.0,2467400000.0,2439200000.0,165800000.0,46700000.0,0.0,46700000.0,336100000.0,253500000.0,82600000.0,1107862584.0,-3900000.0,-9900000.0,900000.0,177500000.0,-51600000.0,-48200000.0,-133200000.0,0.0,177500000.0,0.0,80600000.0,80600000.0,80600000.0,0.0,0.0,0.06,349100000.0,167600000.0,48400000.0,0.766,0.672,13.745,13.745,1533600000.0,0.0,19.38,0.827,0.824,113000000.0,,1340100000.0,1340100000.0,0.0,0.041,0.05,0.071,0.13,0.0,278000000.0,1.0,57165252.0,57000000.0,57100000.0,23.511,1985300000.0,0.0,38800000.0,246100000.0,34.83,44900000.0
18,GAS,MRY,1997-12-31,1997-09-30,1997-09-30,2019-04-19,0.0,1925500000.0,1911550000.0,290900000.0,1634600000.0,0.674,28.708,-146800000.0,4800000.0,4800000.0,1049500000.0,76600000.0,1.195,0.196,689500000.0,29500000.0,660000000.0,689500000.0,0.0,70300000.0,29200000.0,0.057,1.08,175600000.0,245900000.0,0.191,245900000.0,175600000.0,123400000.0,1.37,1.36,1.37,1610500000.0,1502125000.0,1610500000.0,,,,6400000.0,0.114,1.0,238100000.0,0.185,0.0,52200000.0,2366800000.0,2307175000.0,177500000.0,34500000.0,0.0,34500000.0,315000000.0,243400000.0,71600000.0,,-3900000.0,-800000.0,1700000.0,-18500000.0,-50700000.0,-7900000.0,-149200000.0,0.0,153200000.0,0.0,76600000.0,76600000.0,76600000.0,0.0,0.0,0.059,66600000.0,171500000.0,62200000.0,0.788,,,13.825,1497500000.0,0.0,18.94,,0.825,81300000.0,,1287600000.0,1287600000.0,0.0,0.04,0.051,0.076,0.136,0.0,0.0,1.0,,56100000.0,56200000.0,22.952,1925500000.0,0.0,46800000.0,237300000.0,34.323,47500000.0
19,GAS,MRY,1996-12-31,1996-09-30,1996-09-30,2019-04-19,,,,,,,,-131700000.0,,,1001800000.0,75600000.0,,,,,,,,67500000.0,,0.055,1.06,172200000.0,239700000.0,0.195,239700000.0,172200000.0,123100000.0,1.37,1.36,1.37,,,,,,,-49800000.0,-0.901,1.0,226800000.0,0.185,,49100000.0,,,,,,,,,,,5000000.0,2100000.0,1800000.0,101000000.0,-49100000.0,53700000.0,-130600000.0,0.0,81900000.0,0.0,75600000.0,75600000.0,75600000.0,0.0,0.0,0.062,63300000.0,163500000.0,,0.774,,,13.956,,0.0,19.12,,0.861,,,1228600000.0,1228600000.0,0.0,,,,0.14,0.0,0.0,,,55300000.0,55400000.0,22.217,,,47500000.0,,,
0,GAS,MRQ,2016-03-31,2016-03-31,2016-03-31,2019-04-19,-213000000.0,14336000000.0,,1537000000.0,12799000000.0,,33.572,-235000000.0,20000000.0,20000000.0,640000000.0,193000000.0,0.618,2.556,4300000000.0,1027000000.0,3273000000.0,4300000000.0,0.0,102000000.0,141000000.0,0.032,0.53,340000000.0,442000000.0,0.331,442000000.0,340000000.0,293000000.0,1.52,1.51,1.52,4032000000.0,,4032000000.0,12696834931.0,18.0,11.276,606000000.0,5.046,1.0,694000000.0,0.52,1918000000.0,47000000.0,14209000000.0,,335000000.0,0.0,0.0,0.0,10304000000.0,2489000000.0,7815000000.0,7841834931.0,1000000.0,0.0,0.0,-528000000.0,-64000000.0,-602000000.0,-238000000.0,0.0,841000000.0,0.0,182000000.0,182000000.0,182000000.0,0.0,11000000.0,0.136,346000000.0,348000000.0,613000000.0,0.349,1.945,22.929,22.856,9944000000.0,0.0,65.14,2.206,2.201,893000000.0,1539000000.0,1334000000.0,1334000000.0,0.0,,,,,0.0,241000000.0,1.0,120384325.0,120100000.0,120400000.0,11.107,12418000000.0,0.0,111000000.0,1941000000.0,103.397,-952000000.0
1,GAS,MRQ,2015-12-31,2015-12-31,2015-12-31,2019-04-19,-186000000.0,14754000000.0,,2115000000.0,12639000000.0,,32.769,-282000000.0,19000000.0,19000000.0,381000000.0,112000000.0,0.705,2.743,4830000000.0,1555000000.0,3275000000.0,4830000000.0,0.0,104000000.0,165000000.0,0.032,0.51,215000000.0,319000000.0,0.332,319000000.0,215000000.0,170000000.0,0.89,0.89,0.89,3929000000.0,,3929000000.0,12172510189.0,16.0,10.715,-311000000.0,-2.594,1.0,581000000.0,0.604,1922000000.0,45000000.0,14643000000.0,,651000000.0,0.0,0.0,0.0,10779000000.0,3000000000.0,7779000000.0,7672510189.0,0.0,0.0,13000000.0,372000000.0,-61000000.0,315000000.0,-286000000.0,0.0,-29000000.0,0.0,107000000.0,107000000.0,107000000.0,0.0,5000000.0,0.111,365000000.0,216000000.0,673000000.0,0.573,1.953,21.735,21.631,9791000000.0,0.0,63.81,1.947,1.936,932000000.0,1421000000.0,962000000.0,962000000.0,0.0,,,,,0.0,252000000.0,1.0,120239934.0,119900000.0,120200000.0,8.023,12832000000.0,0.0,63000000.0,1943000000.0,107.023,-885000000.0
2,GAS,MRQ,2015-09-30,2015-09-30,2015-09-30,2019-04-19,-195000000.0,14206000000.0,,1776000000.0,12430000000.0,,32.349,-293000000.0,19000000.0,19000000.0,174000000.0,12000000.0,0.634,2.661,4519000000.0,1369000000.0,3150000000.0,4519000000.0,0.0,98000000.0,150000000.0,0.033,0.51,60000000.0,158000000.0,0.271,158000000.0,60000000.0,18000000.0,0.09,0.09,0.09,3869000000.0,,3869000000.0,11384157847.0,14.0,9.455,-368000000.0,-3.077,1.0,410000000.0,0.702,1926000000.0,42000000.0,13978000000.0,,659000000.0,151000000.0,151000000.0,0.0,10296000000.0,2802000000.0,7494000000.0,7330157847.0,-6000000.0,0.0,0.0,427000000.0,-61000000.0,363000000.0,-294000000.0,0.0,-75000000.0,0.0,11000000.0,11000000.0,11000000.0,0.0,1000000.0,0.019,351000000.0,59000000.0,776000000.0,5.667,1.895,18.604,18.441,9581000000.0,0.0,61.04,1.657,1.65,780000000.0,1375000000.0,584000000.0,584000000.0,0.0,,,,,0.0,204000000.0,1.0,120087776.0,119600000.0,120000000.0,4.883,12280000000.0,0.0,7000000.0,1767000000.0,102.676,-1026000000.0
3,GAS,MRQ,2015-06-30,2015-06-30,2015-06-30,2019-04-19,-169000000.0,13835000000.0,,1572000000.0,12263000000.0,,33.038,-264000000.0,25000000.0,25000000.0,260000000.0,44000000.0,0.768,2.494,4079000000.0,627000000.0,3452000000.0,4079000000.0,0.0,98000000.0,115000000.0,0.043,0.51,109000000.0,207000000.0,0.307,207000000.0,109000000.0,67000000.0,0.35,0.35,0.35,3948000000.0,,3948000000.0,9720155488.0,12.0,8.175,101000000.0,0.845,1.0,414000000.0,0.614,1939000000.0,42000000.0,13903000000.0,,421000000.0,158000000.0,158000000.0,0.0,9846000000.0,2047000000.0,7799000000.0,5584155488.0,-16000000.0,0.0,0.0,-67000000.0,-61000000.0,-118000000.0,-263000000.0,0.0,365000000.0,0.0,42000000.0,42000000.0,42000000.0,0.0,2000000.0,0.062,307000000.0,107000000.0,727000000.0,1.457,1.414,14.891,14.734,9379000000.0,0.0,46.56,1.261,1.256,829000000.0,1425000000.0,674000000.0,674000000.0,0.0,,,,,0.0,209000000.0,1.0,119934611.0,119500000.0,119800000.0,5.64,11896000000.0,0.0,25000000.0,1780000000.0,99.548,-475000000.0
4,GAS,MRQ,2015-03-31,2015-03-31,2015-03-31,2019-04-19,-201000000.0,14119000000.0,,2079000000.0,12040000000.0,,32.909,-188000000.0,41000000.0,41000000.0,1011000000.0,205000000.0,0.877,2.587,4106000000.0,601000000.0,3505000000.0,4106000000.0,0.0,97000000.0,109000000.0,0.04,0.51,355000000.0,452000000.0,0.263,452000000.0,355000000.0,311000000.0,1.62,1.62,1.62,3926000000.0,,3926000000.0,10974966922.0,13.0,9.018,932000000.0,7.812,1.0,710000000.0,0.413,1943000000.0,44000000.0,13870000000.0,,302000000.0,0.0,0.0,0.0,10155000000.0,2371000000.0,7784000000.0,5940966922.0,10000000.0,0.0,0.0,-849000000.0,-61000000.0,-926000000.0,-184000000.0,0.0,1120000000.0,0.0,193000000.0,193000000.0,193000000.0,0.0,12000000.0,0.112,346000000.0,364000000.0,871000000.0,0.315,1.513,15.194,15.045,9174000000.0,0.0,49.65,1.279,1.275,1397000000.0,1444000000.0,1721000000.0,1721000000.0,0.0,,,,,0.0,249000000.0,1.0,119656937.0,119300000.0,119600000.0,14.426,12176000000.0,0.0,118000000.0,1738000000.0,102.062,-292000000.0
5,GAS,MRQ,2014-12-31,2014-12-31,2014-12-31,2019-04-19,-206000000.0,14888000000.0,,2886000000.0,12002000000.0,,31.852,-226000000.0,31000000.0,31000000.0,813000000.0,152000000.0,0.897,2.923,5044000000.0,1463000000.0,3581000000.0,5044000000.0,0.0,99000000.0,125000000.0,0.036,0.49,288000000.0,387000000.0,0.268,387000000.0,288000000.0,244000000.0,1.25,1.24,1.25,3784000000.0,,3784000000.0,11016924176.0,11.0,7.92,-445000000.0,-3.746,1.0,632000000.0,0.437,1952000000.0,44000000.0,14730000000.0,,716000000.0,400000000.0,253000000.0,147000000.0,11060000000.0,3219000000.0,7841000000.0,6517924175.0,-1000000.0,5000000.0,22000000.0,494000000.0,-58000000.0,439000000.0,-221000000.0,0.0,-219000000.0,0.0,148000000.0,148000000.0,148000000.0,-80000000.0,4000000.0,0.102,346000000.0,286000000.0,1089000000.0,0.392,1.722,13.523,13.426,9090000000.0,0.0,54.51,1.21,1.203,1541000000.0,1312000000.0,1445000000.0,1445000000.0,0.0,,,,,0.0,246000000.0,1.0,119572999.0,118800000.0,119200000.0,12.163,12936000000.0,0.0,96000000.0,1805000000.0,108.889,-333000000.0
6,GAS,MRQ,2014-09-30,2014-09-30,2014-09-30,2019-04-19,-133000000.0,13932000000.0,,2089000000.0,11843000000.0,,31.597,-211000000.0,32000000.0,32000000.0,228000000.0,-8000000.0,0.848,2.694,4510000000.0,926000000.0,3584000000.0,4510000000.0,0.0,93000000.0,122000000.0,0.038,0.49,50000000.0,143000000.0,0.243,143000000.0,50000000.0,6000000.0,-0.06,-0.06,-0.06,3760000000.0,,3760000000.0,10329028192.0,12.0,8.243,-512000000.0,-4.303,1.0,361000000.0,0.613,1957000000.0,44000000.0,13991000000.0,,796000000.0,102000000.0,102000000.0,0.0,10130000000.0,2462000000.0,7668000000.0,6134028192.0,-105000000.0,225000000.0,0.0,233000000.0,-58000000.0,180000000.0,16000000.0,-41000000.0,-301000000.0,0.0,-8000000.0,-8000000.0,-8000000.0,31000000.0,0.0,-0.014,283000000.0,78000000.0,910000000.0,-8.167,1.631,14.925,14.838,8925000000.0,0.0,51.34,1.189,1.184,916000000.0,1222000000.0,589000000.0,589000000.0,0.0,,,,,0.0,193000000.0,1.0,119478539.0,119000000.0,119400000.0,4.95,11975000000.0,0.0,14000000.0,1655000000.0,100.63,-373000000.0
7,GAS,MRQ,2014-06-30,2014-06-30,2014-06-30,2019-04-19,-133000000.0,14159000000.0,,2380000000.0,11779000000.0,,32.138,-171000000.0,122000000.0,122000000.0,444000000.0,60000000.0,0.917,2.697,4283000000.0,698000000.0,3585000000.0,4283000000.0,0.0,95000000.0,107000000.0,0.035,0.49,140000000.0,235000000.0,0.264,235000000.0,140000000.0,95000000.0,0.49,0.49,0.49,3818000000.0,,3818000000.0,10902760751.0,12.0,8.439,151000000.0,1.271,1.0,445000000.0,0.501,1962000000.0,45000000.0,13763000000.0,,460000000.0,105000000.0,105000000.0,0.0,10299000000.0,2595000000.0,7704000000.0,6562760751.0,-156000000.0,0.0,0.0,-293000000.0,-59000000.0,-342000000.0,-136000000.0,41000000.0,322000000.0,0.0,58000000.0,58000000.0,58000000.0,-1000000.0,2000000.0,0.065,306000000.0,139000000.0,1043000000.0,1.0,1.719,14.781,14.753,8788000000.0,0.0,55.03,1.276,1.271,1146000000.0,1288000000.0,889000000.0,889000000.0,0.0,,,,,0.0,211000000.0,1.0,119257873.0,118800000.0,119200000.0,7.483,12197000000.0,0.0,37000000.0,1675000000.0,102.668,-215000000.0
8,GAS,MRQ,2014-03-31,2014-03-31,2014-03-31,2019-04-19,-135000000.0,15264000000.0,,3589000000.0,11675000000.0,,32.093,-161000000.0,267000000.0,267000000.0,1488000000.0,296000000.0,0.956,3.003,4633000000.0,1004000000.0,3629000000.0,4633000000.0,0.0,93000000.0,104000000.0,0.039,0.49,533000000.0,626000000.0,0.254,626000000.0,533000000.0,487000000.0,2.39,2.38,2.39,3803000000.0,,3803000000.0,10780436485.0,12.0,8.442,692000000.0,5.84,1.0,974000000.0,0.396,1967000000.0,46000000.0,13909000000.0,,253000000.0,187000000.0,176000000.0,11000000.0,11421000000.0,3754000000.0,7667000000.0,5821436485.0,188000000.0,0.0,0.0,-430000000.0,-58000000.0,-501000000.0,-164000000.0,0.0,853000000.0,0.0,284000000.0,284000000.0,284000000.0,0.0,12000000.0,0.115,382000000.0,592000000.0,1553000000.0,0.205,1.531,13.57,13.562,8687000000.0,0.0,48.96,1.151,1.147,2252000000.0,1289000000.0,2462000000.0,2462000000.0,0.0,,,,,0.0,289000000.0,1.0,118901889.0,118500000.0,118900000.0,20.776,13297000000.0,0.0,203000000.0,1655000000.0,112.211,-165000000.0
9,GAS,MRQ,2013-12-31,2013-12-31,2013-12-31,2019-04-19,-136000000.0,14550000000.0,,2895000000.0,11655000000.0,,30.186,-205000000.0,81000000.0,81000000.0,711000000.0,84000000.0,0.928,3.065,5059000000.0,1246000000.0,3813000000.0,5059000000.0,0.0,88000000.0,136000000.0,0.04,0.47,161000000.0,249000000.0,0.204,249000000.0,161000000.0,117000000.0,0.64,0.64,0.64,3568000000.0,,3568000000.0,10171385106.0,16.0,9.79,-304000000.0,-2.572,1.0,507000000.0,0.416,1972000000.0,44000000.0,14438000000.0,,658000000.0,281000000.0,148000000.0,133000000.0,10937000000.0,3118000000.0,7819000000.0,5610385106.0,-26000000.0,0.0,33000000.0,339000000.0,-56000000.0,288000000.0,-215000000.0,0.0,-99000000.0,0.0,77000000.0,77000000.0,77000000.0,1000000.0,7000000.0,0.063,341000000.0,166000000.0,1092000000.0,0.734,1.572,19.018,18.892,8643000000.0,0.0,47.23,1.333,1.323,1493000000.0,1063000000.0,1218000000.0,1218000000.0,0.0,,,,,0.0,253000000.0,1.0,118788590.0,118200000.0,118900000.0,10.305,12578000000.0,0.0,40000000.0,1713000000.0,106.413,-223000000.0
10,GAS,MRQ,2013-09-30,2013-09-30,2013-09-30,2019-04-19,-208000000.0,13810000000.0,,2252000000.0,11558000000.0,,29.34,-211000000.0,97000000.0,97000000.0,201000000.0,25000000.0,0.936,2.971,4686000000.0,870000000.0,3816000000.0,4686000000.0,0.0,104000000.0,140000000.0,0.041,0.47,78000000.0,182000000.0,0.317,182000000.0,78000000.0,41000000.0,0.21,0.21,0.21,3468000000.0,,3468000000.0,9653800807.0,15.0,9.125,-302000000.0,-2.555,1.0,373000000.0,0.65,1974000000.0,37000000.0,14018000000.0,,788000000.0,138000000.0,138000000.0,0.0,10304000000.0,2407000000.0,7897000000.0,5458800807.0,-53000000.0,-32000000.0,0.0,312000000.0,-55000000.0,286000000.0,-248000000.0,-15000000.0,-91000000.0,0.0,25000000.0,25000000.0,25000000.0,-1000000.0,0.0,0.044,303000000.0,70000000.0,834000000.0,2.238,1.574,17.898,17.704,8480000000.0,0.0,46.03,1.418,1.414,778000000.0,1042000000.0,574000000.0,574000000.0,0.0,,,,,0.0,199000000.0,1.0,118592240.0,118200000.0,118500000.0,4.856,11836000000.0,0.0,16000000.0,1551000000.0,100.135,-155000000.0
11,GAS,MRQ,2013-06-30,2013-06-30,2013-06-30,2019-04-19,-209000000.0,13708000000.0,,2231000000.0,11477000000.0,,29.593,-168000000.0,153000000.0,153000000.0,396000000.0,44000000.0,0.95,2.928,4379000000.0,554000000.0,3825000000.0,4379000000.0,0.0,103000000.0,114000000.0,0.043,0.47,117000000.0,220000000.0,0.273,220000000.0,117000000.0,73000000.0,0.37,0.37,0.37,3486000000.0,,3486000000.0,9358224288.0,14.0,8.998,143000000.0,1.214,1.0,409000000.0,0.508,1980000000.0,44000000.0,13606000000.0,,522000000.0,171000000.0,154000000.0,17000000.0,10206000000.0,2348000000.0,7858000000.0,5065224288.0,35000000.0,12000000.0,0.0,-79000000.0,-56000000.0,-119000000.0,-157000000.0,15000000.0,311000000.0,0.0,43000000.0,43000000.0,43000000.0,1000000.0,1000000.0,0.053,296000000.0,113000000.0,964000000.0,1.27,1.453,17.527,17.352,8359000000.0,0.0,42.86,1.302,1.298,970000000.0,1072000000.0,805000000.0,805000000.0,0.0,,,,,0.0,204000000.0,1.0,118180688.0,117800000.0,118200000.0,6.834,11728000000.0,0.0,30000000.0,1534000000.0,99.559,-117000000.0
12,GAS,MRQ,2013-03-31,2013-03-31,2013-03-31,2019-04-19,-211000000.0,13862000000.0,,2530000000.0,11332000000.0,,29.625,-147000000.0,122000000.0,122000000.0,989000000.0,160000000.0,0.827,2.981,4442000000.0,1114000000.0,3328000000.0,4442000000.0,0.0,102000000.0,115000000.0,0.044,0.47,286000000.0,388000000.0,0.241,388000000.0,286000000.0,241000000.0,1.28,1.27,1.28,3478000000.0,,3478000000.0,9782918504.0,16.0,9.582,703000000.0,5.988,1.0,623000000.0,0.386,1953000000.0,45000000.0,13170000000.0,,384000000.0,152000000.0,141000000.0,11000000.0,10369000000.0,3059000000.0,7310000000.0,4944918504.0,18000000.0,-122000000.0,0.0,-509000000.0,-55000000.0,-576000000.0,-256000000.0,0.0,850000000.0,0.0,150000000.0,150000000.0,150000000.0,-1000000.0,10000000.0,0.093,333000000.0,290000000.0,959000000.0,0.367,1.422,17.66,17.626,8269000000.0,0.0,41.95,1.312,1.306,1427000000.0,1085000000.0,1612000000.0,1612000000.0,0.0,,,,,0.0,231000000.0,1.0,117876484.0,117400000.0,117700000.0,13.731,11909000000.0,0.0,91000000.0,1539000000.0,101.44,-529000000.0
13,GAS,MRQ,2012-12-31,2012-12-31,2012-12-31,2019-04-19,-218000000.0,14070000000.0,,2836000000.0,11234000000.0,,28.721,-206000000.0,108000000.0,108000000.0,445000000.0,92000000.0,0.85,3.17,4969000000.0,1636000000.0,3333000000.0,4969000000.0,0.0,84000000.0,143000000.0,0.044,0.46,184000000.0,268000000.0,0.312,268000000.0,184000000.0,138000000.0,0.74,0.73,0.74,3369000000.0,,3369000000.0,9262754814.0,15.0,9.319,-235000000.0,-2.003,1.0,413000000.0,0.481,1847000000.0,46000000.0,13748000000.0,,699000000.0,328000000.0,186000000.0,142000000.0,10679000000.0,3336000000.0,7343000000.0,4707754814.0,40000000.0,0.0,21000000.0,329000000.0,-53000000.0,278000000.0,-209000000.0,0.0,-29000000.0,0.0,87000000.0,87000000.0,87000000.0,0.0,5000000.0,0.101,230000000.0,183000000.0,936000000.0,0.622,1.397,18.107,18.005,8205000000.0,0.0,39.97,1.322,1.313,1301000000.0,990000000.0,858000000.0,858000000.0,0.0,,,,,0.0,141000000.0,1.0,117782207.0,117300000.0,118100000.0,7.315,12223000000.0,0.0,51000000.0,1612000000.0,104.203,-500000000.0
14,GAS,MRQ,2012-09-30,2012-09-30,2012-09-30,2019-04-19,-203000000.0,13503000000.0,,2135000000.0,11368000000.0,,28.873,-219000000.0,91000000.0,91000000.0,242000000.0,9000000.0,0.772,2.989,4646000000.0,1311000000.0,3335000000.0,4646000000.0,0.0,104000000.0,159000000.0,0.045,0.46,60000000.0,164000000.0,0.267,164000000.0,60000000.0,15000000.0,0.08,0.08,0.08,3381000000.0,,3381000000.0,9016579519.0,17.0,10.177,-277000000.0,-2.365,1.0,372000000.0,0.606,1913000000.0,45000000.0,13381000000.0,,778000000.0,219000000.0,204000000.0,15000000.0,10105000000.0,2764000000.0,7341000000.0,4807579519.0,4000000.0,0.0,0.0,302000000.0,-54000000.0,281000000.0,-219000000.0,0.0,-58000000.0,0.0,9000000.0,9000000.0,9000000.0,0.0,0.0,0.015,318000000.0,54000000.0,736000000.0,5.75,1.422,24.159,23.511,8212000000.0,0.0,40.91,1.389,1.384,671000000.0,990000000.0,614000000.0,614000000.0,0.0,,,,,0.0,212000000.0,1.0,117515999.0,117100000.0,117500000.0,5.243,11590000000.0,0.0,6000000.0,1555000000.0,98.975,-629000000.0
15,GAS,MRQ,2012-06-30,2012-06-30,2012-06-30,2019-04-19,-207000000.0,13229000000.0,,1880000000.0,11349000000.0,,29.187,-179000000.0,87000000.0,87000000.0,272000000.0,35000000.0,0.764,2.872,4362000000.0,1020000000.0,3342000000.0,4362000000.0,0.0,102000000.0,139000000.0,0.047,0.46,99000000.0,201000000.0,0.293,201000000.0,99000000.0,54000000.0,0.28,0.28,0.28,3412000000.0,,3412000000.0,8762776915.0,18.0,11.078,76000000.0,0.65,1.0,414000000.0,0.603,1913000000.0,45000000.0,13131000000.0,,549000000.0,287000000.0,242000000.0,45000000.0,9800000000.0,2460000000.0,7340000000.0,4545776915.0,16000000.0,0.0,0.0,1000000.0,-54000000.0,-56000000.0,-183000000.0,0.0,255000000.0,0.0,34000000.0,34000000.0,34000000.0,0.0,1000000.0,0.05,323000000.0,91000000.0,631000000.0,1.643,1.332,24.309,23.92,8087000000.0,0.0,38.75,1.447,1.442,657000000.0,1035000000.0,686000000.0,686000000.0,0.0,,,,,0.0,218000000.0,1.0,117310372.0,116900000.0,117200000.0,5.868,11316000000.0,0.0,20000000.0,1509000000.0,96.801,-580000000.0
16,GAS,MRQ,2012-03-31,2012-03-31,2012-03-31,2019-04-19,-218000000.0,13239000000.0,,2022000000.0,11217000000.0,,29.22,-171000000.0,71000000.0,71000000.0,783000000.0,139000000.0,0.861,2.878,4408000000.0,840000000.0,3568000000.0,4408000000.0,0.0,104000000.0,130000000.0,0.046,0.361,257000000.0,361000000.0,0.257,361000000.0,257000000.0,210000000.0,1.12,1.11,1.12,3410000000.0,,3410000000.0,9433648744.0,21.0,13.613,664000000.0,5.69,1.0,621000000.0,0.442,1915000000.0,47000000.0,13313000000.0,,464000000.0,323000000.0,275000000.0,48000000.0,9813000000.0,2348000000.0,7465000000.0,4592648744.0,2000000.0,0.0,0.0,-591000000.0,-42000000.0,-658000000.0,-175000000.0,0.0,835000000.0,0.0,130000000.0,130000000.0,130000000.0,0.0,9000000.0,0.093,359000000.0,262000000.0,630000000.0,0.322,1.347,26.858,24.981,7973000000.0,0.0,39.22,1.622,1.617,944000000.0,1055000000.0,1404000000.0,1404000000.0,0.0,,,,,0.0,245000000.0,1.0,117099662.0,116700000.0,117000000.0,12.031,11324000000.0,0.0,80000000.0,1447000000.0,97.035,-326000000.0
17,GAS,MRQ,2011-12-31,2011-12-31,2011-12-31,2019-04-19,-217000000.0,13913000000.0,,2746000000.0,11167000000.0,,37.747,-135000000.0,69000000.0,69000000.0,405000000.0,30000000.0,0.89,3.187,5009000000.0,1437000000.0,3572000000.0,5009000000.0,0.0,56000000.0,152000000.0,0.045,0.549,104000000.0,160000000.0,0.211,160000000.0,104000000.0,62000000.0,0.26,0.26,0.26,3318000000.0,,3318000000.0,5858686081.0,14.0,9.732,-244000000.0,-2.776,1.0,352000000.0,0.465,1918000000.0,42000000.0,13851000000.0,,750000000.0,469000000.0,279000000.0,190000000.0,10574000000.0,3084000000.0,7490000000.0,3319686081.0,-96000000.0,-928000000.0,19000000.0,1098000000.0,-43000000.0,1060000000.0,-1047000000.0,0.0,-109000000.0,0.0,26000000.0,26000000.0,26000000.0,0.0,4000000.0,0.034,247000000.0,105000000.0,884000000.0,2.112,1.001,20.119,20.615,7900000000.0,0.0,42.26,1.44,1.474,1284000000.0,967000000.0,757000000.0,757000000.0,0.0,,,,,0.0,146000000.0,1.0,78553859.0,87900000.0,88400000.0,8.612,11995000000.0,0.0,36000000.0,1494000000.0,136.462,-338000000.0
18,GAS,MRQ,2011-09-30,2011-09-30,2011-09-30,2019-04-19,-151000000.0,7459000000.0,,1801000000.0,5658000000.0,,23.867,-96000000.0,165000000.0,165000000.0,123000000.0,-4000000.0,1.58,2.992,2763000000.0,62000000.0,2701000000.0,2763000000.0,0.0,43000000.0,39000000.0,0.044,0.45,26000000.0,69000000.0,0.234,69000000.0,26000000.0,-5000000.0,-0.04,-0.04,-0.04,1864000000.0,,1864000000.0,5493525217.0,12.0,8.976,-196000000.0,-2.51,1.0,172000000.0,0.583,418000000.0,31000000.0,8499000000.0,,635000000.0,168000000.0,132000000.0,36000000.0,5578000000.0,1140000000.0,4438000000.0,3196525217.0,144000000.0,0.0,0.0,376000000.0,-37000000.0,340000000.0,-96000000.0,0.0,-100000000.0,0.0,-3000000.0,-3000000.0,-3000000.0,0.0,-1000000.0,-0.01,148000000.0,24000000.0,710000000.0,-11.25,1.715,15.746,15.609,4635000000.0,0.0,40.74,1.444,1.438,639000000.0,977000000.0,295000000.0,295000000.0,0.0,,,,,0.0,103000000.0,1.0,78461591.0,78100000.0,78100000.0,3.777,7041000000.0,0.0,-2000000.0,895000000.0,90.154,661000000.0
19,GAS,MRQ,2011-06-30,2011-06-30,2011-06-30,2019-04-19,0.0,7217000000.0,,1603000000.0,5614000000.0,,24.339,-102000000.0,21000000.0,21000000.0,146000000.0,19000000.0,1.146,2.797,2318000000.0,154000000.0,2164000000.0,2318000000.0,0.0,42000000.0,39000000.0,0.044,0.45,61000000.0,103000000.0,0.275,103000000.0,61000000.0,29000000.0,0.23,0.23,0.23,1896000000.0,,1896000000.0,5299903454.0,11.0,8.217,-160000000.0,-2.054,1.0,229000000.0,0.611,418000000.0,32000000.0,7697000000.0,,544000000.0,0.0,0.0,0.0,5303000000.0,1399000000.0,3904000000.0,3185903454.0,-64000000.0,0.0,0.0,118000000.0,-34000000.0,96000000.0,-102000000.0,0.0,-58000000.0,0.0,18000000.0,18000000.0,18000000.0,0.0,1000000.0,0.048,169000000.0,60000000.0,811000000.0,1.957,1.68,13.973,13.847,4587000000.0,0.0,40.71,1.407,1.401,773000000.0,,375000000.0,375000000.0,0.0,,,,,0.0,119000000.0,1.0,78258498.0,77900000.0,78500000.0,4.814,6799000000.0,0.0,11000000.0,853000000.0,87.279,204000000.0
20,GAS,MRQ,2011-03-31,2011-03-31,2011-03-31,2019-04-19,0.0,7026000000.0,,1587000000.0,5439000000.0,,24.492,-94000000.0,85000000.0,85000000.0,468000000.0,134000000.0,1.209,2.683,2198000000.0,25000000.0,2173000000.0,2198000000.0,0.0,41000000.0,0.0,0.044,0.45,229000000.0,270000000.0,0.308,270000000.0,229000000.0,200000000.0,1.6,1.59,1.6,1903000000.0,,1903000000.0,5788502351.0,12.0,9.203,624000000.0,8.031,1.0,410000000.0,0.467,418000000.0,29000000.0,7408000000.0,,361000000.0,0.0,0.0,0.0,5106000000.0,1313000000.0,3793000000.0,3107502351.0,61000000.0,0.0,0.0,-512000000.0,-34000000.0,-563000000.0,-94000000.0,0.0,718000000.0,0.0,124000000.0,124000000.0,124000000.0,0.0,10000000.0,0.141,172000000.0,238000000.0,782000000.0,0.281,1.633,13.873,13.833,4518000000.0,0.0,39.84,1.382,1.377,911000000.0,,878000000.0,878000000.0,0.0,,,,,0.0,126000000.0,1.0,77999557.0,77700000.0,78000000.0,11.3,6608000000.0,0.0,76000000.0,803000000.0,85.045,274000000.0
21,GAS,MRQ,2010-12-31,2010-12-31,2010-12-31,2019-04-19,-150000000.0,7520000000.0,,2166000000.0,5354000000.0,,23.333,-140000000.0,24000000.0,24000000.0,342000000.0,70000000.0,0.891,3.135,2708000000.0,1033000000.0,1675000000.0,2708000000.0,0.0,41000000.0,52000000.0,0.049,0.44,129000000.0,170000000.0,0.256,170000000.0,129000000.0,101000000.0,0.82,0.81,0.82,1813000000.0,,1813000000.0,5272793762.0,11.0,8.2,-168000000.0,-2.162,1.0,323000000.0,0.486,421000000.0,28000000.0,7351000000.0,,639000000.0,57000000.0,0.0,57000000.0,5684000000.0,2432000000.0,3252000000.0,2797793762.0,10000000.0,73000000.0,2000000.0,378000000.0,-37000000.0,179000000.0,-141000000.0,0.0,-28000000.0,0.0,64000000.0,64000000.0,64000000.0,0.0,6000000.0,0.096,186000000.0,137000000.0,922000000.0,0.537,1.543,11.956,11.871,4405000000.0,0.0,35.85,1.179,1.169,1162000000.0,943000000.0,665000000.0,665000000.0,0.0,,,,,0.0,139000000.0,1.0,78041667.0,77700000.0,78100000.0,8.559,7099000000.0,0.0,37000000.0,816000000.0,91.364,-266000000.0
22,GAS,MRQ,2010-09-30,2010-09-30,2010-09-30,2019-04-19,0.0,6876000000.0,,1628000000.0,5248000000.0,,23.2,-121000000.0,14000000.0,14000000.0,130000000.0,21000000.0,0.789,2.815,2487000000.0,975000000.0,1512000000.0,2487000000.0,0.0,40000000.0,0.0,0.046,0.44,62000000.0,102000000.0,0.295,102000000.0,62000000.0,35000000.0,0.29,0.29,0.29,1798000000.0,,1798000000.0,5220422381.0,11.0,7.995,-282000000.0,-3.639,1.0,216000000.0,0.624,418000000.0,27000000.0,6867000000.0,,668000000.0,0.0,0.0,0.0,5062000000.0,2064000000.0,2998000000.0,2989422381.0,-2000000.0,0.0,0.0,242000000.0,-33000000.0,209000000.0,-50000000.0,0.0,-161000000.0,0.0,22000000.0,22000000.0,22000000.0,0.0,-1000000.0,0.064,154000000.0,62000000.0,642000000.0,1.517,1.663,12.404,12.295,4293000000.0,0.0,38.36,1.274,1.267,560000000.0,,346000000.0,346000000.0,0.0,,,,,0.0,114000000.0,1.0,77930719.0,77500000.0,77900000.0,4.465,6458000000.0,0.0,13000000.0,727000000.0,83.329,-436000000.0
23,GAS,MRQ,2010-06-30,2010-06-30,2010-06-30,2019-04-19,0.0,6786000000.0,,1525000000.0,5261000000.0,,23.385,-135000000.0,16000000.0,16000000.0,153000000.0,14000000.0,0.819,2.74,2247000000.0,694000000.0,1553000000.0,2247000000.0,0.0,39000000.0,0.0,0.049,0.44,48000000.0,87000000.0,0.242,87000000.0,48000000.0,22000000.0,0.17,0.17,0.17,1810000000.0,,1810000000.0,4897568839.0,10.0,7.701,-93000000.0,-1.202,1.0,206000000.0,0.574,418000000.0,26000000.0,6737000000.0,,560000000.0,0.0,0.0,0.0,4959000000.0,1862000000.0,3097000000.0,2788568839.0,-3000000.0,0.0,3000000.0,119000000.0,-33000000.0,89000000.0,-134000000.0,0.0,42000000.0,0.0,14000000.0,14000000.0,14000000.0,0.0,0.0,0.039,158000000.0,48000000.0,720000000.0,2.588,1.541,12.072,11.98,4301000000.0,0.0,35.82,1.209,1.202,660000000.0,,359000000.0,359000000.0,0.0,,,,,0.0,119000000.0,1.0,77849493.0,77400000.0,77800000.0,4.638,6368000000.0,0.0,8000000.0,729000000.0,82.274,-337000000.0
24,GAS,MRQ,2010-03-31,2010-03-31,2010-03-31,2019-04-19,0.0,6830000000.0,,1654000000.0,5176000000.0,,23.756,-114000000.0,19000000.0,19000000.0,585000000.0,145000000.0,0.925,2.715,2128000000.0,454000000.0,1674000000.0,2128000000.0,0.0,40000000.0,0.0,0.045,0.44,244000000.0,284000000.0,0.283,284000000.0,244000000.0,216000000.0,1.74,1.73,1.74,1834000000.0,,1834000000.0,5547068682.0,11.0,8.6,559000000.0,7.241,1.0,418000000.0,0.417,418000000.0,28000000.0,6733000000.0,,370000000.0,0.0,0.0,0.0,4979000000.0,1788000000.0,3191000000.0,2997068682.0,-7000000.0,0.0,3000000.0,-448000000.0,-33000000.0,-563000000.0,-117000000.0,0.0,673000000.0,0.0,134000000.0,134000000.0,134000000.0,0.0,11000000.0,0.134,165000000.0,253000000.0,776000000.0,0.253,1.634,12.646,12.549,4211000000.0,0.0,38.65,1.289,1.283,959000000.0,,1003000000.0,1003000000.0,0.0,,,,,0.0,125000000.0,1.0,77543821.0,77200000.0,77600000.0,12.992,6412000000.0,0.0,82000000.0,711000000.0,83.057,-134000000.0
25,GAS,MRQ,2009-12-31,2009-12-31,2009-12-31,2019-04-19,0.0,7074000000.0,,2000000000.0,5074000000.0,,23.087,-162000000.0,26000000.0,26000000.0,312000000.0,81000000.0,1.129,2.952,2576000000.0,602000000.0,1974000000.0,2576000000.0,0.0,40000000.0,41000000.0,0.047,0.43,140000000.0,180000000.0,0.282,180000000.0,140000000.0,114000000.0,0.92,0.91,0.92,1780000000.0,,1780000000.0,5086731756.0,11.0,8.258,-256000000.0,-3.32,1.0,326000000.0,0.511,418000000.0,26000000.0,7434000000.0,,672000000.0,0.0,0.0,0.0,5255000000.0,1772000000.0,3483000000.0,2822731756.0,5000000.0,0.0,3000000.0,289000000.0,-31000000.0,261000000.0,-162000000.0,0.0,-94000000.0,0.0,71000000.0,71000000.0,71000000.0,0.0,10000000.0,0.111,178000000.0,148000000.0,720000000.0,0.467,1.586,12.715,12.619,4146000000.0,0.0,36.47,1.218,1.209,963000000.0,,638000000.0,638000000.0,0.0,,,,,0.0,138000000.0,1.0,77398732.0,77100000.0,77700000.0,8.275,6656000000.0,0.0,43000000.0,730000000.0,86.329,228000000.0
26,GAS,MRQ,2009-09-30,2009-09-30,2009-09-30,2019-04-19,0.0,6183000000.0,,1318000000.0,4865000000.0,,22.354,-107000000.0,21000000.0,21000000.0,109000000.0,12000000.0,1.262,2.581,2285000000.0,310000000.0,1975000000.0,2285000000.0,0.0,40000000.0,0.0,0.048,0.43,45000000.0,85000000.0,0.277,85000000.0,45000000.0,19000000.0,0.16,0.16,0.16,1719000000.0,,1719000000.0,4806628284.0,10.0,7.678,-152000000.0,-1.977,1.0,198000000.0,0.645,418000000.0,26000000.0,6985000000.0,,651000000.0,0.0,0.0,0.0,4436000000.0,1044000000.0,3392000000.0,2725628284.0,9000000.0,0.0,-3000000.0,192000000.0,-28000000.0,161000000.0,-107000000.0,0.0,-45000000.0,0.0,12000000.0,12000000.0,12000000.0,0.0,0.0,0.039,155000000.0,43000000.0,374000000.0,2.688,1.586,12.114,11.956,4030000000.0,0.0,35.27,1.097,1.092,345000000.0,,307000000.0,307000000.0,0.0,,,,,0.0,115000000.0,1.0,77278942.0,76900000.0,77200000.0,3.992,5765000000.0,0.0,7000000.0,644000000.0,74.967,274000000.0
27,GAS,MRQ,2009-06-30,2009-06-30,2009-06-30,2019-04-19,0.0,6120000000.0,,1316000000.0,4804000000.0,,22.581,-110000000.0,12000000.0,12000000.0,164000000.0,21000000.0,1.027,2.518,2093000000.0,418000000.0,1675000000.0,2093000000.0,0.0,39000000.0,0.0,0.053,0.43,57000000.0,96000000.0,0.255,96000000.0,57000000.0,33000000.0,0.26,0.26,0.26,1732000000.0,,1732000000.0,4511036083.0,8.0,6.336,10000000.0,0.13,1.0,213000000.0,0.565,418000000.0,24000000.0,6502000000.0,,532000000.0,0.0,0.0,0.0,4361000000.0,1281000000.0,3080000000.0,2454036083.0,-9000000.0,0.0,7000000.0,15000000.0,-36000000.0,-19000000.0,-110000000.0,0.0,120000000.0,0.0,20000000.0,20000000.0,20000000.0,0.0,1000000.0,0.053,158000000.0,55000000.0,484000000.0,1.654,1.417,8.827,8.736,3956000000.0,0.0,31.8,0.904,0.898,466000000.0,,377000000.0,377000000.0,0.0,,,,,0.0,119000000.0,1.0,77170946.0,76700000.0,76900000.0,4.915,5702000000.0,0.0,13000000.0,609000000.0,74.342,35000000.0
28,GAS,MRQ,2009-03-31,2009-03-31,2009-03-31,2019-04-19,0.0,6157000000.0,,1431000000.0,4726000000.0,,22.608,-97000000.0,21000000.0,21000000.0,601000000.0,135000000.0,1.062,2.534,2078000000.0,403000000.0,1675000000.0,2078000000.0,0.0,39000000.0,58000000.0,0.064,0.43,216000000.0,255000000.0,0.256,255000000.0,216000000.0,191000000.0,1.55,1.55,1.55,1734000000.0,,1734000000.0,4565230674.0,9.0,6.896,514000000.0,6.701,1.0,394000000.0,0.396,418000000.0,25000000.0,6448000000.0,,348000000.0,0.0,0.0,0.0,4394000000.0,1348000000.0,3046000000.0,2040230674.0,5000000.0,0.0,1000000.0,-463000000.0,-32000000.0,-509000000.0,-97000000.0,0.0,611000000.0,0.0,119000000.0,119000000.0,119000000.0,0.0,16000000.0,0.12,164000000.0,230000000.0,535000000.0,0.277,1.177,8.26,8.214,3886000000.0,0.0,26.53,0.733,0.731,764000000.0,,995000000.0,995000000.0,0.0,,,,,0.0,125000000.0,1.0,76902777.0,76700000.0,76800000.0,12.973,5739000000.0,0.0,72000000.0,586000000.0,74.824,83000000.0
29,GAS,MRQ,2008-12-31,2008-12-31,2008-12-31,2019-04-19,0.0,6710000000.0,,2042000000.0,4668000000.0,,21.567,-118000000.0,16000000.0,16000000.0,472000000.0,82000000.0,1.03,3.042,2541000000.0,866000000.0,1675000000.0,2541000000.0,0.0,40000000.0,50000000.0,0.054,0.42,150000000.0,190000000.0,0.236,190000000.0,150000000.0,120000000.0,0.98,0.97,0.98,1652000000.0,,1652000000.0,4840066763.0,10.0,7.857,-63000000.0,-0.822,1.0,333000000.0,0.414,418000000.0,30000000.0,6834000000.0,,663000000.0,0.0,0.0,0.0,5026000000.0,1983000000.0,3043000000.0,2407066763.0,5000000.0,0.0,1000000.0,257000000.0,-31000000.0,68000000.0,-118000000.0,0.0,55000000.0,0.0,74000000.0,74000000.0,74000000.0,0.0,8000000.0,0.092,175000000.0,158000000.0,741000000.0,0.429,1.457,11.092,11.0,3816000000.0,0.0,31.35,0.86,0.854,1005000000.0,,805000000.0,805000000.0,0.0,,,,,0.0,135000000.0,1.0,76780439.0,76600000.0,76900000.0,10.509,6292000000.0,0.0,46000000.0,607000000.0,82.141,59000000.0
30,GAS,MRQ,2008-09-30,2008-09-30,2008-09-30,2019-04-19,0.0,6504000000.0,,1940000000.0,4564000000.0,,22.565,-88000000.0,11000000.0,11000000.0,271000000.0,60000000.0,1.065,2.756,2444000000.0,769000000.0,1675000000.0,2444000000.0,0.0,38000000.0,39000000.0,0.053,0.42,133000000.0,171000000.0,0.317,171000000.0,133000000.0,104000000.0,0.85,0.85,0.85,1724000000.0,,1724000000.0,4536937580.0,10.0,7.574,-275000000.0,-3.599,1.0,268000000.0,0.497,418000000.0,29000000.0,6697000000.0,,811000000.0,0.0,0.0,0.0,4751000000.0,1822000000.0,2929000000.0,2405937580.0,-8000000.0,0.0,0.0,295000000.0,-29000000.0,267000000.0,-88000000.0,0.0,-187000000.0,0.0,65000000.0,65000000.0,65000000.0,0.0,-5000000.0,0.121,142000000.0,126000000.0,749000000.0,0.494,1.396,11.512,11.495,3726000000.0,0.0,31.38,0.898,0.895,724000000.0,,539000000.0,539000000.0,0.0,,,,,0.0,104000000.0,1.0,76671051.0,76400000.0,76600000.0,7.055,6086000000.0,0.0,39000000.0,625000000.0,79.66,118000000.0
31,GAS,MRQ,2008-06-30,2008-06-30,2008-06-30,2019-04-19,0.0,6591000000.0,,2043000000.0,4548000000.0,,22.126,-86000000.0,19000000.0,19000000.0,286000000.0,-10000000.0,1.032,2.889,2150000000.0,513000000.0,1637000000.0,2150000000.0,0.0,38000000.0,33000000.0,0.048,0.42,8000000.0,46000000.0,0.104,46000000.0,8000000.0,-18000000.0,-0.15,-0.15,-0.15,1686000000.0,,1686000000.0,4508453876.0,12.0,8.67,-238000000.0,-3.123,1.0,158000000.0,0.356,420000000.0,26000000.0,6323000000.0,,708000000.0,0.0,0.0,0.0,4871000000.0,1979000000.0,2892000000.0,2646453876.0,-1000000.0,0.0,6000000.0,265000000.0,-33000000.0,237000000.0,-86000000.0,0.0,-152000000.0,0.0,-11000000.0,-11000000.0,-11000000.0,0.0,1000000.0,-0.025,152000000.0,6000000.0,1085000000.0,-2.8,1.57,16.856,16.868,3663000000.0,0.0,34.58,1.054,1.05,1046000000.0,,444000000.0,444000000.0,0.0,,,,,0.0,114000000.0,1.0,76531344.0,76200000.0,76200000.0,5.827,6171000000.0,0.0,-7000000.0,604000000.0,80.984,64000000.0
32,GAS,MRQ,2008-03-31,2008-03-31,2008-03-31,2019-04-19,0.0,6106000000.0,,1626000000.0,4480000000.0,,22.658,-80000000.0,20000000.0,20000000.0,669000000.0,105000000.0,1.012,2.527,1885000000.0,369000000.0,1516000000.0,1885000000.0,0.0,36000000.0,34000000.0,0.048,0.42,173000000.0,209000000.0,0.207,209000000.0,173000000.0,143000000.0,1.17,1.16,1.17,1722000000.0,,1722000000.0,4856396948.0,11.0,8.287,431000000.0,5.671,1.0,343000000.0,0.339,420000000.0,30000000.0,5945000000.0,,356000000.0,0.0,0.0,0.0,4352000000.0,1606000000.0,2746000000.0,2623396948.0,1000000.0,0.0,2000000.0,-371000000.0,-31000000.0,-430000000.0,-80000000.0,0.0,511000000.0,0.0,89000000.0,89000000.0,89000000.0,0.0,16000000.0,0.088,155000000.0,188000000.0,877000000.0,0.359,1.523,13.249,13.2,3610000000.0,0.0,34.32,1.036,1.03,1086000000.0,,1012000000.0,1012000000.0,0.0,,,,,0.0,119000000.0,1.0,76439305.0,76000000.0,76300000.0,13.316,5686000000.0,0.0,54000000.0,570000000.0,74.816,20000000.0
33,GAS,MRQ,2007-12-31,2007-12-31,2007-12-31,2019-04-19,0.0,6258000000.0,,1797000000.0,4461000000.0,,21.798,-66000000.0,19000000.0,19000000.0,392000000.0,96000000.0,1.1,2.768,2255000000.0,580000000.0,1675000000.0,2255000000.0,0.0,36000000.0,35000000.0,0.044,0.41,137000000.0,173000000.0,0.253,173000000.0,137000000.0,104000000.0,0.86,0.85,0.86,1661000000.0,,1661000000.0,4989355156.0,11.0,8.22,-75000000.0,-0.984,1.0,293000000.0,0.428,420000000.0,33000000.0,6440000000.0,,551000000.0,0.0,0.0,0.0,4597000000.0,1634000000.0,2963000000.0,2882355156.0,5000000.0,0.0,-20000000.0,128000000.0,-31000000.0,76000000.0,-62000000.0,0.0,-9000000.0,0.0,66000000.0,66000000.0,66000000.0,0.0,30000000.0,0.096,153000000.0,140000000.0,750000000.0,0.477,1.735,13.66,13.737,3566000000.0,0.0,37.64,1.156,1.164,989000000.0,,685000000.0,685000000.0,0.0,,,,,0.0,117000000.0,1.0,76576917.0,76200000.0,76200000.0,8.99,5838000000.0,0.0,38000000.0,589000000.0,76.614,163000000.0
34,GAS,MRQ,2007-09-30,2007-09-30,2007-09-30,2019-04-19,0.0,5831000000.0,,1415000000.0,4416000000.0,,21.078,-68000000.0,14000000.0,14000000.0,170000000.0,13000000.0,1.036,2.593,2124000000.0,576000000.0,1548000000.0,2124000000.0,0.0,37000000.0,39000000.0,0.04,0.41,55000000.0,92000000.0,0.249,92000000.0,55000000.0,21000000.0,0.17,0.17,0.17,1623000000.0,,1623000000.0,4944276613.0,11.0,8.554,-171000000.0,-2.221,1.0,199000000.0,0.539,420000000.0,34000000.0,6155000000.0,,654000000.0,0.0,0.0,0.0,4208000000.0,1366000000.0,2842000000.0,3078276613.0,0.0,0.0,-37000000.0,239000000.0,-30000000.0,169000000.0,-66000000.0,0.0,-103000000.0,0.0,13000000.0,13000000.0,13000000.0,0.0,0.0,0.035,144000000.0,55000000.0,514000000.0,2.412,1.897,16.033,15.976,3532000000.0,0.0,39.62,1.223,1.213,506000000.0,,369000000.0,369000000.0,0.0,,,,,0.0,107000000.0,1.0,77695018.0,77000000.0,77400000.0,4.792,5411000000.0,0.0,8000000.0,527000000.0,70.273,49000000.0
35,GAS,MRQ,2007-06-30,2007-06-30,2007-06-30,2019-04-19,0.0,5785000000.0,,1418000000.0,4367000000.0,,21.574,-72000000.0,14000000.0,14000000.0,242000000.0,30000000.0,1.084,2.46,1884000000.0,339000000.0,1545000000.0,1884000000.0,0.0,36000000.0,42000000.0,0.039,0.41,76000000.0,112000000.0,0.24,112000000.0,76000000.0,49000000.0,0.4,0.4,0.4,1672000000.0,,1672000000.0,4854102253.0,10.0,7.971,-125000000.0,-1.613,1.0,225000000.0,0.482,420000000.0,27000000.0,5927000000.0,,608000000.0,0.0,0.0,0.0,4113000000.0,1308000000.0,2805000000.0,3149102253.0,-12000000.0,0.0,-8000000.0,152000000.0,-30000000.0,113000000.0,-72000000.0,0.0,-53000000.0,0.0,30000000.0,30000000.0,30000000.0,0.0,0.0,0.064,147000000.0,78000000.0,655000000.0,1.025,1.883,14.647,14.614,3502000000.0,0.0,40.48,1.22,1.215,601000000.0,,467000000.0,467000000.0,0.0,,,,,0.0,111000000.0,1.0,77794028.0,77500000.0,77900000.0,6.026,5365000000.0,0.0,19000000.0,507000000.0,69.226,110000000.0
36,GAS,MRQ,2007-03-31,2007-03-31,2007-03-31,2019-04-19,0.0,5726000000.0,,1394000000.0,4332000000.0,,21.652,-53000000.0,29000000.0,29000000.0,606000000.0,102000000.0,1.177,2.412,1736000000.0,111000000.0,1625000000.0,1736000000.0,0.0,35000000.0,42000000.0,0.036,0.41,195000000.0,230000000.0,0.236,230000000.0,195000000.0,164000000.0,1.31,1.3,1.31,1678000000.0,,1678000000.0,5462587441.0,12.0,9.243,489000000.0,6.31,1.0,367000000.0,0.377,420000000.0,31000000.0,5829000000.0,,382000000.0,0.0,0.0,0.0,4048000000.0,1184000000.0,2864000000.0,3321587441.0,9000000.0,0.0,1000000.0,-428000000.0,-32000000.0,-480000000.0,-53000000.0,0.0,542000000.0,0.0,102000000.0,102000000.0,102000000.0,0.0,0.0,0.105,151000000.0,216000000.0,669000000.0,0.313,1.979,16.282,16.305,3470000000.0,0.0,42.72,1.303,1.298,826000000.0,,973000000.0,973000000.0,0.0,,,,,0.0,116000000.0,1.0,77752515.0,77500000.0,77900000.0,12.555,5306000000.0,0.0,62000000.0,497000000.0,68.465,210000000.0
37,GAS,MRQ,2006-12-31,2006-12-31,2006-12-31,2019-04-19,0.0,6147000000.0,,1822000000.0,4325000000.0,,20.735,-63000000.0,20000000.0,20000000.0,458000000.0,47000000.0,1.094,2.82,2161000000.0,539000000.0,1622000000.0,2161000000.0,0.0,37000000.0,42000000.0,0.038,0.37,107000000.0,144000000.0,0.204,144000000.0,107000000.0,75000000.0,0.6,0.6,0.6,1609000000.0,,1609000000.0,5084154862.0,11.0,8.445,-53000000.0,-0.683,1.0,249000000.0,0.352,420000000.0,32000000.0,6202000000.0,,597000000.0,0.0,0.0,0.0,4538000000.0,1666000000.0,2872000000.0,3023154862.0,3000000.0,0.0,-6000000.0,87000000.0,-27000000.0,56000000.0,-63000000.0,0.0,10000000.0,0.0,47000000.0,47000000.0,47000000.0,0.0,0.0,0.066,139000000.0,110000000.0,723000000.0,0.617,1.879,14.26,14.253,3436000000.0,0.0,38.91,1.153,1.152,880000000.0,,707000000.0,707000000.0,0.0,,,,,0.0,132000000.0,1.0,77696090.0,77600000.0,77700000.0,9.111,5727000000.0,0.0,28000000.0,505000000.0,73.802,156000000.0
38,GAS,MRQ,2006-09-30,2006-09-30,2006-09-30,2019-04-19,0.0,5835000000.0,,1512000000.0,4323000000.0,,20.4,-77000000.0,14000000.0,14000000.0,190000000.0,36000000.0,1.123,2.691,2075000000.0,441000000.0,1634000000.0,2075000000.0,0.0,33000000.0,35000000.0,0.041,0.37,90000000.0,123000000.0,0.283,123000000.0,90000000.0,58000000.0,0.46,0.46,0.46,1581000000.0,,1581000000.0,4892579449.0,10.0,7.816,27000000.0,0.348,1.0,244000000.0,0.562,420000000.0,32000000.0,6130000000.0,,627000000.0,0.0,0.0,0.0,4254000000.0,1346000000.0,2908000000.0,2842579449.0,-25000000.0,0.0,-11000000.0,-14000000.0,-26000000.0,-52000000.0,-77000000.0,0.0,104000000.0,0.0,36000000.0,36000000.0,36000000.0,0.0,0.0,0.083,154000000.0,90000000.0,540000000.0,0.804,1.798,12.306,12.207,3405000000.0,0.0,36.5,0.982,0.977,500000000.0,,434000000.0,434000000.0,0.0,,,,,0.0,111000000.0,1.0,77878889.0,77500000.0,77900000.0,5.6,5415000000.0,0.0,22000000.0,500000000.0,69.871,166000000.0
39,GAS,MRQ,2006-06-30,2006-06-30,2006-06-30,2019-04-19,0.0,5788000000.0,,1508000000.0,4280000000.0,,20.245,-66000000.0,37000000.0,37000000.0,219000000.0,19000000.0,1.099,2.68,2087000000.0,455000000.0,1632000000.0,2087000000.0,0.0,34000000.0,38000000.0,0.037,0.37,60000000.0,94000000.0,0.216,94000000.0,60000000.0,31000000.0,0.25,0.25,0.25,1573000000.0,,1573000000.0,4882747979.0,11.0,8.304,-113000000.0,-1.454,1.0,217000000.0,0.498,420000000.0,29000000.0,6046000000.0,,642000000.0,0.0,0.0,0.0,4215000000.0,1372000000.0,2843000000.0,2970747979.0,21000000.0,0.0,-7000000.0,163000000.0,-29000000.0,134000000.0,-66000000.0,0.0,-47000000.0,0.0,19000000.0,19000000.0,19000000.0,0.0,0.0,0.044,157000000.0,60000000.0,566000000.0,1.48,1.889,14.146,14.015,3366000000.0,0.0,38.12,1.041,1.037,584000000.0,,436000000.0,436000000.0,0.0,,,,,0.0,113000000.0,1.0,77931479.0,77700000.0,78100000.0,5.611,5368000000.0,0.0,12000000.0,422000000.0,69.086,136000000.0
40,GAS,MRQ,2006-03-31,2006-03-31,2006-03-31,2019-04-19,0.0,5736000000.0,,1458000000.0,4278000000.0,,20.347,-47000000.0,18000000.0,18000000.0,655000000.0,110000000.0,0.998,2.619,1930000000.0,472000000.0,1458000000.0,1930000000.0,0.0,34000000.0,36000000.0,0.038,0.37,207000000.0,241000000.0,0.231,241000000.0,207000000.0,177000000.0,1.42,1.41,1.42,1585000000.0,,1585000000.0,4913477143.0,11.0,8.314,237000000.0,3.042,1.0,389000000.0,0.373,422000000.0,30000000.0,5765000000.0,,432000000.0,0.0,0.0,0.0,4151000000.0,1461000000.0,2690000000.0,2806477143.0,-14000000.0,0.0,0.0,-205000000.0,-29000000.0,-256000000.0,-42000000.0,0.0,284000000.0,0.0,110000000.0,110000000.0,110000000.0,0.0,0.0,0.105,161000000.0,228000000.0,624000000.0,0.261,1.771,13.053,12.968,3347000000.0,0.0,36.05,0.985,0.985,813000000.0,,1044000000.0,1044000000.0,0.0,,,,,0.0,117000000.0,1.0,77849574.0,77900000.0,78200000.0,13.402,5314000000.0,0.0,67000000.0,427000000.0,68.216,-3000000.0
41,GAS,MRQ,2005-12-31,2005-12-31,2005-12-31,2019-04-19,0.0,6320000000.0,,2041000000.0,4279000000.0,,19.317,-73000000.0,32000000.0,32000000.0,694000000.0,66000000.0,1.037,3.216,2137000000.0,522000000.0,1615000000.0,2137000000.0,0.0,34000000.0,42000000.0,0.037,0.37,134000000.0,168000000.0,0.171,168000000.0,134000000.0,104000000.0,0.86,0.86,0.86,1499000000.0,,1499000000.0,4606060167.0,11.0,8.344,-181000000.0,-2.332,1.0,288000000.0,0.293,420000000.0,30000000.0,6037000000.0,,543000000.0,0.0,0.0,0.0,4821000000.0,1968000000.0,2853000000.0,2703060167.0,-26000000.0,0.0,8000000.0,177000000.0,-28000000.0,156000000.0,-74000000.0,0.0,-108000000.0,0.0,66000000.0,66000000.0,66000000.0,0.0,0.0,0.067,147000000.0,141000000.0,1041000000.0,0.43,1.803,14.005,13.924,3333000000.0,0.0,34.81,0.995,0.99,1220000000.0,,982000000.0,982000000.0,0.0,,,,,0.0,143000000.0,1.0,77651829.0,77600000.0,77800000.0,12.655,5900000000.0,0.0,38000000.0,423000000.0,76.031,73000000.0
42,GAS,MRQ,2005-09-30,2005-09-30,2005-09-30,2019-04-19,0.0,6150000000.0,,1819000000.0,4331000000.0,,18.723,-64000000.0,58000000.0,58000000.0,191000000.0,15000000.0,1.007,3.238,1960000000.0,344000000.0,1616000000.0,1960000000.0,0.0,33000000.0,0.0,0.033,0.31,52000000.0,85000000.0,0.216,85000000.0,52000000.0,25000000.0,0.19,0.19,0.19,1451000000.0,,1451000000.0,4619610283.0,12.0,9.13,-221000000.0,-2.852,1.0,202000000.0,0.514,405000000.0,27000000.0,5840000000.0,,518000000.0,0.0,0.0,0.0,4699000000.0,1807000000.0,2892000000.0,2871610283.0,13000000.0,66000000.0,13000000.0,173000000.0,-24000000.0,163000000.0,7000000.0,0.0,-157000000.0,0.0,15000000.0,15000000.0,15000000.0,0.0,0.0,0.038,148000000.0,54000000.0,820000000.0,1.632,1.979,16.599,16.205,3303000000.0,0.0,37.11,1.216,1.218,839000000.0,,393000000.0,393000000.0,0.0,,,,,0.0,106000000.0,1.0,77381037.0,77500000.0,78100000.0,5.071,5745000000.0,0.0,10000000.0,412000000.0,74.129,12000000.0
43,GAS,MRQ,2005-06-30,2005-06-30,2005-06-30,2019-04-19,0.0,5507000000.0,,1200000000.0,4307000000.0,,18.898,-49000000.0,45000000.0,45000000.0,209000000.0,24000000.0,1.038,2.78,1793000000.0,172000000.0,1621000000.0,1793000000.0,0.0,33000000.0,0.0,0.031,0.31,64000000.0,97000000.0,0.225,97000000.0,64000000.0,38000000.0,0.31,0.3,0.31,1457000000.0,,1457000000.0,4612298331.0,12.0,9.413,-95000000.0,-1.232,1.0,222000000.0,0.515,401000000.0,26000000.0,5698000000.0,,381000000.0,0.0,0.0,0.0,4050000000.0,1156000000.0,2894000000.0,2980298331.0,21000000.0,0.0,7000000.0,133000000.0,-24000000.0,116000000.0,-49000000.0,0.0,-46000000.0,0.0,24000000.0,24000000.0,24000000.0,0.0,0.0,0.056,156000000.0,66000000.0,589000000.0,1.0,2.046,16.743,16.037,3269000000.0,0.0,38.65,1.336,1.336,565000000.0,,431000000.0,431000000.0,0.0,,,,,0.0,113000000.0,1.0,77109918.0,77100000.0,77800000.0,5.59,5106000000.0,0.0,14000000.0,425000000.0,66.226,44000000.0
44,GAS,MRQ,2005-03-31,2005-03-31,2005-03-31,2019-04-19,0.0,5500000000.0,,1195000000.0,4305000000.0,,18.804,-81000000.0,24000000.0,24000000.0,572000000.0,88000000.0,0.969,2.804,1656000000.0,38000000.0,1618000000.0,1656000000.0,0.0,33000000.0,0.0,0.034,0.31,169000000.0,202000000.0,0.221,202000000.0,169000000.0,143000000.0,1.15,1.14,1.15,1446000000.0,,1446000000.0,4595975905.0,13.0,9.82,310000000.0,4.031,1.0,340000000.0,0.373,381000000.0,26000000.0,5518000000.0,,202000000.0,0.0,0.0,0.0,4054000000.0,1233000000.0,2821000000.0,2687975905.0,-25000000.0,0.0,0.0,-295000000.0,-24000000.0,-338000000.0,-78000000.0,0.0,391000000.0,0.0,88000000.0,88000000.0,88000000.0,0.0,0.0,0.096,159000000.0,181000000.0,648000000.0,0.27,1.859,15.36,14.316,3286000000.0,0.0,34.93,1.284,1.283,793000000.0,,912000000.0,912000000.0,0.0,,,,,0.0,115000000.0,1.0,76953218.0,76900000.0,77600000.0,11.86,5119000000.0,0.0,55000000.0,423000000.0,66.567,-38000000.0
45,GAS,MRQ,2004-12-31,2004-12-31,2004-12-31,2019-04-19,0.0,5637000000.0,,1454000000.0,4183000000.0,,19.562,-96000000.0,49000000.0,49000000.0,398000000.0,46000000.0,0.986,3.07,1957000000.0,334000000.0,1623000000.0,1957000000.0,0.0,28000000.0,50000000.0,0.035,0.29,94000000.0,122000000.0,0.195,122000000.0,94000000.0,72000000.0,0.64,0.64,0.64,1385000000.0,,1385000000.0,3429671704.0,11.0,8.304,-64000000.0,-0.904,1.0,228000000.0,0.364,354000000.0,22000000.0,5717000000.0,,332000000.0,0.0,0.0,0.0,4252000000.0,1474000000.0,2778000000.0,2172671704.0,5000000.0,-206000000.0,368000000.0,-52000000.0,-19000000.0,271000000.0,-298000000.0,0.0,32000000.0,0.0,46000000.0,46000000.0,46000000.0,0.0,0.0,0.073,128000000.0,100000000.0,728000000.0,0.453,1.569,14.2,14.452,3178000000.0,0.0,33.24,1.186,1.203,889000000.0,,626000000.0,626000000.0,0.0,,,,,0.0,120000000.0,1.0,65363168.0,70800000.0,71500000.0,8.842,5283000000.0,0.0,26000000.0,437000000.0,74.619,-20000000.0
46,GAS,MRQ,2004-09-30,2004-09-30,2004-09-30,2019-04-19,0.0,4034000000.0,,848000000.0,3186000000.0,,15.714,-64000000.0,44000000.0,44000000.0,105000000.0,20000000.0,1.083,2.943,1267000000.0,51000000.0,1216000000.0,1267000000.0,0.0,23000000.0,0.0,0.037,0.29,46000000.0,69000000.0,0.263,69000000.0,46000000.0,29000000.0,0.31,0.31,0.31,1023000000.0,,1023000000.0,3101391559.0,11.0,7.973,-153000000.0,-2.35,1.0,157000000.0,0.599,177000000.0,17000000.0,4297000000.0,,340000000.0,0.0,0.0,0.0,3011000000.0,783000000.0,2228000000.0,1998391559.0,-10000000.0,0.0,0.0,140000000.0,-19000000.0,131000000.0,-52000000.0,0.0,-89000000.0,0.0,20000000.0,20000000.0,20000000.0,0.0,0.0,0.076,111000000.0,46000000.0,423000000.0,0.935,1.953,14.073,13.86,2437000000.0,0.0,30.77,1.345,1.348,362000000.0,,262000000.0,262000000.0,0.0,,,,,0.0,83000000.0,1.0,64946102.0,65100000.0,65800000.0,4.025,3857000000.0,0.0,9000000.0,433000000.0,59.247,65000000.0
47,GAS,MRQ,2004-06-30,2004-06-30,2004-06-30,2019-04-19,0.0,4010000000.0,,850000000.0,3160000000.0,,15.602,-59000000.0,54000000.0,54000000.0,129000000.0,21000000.0,0.837,2.966,1157000000.0,195000000.0,962000000.0,1157000000.0,0.0,24000000.0,0.0,0.039,0.29,51000000.0,75000000.0,0.255,75000000.0,51000000.0,35000000.0,0.34,0.33,0.34,1011000000.0,,1011000000.0,2935039632.0,10.0,7.356,-50000000.0,-0.772,1.0,165000000.0,0.561,177000000.0,16000000.0,3920000000.0,,259000000.0,0.0,0.0,0.0,2999000000.0,1016000000.0,1983000000.0,1882639632.0,3000000.0,2000000.0,0.0,60000000.0,-18000000.0,50000000.0,-56000000.0,0.0,9000000.0,0.0,21000000.0,21000000.0,21000000.0,0.0,0.0,0.071,112000000.0,53000000.0,535000000.0,0.853,1.862,13.074,12.854,2409000000.0,0.0,29.05,1.355,1.355,456000000.0,,294000000.0,294000000.0,0.0,,,,,0.0,81000000.0,1.0,64806872.0,64800000.0,65600000.0,4.537,3833000000.0,0.0,14000000.0,413000000.0,59.151,-166000000.0
48,GAS,MRQ,2004-03-31,2004-03-31,2004-03-31,2019-04-19,0.0,3926000000.0,,764000000.0,3162000000.0,,15.511,-45000000.0,51000000.0,51000000.0,393000000.0,66000000.0,0.825,2.918,1103000000.0,133000000.0,970000000.0,1103000000.0,0.0,24000000.0,0.0,0.039,0.28,123000000.0,147000000.0,0.226,147000000.0,123000000.0,107000000.0,1.02,1.0,1.02,1002000000.0,,1002000000.0,2972012767.0,10.0,7.511,290000000.0,4.489,1.0,258000000.0,0.396,177000000.0,16000000.0,3875000000.0,,128000000.0,0.0,0.0,0.0,2924000000.0,926000000.0,1998000000.0,1874312767.0,34000000.0,29000000.0,0.0,-260000000.0,-19000000.0,-285000000.0,-16000000.0,0.0,335000000.0,0.0,66000000.0,66000000.0,66000000.0,0.0,0.0,0.101,125000000.0,133000000.0,448000000.0,0.275,1.871,13.199,13.072,2376000000.0,0.0,29.02,1.462,1.462,496000000.0,,651000000.0,651000000.0,0.0,,,,,0.0,93000000.0,1.0,64586932.0,64600000.0,65400000.0,10.077,3749000000.0,0.0,41000000.0,393000000.0,58.034,-162000000.0
49,GAS,MRQ,2003-12-31,2003-12-31,2003-12-31,2019-04-19,0.0,3972000000.0,,742000000.0,3230000000.0,,14.628,-45000000.0,17000000.0,17000000.0,145000000.0,35000000.0,0.708,3.203,1339000000.0,383000000.0,956000000.0,1339000000.0,0.0,23000000.0,19000000.0,0.038,0.28,75000000.0,98000000.0,0.351,98000000.0,75000000.0,57000000.0,0.55,0.54,0.55,945000000.0,,945000000.0,3168551542.0,11.0,8.316,-24000000.0,-0.372,1.0,134000000.0,0.48,184000000.0,18000000.0,4062000000.0,,210000000.0,101000000.0,0.0,101000000.0,3027000000.0,1048000000.0,1979000000.0,1870151542.0,15000000.0,0.0,31000000.0,44000000.0,-17000000.0,31000000.0,-37000000.0,0.0,21000000.0,0.0,35000000.0,35000000.0,35000000.0,0.0,0.0,0.125,75000000.0,59000000.0,403000000.0,0.509,1.979,14.611,14.335,2345000000.0,0.0,29.1,1.902,1.868,434000000.0,,279000000.0,279000000.0,0.0,,,,,0.0,75000000.0,1.0,64266376.0,64600000.0,65200000.0,4.319,3788000000.0,0.0,22000000.0,422000000.0,58.638,-306000000.0
50,GAS,MRQ,2003-09-30,2003-09-30,2003-09-30,2019-04-19,0.0,3688000000.0,,543000000.0,3145000000.0,,14.188,-36000000.0,1000000.0,1000000.0,28000000.0,22000000.0,0.768,3.062,1300000000.0,169000000.0,1131000000.0,1300000000.0,0.0,23000000.0,0.0,0.039,0.28,56000000.0,79000000.0,0.479,79000000.0,56000000.0,37000000.0,0.35,0.34,0.35,908000000.0,,908000000.0,2959906665.0,10.0,7.887,-140000000.0,-2.188,1.0,137000000.0,0.83,177000000.0,19000000.0,4103000000.0,,254000000.0,115000000.0,0.0,115000000.0,2780000000.0,707000000.0,2073000000.0,1795306665.0,-2000000.0,23000000.0,0.0,133000000.0,-21000000.0,126000000.0,-24000000.0,0.0,-104000000.0,0.0,22000000.0,22000000.0,22000000.0,0.0,0.0,0.133,103000000.0,34000000.0,299000000.0,0.8,1.977,14.478,13.609,2234000000.0,0.0,28.17,1.879,1.887,216000000.0,,165000000.0,165000000.0,0.0,,,,,0.0,66000000.0,1.0,63731156.0,64000000.0,64800000.0,2.578,3511000000.0,0.0,15000000.0,360000000.0,54.859,-164000000.0
51,GAS,MRQ,2003-06-30,2003-06-30,2003-06-30,2019-04-19,0.0,3653000000.0,,512000000.0,3141000000.0,,14.126,-40800000.0,3000000.0,3000000.0,46000000.0,19000000.0,0.578,3.072,1167000000.0,242000000.0,925000000.0,1167000000.0,0.0,22700000.0,0.0,0.043,0.28,49000000.0,71700000.0,0.383,71700000.0,49000000.0,31000000.0,0.3,0.29,0.3,897000000.0,,897000000.0,2748142206.0,10.0,7.77,-23900000.0,-0.376,1.0,141000000.0,0.754,176000000.0,18000000.0,3755000000.0,,168000000.0,112000000.0,0.0,112000000.0,2756000000.0,886000000.0,1870000000.0,1611442206.0,-19600000.0,0.0,300000.0,10800000.0,-15500000.0,2300000.0,-38800000.0,-5800000.0,16900000.0,0.0,19000000.0,19000000.0,19000000.0,0.0,0.0,0.102,100000000.0,41000000.0,387000000.0,0.933,1.796,14.465,13.46,2225000000.0,0.0,25.44,1.639,1.643,281000000.0,,187000000.0,187000000.0,0.0,,,,,0.0,70000000.0,1.0,63342854.0,63500000.0,64200000.0,2.945,3477000000.0,0.0,12000000.0,344000000.0,54.756,-374000000.0
52,GAS,MRQ,2003-03-31,2003-03-31,2003-03-31,2019-04-19,0.0,3892400000.0,,720500000.0,3171900000.0,,14.692,-36200000.0,23000000.0,23000000.0,148600000.0,51800000.0,0.721,3.394,1159700000.0,166800000.0,992900000.0,1159700000.0,0.0,22300000.0,0.0,0.046,0.27,109800000.0,132100000.0,0.375,132100000.0,109800000.0,89900000.0,0.86,0.85,0.86,885900000.0,,885900000.0,2671322490.0,10.0,7.75,151900000.0,2.519,1.0,203900000.0,0.578,176200000.0,19900000.0,3853100000.0,,60300000.0,104900000.0,0.0,104900000.0,3006500000.0,999800000.0,2006700000.0,1494122490.0,14600000.0,-20000000.0,136700000.0,-251800000.0,-16500000.0,-128300000.0,-45200000.0,5800000.0,188100000.0,0.0,51800000.0,51800000.0,51800000.0,0.0,0.0,0.147,102400000.0,101500000.0,575900000.0,0.314,1.687,14.271,13.055,2207200000.0,0.0,23.63,1.56,1.488,575200000.0,,352500000.0,352500000.0,0.0,,,,,0.0,72200000.0,1.0,63229898.0,60300000.0,60700000.0,5.846,3716200000.0,0.0,38100000.0,337500000.0,61.629,-279300000.0
53,GAS,MRQ,2002-12-31,2002-12-31,2002-12-31,2019-04-19,0.0,3742000000.0,,586400000.0,3155600000.0,,12.59,-65700000.0,8400000.0,8400000.0,118500000.0,31200000.0,0.577,4.27,1185600000.0,418600000.0,767000000.0,1185600000.0,0.0,22000000.0,22900000.0,0.044,0.27,70500000.0,92500000.0,0.369,92500000.0,70500000.0,49800000.0,0.56,0.55,0.56,710100000.0,,710100000.0,2527509910.0,10.0,7.522,-12400000.0,-0.22,1.0,132400000.0,0.528,176200000.0,20700000.0,3727200000.0,,118200000.0,79200000.0,0.0,79200000.0,3031900000.0,1015800000.0,2016100000.0,1368409910.0,2200000.0,0.0,13200000.0,20600000.0,-7600000.0,13200000.0,-64300000.0,700000.0,53300000.0,0.0,31200000.0,31200000.0,31200000.0,0.0,0.0,0.124,69700000.0,62700000.0,341800000.0,0.482,1.927,13.286,13.207,2194200000.0,0.0,24.3,1.56,1.554,351700000.0,,250900000.0,250900000.0,0.0,,,,,0.0,69500000.0,1.0,56313165.0,56400000.0,57200000.0,4.449,3565800000.0,21400000.0,18600000.0,369700000.0,63.223,-429400000.0
54,GAS,MRQ,2002-09-30,2002-09-30,2002-09-30,2019-04-19,0.0,3464900000.0,,350900000.0,3114000000.0,,13.025,-33900000.0,6100000.0,6100000.0,57000000.0,9400000.0,0.469,3.733,1165200000.0,368200000.0,797000000.0,1165200000.0,0.0,21400000.0,0.0,0.049,0.27,36000000.0,57400000.0,0.297,57400000.0,36000000.0,14600000.0,0.17,0.17,0.17,732000000.0,,732000000.0,2405202865.0,10.0,7.258,-2500000.0,-0.044,1.0,136000000.0,0.705,176200000.0,21400000.0,3700400000.0,,110900000.0,70600000.0,0.0,70600000.0,2732900000.0,747400000.0,576500000.0,1240002865.0,1800000.0,0.0,2900000.0,-4400000.0,-19000000.0,-16100000.0,-13500000.0,22200000.0,31400000.0,0.0,9400000.0,9400000.0,9400000.0,0.0,0.0,0.049,97600000.0,38400000.0,158900000.0,1.588,1.694,13.164,12.994,2156100000.0,0.0,22.09,1.343,1.344,132400000.0,,193000000.0,193000000.0,0.0,,,,,0.0,69100000.0,1.0,56134127.0,56200000.0,56600000.0,3.434,3288700000.0,0.0,5200000.0,363100000.0,58.518,-396500000.0
55,GAS,MRQ,2002-06-30,2002-06-30,2002-06-30,2019-04-19,0.0,3500800000.0,,381600000.0,3119200000.0,,13.121,-40300000.0,4300000.0,4300000.0,24400000.0,12300000.0,0.454,3.764,1169500000.0,372500000.0,797000000.0,1169500000.0,0.0,22500000.0,0.0,0.047,0.27,40200000.0,62700000.0,0.389,62700000.0,40200000.0,19000000.0,0.22,0.22,0.22,734800000.0,,734800000.0,2438377850.0,11.0,7.405,-700000.0,-0.013,1.0,136800000.0,0.849,176200000.0,21200000.0,3649300000.0,,136400000.0,95400000.0,0.0,95400000.0,2766000000.0,840500000.0,570600000.0,1296777850.0,4000000.0,0.0,4200000.0,12600000.0,-13400000.0,3600000.0,-39200000.0,800000.0,39600000.0,0.0,12300000.0,12300000.0,12300000.0,0.0,0.0,0.076,94900000.0,41900000.0,206900000.0,1.227,1.765,14.473,14.321,2125600000.0,0.0,23.2,1.466,1.469,165900000.0,,161200000.0,161200000.0,0.0,,,,,0.0,65200000.0,1.0,55895597.0,56000000.0,56500000.0,2.879,3324600000.0,0.0,6700000.0,331600000.0,59.368,-458900000.0
56,GAS,MRQ,2002-03-31,2002-03-31,2002-03-31,2019-04-19,0.0,3463800000.0,,326900000.0,3136900000.0,,13.752,-47100000.0,15300000.0,15300000.0,97100000.0,50100000.0,0.416,3.522,1156900000.0,359900000.0,797000000.0,1156900000.0,0.0,23100000.0,15000000.0,0.046,0.27,100300000.0,123400000.0,0.458,123400000.0,100300000.0,77600000.0,0.9,0.89,0.9,766000000.0,,766000000.0,2558249269.0,11.0,7.762,114600000.0,2.057,1.0,172200000.0,0.639,176200000.0,22700000.0,3643700000.0,,105000000.0,97900000.0,0.0,97900000.0,2697800000.0,785500000.0,1912300000.0,1305849269.0,-7000000.0,0.0,5700000.0,-117800000.0,-13000000.0,-124700000.0,-44000000.0,3300000.0,161700000.0,0.0,50100000.0,50100000.0,50100000.0,0.0,0.0,0.186,100800000.0,71400000.0,153800000.0,0.3,1.705,15.079,14.968,2109400000.0,0.0,23.5,1.452,1.456,149600000.0,,269300000.0,269300000.0,0.0,,,,,0.0,70200000.0,1.0,55568054.0,55700000.0,56000000.0,4.835,3287600000.0,0.0,27500000.0,354400000.0,59.023,-458600000.0
57,GAS,MRQ,2001-12-31,2001-12-31,2001-12-31,2019-04-19,0.0,3454300000.0,,328500000.0,3125800000.0,,12.732,-34300000.0,7300000.0,7300000.0,163600000.0,22400000.0,0.406,4.006,1274700000.0,477700000.0,797000000.0,1274700000.0,0.0,27400000.0,13900000.0,0.047,0.27,60500000.0,87900000.0,0.293,87900000.0,60500000.0,35800000.0,0.41,0.41,0.41,690100000.0,,690100000.0,2461251215.0,10.0,7.293,-36300000.0,-0.67,1.0,136500000.0,0.455,176200000.0,24700000.0,3735700000.0,,160400000.0,89900000.0,0.0,89900000.0,2764200000.0,809800000.0,1954400000.0,1270651215.0,0.0,-543300000.0,5500000.0,573000000.0,-8700000.0,566100000.0,-564100000.0,16300000.0,-2000000.0,0.0,22400000.0,22400000.0,22400000.0,0.0,0.0,0.075,75900000.0,60600000.0,98000000.0,0.659,1.841,14.309,14.123,2085200000.0,0.0,23.02,1.296,1.272,104000000.0,,300100000.0,300100000.0,0.0,,,,,0.0,72200000.0,1.0,55197707.0,54200000.0,54900000.0,5.537,3278100000.0,0.0,13400000.0,335000000.0,60.482,-481300000.0
58,GAS,MRQ,2001-09-30,2001-09-30,2001-09-30,2019-04-19,0.0,3368100000.0,,239500000.0,3128600000.0,,12.207,-47900000.0,2800000.0,2800000.0,24300000.0,4800000.0,0.36,4.017,1193400000.0,348400000.0,845000000.0,1193400000.0,0.0,24400000.0,12700000.0,0.054,0.27,30900000.0,55300000.0,0.359,55300000.0,30900000.0,6900000.0,0.09,0.09,0.09,671400000.0,,671400000.0,2238997228.0,10.0,6.847,-46300000.0,-0.842,1.0,129800000.0,0.842,176200000.0,24000000.0,3717000000.0,,119500000.0,69700000.0,0.0,69700000.0,2696700000.0,665500000.0,2031200000.0,1094497228.0,-1700000.0,5600000.0,4900000.0,44400000.0,-14700000.0,37000000.0,-40300000.0,0.0,1600000.0,0.0,4800000.0,4800000.0,4800000.0,0.0,0.0,0.031,86900000.0,42900000.0,82400000.0,3.0,1.63,12.312,12.252,2058900000.0,0.0,19.97,1.043,1.037,66300000.0,,154100000.0,154100000.0,0.0,,,,,0.0,55600000.0,1.0,54807072.0,55000000.0,55300000.0,2.802,3191900000.0,0.0,2100000.0,342200000.0,58.035,-426000000.0
59,GAS,MRQ,2001-06-30,2001-06-30,2001-06-30,2019-04-19,0.0,2754500000.0,,178400000.0,2576100000.0,,12.375,-41200000.0,4500000.0,4500000.0,37000000.0,9300000.0,0.357,3.077,1149000000.0,304000000.0,845000000.0,1149000000.0,8900000.0,25000000.0,12800000.0,0.045,0.27,38000000.0,63000000.0,0.359,63000000.0,38000000.0,14800000.0,0.17,0.17,0.17,675700000.0,,675700000.0,2535959899.0,11.0,7.947,-51300000.0,-0.94,1.0,138700000.0,0.789,153300000.0,23200000.0,3245400000.0,,100600000.0,96100000.0,0.0,96100000.0,2078800000.0,500300000.0,190200000.0,1291859899.0,-7700000.0,6500000.0,7200000.0,42600000.0,-13600000.0,31200000.0,-28800000.0,0.0,-10100000.0,0.0,9300000.0,9300000.0,9300000.0,0.0,0.0,0.053,97600000.0,41100000.0,64000000.0,1.588,1.912,13.443,13.571,2031300000.0,0.0,23.75,1.535,1.54,59900000.0,,175700000.0,175700000.0,0.0,,,,,0.0,0.0,1.0,54394101.0,54600000.0,55200000.0,3.218,2601200000.0,0.0,5500000.0,314500000.0,47.641,-321900000.0
60,GAS,MRQ,2001-03-31,2001-03-31,2001-03-31,2019-04-19,0.0,2761200000.0,,200800000.0,2560400000.0,,12.401,-32300000.0,12200000.0,12200000.0,169500000.0,52300000.0,0.317,3.1,1256300000.0,366300000.0,890000000.0,1256300000.0,21000000.0,24500000.0,13900000.0,0.049,0.27,106800000.0,131300000.0,0.375,131300000.0,106800000.0,81300000.0,0.96,0.96,0.96,673400000.0,,673400000.0,2514305409.0,11.0,8.072,78000000.0,1.436,1.0,181100000.0,0.517,149300000.0,25500000.0,3223100000.0,,62600000.0,107100000.0,0.0,107100000.0,2087800000.0,632900000.0,190500000.0,1187705409.0,10200000.0,11400000.0,3200000.0,-72200000.0,-13400000.0,-82200000.0,-17900000.0,0.0,110300000.0,0.0,52300000.0,52300000.0,52300000.0,0.0,0.0,0.149,106800000.0,74300000.0,80800000.0,0.281,1.764,11.794,11.908,2023000000.0,0.0,21.91,1.489,1.491,118200000.0,,350600000.0,350600000.0,0.0,,,,,0.0,0.0,1.0,54208371.0,54300000.0,54600000.0,6.457,2611900000.0,0.0,29000000.0,291400000.0,48.101,-432100000.0
61,GAS,MRQ,2000-12-31,2000-12-31,2000-12-31,2019-04-19,0.0,2702000000.0,,207700000.0,2494300000.0,,11.458,-35300000.0,2000000.0,2000000.0,54600000.0,17100000.0,0.219,3.272,1328600000.0,738600000.0,590000000.0,1328600000.0,0.0,21200000.0,14800000.0,0.049,0.27,45000000.0,66200000.0,0.363,66200000.0,45000000.0,26700000.0,0.3,0.3,0.3,632500000.0,,632500000.0,1943256356.0,12.0,7.761,-24700000.0,-0.447,1.0,127700000.0,0.7,159100000.0,18300000.0,2920100000.0,,38700000.0,74400000.0,0.0,74400000.0,2069500000.0,949400000.0,156200000.0,1194056356.0,-28700000.0,-9400000.0,-4000000.0,17500000.0,-13000000.0,500000.0,-39800000.0,0.0,10600000.0,0.0,17100000.0,17100000.0,17100000.0,0.0,0.0,0.094,94200000.0,33500000.0,80700000.0,0.9,1.888,16.794,17.101,2017400000.0,0.0,22.06,1.966,2.005,157300000.0,,182300000.0,182300000.0,0.0,,,,,0.0,0.0,1.0,54127668.0,55200000.0,55200000.0,3.303,2542900000.0,0.0,9600000.0,289400000.0,46.067,-741700000.0
62,GAS,MRQ,2000-09-30,2000-09-30,2000-09-30,2019-04-19,0.0,2587900000.0,,99700000.0,2488200000.0,,11.435,-38500000.0,2000000.0,2000000.0,41700000.0,17400000.0,0.35,3.168,751200000.0,161200000.0,590000000.0,751200000.0,0.0,21000000.0,1800000.0,0.054,0.27,37600000.0,58600000.0,0.44,58600000.0,37600000.0,23900000.0,0.32,0.32,0.32,620900000.0,,620900000.0,1836557591.0,11.0,7.518,18900000.0,0.348,1.0,91500000.0,0.687,0.0,13700000.0,3052300000.0,,37200000.0,78800000.0,0.0,78800000.0,1967000000.0,284800000.0,1682200000.0,1088057591.0,2000000.0,6300000.0,-7200000.0,2700000.0,-10500000.0,-15000000.0,-40400000.0,0.0,57400000.0,0.0,17400000.0,17400000.0,17400000.0,0.0,0.0,0.131,63100000.0,28400000.0,34000000.0,0.844,1.752,15.303,15.566,1637500000.0,0.0,20.08,1.791,1.825,31600000.0,,133200000.0,133200000.0,0.0,,,,,0.0,247800000.0,1.0,54186135.0,54300000.0,54000000.0,2.453,2587900000.0,8100000.0,6500000.0,308500000.0,47.659,-185100000.0
63,GAS,MRQ,2000-06-30,2000-06-30,2000-06-30,2019-04-19,0.0,1965300000.0,,75100000.0,1890200000.0,,11.459,-47600000.0,0.0,0.0,11600000.0,13900000.0,0.307,2.164,748500000.0,158500000.0,590000000.0,748500000.0,0.0,20300000.0,1900000.0,0.068,0.27,35100000.0,55400000.0,0.42,55400000.0,35100000.0,21800000.0,0.26,0.26,0.26,621100000.0,,621100000.0,1580356389.0,9.0,6.062,-25900000.0,-0.478,1.0,120200000.0,0.912,0.0,13300000.0,2469400000.0,,31200000.0,52400000.0,0.0,52400000.0,1344200000.0,244400000.0,195100000.0,865856389.0,-6500000.0,-1000000.0,-1500000.0,27500000.0,-14600000.0,11400000.0,-39600000.0,0.0,21700000.0,0.0,13900000.0,13900000.0,13900000.0,0.0,0.0,0.105,81800000.0,38400000.0,30000000.0,1.038,1.394,10.716,11.0,1645900000.0,0.0,15.95,1.311,1.309,0.0,,131800000.0,131800000.0,0.0,,,,,0.0,0.0,1.0,54285667.0,54200000.0,54200000.0,2.432,1965300000.0,0.0,7900000.0,253000000.0,36.26,-169300000.0
64,GAS,MRQ,2000-03-31,2000-03-31,2000-03-31,2019-04-19,0.0,1949500000.0,,84300000.0,1865200000.0,,11.232,-36400000.0,6500000.0,6500000.0,30700000.0,22700000.0,0.365,2.127,721000000.0,131000000.0,590000000.0,721000000.0,0.0,21900000.0,2000000.0,0.059,0.27,48300000.0,70200000.0,0.438,70200000.0,48300000.0,35900000.0,0.41,0.41,0.41,623400000.0,,623400000.0,1721579028.0,10.0,6.393,25500000.0,0.459,1.0,129400000.0,0.808,0.0,12400000.0,2432800000.0,,18700000.0,51500000.0,0.0,51500000.0,1326100000.0,231200000.0,200200000.0,1046779028.0,2300000.0,0.0,-47800000.0,42000000.0,-13100000.0,-18900000.0,-40700000.0,0.0,61900000.0,0.0,22700000.0,22700000.0,22700000.0,0.0,0.0,0.142,91900000.0,37500000.0,27400000.0,0.659,1.679,14.127,14.031,1628900000.0,0.0,18.38,1.466,1.428,0.0,,160100000.0,160100000.0,0.0,,,,,0.0,0.0,1.0,56952069.0,55500000.0,55500000.0,2.885,1949500000.0,0.0,13200000.0,245500000.0,35.126,-146900000.0
65,GAS,MRQ,1999-12-31,1999-12-31,1999-12-31,2019-04-19,0.0,1930400000.0,,95600000.0,1834800000.0,,11.909,-35300000.0,4200000.0,4200000.0,54600000.0,17100000.0,0.539,1.849,679000000.0,69000000.0,610000000.0,679000000.0,0.0,21200000.0,2200000.0,0.064,0.27,38900000.0,60100000.0,0.33,60100000.0,38900000.0,26700000.0,0.3,0.3,0.3,677600000.0,,677600000.0,1597460413.0,10.0,5.914,-24700000.0,-0.434,1.0,127700000.0,0.7,0.0,12200000.0,2427900000.0,,23600000.0,41800000.0,0.0,41800000.0,1252800000.0,177300000.0,191100000.0,968860413.0,-28700000.0,-9400000.0,-4000000.0,17500000.0,-13000000.0,500000.0,-39800000.0,0.0,10600000.0,0.0,17100000.0,17100000.0,17100000.0,0.0,0.0,0.094,94200000.0,33500000.0,34600000.0,0.9,1.43,12.816,12.879,1608200000.0,0.0,17.0,1.043,1.041,0.0,,182300000.0,182300000.0,0.0,,,,,0.0,0.0,1.0,56991789.0,56900000.0,57000000.0,3.204,1930400000.0,0.0,9600000.0,244800000.0,33.926,-81700000.0
66,GAS,MRQ,1999-09-30,1999-09-30,1999-09-30,2019-04-19,0.0,1970400000.0,,158600000.0,1811800000.0,,11.585,-50500000.0,32900000.0,32900000.0,89000000.0,27100000.0,0.708,1.979,661500000.0,51500000.0,610000000.0,661500000.0,0.0,19800000.0,7400000.0,0.066,0.27,55200000.0,75000000.0,0.403,75000000.0,55200000.0,42900000.0,0.48,0.47,0.48,661500000.0,,661500000.0,1572316783.0,9.0,6.332,26400000.0,0.462,1.0,97100000.0,0.522,0.0,12300000.0,2375000000.0,,63300000.0,28200000.0,0.0,28200000.0,1308900000.0,224000000.0,1084900000.0,924816783.0,18900000.0,65000000.0,100000.0,-50000000.0,-13500000.0,-63400000.0,5400000.0,0.0,76900000.0,0.0,27100000.0,27100000.0,27100000.0,0.0,0.0,0.146,72100000.0,25000000.0,31300000.0,0.563,1.398,12.43,12.5,1598900000.0,0.0,16.25,0.864,0.871,51800000.0,,186100000.0,186100000.0,0.0,,,,,0.0,268200000.0,1.0,56911802.0,57100000.0,56800000.0,3.259,1970400000.0,0.0,15800000.0,252200000.0,34.508,-65400000.0
67,GAS,MRQ,1999-06-30,1999-06-30,1999-06-30,2019-04-19,0.0,1976900000.0,,223900000.0,1753000000.0,,27.019,-64400000.0,14000000.0,14000000.0,61100000.0,7200000.0,0.974,0.275,661500000.0,51500000.0,610000000.0,661500000.0,0.0,41600000.0,15200000.0,0.059,0.27,22400000.0,64000000.0,0.345,64000000.0,22400000.0,9500000.0,0.12,0.12,0.12,1550900000.0,,1550900000.0,1718287926.0,13.0,7.115,-37100000.0,-0.646,1.0,124500000.0,0.671,0.0,12900000.0,2394500000.0,,66300000.0,32900000.0,28900000.0,4000000.0,426000000.0,229900000.0,196100000.0,1063687926.0,6200000.0,1800000.0,-16800000.0,86500000.0,-33700000.0,45000000.0,-66100000.0,0.0,27300000.0,0.0,7200000.0,7200000.0,7200000.0,0.0,0.0,0.039,95000000.0,29500000.0,39700000.0,2.25,0.686,18.245,18.257,1570100000.0,0.0,18.44,0.967,0.963,100100000.0,,185600000.0,185600000.0,0.0,,,,,0.0,0.0,1.0,57683727.0,57400000.0,57500000.0,3.233,1976900000.0,0.0,2300000.0,221700000.0,34.441,-6000000.0
68,GAS,MRQ,1999-03-31,1999-03-31,1999-03-31,2019-04-19,0.0,2030900000.0,,262800000.0,1768100000.0,,27.983,-32400000.0,6900000.0,6900000.0,232000000.0,24200000.0,1.169,0.26,661500000.0,1500000.0,660000000.0,661500000.0,0.0,20400000.0,24300000.0,0.062,0.27,50600000.0,71000000.0,0.189,71000000.0,50600000.0,37000000.0,0.42,0.42,0.42,1611800000.0,,1611800000.0,1783124039.0,15.0,8.797,130400000.0,2.264,1.0,143100000.0,0.381,0.0,13600000.0,2460600000.0,,55500000.0,38100000.0,0.0,38100000.0,419100000.0,224900000.0,194200000.0,1010124039.0,6900000.0,0.0,600000.0,-111500000.0,-13100000.0,-124000000.0,-31900000.0,0.0,162800000.0,0.0,24200000.0,24200000.0,24200000.0,0.0,0.0,0.065,90700000.0,52400000.0,43300000.0,0.643,0.627,20.243,20.184,1554900000.0,0.0,17.56,0.871,0.872,186700000.0,,375100000.0,375100000.0,0.0,,,,,0.0,0.0,1.0,57524148.0,57600000.0,57600000.0,6.512,2030900000.0,0.0,12800000.0,216500000.0,35.259,37900000.0
69,GAS,MRQ,1998-12-31,1998-12-31,1998-12-31,2019-04-19,0.0,2048300000.0,,354800000.0,1693500000.0,,27.871,-29400000.0,0.0,0.0,187000000.0,15900000.0,1.146,0.28,773000000.0,113000000.0,660000000.0,773000000.0,0.0,21000000.0,31700000.0,0.047,0.27,38300000.0,59300000.0,0.183,59300000.0,38300000.0,24100000.0,0.28,0.28,0.28,1599800000.0,,1599800000.0,2058992969.0,13.0,8.754,-26400000.0,-0.46,1.0,136900000.0,0.423,0.0,14200000.0,2511700000.0,,122400000.0,41800000.0,0.0,41800000.0,448500000.0,309600000.0,138900000.0,1323392969.0,-900000.0,0.0,1300000.0,36500000.0,-12900000.0,24900000.0,-28800000.0,0.0,3000000.0,0.0,15900000.0,15900000.0,15900000.0,0.0,0.0,0.049,89200000.0,47700000.0,71000000.0,0.964,0.827,18.692,18.597,1542500000.0,0.0,23.06,1.046,1.046,214600000.0,,323900000.0,323900000.0,0.0,,,,,0.0,0.0,1.0,57389114.0,57400000.0,57700000.0,5.643,2048300000.0,0.0,8200000.0,218100000.0,35.685,45200000.0
70,GAS,MRQ,1998-09-30,1998-09-30,1998-09-30,2019-04-19,0.0,1985300000.0,,298400000.0,1686900000.0,,28.782,-33700000.0,900000.0,900000.0,113600000.0,11000000.0,1.177,0.204,736500000.0,76500000.0,660000000.0,736500000.0,0.0,21600000.0,30500000.0,0.056,0.27,25600000.0,47200000.0,0.22,47200000.0,25600000.0,12500000.0,0.19,0.19,0.19,1649200000.0,,1649200000.0,1768762584.0,10.0,7.089,-53700000.0,-0.937,1.0,101300000.0,0.471,0.0,13100000.0,2467400000.0,,165800000.0,46700000.0,0.0,46700000.0,336100000.0,253500000.0,82600000.0,1107862584.0,-8600000.0,-7600000.0,500000.0,196600000.0,-11200000.0,55400000.0,-44000000.0,0.0,-20000000.0,0.0,11000000.0,11000000.0,11000000.0,0.0,0.0,0.051,78300000.0,23000000.0,48400000.0,1.421,0.672,13.745,13.745,1533600000.0,0.0,19.38,0.827,0.824,113000000.0,,214900000.0,214900000.0,0.0,,,,,0.0,278000000.0,1.0,57165252.0,57300000.0,57400000.0,3.75,1985300000.0,0.0,1500000.0,246100000.0,34.647,44900000.0
71,GAS,MRQ,1998-06-30,1998-06-30,1998-06-30,2019-04-19,0.0,1936500000.0,,261400000.0,1675100000.0,,27.818,-29500000.0,9500000.0,9500000.0,150100000.0,-1200000.0,1.29,0.219,670400000.0,10400000.0,660000000.0,670400000.0,0.0,17200000.0,30900000.0,0.055,0.27,8000000.0,25200000.0,0.102,25200000.0,8000000.0,-5100000.0,-0.02,-0.02,-0.02,1588400000.0,,1588400000.0,1793340541.0,10.0,7.269,16100000.0,0.282,1.0,96300000.0,0.391,0.0,13100000.0,2394800000.0,,101100000.0,40200000.0,0.0,40200000.0,348100000.0,202600000.0,145500000.0,1128940541.0,9500000.0,1000000.0,100000.0,6000000.0,-13200000.0,-7100000.0,-29000000.0,0.0,45600000.0,0.0,-1200000.0,-1200000.0,-1200000.0,0.0,0.0,-0.005,87400000.0,8900000.0,77300000.0,-13.5,0.711,14.738,14.46,1531400000.0,0.0,19.81,0.882,0.884,136100000.0,,246400000.0,246400000.0,0.0,,,,,0.0,0.0,1.0,56988417.0,57100000.0,57200000.0,4.315,1936500000.0,0.0,-3900000.0,223900000.0,33.914,58800000.0
72,GAS,MRQ,1998-03-31,1998-03-31,1998-03-31,2019-04-19,0.0,1946400000.0,,277100000.0,1669300000.0,,28.026,-28300000.0,0.0,0.0,305700000.0,45100000.0,1.32,0.221,664400000.0,4400000.0,660000000.0,664400000.0,0.0,18500000.0,31900000.0,0.05,0.27,85000000.0,103500000.0,0.216,103500000.0,85000000.0,70900000.0,0.79,0.79,0.79,1594700000.0,,1594700000.0,2023794948.0,11.0,7.912,153500000.0,2.698,1.0,174000000.0,0.363,0.0,14100000.0,2400800000.0,,43900000.0,43200000.0,0.0,43200000.0,351700000.0,210000000.0,141700000.0,1221194948.0,-7900000.0,-600000.0,-400000.0,-146100000.0,-14200000.0,-160700000.0,-29000000.0,0.0,181800000.0,0.0,45100000.0,45100000.0,45100000.0,0.0,0.0,0.094,90700000.0,83300000.0,69500000.0,0.342,0.766,15.419,15.141,1515600000.0,0.0,21.5,0.977,0.979,202100000.0,,479700000.0,479700000.0,0.0,,,,,0.0,0.0,1.0,56799765.0,56900000.0,57000000.0,8.431,1946400000.0,0.0,25800000.0,231400000.0,34.207,67100000.0
73,GAS,MRQ,1997-12-31,1997-12-31,1997-12-31,2019-04-19,0.0,2050600000.0,,406800000.0,1643800000.0,,27.49,-27700000.0,7900000.0,7900000.0,254000000.0,25700000.0,1.132,0.316,810500000.0,150500000.0,660000000.0,810500000.0,0.0,18400000.0,31600000.0,0.053,0.27,55200000.0,73600000.0,0.184,73600000.0,55200000.0,41100000.0,0.45,0.45,0.45,1558700000.0,,1558700000.0,,,,-57600000.0,-1.016,1.0,145100000.0,0.364,0.0,14100000.0,2493800000.0,,127000000.0,39500000.0,0.0,39500000.0,491900000.0,359400000.0,132500000.0,1160987197.0,3100000.0,-2700000.0,700000.0,121000000.0,-13000000.0,64200000.0,-31200000.0,0.0,-29900000.0,0.0,25700000.0,25700000.0,25700000.0,0.0,0.0,0.064,92700000.0,52400000.0,93700000.0,0.6,0.745,13.971,13.536,1507700000.0,0.0,20.44,0.916,0.915,223900000.0,,399100000.0,399100000.0,0.0,,,,,0.0,0.0,1.0,56799765.0,56700000.0,56800000.0,7.039,2050600000.0,0.0,15400000.0,218900000.0,36.166,47400000.0
74,GAS,MRQ,1997-09-30,1997-09-30,1997-09-30,2019-04-19,0.0,1925500000.0,,290900000.0,1634600000.0,,28.708,-33800000.0,4800000.0,4800000.0,332000000.0,7000000.0,1.195,0.196,689500000.0,29500000.0,660000000.0,689500000.0,0.0,17000000.0,29200000.0,0.057,0.27,27400000.0,44400000.0,0.288,44400000.0,27400000.0,16500000.0,0.15,0.14,0.15,1610500000.0,,1610500000.0,,,,-39200000.0,-0.699,1.0,-177600000.0,-1.15,0.0,10900000.0,2366800000.0,,177500000.0,34500000.0,0.0,34500000.0,315000000.0,243400000.0,71600000.0,,500000.0,-1800000.0,600000.0,70000000.0,-12800000.0,43100000.0,-37200000.0,0.0,-5400000.0,0.0,7000000.0,7000000.0,7000000.0,0.0,0.0,0.045,-204500000.0,26900000.0,62200000.0,1.8,,,13.825,1497500000.0,0.0,18.94,,0.825,81300000.0,,154400000.0,154400000.0,0.0,,,,,0.0,0.0,1.0,,56100000.0,,2.752,1925500000.0,0.0,9500000.0,237300000.0,34.323,47500000.0
75,GAS,MRQ,1997-06-30,1997-06-30,1997-06-30,2019-04-19,0.0,1875000000.0,,269400000.0,1605600000.0,,,-36700000.0,4300000.0,4300000.0,117500000.0,1400000.0,1.203,0.232,618000000.0,33500000.0,584500000.0,618000000.0,0.0,18400000.0,29100000.0,0.052,0.27,15900000.0,34300000.0,0.158,34300000.0,15900000.0,3400000.0,0.03,0.03,0.03,1522000000.0,,1522000000.0,,,,13400000.0,,1.0,99200000.0,0.458,0.0,12500000.0,2264700000.0,,118300000.0,32500000.0,0.0,32500000.0,353000000.0,224000000.0,129000000.0,,-4400000.0,-300000.0,500000.0,-79500000.0,-12800000.0,-17500000.0,-37000000.0,0.0,50100000.0,0.0,1400000.0,1400000.0,1400000.0,0.0,0.0,0.006,84100000.0,15100000.0,65700000.0,9.0,,,,1478600000.0,0.0,20.62,,,124200000.0,,216700000.0,216700000.0,0.0,,,,,0.0,0.0,1.0,,,,,1875000000.0,0.0,2000000.0,213700000.0,,45400000.0
76,GAS,MRQ,1997-03-31,1997-03-31,1997-03-31,2019-04-19,0.0,1891900000.0,,313700000.0,1578200000.0,,,-47900000.0,8700000.0,8700000.0,315700000.0,49000000.0,1.019,0.299,697500000.0,113000000.0,584500000.0,697500000.0,0.0,17500000.0,29900000.0,0.057,0.27,91600000.0,109100000.0,0.22,109100000.0,91600000.0,77900000.0,0.88,0.87,0.88,1456700000.0,,1456700000.0,,,,94900000.0,,1.0,181000000.0,0.364,0.0,13700000.0,2272800000.0,,55400000.0,32500000.0,0.0,32500000.0,435200000.0,307900000.0,127300000.0,,7600000.0,700000.0,300000.0,-75800000.0,-12500000.0,-88000000.0,-47200000.0,0.0,142800000.0,0.0,49000000.0,49000000.0,49000000.0,0.0,0.0,0.099,92000000.0,89000000.0,58600000.0,0.307,,,,1454100000.0,0.0,18.62,,,219400000.0,,496700000.0,496700000.0,0.0,,,,,-300000.0,0.0,1.0,,,,,1891900000.0,0.0,28900000.0,208500000.0,,5800000.0
77,GAS,MRQ,1996-12-31,1996-12-31,1996-12-31,2019-04-19,0.0,1953800000.0,,405200000.0,1548600000.0,,,-28400000.0,1100000.0,1100000.0,231100000.0,29600000.0,1.009,0.377,773300000.0,188800000.0,584500000.0,773300000.0,0.0,17400000.0,29900000.0,0.05,0.27,61500000.0,78900000.0,0.208,78900000.0,61500000.0,47900000.0,0.53,0.53,0.53,1419300000.0,,1419300000.0,,,,-62700000.0,,1.0,148500000.0,0.391,0.0,13600000.0,2324400000.0,,137000000.0,33200000.0,0.0,33200000.0,534500000.0,401600000.0,132900000.0,,-7600000.0,600000.0,300000.0,66800000.0,-12600000.0,54500000.0,-27800000.0,0.0,-34300000.0,0.0,29600000.0,29600000.0,29600000.0,0.0,0.0,0.078,88300000.0,60200000.0,107500000.0,0.509,,,,1427900000.0,0.0,21.12,,,222900000.0,,379600000.0,379600000.0,0.0,,,,,300000.0,0.0,1.0,,,,,1953800000.0,0.0,18300000.0,194000000.0,,3600000.0
0,GAS,MRT,2016-03-31,2016-03-31,2016-03-31,2019-04-19,-213000000.0,14336000000.0,14282750000.0,1537000000.0,12799000000.0,0.249,33.572,-1074000000.0,20000000.0,20000000.0,1455000000.0,361000000.0,0.618,2.556,4300000000.0,1027000000.0,3273000000.0,4300000000.0,0.0,402000000.0,141000000.0,0.032,2.06,724000000.0,1126000000.0,0.317,1126000000.0,724000000.0,548000000.0,2.85,2.84,2.85,4032000000.0,3944500000.0,4032000000.0,12696834931.0,18.0,11.276,28000000.0,0.233,1.0,2099000000.0,0.591,1918000000.0,176000000.0,14209000000.0,14183250000.0,335000000.0,0.0,0.0,0.0,10304000000.0,2489000000.0,7815000000.0,7841834931.0,-21000000.0,0.0,13000000.0,204000000.0,-247000000.0,-42000000.0,-1081000000.0,0.0,1102000000.0,0.0,342000000.0,342000000.0,342000000.0,0.0,19000000.0,0.096,1369000000.0,730000000.0,613000000.0,0.723,1.945,22.929,22.856,9944000000.0,0.0,65.14,2.206,2.201,893000000.0,1539000000.0,3554000000.0,3554000000.0,0.0,0.024,0.087,0.051,0.204,0.0,906000000.0,1.0,120384325.0,120100000.0,120400000.0,29.592,12418000000.0,0.0,206000000.0,1941000000.0,103.397,-952000000.0
1,GAS,MRT,2015-12-31,2015-12-31,2015-12-31,2019-04-19,-186000000.0,14754000000.0,14228500000.0,2115000000.0,12639000000.0,0.277,32.851,-1027000000.0,19000000.0,19000000.0,1826000000.0,373000000.0,0.705,2.743,4830000000.0,1555000000.0,3275000000.0,4830000000.0,0.0,397000000.0,165000000.0,0.032,2.04,739000000.0,1136000000.0,0.288,1136000000.0,739000000.0,566000000.0,2.95,2.94,2.95,3929000000.0,3918000000.0,3929000000.0,12172510189.0,16.0,10.715,354000000.0,2.96,1.0,2115000000.0,0.537,1922000000.0,173000000.0,14643000000.0,14098500000.0,651000000.0,0.0,0.0,0.0,10779000000.0,3000000000.0,7779000000.0,7672510189.0,-12000000.0,0.0,13000000.0,-117000000.0,-244000000.0,-366000000.0,-1027000000.0,0.0,1381000000.0,0.0,353000000.0,353000000.0,353000000.0,0.0,20000000.0,0.09,1369000000.0,746000000.0,673000000.0,0.692,1.953,21.735,21.631,9791000000.0,0.0,63.81,1.947,1.936,932000000.0,1421000000.0,3941000000.0,3941000000.0,0.0,0.025,0.09,0.052,0.188,0.0,914000000.0,1.0,120239934.0,119600000.0,119900000.0,32.952,12832000000.0,0.0,213000000.0,1943000000.0,107.291,-885000000.0
2,GAS,MRT,2015-09-30,2015-09-30,2015-09-30,2019-04-19,-195000000.0,14206000000.0,14262000000.0,1776000000.0,12430000000.0,0.31,32.349,-971000000.0,19000000.0,19000000.0,2258000000.0,413000000.0,0.634,2.661,4519000000.0,1369000000.0,3150000000.0,4519000000.0,0.0,392000000.0,150000000.0,0.033,2.02,812000000.0,1204000000.0,0.272,1204000000.0,812000000.0,640000000.0,3.31,3.3,3.31,3869000000.0,3881750000.0,3869000000.0,11384157847.0,14.0,9.455,220000000.0,1.839,1.0,2166000000.0,0.49,1926000000.0,172000000.0,13978000000.0,14120250000.0,659000000.0,151000000.0,151000000.0,0.0,10296000000.0,2802000000.0,7494000000.0,7330157847.0,-13000000.0,5000000.0,22000000.0,5000000.0,-241000000.0,-242000000.0,-962000000.0,0.0,1191000000.0,0.0,394000000.0,394000000.0,394000000.0,-80000000.0,19000000.0,0.089,1350000000.0,816000000.0,776000000.0,0.61,1.895,18.604,18.441,9581000000.0,0.0,61.04,1.657,1.65,780000000.0,1375000000.0,4424000000.0,4424000000.0,0.0,0.028,0.102,0.058,0.184,0.0,908000000.0,1.0,120087776.0,119600000.0,120000000.0,36.99,12280000000.0,0.0,246000000.0,1767000000.0,102.676,-1026000000.0
3,GAS,MRT,2015-06-30,2015-06-30,2015-06-30,2019-04-19,-169000000.0,13835000000.0,14193500000.0,1572000000.0,12263000000.0,0.312,33.038,-889000000.0,25000000.0,25000000.0,2312000000.0,393000000.0,0.768,2.494,4079000000.0,627000000.0,3452000000.0,4079000000.0,0.0,387000000.0,115000000.0,0.043,2.0,802000000.0,1189000000.0,0.268,1189000000.0,802000000.0,628000000.0,3.16,3.15,3.16,3948000000.0,3854500000.0,3948000000.0,9720155488.0,12.0,8.175,76000000.0,0.636,1.0,2117000000.0,0.478,1939000000.0,174000000.0,13903000000.0,14123500000.0,421000000.0,158000000.0,158000000.0,0.0,9846000000.0,2047000000.0,7799000000.0,5584155488.0,-112000000.0,230000000.0,22000000.0,-189000000.0,-238000000.0,-425000000.0,-652000000.0,-41000000.0,965000000.0,0.0,375000000.0,375000000.0,375000000.0,-49000000.0,18000000.0,0.085,1282000000.0,835000000.0,727000000.0,0.633,1.414,14.891,14.734,9379000000.0,0.0,46.56,1.261,1.256,829000000.0,1425000000.0,4429000000.0,4429000000.0,0.0,0.026,0.097,0.057,0.181,0.0,897000000.0,1.0,119934611.0,119500000.0,119800000.0,37.063,11896000000.0,0.0,253000000.0,1780000000.0,99.548,-475000000.0
4,GAS,MRT,2015-03-31,2015-03-31,2015-03-31,2019-04-19,-201000000.0,14119000000.0,14274500000.0,2079000000.0,12040000000.0,0.325,32.909,-796000000.0,41000000.0,41000000.0,2496000000.0,409000000.0,0.877,2.587,4106000000.0,601000000.0,3505000000.0,4106000000.0,0.0,384000000.0,109000000.0,0.04,1.98,833000000.0,1217000000.0,0.262,1217000000.0,833000000.0,656000000.0,3.3,3.29,3.3,3926000000.0,3822000000.0,3926000000.0,10974966922.0,13.0,9.018,126000000.0,1.056,1.0,2148000000.0,0.463,1943000000.0,177000000.0,13870000000.0,14088500000.0,302000000.0,0.0,0.0,0.0,10155000000.0,2371000000.0,7784000000.0,5940966922.0,-252000000.0,230000000.0,22000000.0,-415000000.0,-236000000.0,-649000000.0,-525000000.0,0.0,922000000.0,0.0,391000000.0,391000000.0,391000000.0,-50000000.0,18000000.0,0.084,1281000000.0,867000000.0,871000000.0,0.6,1.513,15.194,15.045,9174000000.0,0.0,49.65,1.279,1.275,1397000000.0,1444000000.0,4644000000.0,4644000000.0,0.0,0.027,0.102,0.059,0.179,0.0,899000000.0,1.0,119656937.0,119300000.0,119600000.0,38.927,12176000000.0,0.0,265000000.0,1738000000.0,102.062,-292000000.0
5,GAS,MRT,2014-12-31,2014-12-31,2014-12-31,2019-04-19,-206000000.0,14888000000.0,14560750000.0,2886000000.0,12002000000.0,0.37,31.852,-769000000.0,31000000.0,31000000.0,2973000000.0,500000000.0,0.897,2.923,5044000000.0,1463000000.0,3581000000.0,5044000000.0,0.0,380000000.0,125000000.0,0.036,1.96,1011000000.0,1391000000.0,0.258,1391000000.0,1011000000.0,832000000.0,4.06,4.04,4.06,3784000000.0,3791250000.0,3784000000.0,11016924176.0,11.0,7.92,-114000000.0,-0.96,1.0,2412000000.0,0.448,1952000000.0,179000000.0,14730000000.0,14098250000.0,716000000.0,400000000.0,253000000.0,147000000.0,11060000000.0,3219000000.0,7841000000.0,6517924175.0,-74000000.0,230000000.0,22000000.0,4000000.0,-233000000.0,-224000000.0,-505000000.0,0.0,655000000.0,0.0,482000000.0,482000000.0,482000000.0,0.0,18000000.0,0.09,1317000000.0,1095000000.0,1089000000.0,0.483,1.722,13.523,13.426,9090000000.0,0.0,54.51,1.21,1.203,1541000000.0,1312000000.0,5385000000.0,5385000000.0,0.0,0.033,0.127,0.072,0.188,0.0,939000000.0,1.0,119572999.0,118800000.0,119200000.0,45.328,12936000000.0,0.0,350000000.0,1805000000.0,108.889,-333000000.0
6,GAS,MRT,2014-09-30,2014-09-30,2014-09-30,2019-04-19,-133000000.0,13932000000.0,14476250000.0,2089000000.0,11843000000.0,0.356,31.597,-748000000.0,32000000.0,32000000.0,2871000000.0,432000000.0,0.848,2.694,4510000000.0,926000000.0,3584000000.0,4510000000.0,0.0,369000000.0,122000000.0,0.038,1.94,884000000.0,1253000000.0,0.243,1253000000.0,884000000.0,705000000.0,3.46,3.45,3.46,3760000000.0,3737250000.0,3760000000.0,10329028192.0,12.0,8.243,27000000.0,0.227,1.0,2287000000.0,0.443,1957000000.0,179000000.0,13991000000.0,14025250000.0,796000000.0,102000000.0,102000000.0,0.0,10130000000.0,2462000000.0,7668000000.0,6134028192.0,-99000000.0,225000000.0,33000000.0,-151000000.0,-231000000.0,-375000000.0,-499000000.0,0.0,775000000.0,0.0,411000000.0,411000000.0,411000000.0,31000000.0,21000000.0,0.08,1312000000.0,975000000.0,910000000.0,0.561,1.631,14.925,14.838,8925000000.0,0.0,51.34,1.189,1.184,916000000.0,1222000000.0,5158000000.0,5158000000.0,0.0,0.028,0.11,0.063,0.171,0.0,946000000.0,1.0,119478539.0,119000000.0,119400000.0,43.345,11975000000.0,0.0,294000000.0,1655000000.0,100.63,-373000000.0
7,GAS,MRT,2014-06-30,2014-06-30,2014-06-30,2019-04-19,-133000000.0,14159000000.0,14445750000.0,2380000000.0,11779000000.0,0.356,32.138,-748000000.0,122000000.0,122000000.0,2844000000.0,465000000.0,0.917,2.697,4283000000.0,698000000.0,3585000000.0,4283000000.0,0.0,380000000.0,107000000.0,0.035,1.92,912000000.0,1292000000.0,0.251,1292000000.0,912000000.0,740000000.0,3.73,3.72,3.73,3818000000.0,3664250000.0,3818000000.0,10902760751.0,12.0,8.439,237000000.0,1.995,1.0,2299000000.0,0.447,1962000000.0,172000000.0,13763000000.0,14032000000.0,460000000.0,105000000.0,105000000.0,0.0,10299000000.0,2595000000.0,7704000000.0,6562760751.0,-47000000.0,-32000000.0,33000000.0,-72000000.0,-228000000.0,-269000000.0,-763000000.0,26000000.0,985000000.0,0.0,444000000.0,444000000.0,444000000.0,-1000000.0,21000000.0,0.086,1332000000.0,967000000.0,1043000000.0,0.515,1.719,14.781,14.753,8788000000.0,0.0,55.03,1.276,1.271,1146000000.0,1288000000.0,5143000000.0,5143000000.0,0.0,0.031,0.121,0.065,0.177,0.0,952000000.0,1.0,119257873.0,118800000.0,119200000.0,43.291,12197000000.0,0.0,296000000.0,1675000000.0,102.668,-215000000.0
8,GAS,MRT,2014-03-31,2014-03-31,2014-03-31,2019-04-19,-135000000.0,15264000000.0,14333000000.0,3589000000.0,11675000000.0,0.353,32.093,-745000000.0,267000000.0,267000000.0,2796000000.0,449000000.0,0.956,3.003,4633000000.0,1004000000.0,3629000000.0,4633000000.0,0.0,388000000.0,104000000.0,0.039,1.9,889000000.0,1277000000.0,0.252,1277000000.0,889000000.0,718000000.0,3.61,3.6,3.61,3803000000.0,3581250000.0,3803000000.0,10780436485.0,12.0,8.442,229000000.0,1.932,1.0,2263000000.0,0.447,1967000000.0,171000000.0,13909000000.0,13992750000.0,253000000.0,187000000.0,176000000.0,11000000.0,11421000000.0,3754000000.0,7667000000.0,5821436485.0,144000000.0,-20000000.0,33000000.0,142000000.0,-225000000.0,-46000000.0,-784000000.0,0.0,974000000.0,0.0,429000000.0,429000000.0,429000000.0,1000000.0,20000000.0,0.085,1322000000.0,941000000.0,1553000000.0,0.526,1.531,13.57,13.562,8687000000.0,0.0,48.96,1.151,1.147,2252000000.0,1289000000.0,5059000000.0,5059000000.0,0.0,0.03,0.12,0.064,0.176,0.0,945000000.0,1.0,118901889.0,118500000.0,118900000.0,42.692,13297000000.0,0.0,289000000.0,1655000000.0,112.211,-165000000.0
9,GAS,MRT,2013-12-31,2013-12-31,2013-12-31,2019-04-19,-136000000.0,14550000000.0,13982500000.0,2895000000.0,11655000000.0,0.301,30.263,-731000000.0,81000000.0,81000000.0,2297000000.0,313000000.0,0.928,3.065,5059000000.0,1246000000.0,3813000000.0,5059000000.0,0.0,397000000.0,136000000.0,0.04,1.88,642000000.0,1039000000.0,0.247,1039000000.0,642000000.0,472000000.0,2.5,2.49,2.5,3568000000.0,3500000000.0,3568000000.0,10171385106.0,16.0,9.79,240000000.0,2.036,1.0,1912000000.0,0.454,1972000000.0,170000000.0,14438000000.0,13808000000.0,658000000.0,281000000.0,148000000.0,133000000.0,10937000000.0,3118000000.0,7819000000.0,5610385106.0,-26000000.0,-142000000.0,33000000.0,63000000.0,-222000000.0,-121000000.0,-876000000.0,0.0,971000000.0,0.0,295000000.0,295000000.0,295000000.0,0.0,18000000.0,0.07,1273000000.0,639000000.0,1092000000.0,0.752,1.572,19.018,18.892,8643000000.0,0.0,47.23,1.333,1.323,1493000000.0,1063000000.0,4209000000.0,4209000000.0,0.0,0.021,0.084,0.046,0.153,0.0,887000000.0,1.0,118788590.0,117900000.0,118300000.0,35.7,12578000000.0,0.0,177000000.0,1713000000.0,106.684,-223000000.0
10,GAS,MRT,2013-09-30,2013-09-30,2013-09-30,2019-04-19,-208000000.0,13810000000.0,13862500000.0,2252000000.0,11558000000.0,0.278,29.34,-732000000.0,97000000.0,97000000.0,2031000000.0,321000000.0,0.936,2.971,4686000000.0,870000000.0,3816000000.0,4686000000.0,0.0,393000000.0,140000000.0,0.041,1.87,665000000.0,1058000000.0,0.275,1058000000.0,665000000.0,493000000.0,2.6,2.58,2.6,3468000000.0,3450250000.0,3468000000.0,9653800807.0,15.0,9.125,309000000.0,2.614,1.0,1818000000.0,0.472,1974000000.0,172000000.0,14018000000.0,13635500000.0,788000000.0,138000000.0,138000000.0,0.0,10304000000.0,2407000000.0,7897000000.0,5458800807.0,40000000.0,-142000000.0,21000000.0,53000000.0,-219000000.0,-131000000.0,-870000000.0,0.0,1041000000.0,0.0,305000000.0,305000000.0,305000000.0,-1000000.0,16000000.0,0.079,1162000000.0,656000000.0,834000000.0,0.719,1.574,17.898,17.704,8480000000.0,0.0,46.03,1.418,1.414,778000000.0,1042000000.0,3849000000.0,3849000000.0,0.0,0.022,0.088,0.049,0.173,0.0,775000000.0,1.0,118592240.0,118200000.0,118500000.0,32.563,11836000000.0,0.0,188000000.0,1551000000.0,100.135,-155000000.0
11,GAS,MRT,2013-06-30,2013-06-30,2013-06-30,2019-04-19,-209000000.0,13708000000.0,13785750000.0,2231000000.0,11477000000.0,0.282,29.593,-740000000.0,153000000.0,153000000.0,2072000000.0,305000000.0,0.95,2.928,4379000000.0,554000000.0,3825000000.0,4379000000.0,0.0,393000000.0,114000000.0,0.043,1.86,647000000.0,1040000000.0,0.267,1040000000.0,647000000.0,467000000.0,2.47,2.45,2.47,3486000000.0,3428500000.0,3486000000.0,9358224288.0,14.0,8.998,334000000.0,2.835,1.0,1817000000.0,0.467,1980000000.0,180000000.0,13606000000.0,13476250000.0,522000000.0,171000000.0,154000000.0,17000000.0,10206000000.0,2348000000.0,7858000000.0,5065224288.0,97000000.0,-110000000.0,21000000.0,43000000.0,-218000000.0,-136000000.0,-841000000.0,15000000.0,1074000000.0,0.0,289000000.0,289000000.0,289000000.0,0.0,16000000.0,0.074,1177000000.0,640000000.0,964000000.0,0.753,1.453,17.527,17.352,8359000000.0,0.0,42.86,1.302,1.298,970000000.0,1072000000.0,3889000000.0,3889000000.0,0.0,0.021,0.084,0.048,0.166,0.0,788000000.0,1.0,118180688.0,117800000.0,118200000.0,33.014,11728000000.0,0.0,178000000.0,1534000000.0,99.559,-117000000.0
12,GAS,MRT,2013-03-31,2013-03-31,2013-03-31,2019-04-19,-211000000.0,13862000000.0,13666000000.0,2530000000.0,11332000000.0,0.276,29.625,-751000000.0,122000000.0,122000000.0,1948000000.0,296000000.0,0.827,2.981,4442000000.0,1114000000.0,3328000000.0,4442000000.0,0.0,392000000.0,115000000.0,0.044,1.85,629000000.0,1021000000.0,0.271,1021000000.0,629000000.0,448000000.0,2.38,2.36,2.38,3478000000.0,3410000000.0,3478000000.0,9782918504.0,16.0,9.582,267000000.0,2.274,1.0,1822000000.0,0.483,1953000000.0,181000000.0,13170000000.0,13357500000.0,384000000.0,152000000.0,141000000.0,11000000.0,10369000000.0,3059000000.0,7310000000.0,4944918504.0,78000000.0,-122000000.0,21000000.0,123000000.0,-216000000.0,-73000000.0,-867000000.0,0.0,1018000000.0,0.0,280000000.0,280000000.0,280000000.0,-1000000.0,16000000.0,0.074,1204000000.0,618000000.0,959000000.0,0.777,1.422,17.66,17.626,8269000000.0,0.0,41.95,1.312,1.306,1427000000.0,1085000000.0,3770000000.0,3770000000.0,0.0,0.02,0.082,0.047,0.167,0.0,802000000.0,1.0,117876484.0,117400000.0,117700000.0,32.112,11909000000.0,0.0,168000000.0,1539000000.0,101.44,-529000000.0
13,GAS,MRT,2012-12-31,2012-12-31,2012-12-31,2019-04-19,-218000000.0,14070000000.0,13510250000.0,2836000000.0,11234000000.0,0.264,28.795,-775000000.0,108000000.0,108000000.0,1742000000.0,275000000.0,0.85,3.17,4969000000.0,1636000000.0,3333000000.0,4969000000.0,0.0,394000000.0,143000000.0,0.044,1.741,600000000.0,994000000.0,0.279,994000000.0,600000000.0,417000000.0,2.22,2.21,2.22,3369000000.0,3393000000.0,3369000000.0,9262754814.0,15.0,9.319,228000000.0,1.949,1.0,1820000000.0,0.511,1847000000.0,183000000.0,13748000000.0,13393250000.0,699000000.0,328000000.0,186000000.0,142000000.0,10679000000.0,3336000000.0,7343000000.0,4707754814.0,62000000.0,0.0,21000000.0,41000000.0,-203000000.0,-155000000.0,-786000000.0,0.0,1003000000.0,0.0,260000000.0,260000000.0,260000000.0,0.0,15000000.0,0.073,1230000000.0,590000000.0,936000000.0,0.784,1.397,18.107,18.005,8205000000.0,0.0,39.97,1.322,1.313,1301000000.0,990000000.0,3562000000.0,3562000000.0,0.0,0.019,0.077,0.045,0.168,0.0,816000000.0,1.0,117782207.0,117000000.0,117500000.0,30.444,12223000000.0,0.0,157000000.0,1612000000.0,104.47,-500000000.0
14,GAS,MRT,2012-09-30,2012-09-30,2012-09-30,2019-04-19,-203000000.0,13503000000.0,13471000000.0,2135000000.0,11368000000.0,0.257,28.873,-704000000.0,91000000.0,91000000.0,1702000000.0,213000000.0,0.772,2.989,4646000000.0,1311000000.0,3335000000.0,4646000000.0,0.0,366000000.0,159000000.0,0.045,1.83,520000000.0,886000000.0,0.256,886000000.0,520000000.0,341000000.0,1.74,1.73,1.74,3381000000.0,3380250000.0,3381000000.0,9016579519.0,17.0,10.177,219000000.0,1.87,1.0,1759000000.0,0.508,1913000000.0,179000000.0,13381000000.0,13419000000.0,778000000.0,219000000.0,204000000.0,15000000.0,10105000000.0,2764000000.0,7341000000.0,4807579519.0,-74000000.0,-928000000.0,19000000.0,810000000.0,-193000000.0,627000000.0,-1624000000.0,0.0,923000000.0,0.0,199000000.0,199000000.0,199000000.0,0.0,14000000.0,0.057,1247000000.0,512000000.0,736000000.0,1.052,1.422,24.159,23.511,8212000000.0,0.0,40.91,1.389,1.384,671000000.0,990000000.0,3461000000.0,3461000000.0,0.0,0.015,0.059,0.039,0.15,0.0,821000000.0,1.0,117515999.0,117100000.0,117500000.0,29.556,11590000000.0,0.0,142000000.0,1555000000.0,98.975,-629000000.0
15,GAS,MRT,2012-06-30,2012-06-30,2012-06-30,2019-04-19,-207000000.0,13229000000.0,11960000000.0,1880000000.0,11349000000.0,0.263,29.187,-581000000.0,87000000.0,87000000.0,1583000000.0,200000000.0,0.764,2.872,4362000000.0,1020000000.0,3342000000.0,4362000000.0,0.0,305000000.0,139000000.0,0.047,1.82,486000000.0,791000000.0,0.252,791000000.0,486000000.0,321000000.0,1.62,1.61,1.62,3412000000.0,3001000000.0,3412000000.0,8762776915.0,18.0,11.078,300000000.0,2.566,1.0,1559000000.0,0.496,1913000000.0,165000000.0,13131000000.0,12198500000.0,549000000.0,287000000.0,242000000.0,45000000.0,9800000000.0,2460000000.0,7340000000.0,4545776915.0,66000000.0,-928000000.0,19000000.0,884000000.0,-176000000.0,686000000.0,-1501000000.0,0.0,881000000.0,0.0,187000000.0,187000000.0,187000000.0,0.0,13000000.0,0.06,1077000000.0,482000000.0,631000000.0,1.123,1.332,24.309,23.92,8087000000.0,0.0,38.75,1.447,1.442,657000000.0,1035000000.0,3142000000.0,3142000000.0,0.0,0.016,0.062,0.04,0.155,0.0,712000000.0,1.0,117310372.0,116900000.0,117200000.0,26.878,11316000000.0,0.0,134000000.0,1509000000.0,96.801,-580000000.0
16,GAS,MRT,2012-03-31,2012-03-31,2012-03-31,2019-04-19,-218000000.0,13239000000.0,10457000000.0,2022000000.0,11217000000.0,0.271,29.22,-504000000.0,71000000.0,71000000.0,1457000000.0,184000000.0,0.861,2.878,4408000000.0,840000000.0,3568000000.0,4408000000.0,0.0,245000000.0,130000000.0,0.046,1.81,448000000.0,693000000.0,0.245,693000000.0,448000000.0,296000000.0,1.57,1.56,1.57,3410000000.0,2622000000.0,3410000000.0,9433648744.0,21.0,13.613,64000000.0,0.548,1.0,1374000000.0,0.485,1915000000.0,152000000.0,13313000000.0,10840000000.0,464000000.0,323000000.0,275000000.0,48000000.0,9813000000.0,2348000000.0,7465000000.0,4592648744.0,-14000000.0,-928000000.0,19000000.0,1001000000.0,-156000000.0,838000000.0,-1420000000.0,0.0,568000000.0,0.0,171000000.0,171000000.0,171000000.0,0.0,13000000.0,0.06,923000000.0,451000000.0,630000000.0,1.153,1.347,26.858,24.981,7973000000.0,0.0,39.22,1.622,1.617,944000000.0,1055000000.0,2831000000.0,2831000000.0,0.0,0.016,0.065,0.041,0.158,0.0,613000000.0,1.0,117099662.0,116700000.0,117000000.0,24.259,11324000000.0,0.0,125000000.0,1447000000.0,97.035,-326000000.0
17,GAS,MRT,2011-12-31,2011-12-31,2011-12-31,2019-04-19,-217000000.0,13913000000.0,8903750000.0,2746000000.0,11167000000.0,0.259,41.269,-427000000.0,69000000.0,69000000.0,1142000000.0,179000000.0,0.89,3.187,5009000000.0,1437000000.0,3572000000.0,5009000000.0,0.0,182000000.0,152000000.0,0.045,1.899,420000000.0,602000000.0,0.261,602000000.0,420000000.0,286000000.0,2.05,2.04,2.05,3318000000.0,2245250000.0,3318000000.0,5858686081.0,14.0,9.732,24000000.0,0.299,1.0,1163000000.0,0.505,1918000000.0,134000000.0,13851000000.0,9363750000.0,750000000.0,469000000.0,279000000.0,190000000.0,10574000000.0,3084000000.0,7490000000.0,3319686081.0,45000000.0,-928000000.0,19000000.0,1080000000.0,-148000000.0,933000000.0,-1339000000.0,0.0,451000000.0,0.0,165000000.0,165000000.0,165000000.0,0.0,14000000.0,0.072,736000000.0,427000000.0,884000000.0,0.926,1.001,20.119,20.615,7900000000.0,0.0,42.26,1.44,1.474,1284000000.0,967000000.0,2305000000.0,2305000000.0,0.0,0.019,0.073,0.045,0.182,0.0,497000000.0,1.0,78553859.0,80400000.0,80900000.0,28.669,11995000000.0,0.0,121000000.0,1494000000.0,149.192,-338000000.0
18,GAS,MRT,2011-09-30,2011-09-30,2011-09-30,2019-04-19,-151000000.0,7459000000.0,7305500000.0,1801000000.0,5658000000.0,0.303,23.867,-432000000.0,165000000.0,165000000.0,1079000000.0,219000000.0,1.58,2.992,2763000000.0,62000000.0,2701000000.0,2763000000.0,0.0,167000000.0,39000000.0,0.044,1.79,445000000.0,612000000.0,0.277,612000000.0,445000000.0,325000000.0,2.61,2.59,2.61,1864000000.0,1869000000.0,1864000000.0,5493525217.0,12.0,8.976,100000000.0,1.28,1.0,1134000000.0,0.512,418000000.0,120000000.0,8499000000.0,7738750000.0,635000000.0,168000000.0,132000000.0,36000000.0,5578000000.0,1140000000.0,4438000000.0,3196525217.0,151000000.0,73000000.0,2000000.0,360000000.0,-142000000.0,52000000.0,-433000000.0,0.0,532000000.0,0.0,203000000.0,203000000.0,203000000.0,0.0,16000000.0,0.092,675000000.0,459000000.0,710000000.0,0.686,1.715,15.746,15.609,4635000000.0,0.0,40.74,1.444,1.438,639000000.0,977000000.0,2213000000.0,2213000000.0,0.0,0.028,0.109,0.058,0.201,0.0,487000000.0,1.0,78461591.0,78100000.0,78100000.0,28.335,7041000000.0,0.0,122000000.0,895000000.0,90.154,661000000.0
19,GAS,MRT,2011-06-30,2011-06-30,2011-06-30,2019-04-19,0.0,7217000000.0,7159750000.0,1603000000.0,5614000000.0,0.316,24.339,-457000000.0,21000000.0,21000000.0,1086000000.0,244000000.0,1.146,2.797,2318000000.0,154000000.0,2164000000.0,2318000000.0,0.0,164000000.0,39000000.0,0.044,1.78,481000000.0,645000000.0,0.285,645000000.0,481000000.0,365000000.0,2.94,2.92,2.94,1896000000.0,1852500000.0,1896000000.0,5299903454.0,11.0,8.217,14000000.0,0.18,1.0,1178000000.0,0.52,418000000.0,116000000.0,7697000000.0,7330750000.0,544000000.0,0.0,0.0,0.0,5303000000.0,1399000000.0,3904000000.0,3185903454.0,5000000.0,73000000.0,2000000.0,226000000.0,-138000000.0,-79000000.0,-387000000.0,0.0,471000000.0,0.0,228000000.0,228000000.0,228000000.0,0.0,16000000.0,0.101,681000000.0,497000000.0,811000000.0,0.605,1.68,13.973,13.847,4587000000.0,0.0,40.71,1.407,1.401,773000000.0,,2264000000.0,2264000000.0,0.0,0.032,0.123,0.066,0.212,0.0,498000000.0,1.0,78258498.0,77900000.0,78500000.0,29.063,6799000000.0,0.0,137000000.0,853000000.0,87.279,204000000.0
20,GAS,MRT,2011-03-31,2011-03-31,2011-03-31,2019-04-19,0.0,7026000000.0,7052000000.0,1587000000.0,5439000000.0,0.319,24.492,-490000000.0,85000000.0,85000000.0,1093000000.0,239000000.0,1.209,2.683,2198000000.0,25000000.0,2173000000.0,2198000000.0,0.0,161000000.0,0.0,0.044,1.77,468000000.0,629000000.0,0.28,629000000.0,468000000.0,358000000.0,2.88,2.86,2.88,1903000000.0,1831000000.0,1903000000.0,5788502351.0,12.0,9.203,81000000.0,1.042,1.0,1155000000.0,0.514,418000000.0,110000000.0,7408000000.0,7090750000.0,361000000.0,0.0,0.0,0.0,5106000000.0,1313000000.0,3793000000.0,3107502351.0,66000000.0,73000000.0,5000000.0,227000000.0,-137000000.0,-86000000.0,-419000000.0,0.0,571000000.0,0.0,224000000.0,224000000.0,224000000.0,0.0,15000000.0,0.1,670000000.0,485000000.0,782000000.0,0.615,1.633,13.873,13.833,4518000000.0,0.0,39.84,1.382,1.377,911000000.0,,2248000000.0,2248000000.0,0.0,0.032,0.122,0.066,0.208,0.0,498000000.0,1.0,77999557.0,77700000.0,78000000.0,28.932,6608000000.0,0.0,134000000.0,803000000.0,85.045,274000000.0
21,GAS,MRT,2010-12-31,2010-12-31,2010-12-31,2019-04-19,-150000000.0,7520000000.0,7003000000.0,2166000000.0,5354000000.0,0.339,23.424,-510000000.0,24000000.0,24000000.0,1210000000.0,250000000.0,0.891,3.135,2708000000.0,1033000000.0,1675000000.0,2708000000.0,0.0,160000000.0,52000000.0,0.049,1.76,483000000.0,643000000.0,0.271,643000000.0,483000000.0,374000000.0,3.02,3.0,3.02,1813000000.0,1813750000.0,1813000000.0,5272793762.0,11.0,8.2,16000000.0,0.207,1.0,1163000000.0,0.49,421000000.0,109000000.0,7351000000.0,6922000000.0,639000000.0,57000000.0,0.0,57000000.0,5684000000.0,2432000000.0,3252000000.0,2797793762.0,-2000000.0,73000000.0,8000000.0,291000000.0,-136000000.0,-86000000.0,-442000000.0,0.0,526000000.0,0.0,234000000.0,234000000.0,234000000.0,0.0,16000000.0,0.099,663000000.0,500000000.0,922000000.0,0.583,1.543,11.956,11.871,4405000000.0,0.0,35.85,1.179,1.169,1162000000.0,943000000.0,2373000000.0,2373000000.0,0.0,0.033,0.129,0.07,0.204,0.0,497000000.0,1.0,78041667.0,77400000.0,77800000.0,30.659,7099000000.0,0.0,140000000.0,816000000.0,91.718,-266000000.0
22,GAS,MRT,2010-09-30,2010-09-30,2010-09-30,2019-04-19,0.0,6876000000.0,6891500000.0,1628000000.0,5248000000.0,0.34,23.2,-532000000.0,14000000.0,14000000.0,1180000000.0,261000000.0,0.789,2.815,2487000000.0,975000000.0,1512000000.0,2487000000.0,0.0,159000000.0,0.0,0.046,1.75,494000000.0,653000000.0,0.278,653000000.0,494000000.0,387000000.0,3.12,3.1,3.12,1798000000.0,1805500000.0,1798000000.0,5220422381.0,11.0,7.995,-72000000.0,-0.929,1.0,1166000000.0,0.497,418000000.0,107000000.0,6867000000.0,6942750000.0,668000000.0,0.0,0.0,0.0,5062000000.0,2064000000.0,2998000000.0,2989422381.0,-7000000.0,0.0,9000000.0,202000000.0,-130000000.0,-4000000.0,-463000000.0,0.0,460000000.0,0.0,241000000.0,241000000.0,241000000.0,0.0,20000000.0,0.103,655000000.0,511000000.0,642000000.0,0.561,1.663,12.404,12.295,4293000000.0,0.0,38.36,1.274,1.267,560000000.0,,2346000000.0,2346000000.0,0.0,0.035,0.133,0.071,0.211,0.0,496000000.0,1.0,77930719.0,77500000.0,77900000.0,30.271,6458000000.0,0.0,146000000.0,727000000.0,83.329,-436000000.0
23,GAS,MRT,2010-06-30,2010-06-30,2010-06-30,2019-04-19,0.0,6786000000.0,6718250000.0,1525000000.0,5261000000.0,0.343,23.385,-518000000.0,16000000.0,16000000.0,1159000000.0,252000000.0,0.819,2.74,2247000000.0,694000000.0,1553000000.0,2247000000.0,0.0,159000000.0,0.0,0.049,1.74,477000000.0,636000000.0,0.276,636000000.0,477000000.0,371000000.0,2.99,2.97,2.99,1810000000.0,1785750000.0,1810000000.0,4897568839.0,10.0,7.701,58000000.0,0.749,1.0,1148000000.0,0.498,418000000.0,106000000.0,6737000000.0,6972250000.0,560000000.0,0.0,0.0,0.0,4959000000.0,1862000000.0,3097000000.0,2788568839.0,4000000.0,0.0,6000000.0,152000000.0,-125000000.0,-52000000.0,-520000000.0,0.0,576000000.0,0.0,231000000.0,231000000.0,231000000.0,0.0,21000000.0,0.1,656000000.0,492000000.0,720000000.0,0.582,1.541,12.072,11.98,4301000000.0,0.0,35.82,1.209,1.202,660000000.0,,2307000000.0,2307000000.0,0.0,0.034,0.129,0.068,0.207,0.0,497000000.0,1.0,77849493.0,77400000.0,77800000.0,29.806,6368000000.0,0.0,140000000.0,729000000.0,82.274,-337000000.0
24,GAS,MRT,2010-03-31,2010-03-31,2010-03-31,2019-04-19,0.0,6830000000.0,6551750000.0,1654000000.0,5176000000.0,0.355,23.756,-493000000.0,19000000.0,19000000.0,1170000000.0,259000000.0,0.925,2.715,2128000000.0,454000000.0,1674000000.0,2128000000.0,0.0,159000000.0,0.0,0.045,1.73,486000000.0,645000000.0,0.277,645000000.0,486000000.0,382000000.0,3.08,3.06,3.08,1834000000.0,1766250000.0,1834000000.0,5547068682.0,11.0,8.6,161000000.0,2.085,1.0,1155000000.0,0.497,418000000.0,104000000.0,6733000000.0,6913500000.0,370000000.0,0.0,0.0,0.0,4979000000.0,1788000000.0,3191000000.0,2997068682.0,-2000000.0,0.0,10000000.0,48000000.0,-128000000.0,-160000000.0,-496000000.0,0.0,654000000.0,0.0,237000000.0,237000000.0,237000000.0,0.0,22000000.0,0.102,656000000.0,499000000.0,776000000.0,0.562,1.634,12.646,12.549,4211000000.0,0.0,38.65,1.289,1.283,959000000.0,,2325000000.0,2325000000.0,0.0,0.036,0.134,0.07,0.209,0.0,497000000.0,1.0,77543821.0,77200000.0,77600000.0,30.117,6412000000.0,0.0,145000000.0,711000000.0,83.057,-134000000.0
25,GAS,MRT,2009-12-31,2009-12-31,2009-12-31,2019-04-19,0.0,7074000000.0,6383500000.0,2000000000.0,5074000000.0,0.363,23.177,-476000000.0,26000000.0,26000000.0,1186000000.0,249000000.0,1.129,2.952,2576000000.0,602000000.0,1974000000.0,2576000000.0,0.0,158000000.0,41000000.0,0.047,1.72,458000000.0,616000000.0,0.266,616000000.0,458000000.0,357000000.0,2.89,2.88,2.89,1780000000.0,1741250000.0,1780000000.0,5086731756.0,11.0,8.258,116000000.0,1.51,1.0,1131000000.0,0.488,418000000.0,101000000.0,7434000000.0,6842250000.0,672000000.0,0.0,0.0,0.0,5255000000.0,1772000000.0,3483000000.0,2822731756.0,10000000.0,0.0,8000000.0,33000000.0,-127000000.0,-106000000.0,-476000000.0,0.0,592000000.0,0.0,222000000.0,222000000.0,222000000.0,0.0,27000000.0,0.096,655000000.0,476000000.0,720000000.0,0.595,1.586,12.715,12.619,4146000000.0,0.0,36.47,1.218,1.209,963000000.0,,2317000000.0,2317000000.0,0.0,0.035,0.127,0.067,0.198,0.0,497000000.0,1.0,77398732.0,76800000.0,77100000.0,30.169,6656000000.0,0.0,135000000.0,730000000.0,86.667,228000000.0
26,GAS,MRT,2009-09-30,2009-09-30,2009-09-30,2019-04-19,0.0,6183000000.0,6292500000.0,1318000000.0,4865000000.0,0.395,22.354,-432000000.0,21000000.0,21000000.0,1346000000.0,250000000.0,1.262,2.581,2285000000.0,310000000.0,1975000000.0,2285000000.0,0.0,158000000.0,0.0,0.048,1.71,468000000.0,626000000.0,0.252,626000000.0,468000000.0,363000000.0,2.95,2.94,2.95,1719000000.0,1709250000.0,1719000000.0,4806628284.0,10.0,7.678,309000000.0,4.018,1.0,1138000000.0,0.458,418000000.0,105000000.0,6985000000.0,6692250000.0,651000000.0,0.0,0.0,0.0,4436000000.0,1044000000.0,3392000000.0,2725628284.0,10000000.0,0.0,6000000.0,1000000.0,-127000000.0,-299000000.0,-432000000.0,0.0,741000000.0,0.0,225000000.0,225000000.0,225000000.0,0.0,25000000.0,0.091,652000000.0,486000000.0,374000000.0,0.58,1.586,12.114,11.956,4030000000.0,0.0,35.27,1.097,1.092,345000000.0,,2484000000.0,2484000000.0,0.0,0.036,0.132,0.07,0.188,0.0,494000000.0,1.0,77278942.0,76900000.0,77200000.0,32.302,5765000000.0,0.0,138000000.0,644000000.0,74.967,274000000.0
27,GAS,MRT,2009-06-30,2009-06-30,2009-06-30,2019-04-19,0.0,6120000000.0,6372750000.0,1316000000.0,4804000000.0,0.426,22.581,-413000000.0,12000000.0,12000000.0,1508000000.0,298000000.0,1.027,2.518,2093000000.0,418000000.0,1675000000.0,2093000000.0,0.0,156000000.0,0.0,0.053,1.7,556000000.0,712000000.0,0.262,712000000.0,556000000.0,448000000.0,3.64,3.63,3.64,1732000000.0,1710500000.0,1732000000.0,4511036083.0,8.0,6.336,186000000.0,2.425,1.0,1208000000.0,0.445,418000000.0,108000000.0,6502000000.0,6620250000.0,532000000.0,0.0,0.0,0.0,4361000000.0,1281000000.0,3080000000.0,2454036083.0,-7000000.0,0.0,9000000.0,104000000.0,-128000000.0,-193000000.0,-413000000.0,0.0,599000000.0,0.0,278000000.0,278000000.0,278000000.0,0.0,20000000.0,0.102,639000000.0,569000000.0,484000000.0,0.467,1.417,8.827,8.736,3956000000.0,0.0,31.8,0.904,0.898,466000000.0,,2716000000.0,2716000000.0,0.0,0.044,0.163,0.084,0.205,0.0,483000000.0,1.0,77170946.0,76700000.0,76900000.0,35.411,5702000000.0,0.0,170000000.0,609000000.0,74.342,35000000.0
28,GAS,MRT,2009-03-31,2009-03-31,2009-03-31,2019-04-19,0.0,6157000000.0,6490500000.0,1431000000.0,4726000000.0,0.429,22.608,-389000000.0,21000000.0,21000000.0,1630000000.0,267000000.0,1.062,2.534,2078000000.0,403000000.0,1675000000.0,2078000000.0,0.0,155000000.0,58000000.0,0.064,1.69,507000000.0,662000000.0,0.238,662000000.0,507000000.0,397000000.0,3.23,3.22,3.23,1734000000.0,1699000000.0,1734000000.0,4565230674.0,9.0,6.896,-62000000.0,-0.808,1.0,1153000000.0,0.414,418000000.0,110000000.0,6448000000.0,6575500000.0,348000000.0,0.0,0.0,0.0,4394000000.0,1348000000.0,3046000000.0,2040230674.0,1000000.0,0.0,8000000.0,354000000.0,-125000000.0,63000000.0,-389000000.0,0.0,327000000.0,0.0,247000000.0,247000000.0,247000000.0,0.0,20000000.0,0.089,633000000.0,520000000.0,535000000.0,0.523,1.177,8.26,8.214,3886000000.0,0.0,26.53,0.733,0.731,764000000.0,,2783000000.0,2783000000.0,0.0,0.038,0.145,0.077,0.182,0.0,478000000.0,1.0,76902777.0,76700000.0,76800000.0,36.284,5739000000.0,0.0,150000000.0,586000000.0,74.824,83000000.0
29,GAS,MRT,2008-12-31,2008-12-31,2008-12-31,2019-04-19,0.0,6710000000.0,6477750000.0,2042000000.0,4668000000.0,0.432,21.651,-372000000.0,16000000.0,16000000.0,1698000000.0,237000000.0,1.03,3.042,2541000000.0,866000000.0,1675000000.0,2541000000.0,0.0,152000000.0,50000000.0,0.054,1.68,464000000.0,616000000.0,0.22,616000000.0,464000000.0,349000000.0,2.85,2.84,2.85,1652000000.0,1696000000.0,1652000000.0,4840066763.0,10.0,7.857,-145000000.0,-1.9,1.0,1102000000.0,0.394,418000000.0,115000000.0,6834000000.0,6449750000.0,663000000.0,0.0,0.0,0.0,5026000000.0,1983000000.0,3043000000.0,2407066763.0,-3000000.0,0.0,9000000.0,446000000.0,-124000000.0,142000000.0,-372000000.0,0.0,227000000.0,0.0,217000000.0,217000000.0,217000000.0,0.0,20000000.0,0.077,624000000.0,478000000.0,741000000.0,0.589,1.457,11.092,11.0,3816000000.0,0.0,31.35,0.86,0.854,1005000000.0,,2800000000.0,2800000000.0,0.0,0.033,0.128,0.072,0.166,0.0,472000000.0,1.0,76780439.0,76300000.0,76600000.0,36.697,6292000000.0,0.0,132000000.0,607000000.0,82.464,59000000.0
30,GAS,MRT,2008-09-30,2008-09-30,2008-09-30,2019-04-19,0.0,6504000000.0,6364750000.0,1940000000.0,4564000000.0,0.421,22.565,-320000000.0,11000000.0,11000000.0,1618000000.0,251000000.0,1.065,2.756,2444000000.0,769000000.0,1675000000.0,2444000000.0,0.0,148000000.0,39000000.0,0.053,1.67,451000000.0,599000000.0,0.224,599000000.0,451000000.0,333000000.0,2.73,2.71,2.73,1724000000.0,1698250000.0,1724000000.0,4536937580.0,10.0,7.574,-157000000.0,-2.055,1.0,1062000000.0,0.396,418000000.0,118000000.0,6697000000.0,6351250000.0,811000000.0,0.0,0.0,0.0,4751000000.0,1822000000.0,2929000000.0,2405937580.0,-3000000.0,0.0,-12000000.0,317000000.0,-124000000.0,150000000.0,-316000000.0,0.0,163000000.0,0.0,209000000.0,209000000.0,209000000.0,0.0,42000000.0,0.078,602000000.0,460000000.0,749000000.0,0.612,1.396,11.512,11.495,3726000000.0,0.0,31.38,0.898,0.895,724000000.0,,2680000000.0,2680000000.0,0.0,0.033,0.123,0.071,0.168,0.0,454000000.0,1.0,76671051.0,76400000.0,76600000.0,35.079,6086000000.0,0.0,124000000.0,625000000.0,79.66,118000000.0
31,GAS,MRT,2008-06-30,2008-06-30,2008-06-30,2019-04-19,0.0,6591000000.0,6196500000.0,2043000000.0,4548000000.0,0.405,22.126,-300000000.0,19000000.0,19000000.0,1517000000.0,204000000.0,1.032,2.889,2150000000.0,513000000.0,1637000000.0,2150000000.0,0.0,147000000.0,33000000.0,0.048,1.66,373000000.0,520000000.0,0.207,520000000.0,373000000.0,250000000.0,2.05,2.03,2.05,1686000000.0,1673000000.0,1686000000.0,4508453876.0,12.0,8.67,-53000000.0,-0.696,1.0,993000000.0,0.396,420000000.0,123000000.0,6323000000.0,6215750000.0,708000000.0,0.0,0.0,0.0,4871000000.0,1979000000.0,2892000000.0,2646453876.0,5000000.0,0.0,-49000000.0,261000000.0,-125000000.0,52000000.0,-294000000.0,0.0,247000000.0,0.0,157000000.0,157000000.0,157000000.0,0.0,47000000.0,0.063,604000000.0,389000000.0,1085000000.0,0.81,1.57,16.856,16.868,3663000000.0,0.0,34.58,1.054,1.05,1046000000.0,,2510000000.0,2510000000.0,0.0,0.025,0.094,0.06,0.149,0.0,457000000.0,1.0,76531344.0,76200000.0,76200000.0,32.94,6171000000.0,0.0,93000000.0,604000000.0,80.984,64000000.0
32,GAS,MRT,2008-03-31,2008-03-31,2008-03-31,2019-04-19,0.0,6106000000.0,5995000000.0,1626000000.0,4480000000.0,0.423,22.658,-286000000.0,20000000.0,20000000.0,1473000000.0,244000000.0,1.012,2.527,1885000000.0,369000000.0,1516000000.0,1885000000.0,0.0,145000000.0,34000000.0,0.048,1.65,441000000.0,586000000.0,0.231,586000000.0,441000000.0,317000000.0,2.6,2.58,2.6,1722000000.0,1669500000.0,1722000000.0,4856396948.0,11.0,8.287,60000000.0,0.789,1.0,1060000000.0,0.418,420000000.0,124000000.0,5945000000.0,6116750000.0,356000000.0,0.0,0.0,0.0,4352000000.0,1606000000.0,2746000000.0,2623396948.0,-6000000.0,0.0,-63000000.0,148000000.0,-122000000.0,-72000000.0,-280000000.0,0.0,346000000.0,0.0,198000000.0,198000000.0,198000000.0,0.0,46000000.0,0.078,599000000.0,461000000.0,877000000.0,0.635,1.523,13.249,13.2,3610000000.0,0.0,34.32,1.036,1.03,1086000000.0,,2533000000.0,2533000000.0,0.0,0.033,0.119,0.072,0.174,0.0,454000000.0,1.0,76439305.0,76000000.0,76300000.0,33.329,5686000000.0,0.0,119000000.0,570000000.0,74.816,20000000.0
33,GAS,MRT,2007-12-31,2007-12-31,2007-12-31,2019-04-19,0.0,6258000000.0,5900000000.0,1797000000.0,4461000000.0,0.423,21.543,-259000000.0,19000000.0,19000000.0,1410000000.0,241000000.0,1.1,2.768,2255000000.0,580000000.0,1675000000.0,2255000000.0,0.0,144000000.0,35000000.0,0.044,1.64,463000000.0,607000000.0,0.243,607000000.0,463000000.0,338000000.0,2.74,2.72,2.74,1661000000.0,1658500000.0,1661000000.0,4989355156.0,11.0,8.22,118000000.0,1.53,1.0,1084000000.0,0.435,420000000.0,125000000.0,6440000000.0,6087750000.0,551000000.0,0.0,0.0,0.0,4597000000.0,1634000000.0,2963000000.0,2882355156.0,2000000.0,0.0,-64000000.0,91000000.0,-123000000.0,-122000000.0,-253000000.0,0.0,377000000.0,0.0,211000000.0,211000000.0,211000000.0,0.0,30000000.0,0.085,595000000.0,489000000.0,750000000.0,0.599,1.735,13.66,13.737,3566000000.0,0.0,37.64,1.156,1.164,989000000.0,,2494000000.0,2494000000.0,0.0,0.036,0.127,0.076,0.186,0.0,451000000.0,1.0,76576917.0,77100000.0,77400000.0,32.348,5838000000.0,0.0,127000000.0,589000000.0,75.72,163000000.0
34,GAS,MRT,2007-09-30,2007-09-30,2007-09-30,2019-04-19,0.0,5831000000.0,5872250000.0,1415000000.0,4416000000.0,0.428,21.078,-256000000.0,14000000.0,14000000.0,1476000000.0,192000000.0,1.036,2.593,2124000000.0,576000000.0,1548000000.0,2124000000.0,0.0,145000000.0,39000000.0,0.04,1.6,433000000.0,578000000.0,0.23,578000000.0,433000000.0,309000000.0,2.48,2.47,2.48,1623000000.0,1645500000.0,1623000000.0,4944276613.0,11.0,8.554,140000000.0,1.818,1.0,1040000000.0,0.413,420000000.0,124000000.0,6155000000.0,6028250000.0,654000000.0,0.0,0.0,0.0,4208000000.0,1366000000.0,2842000000.0,3078276613.0,0.0,0.0,-50000000.0,50000000.0,-119000000.0,-142000000.0,-254000000.0,0.0,396000000.0,0.0,192000000.0,192000000.0,192000000.0,0.0,0.0,0.076,581000000.0,459000000.0,514000000.0,0.645,1.897,16.033,15.976,3532000000.0,0.0,39.62,1.223,1.213,506000000.0,,2516000000.0,2516000000.0,0.0,0.033,0.117,0.072,0.172,0.0,466000000.0,1.0,77695018.0,77000000.0,77400000.0,32.675,5411000000.0,0.0,117000000.0,527000000.0,70.273,49000000.0
35,GAS,MRT,2007-06-30,2007-06-30,2007-06-30,2019-04-19,0.0,5785000000.0,5873250000.0,1418000000.0,4367000000.0,0.439,21.574,-265000000.0,14000000.0,14000000.0,1496000000.0,215000000.0,1.084,2.46,1884000000.0,339000000.0,1545000000.0,1884000000.0,0.0,141000000.0,42000000.0,0.039,1.56,468000000.0,609000000.0,0.236,609000000.0,468000000.0,346000000.0,2.77,2.76,2.77,1672000000.0,1635000000.0,1672000000.0,4854102253.0,10.0,7.971,338000000.0,4.361,1.0,1085000000.0,0.42,420000000.0,122000000.0,5927000000.0,6022000000.0,608000000.0,0.0,0.0,0.0,4113000000.0,1308000000.0,2805000000.0,3149102253.0,-25000000.0,0.0,-24000000.0,-203000000.0,-115000000.0,-363000000.0,-265000000.0,0.0,603000000.0,0.0,215000000.0,215000000.0,215000000.0,0.0,0.0,0.083,591000000.0,494000000.0,655000000.0,0.563,1.883,14.647,14.614,3502000000.0,0.0,40.48,1.22,1.215,601000000.0,,2581000000.0,2581000000.0,0.0,0.037,0.131,0.078,0.181,0.0,470000000.0,1.0,77794028.0,77500000.0,77900000.0,33.303,5365000000.0,0.0,131000000.0,507000000.0,69.226,110000000.0
36,GAS,MRT,2007-03-31,2007-03-31,2007-03-31,2019-04-19,0.0,5726000000.0,5874000000.0,1394000000.0,4332000000.0,0.434,21.652,-259000000.0,29000000.0,29000000.0,1473000000.0,204000000.0,1.177,2.412,1736000000.0,111000000.0,1625000000.0,1736000000.0,0.0,139000000.0,42000000.0,0.036,1.52,452000000.0,591000000.0,0.232,591000000.0,452000000.0,328000000.0,2.62,2.61,2.62,1678000000.0,1610250000.0,1678000000.0,5462587441.0,12.0,9.243,350000000.0,4.516,1.0,1077000000.0,0.422,420000000.0,124000000.0,5829000000.0,6051750000.0,382000000.0,0.0,0.0,0.0,4048000000.0,1184000000.0,2864000000.0,3321587441.0,8000000.0,0.0,-23000000.0,-192000000.0,-114000000.0,-342000000.0,-259000000.0,0.0,609000000.0,0.0,204000000.0,204000000.0,204000000.0,0.0,0.0,0.08,601000000.0,476000000.0,669000000.0,0.58,1.979,16.282,16.305,3470000000.0,0.0,42.72,1.303,1.298,826000000.0,,2550000000.0,2550000000.0,0.0,0.035,0.127,0.075,0.177,0.0,472000000.0,1.0,77752515.0,77500000.0,77900000.0,32.903,5306000000.0,0.0,124000000.0,497000000.0,68.465,210000000.0
37,GAS,MRT,2006-12-31,2006-12-31,2006-12-31,2019-04-19,0.0,6147000000.0,5876500000.0,1822000000.0,4325000000.0,0.446,20.735,-253000000.0,20000000.0,20000000.0,1522000000.0,212000000.0,1.094,2.82,2161000000.0,539000000.0,1622000000.0,2161000000.0,0.0,138000000.0,42000000.0,0.038,1.48,464000000.0,602000000.0,0.23,602000000.0,464000000.0,341000000.0,2.73,2.72,2.73,1609000000.0,1587000000.0,1609000000.0,5084154862.0,11.0,8.445,98000000.0,1.263,1.0,1099000000.0,0.419,420000000.0,123000000.0,6202000000.0,6035750000.0,597000000.0,0.0,0.0,0.0,4538000000.0,1666000000.0,2872000000.0,3023154862.0,-15000000.0,0.0,-24000000.0,31000000.0,-111000000.0,-118000000.0,-248000000.0,0.0,351000000.0,0.0,212000000.0,212000000.0,212000000.0,0.0,0.0,0.081,611000000.0,488000000.0,723000000.0,0.542,1.879,14.26,14.253,3436000000.0,0.0,38.91,1.153,1.152,880000000.0,,2621000000.0,2621000000.0,0.0,0.036,0.134,0.077,0.177,0.0,473000000.0,1.0,77696090.0,77600000.0,78000000.0,33.776,5727000000.0,0.0,129000000.0,505000000.0,73.802,156000000.0
38,GAS,MRT,2006-09-30,2006-09-30,2006-09-30,2019-04-19,0.0,5835000000.0,5919750000.0,1512000000.0,4323000000.0,0.489,20.4,-263000000.0,14000000.0,14000000.0,1758000000.0,231000000.0,1.123,2.691,2075000000.0,441000000.0,1634000000.0,2075000000.0,0.0,135000000.0,35000000.0,0.041,1.48,491000000.0,626000000.0,0.216,626000000.0,491000000.0,370000000.0,2.99,2.98,2.99,1581000000.0,1559500000.0,1581000000.0,4892579449.0,10.0,7.816,-30000000.0,-0.387,1.0,1138000000.0,0.393,420000000.0,121000000.0,6130000000.0,5994500000.0,627000000.0,0.0,0.0,0.0,4254000000.0,1346000000.0,2908000000.0,2842579449.0,-44000000.0,0.0,-10000000.0,121000000.0,-112000000.0,-18000000.0,-259000000.0,0.0,233000000.0,0.0,231000000.0,231000000.0,231000000.0,0.0,0.0,0.08,619000000.0,519000000.0,540000000.0,0.495,1.798,12.306,12.207,3405000000.0,0.0,36.5,0.982,0.977,500000000.0,,2896000000.0,2896000000.0,0.0,0.039,0.148,0.082,0.17,0.0,484000000.0,1.0,77878889.0,77500000.0,77900000.0,37.368,5415000000.0,0.0,139000000.0,500000000.0,69.871,166000000.0
39,GAS,MRT,2006-06-30,2006-06-30,2006-06-30,2019-04-19,0.0,5788000000.0,5998500000.0,1508000000.0,4280000000.0,0.476,20.245,-250000000.0,37000000.0,37000000.0,1759000000.0,210000000.0,1.099,2.68,2087000000.0,455000000.0,1632000000.0,2087000000.0,0.0,135000000.0,38000000.0,0.037,1.42,453000000.0,588000000.0,0.206,588000000.0,453000000.0,337000000.0,2.72,2.71,2.72,1573000000.0,1527000000.0,1573000000.0,4882747979.0,11.0,8.304,-278000000.0,-3.578,1.0,1096000000.0,0.384,420000000.0,116000000.0,6046000000.0,5922000000.0,642000000.0,0.0,0.0,0.0,4215000000.0,1372000000.0,2843000000.0,2970747979.0,-6000000.0,66000000.0,14000000.0,308000000.0,-110000000.0,197000000.0,-175000000.0,0.0,-28000000.0,0.0,210000000.0,210000000.0,210000000.0,0.0,0.0,0.074,613000000.0,483000000.0,566000000.0,0.522,1.889,14.146,14.015,3366000000.0,0.0,38.12,1.041,1.037,584000000.0,,2855000000.0,2855000000.0,0.0,0.035,0.138,0.076,0.159,0.0,479000000.0,1.0,77931479.0,77700000.0,78100000.0,36.744,5368000000.0,0.0,127000000.0,422000000.0,69.086,136000000.0
40,GAS,MRT,2006-03-31,2006-03-31,2006-03-31,2019-04-19,0.0,5736000000.0,5928250000.0,1458000000.0,4278000000.0,0.481,20.347,-233000000.0,18000000.0,18000000.0,1749000000.0,215000000.0,0.998,2.619,1930000000.0,472000000.0,1458000000.0,1930000000.0,0.0,134000000.0,36000000.0,0.038,1.36,457000000.0,591000000.0,0.207,591000000.0,457000000.0,344000000.0,2.78,2.76,2.78,1585000000.0,1498000000.0,1585000000.0,4913477143.0,11.0,8.314,-260000000.0,-3.338,1.0,1101000000.0,0.386,422000000.0,113000000.0,5765000000.0,5835000000.0,432000000.0,0.0,0.0,0.0,4151000000.0,1461000000.0,2690000000.0,2806477143.0,-6000000.0,66000000.0,28000000.0,278000000.0,-105000000.0,179000000.0,-158000000.0,0.0,-27000000.0,0.0,215000000.0,215000000.0,215000000.0,0.0,0.0,0.075,612000000.0,489000000.0,624000000.0,0.489,1.771,13.053,12.968,3347000000.0,0.0,36.05,0.985,0.985,813000000.0,,2850000000.0,2850000000.0,0.0,0.036,0.144,0.078,0.16,0.0,479000000.0,1.0,77849574.0,77900000.0,78200000.0,36.585,5314000000.0,0.0,129000000.0,427000000.0,68.216,-3000000.0
41,GAS,MRT,2005-12-31,2005-12-31,2005-12-31,2019-04-19,0.0,6320000000.0,5869250000.0,2041000000.0,4279000000.0,0.463,19.392,-267000000.0,32000000.0,32000000.0,1666000000.0,193000000.0,1.037,3.216,2137000000.0,522000000.0,1615000000.0,2137000000.0,0.0,133000000.0,42000000.0,0.037,1.3,419000000.0,552000000.0,0.203,552000000.0,419000000.0,310000000.0,2.5,2.48,2.5,1499000000.0,1463250000.0,1499000000.0,4606060167.0,11.0,8.344,-187000000.0,-2.419,1.0,1052000000.0,0.387,420000000.0,109000000.0,6037000000.0,5773250000.0,543000000.0,0.0,0.0,0.0,4821000000.0,1968000000.0,2853000000.0,2703060167.0,-17000000.0,66000000.0,28000000.0,188000000.0,-100000000.0,97000000.0,-194000000.0,0.0,80000000.0,0.0,193000000.0,193000000.0,193000000.0,0.0,0.0,0.071,610000000.0,442000000.0,1041000000.0,0.52,1.803,14.005,13.924,3333000000.0,0.0,34.81,0.995,0.99,1220000000.0,,2718000000.0,2718000000.0,0.0,0.033,0.132,0.073,0.154,0.0,477000000.0,1.0,77651829.0,77300000.0,77800000.0,35.162,5900000000.0,0.0,117000000.0,423000000.0,76.326,73000000.0
42,GAS,MRT,2005-09-30,2005-09-30,2005-09-30,2019-04-19,0.0,6150000000.0,5698500000.0,1819000000.0,4331000000.0,0.414,18.723,-290000000.0,58000000.0,58000000.0,1370000000.0,173000000.0,1.007,3.238,1960000000.0,344000000.0,1616000000.0,1960000000.0,0.0,127000000.0,0.0,0.033,1.22,379000000.0,506000000.0,0.214,506000000.0,379000000.0,278000000.0,2.29,2.27,2.29,1451000000.0,1434750000.0,1451000000.0,4619610283.0,12.0,9.13,-70000000.0,-0.903,1.0,992000000.0,0.42,405000000.0,101000000.0,5840000000.0,5693250000.0,518000000.0,0.0,0.0,0.0,4699000000.0,1807000000.0,2892000000.0,2871610283.0,14000000.0,-140000000.0,388000000.0,-41000000.0,-91000000.0,212000000.0,-418000000.0,0.0,220000000.0,0.0,173000000.0,173000000.0,173000000.0,0.0,0.0,0.073,591000000.0,401000000.0,820000000.0,0.533,1.979,16.599,16.205,3303000000.0,0.0,37.11,1.216,1.218,839000000.0,,2362000000.0,2362000000.0,0.0,0.03,0.121,0.067,0.16,0.0,454000000.0,1.0,77381037.0,77500000.0,78100000.0,30.477,5745000000.0,0.0,105000000.0,412000000.0,74.129,12000000.0
43,GAS,MRT,2005-06-30,2005-06-30,2005-06-30,2019-04-19,0.0,5507000000.0,5169500000.0,1200000000.0,4307000000.0,0.432,18.898,-290000000.0,45000000.0,45000000.0,1284000000.0,178000000.0,1.038,2.78,1793000000.0,172000000.0,1621000000.0,1793000000.0,0.0,117000000.0,0.0,0.031,1.2,373000000.0,490000000.0,0.22,490000000.0,373000000.0,282000000.0,2.41,2.39,2.41,1457000000.0,1327750000.0,1457000000.0,4612298331.0,12.0,9.413,-2000000.0,-0.026,1.0,947000000.0,0.424,401000000.0,91000000.0,5698000000.0,5307500000.0,381000000.0,0.0,0.0,0.0,4050000000.0,1156000000.0,2894000000.0,2980298331.0,-9000000.0,-206000000.0,375000000.0,-74000000.0,-86000000.0,180000000.0,-477000000.0,0.0,288000000.0,0.0,178000000.0,178000000.0,178000000.0,0.0,0.0,0.08,554000000.0,393000000.0,589000000.0,0.498,2.046,16.743,16.037,3269000000.0,0.0,38.65,1.336,1.336,565000000.0,,2231000000.0,2231000000.0,0.0,0.034,0.134,0.07,0.167,0.0,431000000.0,1.0,77109918.0,77100000.0,77800000.0,28.936,5106000000.0,0.0,104000000.0,425000000.0,66.226,44000000.0
44,GAS,MRT,2005-03-31,2005-03-31,2005-03-31,2019-04-19,0.0,5500000000.0,4795250000.0,1195000000.0,4305000000.0,0.437,18.804,-300000000.0,24000000.0,24000000.0,1204000000.0,175000000.0,0.969,2.804,1656000000.0,38000000.0,1618000000.0,1656000000.0,0.0,108000000.0,0.0,0.034,1.18,360000000.0,468000000.0,0.223,468000000.0,360000000.0,279000000.0,2.44,2.42,2.44,1446000000.0,1216250000.0,1446000000.0,4595975905.0,13.0,9.82,43000000.0,0.559,1.0,890000000.0,0.425,381000000.0,81000000.0,5518000000.0,4863000000.0,202000000.0,0.0,0.0,0.0,4054000000.0,1233000000.0,2821000000.0,2687975905.0,-27000000.0,-204000000.0,368000000.0,-147000000.0,-80000000.0,114000000.0,-484000000.0,0.0,343000000.0,0.0,175000000.0,175000000.0,175000000.0,0.0,0.0,0.084,510000000.0,380000000.0,648000000.0,0.484,1.859,15.36,14.316,3286000000.0,0.0,34.93,1.284,1.283,793000000.0,,2094000000.0,2094000000.0,0.0,0.036,0.144,0.074,0.172,0.0,399000000.0,1.0,76953218.0,76900000.0,77600000.0,27.23,5119000000.0,0.0,104000000.0,423000000.0,66.567,-38000000.0
45,GAS,MRT,2004-12-31,2004-12-31,2004-12-31,2019-04-19,0.0,5637000000.0,4401750000.0,1454000000.0,4183000000.0,0.416,20.89,-264000000.0,49000000.0,49000000.0,1024000000.0,153000000.0,0.986,3.07,1957000000.0,334000000.0,1623000000.0,1957000000.0,0.0,99000000.0,50000000.0,0.035,1.15,314000000.0,413000000.0,0.225,413000000.0,314000000.0,243000000.0,2.3,2.28,2.3,1385000000.0,1105250000.0,1385000000.0,3429671704.0,11.0,8.304,23000000.0,0.347,1.0,808000000.0,0.441,354000000.0,71000000.0,5717000000.0,4452250000.0,332000000.0,0.0,0.0,0.0,4252000000.0,1474000000.0,2778000000.0,2172671704.0,32000000.0,-175000000.0,368000000.0,-112000000.0,-75000000.0,167000000.0,-422000000.0,0.0,287000000.0,0.0,153000000.0,153000000.0,153000000.0,0.0,0.0,0.084,476000000.0,332000000.0,728000000.0,0.5,1.569,14.2,14.452,3178000000.0,0.0,33.24,1.186,1.203,889000000.0,,1832000000.0,1832000000.0,0.0,0.035,0.138,0.071,0.171,0.0,377000000.0,1.0,65363168.0,66300000.0,67000000.0,27.632,5283000000.0,0.0,90000000.0,437000000.0,79.683,-20000000.0
46,GAS,MRT,2004-09-30,2004-09-30,2004-09-30,2019-04-19,0.0,4034000000.0,3985500000.0,848000000.0,3186000000.0,0.373,15.714,-213000000.0,44000000.0,44000000.0,772000000.0,142000000.0,1.083,2.943,1267000000.0,51000000.0,1216000000.0,1267000000.0,0.0,94000000.0,0.0,0.037,1.14,295000000.0,389000000.0,0.262,389000000.0,295000000.0,228000000.0,2.22,2.18,2.22,1023000000.0,995250000.0,1023000000.0,3101391559.0,11.0,7.973,63000000.0,0.968,1.0,714000000.0,0.48,177000000.0,67000000.0,4297000000.0,4038500000.0,340000000.0,0.0,0.0,0.0,3011000000.0,783000000.0,2228000000.0,1998391559.0,42000000.0,31000000.0,31000000.0,-16000000.0,-73000000.0,-73000000.0,-161000000.0,0.0,276000000.0,0.0,142000000.0,142000000.0,142000000.0,0.0,0.0,0.096,423000000.0,291000000.0,423000000.0,0.514,1.953,14.073,13.86,2437000000.0,0.0,30.77,1.345,1.348,362000000.0,,1486000000.0,1486000000.0,0.0,0.036,0.143,0.073,0.199,0.0,332000000.0,1.0,64946102.0,65100000.0,65800000.0,22.826,3857000000.0,0.0,86000000.0,433000000.0,59.247,65000000.0
47,GAS,MRT,2004-06-30,2004-06-30,2004-06-30,2019-04-19,0.0,4010000000.0,3899000000.0,850000000.0,3160000000.0,0.356,15.602,-185000000.0,54000000.0,54000000.0,695000000.0,144000000.0,0.837,2.966,1157000000.0,195000000.0,962000000.0,1157000000.0,0.0,94000000.0,0.0,0.039,1.13,305000000.0,399000000.0,0.287,399000000.0,305000000.0,236000000.0,2.26,2.21,2.26,1011000000.0,966500000.0,1011000000.0,2935039632.0,10.0,7.356,76000000.0,1.173,1.0,694000000.0,0.5,177000000.0,69000000.0,3920000000.0,3990000000.0,259000000.0,0.0,0.0,0.0,2999000000.0,1016000000.0,1983000000.0,1882639632.0,50000000.0,54000000.0,31000000.0,-23000000.0,-75000000.0,-78000000.0,-133000000.0,0.0,261000000.0,0.0,144000000.0,144000000.0,144000000.0,0.0,0.0,0.104,415000000.0,279000000.0,535000000.0,0.5,1.862,13.074,12.854,2409000000.0,0.0,29.05,1.355,1.355,456000000.0,,1389000000.0,1389000000.0,0.0,0.037,0.149,0.076,0.22,0.0,315000000.0,1.0,64806872.0,64800000.0,65600000.0,21.435,3833000000.0,0.0,92000000.0,413000000.0,59.151,-166000000.0
48,GAS,MRT,2004-03-31,2004-03-31,2004-03-31,2019-04-19,0.0,3926000000.0,3809750000.0,764000000.0,3162000000.0,0.337,15.511,-166800000.0,51000000.0,51000000.0,612000000.0,142000000.0,0.825,2.918,1103000000.0,133000000.0,970000000.0,1103000000.0,0.0,92700000.0,0.0,0.039,1.12,303000000.0,395700000.0,0.309,395700000.0,303000000.0,232000000.0,2.22,2.17,2.22,1002000000.0,938000000.0,1002000000.0,2972012767.0,10.0,7.511,102100000.0,1.58,1.0,670000000.0,0.523,177000000.0,71000000.0,3875000000.0,3948750000.0,128000000.0,0.0,0.0,0.0,2924000000.0,926000000.0,1998000000.0,1874312767.0,27400000.0,52000000.0,31300000.0,-72200000.0,-72500000.0,-125700000.0,-115800000.0,-5800000.0,268900000.0,0.0,142000000.0,142000000.0,142000000.0,0.0,0.0,0.111,403000000.0,267000000.0,448000000.0,0.505,1.871,13.199,13.072,2376000000.0,0.0,29.02,1.462,1.462,496000000.0,,1282000000.0,1282000000.0,0.0,0.037,0.151,0.077,0.236,0.0,304000000.0,1.0,64586932.0,64600000.0,65400000.0,19.845,3749000000.0,0.0,90000000.0,393000000.0,58.034,-162000000.0
49,GAS,MRT,2003-12-31,2003-12-31,2003-12-31,2019-04-19,0.0,3972000000.0,3801350000.0,742000000.0,3230000000.0,0.259,14.976,-158000000.0,17000000.0,17000000.0,367000000.0,128000000.0,0.708,3.203,1339000000.0,383000000.0,956000000.0,1339000000.0,0.0,91000000.0,19000000.0,0.038,1.11,290000000.0,381000000.0,0.388,381000000.0,290000000.0,215000000.0,2.03,2.01,2.03,945000000.0,908975000.0,945000000.0,3168551542.0,11.0,8.316,-36000000.0,-0.571,1.0,616000000.0,0.627,184000000.0,75000000.0,4062000000.0,3943275000.0,210000000.0,101000000.0,0.0,101000000.0,3027000000.0,1048000000.0,1979000000.0,1870151542.0,8000000.0,3000000.0,168000000.0,-64000000.0,-70000000.0,31000000.0,-145000000.0,0.0,122000000.0,0.0,128000000.0,128000000.0,128000000.0,0.0,0.0,0.13,380000000.0,236000000.0,403000000.0,0.547,1.979,14.611,14.335,2345000000.0,0.0,29.1,1.902,1.868,434000000.0,,983000000.0,983000000.0,0.0,0.034,0.141,0.074,0.295,0.0,283000000.0,1.0,64266376.0,63100000.0,63700000.0,15.578,3788000000.0,0.0,87000000.0,422000000.0,60.032,-306000000.0
50,GAS,MRT,2003-09-30,2003-09-30,2003-09-30,2019-04-19,0.0,3688000000.0,3743850000.0,543000000.0,3145000000.0,0.255,14.188,-178700000.0,1000000.0,1000000.0,341100000.0,124000000.0,0.768,3.062,1300000000.0,169000000.0,1131000000.0,1300000000.0,0.0,90000000.0,0.0,0.039,1.1,285300000.0,375300000.0,0.393,375300000.0,285300000.0,207700000.0,2.07,2.03,2.07,908000000.0,850250000.0,908000000.0,2959906665.0,10.0,7.887,-24400000.0,-0.381,1.0,614300000.0,0.643,177000000.0,77600000.0,4103000000.0,3859575000.0,254000000.0,115000000.0,0.0,115000000.0,2780000000.0,707000000.0,2073000000.0,1795306665.0,-4800000.0,3000000.0,150200000.0,-87400000.0,-60600000.0,13200000.0,-172300000.0,700000.0,154300000.0,0.0,124000000.0,124000000.0,124000000.0,0.0,0.0,0.13,375100000.0,239200000.0,299000000.0,0.531,1.977,14.478,13.609,2234000000.0,0.0,28.17,1.879,1.887,216000000.0,,955400000.0,955400000.0,0.0,0.033,0.146,0.074,0.299,0.0,277700000.0,1.0,63731156.0,64000000.0,64800000.0,14.928,3511000000.0,0.0,83700000.0,360000000.0,54.859,-164000000.0
51,GAS,MRT,2003-06-30,2003-06-30,2003-06-30,2019-04-19,0.0,3653000000.0,3688075000.0,512000000.0,3141000000.0,0.267,14.126,-176600000.0,3000000.0,3000000.0,370100000.0,111400000.0,0.578,3.072,1167000000.0,242000000.0,925000000.0,1167000000.0,0.0,88400000.0,0.0,0.043,1.09,265300000.0,353700000.0,0.36,353700000.0,265300000.0,185300000.0,1.89,1.86,1.89,897000000.0,806250000.0,897000000.0,2748142206.0,10.0,7.77,113100000.0,1.781,1.0,613300000.0,0.624,176000000.0,80000000.0,3755000000.0,3758925000.0,168000000.0,112000000.0,0.0,112000000.0,2756000000.0,886000000.0,1870000000.0,1611442206.0,-1000000.0,-20000000.0,153100000.0,-224800000.0,-58600000.0,-128900000.0,-161800000.0,22900000.0,289700000.0,0.0,111400000.0,111400000.0,111400000.0,0.0,0.0,0.113,369700000.0,243600000.0,387000000.0,0.577,1.796,14.465,13.46,2225000000.0,0.0,25.44,1.639,1.643,281000000.0,,983400000.0,983400000.0,0.0,0.03,0.138,0.071,0.27,0.0,280800000.0,1.0,63342854.0,63500000.0,64200000.0,15.487,3477000000.0,0.0,73900000.0,344000000.0,54.756,-374000000.0
52,GAS,MRT,2003-03-31,2003-03-31,2003-03-31,2019-04-19,0.0,3892400000.0,3650025000.0,720500000.0,3171900000.0,0.262,14.692,-176100000.0,23000000.0,23000000.0,348500000.0,104700000.0,0.721,3.394,1159700000.0,166800000.0,992900000.0,1159700000.0,0.0,88200000.0,0.0,0.046,1.08,256500000.0,344700000.0,0.36,344700000.0,256500000.0,173300000.0,1.81,1.79,1.81,885900000.0,765700000.0,885900000.0,2671322490.0,10.0,7.75,136300000.0,2.26,1.0,609100000.0,0.636,176200000.0,83200000.0,3853100000.0,3732500000.0,60300000.0,104900000.0,0.0,104900000.0,3006500000.0,999800000.0,2006700000.0,1494122490.0,22600000.0,-20000000.0,157000000.0,-223000000.0,-56500000.0,-127600000.0,-162200000.0,29500000.0,312400000.0,0.0,104700000.0,104700000.0,104700000.0,0.0,0.0,0.109,364600000.0,244500000.0,575900000.0,0.597,1.687,14.271,13.055,2207200000.0,0.0,23.63,1.56,1.488,575200000.0,,957600000.0,957600000.0,0.0,0.029,0.137,0.069,0.268,0.0,276000000.0,1.0,63229898.0,60300000.0,60700000.0,15.881,3716200000.0,0.0,68600000.0,337500000.0,61.629,-279300000.0
53,GAS,MRT,2002-12-31,2002-12-31,2002-12-31,2019-04-19,0.0,3742000000.0,3542875000.0,586400000.0,3155600000.0,0.248,12.658,-187000000.0,8400000.0,8400000.0,297000000.0,103000000.0,0.577,4.27,1185600000.0,418600000.0,767000000.0,1185600000.0,0.0,89000000.0,22900000.0,0.044,1.08,247000000.0,336000000.0,0.383,336000000.0,247000000.0,161000000.0,1.84,1.82,1.84,710100000.0,735725000.0,710100000.0,2527509910.0,10.0,7.522,99000000.0,1.765,1.0,580000000.0,0.661,176200000.0,86000000.0,3727200000.0,3680150000.0,118200000.0,79200000.0,0.0,79200000.0,3031900000.0,1015800000.0,2016100000.0,1368409910.0,1000000.0,0.0,26000000.0,-89000000.0,-53000000.0,-124000000.0,-161000000.0,27000000.0,286000000.0,0.0,103000000.0,103000000.0,103000000.0,0.0,0.0,0.117,363000000.0,217000000.0,341800000.0,0.587,1.927,13.286,13.207,2194200000.0,0.0,24.3,1.56,1.554,351700000.0,,877000000.0,877000000.0,0.0,0.029,0.14,0.067,0.282,0.0,274000000.0,1.0,56313165.0,56100000.0,56600000.0,15.633,3565800000.0,21400000.0,58000000.0,369700000.0,63.561,-429400000.0
54,GAS,MRT,2002-09-30,2002-09-30,2002-09-30,2019-04-19,0.0,3464900000.0,3470950000.0,350900000.0,3114000000.0,0.266,13.025,-155600000.0,6100000.0,6100000.0,342100000.0,94200000.0,0.469,3.733,1165200000.0,368200000.0,797000000.0,1165200000.0,0.0,94400000.0,0.0,0.049,1.08,237000000.0,331400000.0,0.359,331400000.0,237000000.0,147000000.0,1.7,1.69,1.7,732000000.0,730725000.0,732000000.0,2405202865.0,10.0,7.258,75100000.0,1.336,1.0,581500000.0,0.63,176200000.0,90000000.0,3700400000.0,3682275000.0,110900000.0,70600000.0,0.0,70600000.0,2732900000.0,747400000.0,576500000.0,1240002865.0,-1200000.0,-543300000.0,18300000.0,463400000.0,-54100000.0,428900000.0,-660800000.0,42600000.0,230700000.0,0.0,94200000.0,94200000.0,94200000.0,0.0,0.0,0.102,369200000.0,212300000.0,158900000.0,0.635,1.694,13.164,12.994,2156100000.0,0.0,22.09,1.343,1.344,132400000.0,,923600000.0,923600000.0,0.0,0.027,0.129,0.064,0.257,0.0,276700000.0,1.0,56134127.0,56200000.0,56600000.0,16.434,3288700000.0,0.0,52800000.0,363100000.0,58.518,-396500000.0
55,GAS,MRT,2002-06-30,2002-06-30,2002-06-30,2019-04-19,0.0,3500800000.0,3446750000.0,381600000.0,3119200000.0,0.257,13.121,-169600000.0,4300000.0,4300000.0,309400000.0,89600000.0,0.454,3.764,1169500000.0,372500000.0,797000000.0,1169500000.0,0.0,97400000.0,0.0,0.047,1.08,231900000.0,329300000.0,0.372,329300000.0,231900000.0,139300000.0,1.62,1.61,1.62,734800000.0,715575000.0,734800000.0,2438377850.0,11.0,7.405,31300000.0,0.559,1.0,575300000.0,0.65,176200000.0,92600000.0,3649300000.0,3686425000.0,136400000.0,95400000.0,0.0,95400000.0,2766000000.0,840500000.0,570600000.0,1296777850.0,-4700000.0,-537700000.0,20300000.0,512200000.0,-49800000.0,482000000.0,-687600000.0,20400000.0,200900000.0,0.0,89600000.0,89600000.0,89600000.0,0.0,0.0,0.101,358500000.0,216800000.0,206900000.0,0.667,1.765,14.473,14.321,2125600000.0,0.0,23.2,1.466,1.469,165900000.0,,884700000.0,884700000.0,0.0,0.026,0.125,0.063,0.262,0.0,263200000.0,1.0,55895597.0,56000000.0,56500000.0,15.798,3324600000.0,0.0,49700000.0,331600000.0,59.368,-458900000.0
56,GAS,MRT,2002-03-31,2002-03-31,2002-03-31,2019-04-19,0.0,3463800000.0,3260175000.0,326900000.0,3136900000.0,0.276,13.752,-170500000.0,15300000.0,15300000.0,322000000.0,86600000.0,0.416,3.522,1156900000.0,359900000.0,797000000.0,1156900000.0,0.0,99900000.0,15000000.0,0.046,1.08,229700000.0,329600000.0,0.367,329600000.0,229700000.0,135100000.0,1.57,1.56,1.57,766000000.0,700800000.0,766000000.0,2558249269.0,11.0,7.762,-19300000.0,-0.346,1.0,577200000.0,0.642,176200000.0,94600000.0,3643700000.0,3585450000.0,105000000.0,97900000.0,0.0,97900000.0,2697800000.0,785500000.0,1912300000.0,1305849269.0,-16400000.0,-531200000.0,23300000.0,542200000.0,-50000000.0,509600000.0,-677200000.0,19600000.0,151200000.0,0.0,86600000.0,86600000.0,86600000.0,0.0,0.0,0.096,361200000.0,216000000.0,153800000.0,0.688,1.705,15.079,14.968,2109400000.0,0.0,23.5,1.452,1.456,149600000.0,,899200000.0,899200000.0,0.0,0.027,0.124,0.064,0.255,0.0,198000000.0,1.0,55568054.0,55700000.0,56000000.0,16.144,3287600000.0,0.0,48500000.0,354400000.0,59.023,-458600000.0
57,GAS,MRT,2001-12-31,2001-12-31,2001-12-31,2019-04-19,0.0,3454300000.0,3084525000.0,328500000.0,3125800000.0,0.318,12.732,-155700000.0,7300000.0,7300000.0,394400000.0,88800000.0,0.406,4.006,1274700000.0,477700000.0,797000000.0,1274700000.0,0.0,101300000.0,13900000.0,0.047,1.08,236200000.0,337500000.0,0.344,337500000.0,236200000.0,138800000.0,1.63,1.63,1.63,690100000.0,677650000.0,690100000.0,2461251215.0,10.0,7.293,-55900000.0,-1.031,1.0,586100000.0,0.598,176200000.0,97400000.0,3735700000.0,3480300000.0,160400000.0,89900000.0,0.0,89900000.0,2764200000.0,809800000.0,1954400000.0,1270651215.0,800000.0,-519800000.0,20800000.0,587800000.0,-50400000.0,552100000.0,-651100000.0,16300000.0,99800000.0,0.0,88800000.0,88800000.0,88800000.0,0.0,0.0,0.091,367200000.0,218900000.0,98000000.0,0.663,1.841,14.309,14.123,2085200000.0,0.0,23.02,1.296,1.272,104000000.0,,980500000.0,980500000.0,0.0,0.029,0.131,0.068,0.241,0.0,127800000.0,1.0,55197707.0,54200000.0,54900000.0,18.09,3278100000.0,0.0,50000000.0,335000000.0,60.482,-481300000.0
58,GAS,MRT,2001-09-30,2001-09-30,2001-09-30,2019-04-19,0.0,3368100000.0,2896450000.0,239500000.0,3128600000.0,0.362,12.319,-155700000.0,2800000.0,2800000.0,468500000.0,88900000.0,0.36,4.017,1193400000.0,348400000.0,845000000.0,1193400000.0,0.0,101300000.0,12700000.0,0.054,1.08,225700000.0,327000000.0,0.312,327000000.0,225700000.0,138800000.0,1.63,1.62,1.63,671400000.0,663250000.0,671400000.0,2238997228.0,10.0,6.847,-55900000.0,-1.026,1.0,580800000.0,0.554,176200000.0,86900000.0,3717000000.0,3276400000.0,119500000.0,69700000.0,0.0,69700000.0,2696700000.0,665500000.0,2031200000.0,1094497228.0,800000.0,-503500000.0,18200000.0,587800000.0,-53900000.0,552100000.0,-651100000.0,0.0,99800000.0,0.0,88900000.0,88900000.0,88900000.0,0.0,0.0,0.085,372100000.0,208700000.0,82400000.0,0.663,1.63,12.312,12.252,2058900000.0,0.0,19.97,1.043,1.037,66300000.0,,1049300000.0,1049300000.0,0.0,0.031,0.134,0.069,0.215,0.0,272100000.0,1.0,54807072.0,54500000.0,54900000.0,19.253,3191900000.0,0.0,49900000.0,342200000.0,58.567,-426000000.0
59,GAS,MRT,2001-06-30,2001-06-30,2001-06-30,2019-04-19,0.0,2754500000.0,2701400000.0,178400000.0,2576100000.0,0.312,12.375,-147300000.0,4500000.0,4500000.0,302800000.0,96100000.0,0.357,3.077,1149000000.0,304000000.0,845000000.0,1149000000.0,8900000.0,91700000.0,12800000.0,0.045,1.08,227400000.0,319100000.0,0.379,319100000.0,227400000.0,146700000.0,1.75,1.75,1.75,675700000.0,650625000.0,675700000.0,2535959899.0,11.0,7.947,20900000.0,0.383,1.0,539000000.0,0.64,153300000.0,80700000.0,3245400000.0,3110225000.0,100600000.0,96100000.0,0.0,96100000.0,2078800000.0,500300000.0,190200000.0,1291859899.0,-24200000.0,14800000.0,-800000.0,-9400000.0,-50500000.0,-65500000.0,-126900000.0,0.0,168200000.0,0.0,96100000.0,96100000.0,96100000.0,0.0,0.0,0.114,361700000.0,177300000.0,64000000.0,0.617,1.912,13.443,13.571,2031300000.0,0.0,23.75,1.535,1.54,59900000.0,,841800000.0,841800000.0,0.0,0.036,0.148,0.073,0.27,0.0,247800000.0,1.0,54394101.0,54600000.0,55200000.0,15.418,2601200000.0,0.0,50600000.0,314500000.0,47.641,-321900000.0
60,GAS,MRT,2001-03-31,2001-03-31,2001-03-31,2019-04-19,0.0,2761200000.0,2504100000.0,200800000.0,2560400000.0,0.319,12.401,-153700000.0,12200000.0,12200000.0,277400000.0,100700000.0,0.317,3.1,1256300000.0,366300000.0,890000000.0,1256300000.0,21000000.0,87000000.0,13900000.0,0.049,1.08,224500000.0,311500000.0,0.39,311500000.0,224500000.0,153700000.0,1.84,1.84,1.84,673400000.0,636975000.0,673400000.0,2514305409.0,11.0,8.072,46300000.0,0.853,1.0,520500000.0,0.652,149300000.0,70800000.0,3223100000.0,2916225000.0,62600000.0,107100000.0,0.0,107100000.0,2087800000.0,632900000.0,190500000.0,1187705409.0,-23000000.0,7300000.0,-9500000.0,-24500000.0,-51500000.0,-85300000.0,-137700000.0,0.0,200000000.0,0.0,100700000.0,100700000.0,100700000.0,0.0,0.0,0.126,345900000.0,174600000.0,80800000.0,0.587,1.764,11.794,11.908,2023000000.0,0.0,21.91,1.489,1.491,118200000.0,,797900000.0,797900000.0,0.0,0.04,0.158,0.077,0.281,0.0,247800000.0,1.0,54208371.0,54300000.0,54600000.0,14.694,2611900000.0,0.0,53000000.0,291400000.0,48.101,-432100000.0
61,GAS,MRT,2000-12-31,2000-12-31,2000-12-31,2019-04-19,0.0,2702000000.0,2301175000.0,207700000.0,2494300000.0,0.264,11.458,-157800000.0,2000000.0,2000000.0,138600000.0,71100000.0,0.219,3.272,1328600000.0,738600000.0,590000000.0,1328600000.0,0.0,84400000.0,14800000.0,0.049,1.08,166000000.0,250400000.0,0.412,250400000.0,166000000.0,108300000.0,1.29,1.29,1.29,632500000.0,624475000.0,632500000.0,1943256356.0,12.0,7.761,-6200000.0,-0.112,1.0,468800000.0,0.772,159100000.0,57700000.0,2920100000.0,2718650000.0,38700000.0,74400000.0,0.0,74400000.0,2069500000.0,949400000.0,156200000.0,1194056356.0,-30900000.0,-4100000.0,-60500000.0,89700000.0,-51200000.0,-22000000.0,-160500000.0,0.0,151600000.0,0.0,71100000.0,71100000.0,71100000.0,0.0,0.0,0.117,331000000.0,137800000.0,80700000.0,0.837,1.888,16.794,17.101,2017400000.0,0.0,22.06,1.966,2.005,157300000.0,,607400000.0,607400000.0,0.0,0.031,0.114,0.061,0.273,0.0,247800000.0,1.0,54127668.0,55200000.0,55200000.0,11.004,2542900000.0,0.0,37200000.0,289400000.0,46.067,-741700000.0
62,GAS,MRT,2000-09-30,2000-09-30,2000-09-30,2019-04-19,0.0,2587900000.0,2108275000.0,99700000.0,2488200000.0,0.288,11.248,-157800000.0,2000000.0,2000000.0,138600000.0,71100000.0,0.35,3.168,751200000.0,161200000.0,590000000.0,751200000.0,0.0,84400000.0,1800000.0,0.054,1.08,159900000.0,244300000.0,0.402,244300000.0,159900000.0,108300000.0,1.29,1.29,1.29,620900000.0,635750000.0,620900000.0,1836557591.0,11.0,7.518,-6200000.0,-0.112,1.0,468800000.0,0.772,0.0,51600000.0,3052300000.0,2595600000.0,37200000.0,78800000.0,0.0,78800000.0,1967000000.0,284800000.0,1682200000.0,1088057591.0,-30900000.0,-4100000.0,-60500000.0,89700000.0,-51200000.0,-22000000.0,-160500000.0,0.0,151600000.0,0.0,71100000.0,71100000.0,71100000.0,0.0,0.0,0.117,331000000.0,137800000.0,34000000.0,0.837,1.752,15.303,15.566,1637500000.0,0.0,20.08,1.791,1.825,31600000.0,,607400000.0,607400000.0,0.0,0.034,0.112,0.062,0.263,0.0,247800000.0,1.0,54186135.0,55200000.0,55200000.0,11.004,2587900000.0,8100000.0,37200000.0,308500000.0,46.882,-185100000.0
63,GAS,MRT,2000-06-30,2000-06-30,2000-06-30,2019-04-19,0.0,1965300000.0,1953900000.0,75100000.0,1890200000.0,0.338,11.459,-169800000.0,0.0,0.0,185900000.0,80800000.0,0.307,2.164,748500000.0,158500000.0,590000000.0,748500000.0,0.0,83200000.0,1900000.0,0.068,1.08,177500000.0,260700000.0,0.395,260700000.0,177500000.0,127300000.0,1.45,1.44,1.45,621100000.0,645900000.0,621100000.0,1580356389.0,9.0,6.062,1300000.0,0.024,1.0,474400000.0,0.718,0.0,50200000.0,2469400000.0,2426275000.0,31200000.0,52400000.0,0.0,52400000.0,1344200000.0,244400000.0,195100000.0,865856389.0,-14000000.0,54600000.0,-53200000.0,37000000.0,-54200000.0,-70400000.0,-114700000.0,0.0,171100000.0,0.0,80800000.0,80800000.0,80800000.0,0.0,0.0,0.122,340000000.0,134400000.0,30000000.0,0.745,1.394,10.716,11.0,1645900000.0,0.0,15.95,1.311,1.309,0.0,,660300000.0,660300000.0,0.0,0.041,0.125,0.073,0.269,0.0,268200000.0,1.0,54285667.0,54200000.0,54200000.0,12.183,1965300000.0,0.0,46500000.0,253000000.0,36.26,-169300000.0
64,GAS,MRT,2000-03-31,2000-03-31,2000-03-31,2019-04-19,0.0,1949500000.0,1956800000.0,84300000.0,1865200000.0,0.365,11.232,-186600000.0,6500000.0,6500000.0,235400000.0,74100000.0,0.365,2.127,721000000.0,131000000.0,590000000.0,721000000.0,0.0,104500000.0,2000000.0,0.059,1.08,164800000.0,269300000.0,0.377,269300000.0,164800000.0,115000000.0,1.31,1.3,1.31,623400000.0,878350000.0,623400000.0,1721579028.0,10.0,6.393,-9900000.0,-0.178,1.0,478700000.0,0.67,0.0,49800000.0,2432800000.0,2407550000.0,18700000.0,51500000.0,0.0,51500000.0,1326100000.0,231200000.0,200200000.0,1046779028.0,-1300000.0,57400000.0,-68500000.0,96000000.0,-73300000.0,-36800000.0,-141200000.0,0.0,176700000.0,0.0,74100000.0,74100000.0,74100000.0,0.0,0.0,0.104,353200000.0,125500000.0,27400000.0,0.824,1.679,14.127,14.031,1628900000.0,0.0,18.38,1.466,1.428,0.0,,714100000.0,714100000.0,0.0,0.038,0.084,0.068,0.231,0.0,268200000.0,1.0,56952069.0,55500000.0,55500000.0,12.867,1949500000.0,0.0,40900000.0,245500000.0,35.126,-146900000.0
65,GAS,MRT,1999-12-31,1999-12-31,1999-12-31,2019-04-19,0.0,1930400000.0,1977150000.0,95600000.0,1834800000.0,0.47,11.909,-182600000.0,4200000.0,4200000.0,436700000.0,75600000.0,0.539,1.849,679000000.0,69000000.0,610000000.0,679000000.0,0.0,103000000.0,2200000.0,0.064,1.08,167100000.0,270100000.0,0.291,270100000.0,167100000.0,116100000.0,1.32,1.31,1.32,677600000.0,1125450000.0,677600000.0,1597460413.0,10.0,5.914,95000000.0,1.67,1.0,492400000.0,0.53,0.0,51000000.0,2427900000.0,2414500000.0,23600000.0,41800000.0,0.0,41800000.0,1252800000.0,177300000.0,191100000.0,968860413.0,3300000.0,57400000.0,-20100000.0,-57500000.0,-73300000.0,-141900000.0,-132400000.0,0.0,277600000.0,0.0,75600000.0,75600000.0,75600000.0,0.0,0.0,0.081,352000000.0,140400000.0,34600000.0,0.818,1.43,12.816,12.879,1608200000.0,0.0,17.0,1.043,1.041,0.0,,929100000.0,929100000.0,0.0,0.038,0.067,0.069,0.18,0.0,268200000.0,1.0,56991789.0,56900000.0,57000000.0,16.329,1930400000.0,0.0,40500000.0,244800000.0,33.926,-81700000.0
66,GAS,MRT,1999-09-30,1999-09-30,1999-09-30,2019-04-19,0.0,1970400000.0,2006625000.0,158600000.0,1811800000.0,0.534,11.524,-147300000.0,32900000.0,32900000.0,569100000.0,74400000.0,0.708,1.979,661500000.0,51500000.0,610000000.0,661500000.0,0.0,81800000.0,7400000.0,0.066,1.08,166500000.0,248300000.0,0.232,248300000.0,166500000.0,113500000.0,1.3,1.29,1.3,661500000.0,1356000000.0,661500000.0,1572316783.0,9.0,6.332,119700000.0,2.085,1.0,501600000.0,0.468,0.0,53000000.0,2375000000.0,2435450000.0,63300000.0,28200000.0,0.0,28200000.0,1308900000.0,224000000.0,1084900000.0,924816783.0,32000000.0,62400000.0,-14600000.0,-75000000.0,-52800000.0,-142400000.0,-92600000.0,0.0,267000000.0,0.0,74400000.0,74400000.0,74400000.0,0.0,0.0,0.069,347000000.0,154600000.0,31300000.0,0.831,1.398,12.43,12.5,1598900000.0,0.0,16.25,0.864,0.871,51800000.0,,1070700000.0,1070700000.0,0.0,0.037,0.055,0.068,0.156,0.0,268200000.0,1.0,56911802.0,57400000.0,57400000.0,18.653,1970400000.0,0.0,39100000.0,252200000.0,34.328,-65400000.0
67,GAS,MRT,1999-06-30,1999-06-30,1999-06-30,2019-04-19,0.0,1976900000.0,2010350000.0,223900000.0,1753000000.0,0.547,27.019,-159900000.0,14000000.0,14000000.0,593700000.0,58300000.0,0.974,0.275,661500000.0,51500000.0,610000000.0,661500000.0,0.0,104600000.0,15200000.0,0.059,1.08,136900000.0,241500000.0,0.22,241500000.0,136900000.0,83100000.0,1.01,1.01,1.01,1550900000.0,1602925000.0,1550900000.0,1718287926.0,13.0,7.115,13200000.0,0.23,1.0,505800000.0,0.46,0.0,53800000.0,2394500000.0,2458550000.0,66300000.0,32900000.0,28900000.0,4000000.0,426000000.0,229900000.0,196100000.0,1063687926.0,3600000.0,-5800000.0,-14400000.0,208100000.0,-70900000.0,1300000.0,-170800000.0,0.0,173100000.0,0.0,58300000.0,58300000.0,58300000.0,0.0,0.0,0.053,353200000.0,152600000.0,39700000.0,1.069,0.686,18.245,18.257,1570100000.0,0.0,18.44,0.967,0.963,100100000.0,,1099500000.0,1099500000.0,0.0,0.029,0.036,0.056,0.125,0.0,278000000.0,1.0,57683727.0,57400000.0,57500000.0,19.155,1976900000.0,0.0,24800000.0,221700000.0,34.441,-6000000.0
68,GAS,MRT,1999-03-31,1999-03-31,1999-03-31,2019-04-19,0.0,2030900000.0,2000250000.0,262800000.0,1768100000.0,0.58,27.983,-125000000.0,6900000.0,6900000.0,682700000.0,49900000.0,1.169,0.26,661500000.0,1500000.0,660000000.0,661500000.0,0.0,80200000.0,24300000.0,0.062,1.08,122500000.0,202700000.0,0.175,202700000.0,122500000.0,68500000.0,0.87,0.87,0.87,1611800000.0,1612300000.0,1611800000.0,1783124039.0,15.0,8.797,66400000.0,1.153,1.0,477600000.0,0.412,0.0,54000000.0,2460600000.0,2458625000.0,55500000.0,38100000.0,0.0,38100000.0,419100000.0,224900000.0,194200000.0,1010124039.0,6900000.0,-6600000.0,2500000.0,127600000.0,-50400000.0,-50800000.0,-133700000.0,0.0,191400000.0,0.0,49900000.0,49900000.0,49900000.0,0.0,0.0,0.043,345600000.0,132000000.0,43300000.0,1.241,0.627,20.243,20.184,1554900000.0,0.0,17.56,0.871,0.872,186700000.0,,1160300000.0,1160300000.0,0.0,0.025,0.031,0.05,0.106,0.0,278000000.0,1.0,57524148.0,57600000.0,57600000.0,20.144,2030900000.0,0.0,18600000.0,216500000.0,35.259,37900000.0
69,GAS,MRT,1998-12-31,1998-12-31,1998-12-31,2019-04-19,0.0,2048300000.0,1979125000.0,354800000.0,1693500000.0,0.639,27.871,-120900000.0,0.0,0.0,756400000.0,70800000.0,1.146,0.28,773000000.0,113000000.0,660000000.0,773000000.0,0.0,78300000.0,31700000.0,0.047,1.08,156900000.0,235200000.0,0.186,235200000.0,156900000.0,102400000.0,1.24,1.24,1.24,1599800000.0,1608025000.0,1599800000.0,2058992969.0,13.0,8.754,89500000.0,1.559,1.0,508500000.0,0.402,0.0,54500000.0,2511700000.0,2443675000.0,122400000.0,41800000.0,0.0,41800000.0,448500000.0,309600000.0,138900000.0,1323392969.0,-7900000.0,-7200000.0,1500000.0,93000000.0,-51500000.0,-87500000.0,-130800000.0,0.0,210400000.0,0.0,70800000.0,70800000.0,70800000.0,0.0,0.0,0.056,345600000.0,162900000.0,71000000.0,0.871,0.827,18.692,18.597,1542500000.0,0.0,23.06,1.046,1.046,214600000.0,,1264900000.0,1264900000.0,0.0,0.036,0.044,0.064,0.124,0.0,278000000.0,1.0,57389114.0,57400000.0,57700000.0,22.037,2048300000.0,0.0,31600000.0,218100000.0,35.685,45200000.0
70,GAS,MRT,1998-09-30,1998-09-30,1998-09-30,2019-04-19,0.0,1985300000.0,1979700000.0,298400000.0,1686900000.0,0.677,28.933,-119200000.0,900000.0,900000.0,823400000.0,80600000.0,1.177,0.204,736500000.0,76500000.0,660000000.0,736500000.0,0.0,75700000.0,30500000.0,0.056,1.08,173800000.0,249500000.0,0.186,249500000.0,173800000.0,119400000.0,1.41,1.41,1.41,1649200000.0,1597750000.0,1649200000.0,1768762584.0,10.0,7.089,58300000.0,1.023,1.0,516700000.0,0.386,0.0,54400000.0,2467400000.0,2439200000.0,165800000.0,46700000.0,0.0,46700000.0,336100000.0,253500000.0,82600000.0,1107862584.0,-3900000.0,-9900000.0,900000.0,177500000.0,-51600000.0,-48200000.0,-133200000.0,0.0,177500000.0,0.0,80600000.0,80600000.0,80600000.0,0.0,0.0,0.06,349100000.0,167600000.0,48400000.0,0.766,0.672,13.745,13.745,1533600000.0,0.0,19.38,0.827,0.824,113000000.0,,1340100000.0,1340100000.0,0.0,0.041,0.05,0.071,0.13,0.0,278000000.0,1.0,57165252.0,57000000.0,57100000.0,23.511,1985300000.0,0.0,38800000.0,246100000.0,34.83,44900000.0
71,GAS,MRT,1998-06-30,1998-06-30,1998-06-30,2019-04-19,0.0,1936500000.0,1964750000.0,261400000.0,1675100000.0,0.651,27.818,-119300000.0,9500000.0,9500000.0,1041800000.0,76600000.0,1.29,0.219,670400000.0,10400000.0,660000000.0,670400000.0,0.0,71100000.0,30900000.0,0.055,1.08,175600000.0,246700000.0,0.193,246700000.0,175600000.0,123400000.0,1.37,1.36,1.37,1588400000.0,1588075000.0,1588400000.0,1793340541.0,10.0,7.269,72800000.0,1.275,1.0,237800000.0,0.186,0.0,52200000.0,2394800000.0,2414050000.0,101100000.0,40200000.0,0.0,40200000.0,348100000.0,202600000.0,145500000.0,1128940541.0,5200000.0,-4100000.0,1000000.0,50900000.0,-53200000.0,-60500000.0,-126400000.0,0.0,192100000.0,0.0,76600000.0,76600000.0,76600000.0,0.0,0.0,0.06,66300000.0,171500000.0,77300000.0,0.788,0.711,14.738,14.46,1531400000.0,0.0,19.81,0.882,0.884,136100000.0,,1279600000.0,1279600000.0,0.0,0.039,0.048,0.073,0.137,0.0,0.0,1.0,56988417.0,57100000.0,,22.41,1936500000.0,0.0,46800000.0,223900000.0,33.914,58800000.0
72,GAS,MRT,1998-03-31,1998-03-31,1998-03-31,2019-04-19,0.0,1946400000.0,1949375000.0,277100000.0,1669300000.0,0.641,28.026,-126500000.0,0.0,0.0,1009200000.0,79200000.0,1.32,0.221,664400000.0,4400000.0,660000000.0,664400000.0,0.0,72300000.0,31900000.0,0.05,1.08,183500000.0,255800000.0,0.205,255800000.0,183500000.0,131900000.0,1.42,1.41,1.42,1594700000.0,1571475000.0,1594700000.0,2023794948.0,11.0,7.912,70100000.0,1.232,1.0,240700000.0,0.193,0.0,51600000.0,2400800000.0,2381525000.0,43900000.0,43200000.0,0.0,43200000.0,351700000.0,210000000.0,141700000.0,1221194948.0,-8700000.0,-5400000.0,1400000.0,-34600000.0,-52800000.0,-70900000.0,-134400000.0,0.0,196600000.0,0.0,79200000.0,79200000.0,79200000.0,0.0,0.0,0.063,63000000.0,177700000.0,69500000.0,0.761,0.766,15.419,15.141,1515600000.0,0.0,21.5,0.977,0.979,202100000.0,,1249900000.0,1249900000.0,0.0,0.041,0.05,0.077,0.147,0.0,0.0,1.0,56799765.0,56900000.0,,21.967,1946400000.0,0.0,52700000.0,231400000.0,34.207,67100000.0
73,GAS,MRT,1997-12-31,1997-12-31,1997-12-31,2019-04-19,0.0,2050600000.0,1935750000.0,406800000.0,1643800000.0,0.654,27.49,-146100000.0,7900000.0,7900000.0,1019200000.0,83100000.0,1.132,0.316,810500000.0,150500000.0,660000000.0,810500000.0,0.0,71300000.0,31600000.0,0.053,1.08,190100000.0,261400000.0,0.206,261400000.0,190100000.0,138900000.0,1.51,1.49,1.51,1558700000.0,1536975000.0,1558700000.0,,,,11500000.0,0.203,1.0,247700000.0,0.196,0.0,51200000.0,2493800000.0,2349525000.0,127000000.0,39500000.0,0.0,39500000.0,491900000.0,359400000.0,132500000.0,1160987197.0,6800000.0,-4100000.0,2100000.0,35700000.0,-51100000.0,1800000.0,-152600000.0,0.0,157600000.0,0.0,83100000.0,83100000.0,83100000.0,0.0,0.0,0.066,64300000.0,183400000.0,93700000.0,0.715,0.745,13.971,13.536,1507700000.0,0.0,20.44,0.916,0.915,223900000.0,,1266900000.0,1266900000.0,0.0,0.043,0.054,0.081,0.15,-300000.0,0.0,1.0,56799765.0,56700000.0,,22.344,2050600000.0,0.0,55800000.0,218900000.0,36.166,47400000.0
74,GAS,MRT,1997-09-30,1997-09-30,1997-09-30,2019-04-19,0.0,1925500000.0,1911550000.0,290900000.0,1634600000.0,0.674,28.708,-146800000.0,4800000.0,4800000.0,1049500000.0,76600000.0,1.195,0.196,689500000.0,29500000.0,660000000.0,689500000.0,0.0,70300000.0,29200000.0,0.057,1.08,175600000.0,245900000.0,0.191,245900000.0,175600000.0,123400000.0,1.37,1.36,1.37,1610500000.0,1502125000.0,1610500000.0,,,,6400000.0,0.114,1.0,238100000.0,0.185,0.0,52200000.0,2366800000.0,2307175000.0,177500000.0,34500000.0,0.0,34500000.0,315000000.0,243400000.0,71600000.0,,-3900000.0,-800000.0,1700000.0,-18500000.0,-50700000.0,-7900000.0,-149200000.0,0.0,153200000.0,0.0,76600000.0,76600000.0,76600000.0,0.0,0.0,0.059,66600000.0,171500000.0,62200000.0,0.788,,,13.825,1497500000.0,0.0,18.94,,0.825,81300000.0,,1287600000.0,1287600000.0,0.0,0.04,0.051,0.076,0.136,0.0,0.0,1.0,,56100000.0,56200000.0,22.952,1925500000.0,0.0,46800000.0,237300000.0,34.323,47500000.0
75,GAS,MRT,1997-06-30,1997-06-30,1997-06-30,2019-04-19,0.0,1875000000.0,,269400000.0,1605600000.0,,,,4300000.0,4300000.0,,,1.203,0.232,618000000.0,33500000.0,584500000.0,618000000.0,0.0,,29100000.0,0.052,1.075,,,,,,,,,,1522000000.0,,1522000000.0,,,,,,1.0,,,0.0,,2264700000.0,,118300000.0,32500000.0,0.0,32500000.0,353000000.0,224000000.0,129000000.0,,,,,,,,,,,,,,,,,,,,65700000.0,,,,,1478600000.0,,20.62,,,124200000.0,,,,,,,,,,,1.0,,,,,1875000000.0,0.0,,213700000.0,,45400000.0
76,GAS,MRT,1997-03-31,1997-03-31,1997-03-31,2019-04-19,0.0,1891900000.0,,313700000.0,1578200000.0,,,,8700000.0,8700000.0,,,1.019,0.299,697500000.0,113000000.0,584500000.0,697500000.0,0.0,,29900000.0,0.057,1.07,,,,,,,,,,1456700000.0,,1456700000.0,,,,,,1.0,,,0.0,,2272800000.0,,55400000.0,32500000.0,0.0,32500000.0,435200000.0,307900000.0,127300000.0,,,,,,,,,,,,,,,,,,,,58600000.0,,,,,1454100000.0,,18.62,,,219400000.0,,,,,,,,,,,1.0,,,,,1891900000.0,0.0,,208500000.0,,5800000.0
77,GAS,MRT,1996-12-31,1996-12-31,1996-12-31,2019-04-19,0.0,1953800000.0,,405200000.0,1548600000.0,,,,1100000.0,1100000.0,,,1.009,0.377,773300000.0,188800000.0,584500000.0,773300000.0,0.0,,29900000.0,0.05,1.065,,,,,,,,,,1419300000.0,,1419300000.0,,,,,,1.0,,,0.0,,2324400000.0,,137000000.0,33200000.0,0.0,33200000.0,534500000.0,401600000.0,132900000.0,,,,,,,,,,,,,,,,,,,,107500000.0,,,,,1427900000.0,,21.12,,,222900000.0,,,,,,,,,,,1.0,,,,,1953800000.0,0.0,,194000000.0,,3600000.0
78,GAS,MRT,1996-09-30,1996-09-30,1996-09-30,2019-04-19,,,,,,,,-131700000.0,,,1001800000.0,75600000.0,,,,,,,,67500000.0,,0.055,1.06,172200000.0,239700000.0,0.195,239700000.0,172200000.0,123100000.0,1.37,1.36,1.37,,,,,,,-49800000.0,-0.901,1.0,226800000.0,0.185,,49100000.0,,,,,,,,,,,5000000.0,2100000.0,1800000.0,101000000.0,-49100000.0,53700000.0,-130600000.0,0.0,81900000.0,0.0,75600000.0,75600000.0,75600000.0,0.0,0.0,0.062,63300000.0,163500000.0,,0.774,,,13.956,,0.0,19.12,,0.861,,,1228600000.0,1228600000.0,0.0,,,,0.14,0.0,0.0,,,55300000.0,55400000.0,22.217,,,47500000.0,,,
