None,ticker,dimension,calendardate,datekey,reportperiod,lastupdated,accoci,assets,assetsavg,assetsc,assetsnc,assetturnover,bvps,capex,cashneq,cashnequsd,cor,consolinc,currentratio,de,debt,debtc,debtnc,debtusd,deferredrev,depamor,deposits,divyield,dps,ebit,ebitda,ebitdamargin,ebitdausd,ebitusd,ebt,eps,epsdil,epsusd,equity,equityavg,equityusd,ev,evebit,evebitda,fcf,fcfps,fxusd,gp,grossmargin,intangibles,intexp,invcap,invcapavg,inventory,investments,investmentsc,investmentsnc,liabilities,liabilitiesc,liabilitiesnc,marketcap,ncf,ncfbus,ncfcommon,ncfdebt,ncfdiv,ncff,ncfi,ncfinv,ncfo,ncfx,netinc,netinccmn,netinccmnusd,netincdis,netincnci,netmargin,opex,opinc,payables,payoutratio,pb,pe,pe1,ppnenet,prefdivis,price,ps,ps1,receivables,retearn,revenue,revenueusd,rnd,roa,roe,roic,ros,sbcomp,sgna,sharefactor,sharesbas,shareswa,shareswadil,sps,tangibles,taxassets,taxexp,taxliabilities,tbvps,workingcapital
0,NBR,MRY,2020-12-31,2020-12-31,2020-12-31,2021-08-02,-11124000.0,5503428000.0,5902924750.0,1131465000.0,4371963000.0,0.362,163.109,-195523000.0,472246000.0,472246000.0,1333072000.0,-762846000.0,2.195,3.304,2977006000.0,8305000.0,2968701000.0,2977006000.0,0.0,853697000.0,0.0,0.009,0.5,-542081000.0,311616000.0,0.146,311616000.0,-542081000.0,-748355000.0,-118.69,-118.69,-118.69,1151384000.0,1344025000.0,1151384000.0,3219518493.0,-6.0,10.332,154238000.0,21.85,1.0,802409000.0,0.376,0.0,206274000.0,7492719000.0,8130704750.0,160585000.0,9500000.0,9500000.0,0.0,3803780000.0,515469000.0,3288311000.0,424730493.0,33242000.0,0.0,-1731000.0,-104655000.0,-22538000.0,-148001000.0,-165457000.0,2669000.0,349761000.0,-3061000.0,-805641000.0,-820252000.0,-820252000.0,0.0,42795000.0,-0.384,1501409000.0,-699000000.0,220922000.0,-0.004,0.369,-0.518,-0.491,3985707000.0,14611000.0,58.23,0.199,0.192,362977000.0,-946100000.0,2135481000.0,2135481000.0,33564000.0,-0.139,-0.61,-0.067,-0.254,24638000.0,203515000.0,1.0,7294015.0,7059000,7059000.0,302.519,5503428000.0,247171000.0,57286000.0,11733000.0,779.633,615996000.0
1,NBR,MRY,2019-12-31,2019-12-31,2019-12-31,2021-08-02,-11788000.0,6760658000.0,7330585500.0,1248666000.0,5511992000.0,0.417,281.97,-427741000.0,435990000.0,435990000.0,1929331000.0,-680510000.0,1.902,2.161,3346699000.0,13479000.0,3333220000.0,3346699000.0,0.0,876103000.0,0.0,0.014,2.0,-406998000.0,469105000.0,0.154,469105000.0,-406998000.0,-611309000.0,-105.39,-105.39,-105.39,1982811000.0,2300591250.0,1982811000.0,4180920455.0,-10.0,8.913,256817000.0,36.521,1.0,1124265000.0,0.368,28380000.0,204311000.0,8986439000.0,9646193750.0,176341000.0,16506000.0,16506000.0,0.0,4285101000.0,656548000.0,3628553000.0,1046637455.0,-9042000.0,-2929000.0,0.0,-272688000.0,-49583000.0,-331573000.0,-355856000.0,14526000.0,684558000.0,-6171000.0,-702885000.0,-720129000.0,-720129000.0,0.0,22375000.0,-0.236,1487120000.0,-362855000.0,295159000.0,-0.019,0.528,-1.453,-1.366,4930549000.0,17244000.0,144.0,0.343,0.332,453042000.0,-104775000.0,3053596000.0,3053596000.0,50359000.0,-0.098,-0.313,-0.042,-0.133,24660000.0,258731000.0,1.0,7268316.0,7032000,7032000.0,434.243,6732278000.0,305844000.0,91576000.0,17777000.0,957.377,592118000.0
2,NBR,MRY,2018-12-31,2018-12-31,2018-12-31,2021-08-02,-29325000.0,7853944000.0,8103652250.0,1593563000.0,6260381000.0,0.376,403.835,-458938000.0,447766000.0,447766000.0,1976974000.0,-612726000.0,1.915,1.74,3586445000.0,561000.0,3585884000.0,3586445000.0,0.0,868509000.0,0.0,0.12,12.0,-334555000.0,533954000.0,0.175,533954000.0,-334555000.0,-561679000.0,-99.61,-99.61,-99.61,2700850000.0,2851178500.0,2700850000.0,4105770132.0,-12.0,7.689,-133165000.0,-19.911,1.0,1071147000.0,0.351,183914000.0,227124000.0,9976632000.0,10532692250.0,165587000.0,34036000.0,34036000.0,0.0,4698757000.0,832077000.0,3866680000.0,715589132.0,109051000.0,-20859000.0,301404000.0,-479175000.0,-87098000.0,155629000.0,-367088000.0,3611000.0,325773000.0,-5263000.0,-640948000.0,-653253000.0,-653253000.0,0.0,28222000.0,-0.214,1328017000.0,-256870000.0,392843000.0,-0.12,0.265,-1.095,-1.004,5467870000.0,12305000.0,100.0,0.235,0.219,756320000.0,650842000.0,3048121000.0,3048121000.0,56147000.0,-0.081,-0.229,-0.032,-0.11,26396000.0,265822000.0,1.0,7155891.0,6688000,6688000.0,455.76,7670030000.0,345091000.0,79269000.0,27072000.0,1146.835,761486000.0
3,NBR,MRY,2017-12-31,2017-12-31,2017-12-31,2021-08-02,11185000.0,8401984000.0,8169584750.0,1447336000.0,6954648000.0,0.314,518.757,-574467000.0,336997000.0,336997000.0,1718069000.0,-540633000.0,1.574,1.806,4027947000.0,181000.0,4027766000.0,4027947000.0,0.0,845439000.0,0.0,0.035,12.0,-406892000.0,438547000.0,0.171,438547000.0,-406892000.0,-629781000.0,-95.0,-95.0,-95.0,2911816000.0,3010101000.0,2911816000.0,5720708586.0,-14.0,13.045,-511711000.0,-91.164,1.0,847417000.0,0.33,173226000.0,222889000.0,11000232000.0,10765870250.0,166307000.0,28369000.0,28369000.0,0.0,5259213000.0,919476000.0,4339737000.0,1952453586.0,77039000.0,12319000.0,-9771000.0,405300000.0,-68503000.0,512180000.0,-497868000.0,6347000.0,62756000.0,-29000.0,-546811000.0,-546811000.0,-546811000.0,0.0,6178000.0,-0.213,1189732000.0,-342315000.0,363416000.0,-0.126,0.671,-3.571,-3.595,6109565000.0,0.0,341.5,0.761,0.747,698477000.0,1423154000.0,2565486000.0,2565486000.0,51069000.0,-0.067,-0.182,-0.038,-0.159,31896000.0,251184000.0,1.0,5717287.0,5613060,5613060.0,457.057,8228758000.0,419003000.0,-82970000.0,33173000.0,1466.002,527860000.0
4,NBR,MRY,2016-12-31,2016-12-31,2016-12-31,2021-08-02,-12119000.0,8187015000.0,8554538750.0,1155839000.0,7031176000.0,0.235,587.219,-395455000.0,264093000.0,264093000.0,1344298000.0,-1029607000.0,1.406,1.519,3578632000.0,297000.0,3578335000.0,3578632000.0,0.0,874296000.0,0.0,0.015,12.0,-1031213000.0,-156917000.0,-0.078,-156917000.0,-1031213000.0,-1216573000.0,-182.0,-182.0,-182.0,3247025000.0,3614781000.0,3247025000.0,7947276250.0,-8.0,-50.646,136450000.0,24.677,1.0,662810000.0,0.33,166917000.0,185360000.0,10512703000.0,10868293250.0,103595000.0,31109000.0,31109000.0,0.0,4932220000.0,821934000.0,4110286000.0,4648221250.0,9499000.0,-22278000.0,-720000.0,-81843000.0,-50924000.0,-138216000.0,-382187000.0,715000.0,531905000.0,-2003000.0,-1029742000.0,-1029742000.0,-1029742000.0,0.0,135000.0,-0.513,1631351000.0,-968541000.0,264578000.0,-0.066,1.432,-4.514,-4.505,6267583000.0,0.0,820.0,2.316,2.259,508355000.0,2033427000.0,2007108000.0,2007108000.0,33582000.0,-0.12,-0.285,-0.095,-0.514,32000000.0,227639000.0,1.0,5668562.0,5529500,5529500.0,362.982,8020098000.0,366586000.0,-186831000.0,23306000.0,1450.42,333905000.0
5,NBR,MRY,2015-12-31,2015-12-31,2015-12-31,2021-08-02,-47593000.0,9537840000.0,10147225500.0,1475897000.0,8061943000.0,0.374,756.711,-867106000.0,254530000.0,254530000.0,2371436000.0,-372294000.0,1.466,1.224,3661708000.0,6508000.0,3655200000.0,3661708000.0,0.0,973318000.0,0.0,0.028,12.0,-288785000.0,684533000.0,0.181,684533000.0,-288785000.0,-470713000.0,-64.5,-64.5,-64.5,4282710000.0,4668949000.0,4282710000.0,6308537283.0,-22.0,9.216,-10550000.0,-1.864,1.0,1420228000.0,0.375,166659000.0,181928000.0,11771860000.0,12269793000.0,153824000.0,435236000.0,20059000.0,415177000.0,5243972000.0,1006499000.0,4237473000.0,2813148283.0,-246619000.0,569418000.0,-98302000.0,-678481000.0,-69363000.0,-849941000.0,-227449000.0,952000.0,856556000.0,-25785000.0,-372675000.0,-372675000.0,-372675000.0,0.0,381000.0,-0.098,1705007000.0,-284779000.0,271984000.0,-0.186,0.657,-7.549,-6.597,7027802000.0,0.0,425.5,0.742,0.635,784671000.0,3131134000.0,3791664000.0,3791664000.0,41253000.0,-0.037,-0.08,-0.024,-0.076,47313000.0,324328000.0,1.0,6611394.0,5659640,5659640.0,669.948,9371181000.0,0.0,-98038000.0,70720000.0,1655.791,469398000.0
6,NBR,MRY,2014-12-31,2014-12-31,2014-12-31,2021-08-02,77522000.0,11862923000.0,12276333750.0,2741874000.0,9121049000.0,0.555,844.293,-1821315000.0,501149000.0,501149000.0,4505064000.0,-669244000.0,1.749,1.415,4338030000.0,6190000.0,4331840000.0,4338030000.0,0.0,1148309000.0,0.0,0.015,10.0,-430045000.0,718264000.0,0.105,718264000.0,-430045000.0,-607993000.0,-114.0,-114.0,-114.0,4908619000.0,5700846750.0,4908619000.0,7607797648.0,-18.0,10.592,-39404000.0,-6.778,1.0,2304663000.0,0.338,173928000.0,177948000.0,13958401000.0,14144330500.0,230067000.0,93271000.0,35020000.0,58251000.0,6944134000.0,1567475000.0,5376659000.0,3756918648.0,111234000.0,-74149000.0,-219774000.0,431192000.0,-59145000.0,69848000.0,-1716909000.0,23673000.0,1781911000.0,-23616000.0,-670659000.0,-670659000.0,-670659000.0,0.0,1415000.0,-0.098,2699944000.0,-395281000.0,780060000.0,-0.088,0.765,-5.602,-5.693,8599125000.0,0.0,649.0,0.552,0.554,1517503000.0,3573172000.0,6809727000.0,6809727000.0,49698000.0,-0.055,-0.118,-0.03,-0.063,37190000.0,500036000.0,1.0,5788781.0,5813880,5813880.0,1171.288,11688995000.0,118230000.0,62666000.0,496224000.0,2010.533,1174399000.0
7,NBR,MRY,2013-12-31,2013-12-31,2013-12-31,2021-08-02,216140000.0,12159811000.0,12303571750.0,2753830000.0,9405981000.0,0.508,1014.523,-1178205000.0,389915000.0,389915000.0,3981828000.0,147162000.0,2.1,1.024,3914302000.0,10185000.0,3904117000.0,3914302000.0,0.0,1099741000.0,0.0,0.009,8.0,308219000.0,1407960000.0,0.225,1407960000.0,308219000.0,84801000.0,23.5,23.5,23.5,5969086000.0,5922907750.0,5969086000.0,8666419859.0,28.0,6.155,240018000.0,40.794,1.0,2266803000.0,0.363,512964000.0,223418000.0,13859810000.0,14276087750.0,209793000.0,184714000.0,117218000.0,67496000.0,6109446000.0,1311424000.0,4798022000.0,5014874859.0,-135007000.0,-110298000.0,5383000.0,-694505000.0,-47168000.0,-729586000.0,-815468000.0,164510000.0,1418223000.0,-8176000.0,139982000.0,139982000.0,139982000.0,11179000.0,7180000.0,0.022,1899248000.0,367555000.0,545512000.0,0.34,0.84,35.825,36.149,8597813000.0,0.0,849.5,0.803,0.8,1399543000.0,4304664000.0,6248631000.0,6248631000.0,45440000.0,0.011,0.024,0.022,0.049,53255000.0,479890000.0,1.0,5903325.0,5883640,5931840.0,1062.035,11646847000.0,121316000.0,-55181000.0,574795000.0,1979.531,1442406000.0
8,NBR,MRY,2012-12-31,2012-12-31,2012-12-31,2021-08-02,431595000.0,12656022000.0,12893062250.0,3132857000.0,9523165000.0,0.513,1025.111,-1518628000.0,524922000.0,524922000.0,4367106000.0,165448000.0,2.767,1.115,4379700000.0,364000.0,4379336000.0,4379700000.0,0.0,1055757000.0,0.0,0.0,0.0,457717000.0,1513474000.0,0.229,1513474000.0,457717000.0,205813000.0,28.5,28.0,28.5,5944929000.0,5829441750.0,5944929000.0,8403769502.0,18.0,5.553,44077000.0,7.6,1.0,2250364000.0,0.34,472326000.0,251904000.0,14906092000.0,15288649750.0,251133000.0,319241000.0,253282000.0,65959000.0,6629717000.0,1132382000.0,5497335000.0,4196046502.0,126347000.0,158204000.0,-3625000.0,-248079000.0,0.0,-254127000.0,-1179628000.0,30995000.0,1562705000.0,-2603000.0,164827000.0,164827000.0,164827000.0,67526000.0,621000.0,0.025,1721500000.0,528864000.0,499010000.0,0.0,0.706,25.457,25.351,8712088000.0,0.0,722.5,0.634,0.633,1382623000.0,4120398000.0,6617470000.0,6617470000.0,0.0,0.013,0.028,0.03,0.069,18312000.0,527953000.0,1.0,5807677.0,5799300,5846460.0,1141.081,12183696000.0,110480000.0,40986000.0,632963000.0,2100.891,2000475000.0
9,NBR,MRY,2011-12-31,2011-12-31,2011-12-31,2021-08-02,321264000.0,12912140000.0,12309136500.0,3088314000.0,9823826000.0,0.497,973.087,-2042617000.0,398575000.0,398575000.0,3738506000.0,249569000.0,1.713,1.296,4623816000.0,275326000.0,4348490000.0,4623816000.0,0.0,972011000.0,0.0,0.0,0.0,670239000.0,1642250000.0,0.268,1642250000.0,670239000.0,413607000.0,43.5,42.5,43.5,5587815000.0,5583759000.0,5587815000.0,9074101608.0,14.0,5.525,-586130000.0,-102.071,1.0,2380361000.0,0.389,501258000.0,256632000.0,14833561000.0,14176831250.0,272852000.0,523059000.0,140914000.0,382145000.0,7241735000.0,1802562000.0,5439173000.0,4986202608.0,-243127000.0,-24737000.0,11605000.0,152531000.0,0.0,163245000.0,-1859479000.0,27317000.0,1456487000.0,-3380000.0,248524000.0,248524000.0,248524000.0,97601000.0,1045000.0,0.041,1608476000.0,771885000.0,782753000.0,0.0,0.892,20.063,19.931,8629946000.0,0.0,867.0,0.815,0.814,1576555000.0,3956364000.0,6118867000.0,6118867000.0,0.0,0.02,0.045,0.047,0.11,21244000.0,487808000.0,1.0,5751099.0,5742360,5849680.0,1065.567,12410882000.0,127874000.0,165083000.0,825635000.0,2161.286,1285752000.0
10,NBR,MRY,2010-12-31,2010-12-31,2010-12-31,2021-08-02,342052000.0,11646569000.0,11098040750.0,2612930000.0,9033639000.0,0.376,934.29,-930277000.0,641702000.0,641702000.0,2400519000.0,94780000.0,1.213,1.17,4443144000.0,1379018000.0,3064126000.0,4443144000.0,0.0,793521000.0,0.0,0.0,0.0,404357000.0,1197878000.0,0.287,1197878000.0,404357000.0,131645000.0,16.5,16.5,16.5,5328162000.0,5249283250.0,5328162000.0,10565049842.0,26.0,8.82,176707000.0,30.985,1.0,1774494000.0,0.425,494372000.0,272712000.0,12799259000.0,12427477750.0,158836000.0,467511000.0,159488000.0,308023000.0,6234518000.0,2154380000.0,4080138000.0,6695270842.0,-286113000.0,-774566000.0,6266000.0,283202000.0,0.0,280254000.0,-1673305000.0,466000.0,1106984000.0,-46000.0,94695000.0,94695000.0,94695000.0,161090000.0,85000.0,0.023,1208212000.0,566282000.0,355282000.0,0.0,1.257,70.704,71.091,7815419000.0,0.0,1173.0,1.604,1.602,1116510000.0,3707881000.0,4175013000.0,4175013000.0,0.0,0.009,0.018,0.033,0.097,13746000.0,338720000.0,1.0,5707818.0,5702900,5799920.0,732.086,11152197000.0,31510000.0,36950000.0,796035000.0,1955.531,458550000.0
11,NBR,MRY,2009-12-31,2009-12-31,2009-12-31,2021-08-02,292706000.0,10644690000.0,10826408500.0,2176664000.0,8468026000.0,0.326,911.963,-1093435000.0,927815000.0,927815000.0,1981504000.0,-85888000.0,3.576,1.057,3940768000.0,163000.0,3940605000.0,3940768000.0,0.0,679493000.0,0.0,0.0,0.0,116564000.0,796057000.0,0.225,796057000.0,116564000.0,-149483000.0,-15.0,-15.0,-15.0,5167656000.0,5099707250.0,5167656000.0,9351043819.0,80.0,11.747,523537000.0,92.391,1.0,1550806000.0,0.439,164265000.0,266047000.0,12884756000.0,13063494500.0,100819000.0,570526000.0,163036000.0,407490000.0,5462711000.0,608622000.0,4854089000.0,6201227819.0,485728000.0,-125076000.0,9734000.0,16188000.0,0.0,19373000.0,-1162777000.0,24359000.0,1616972000.0,12160000.0,-85546000.0,-85546000.0,-85546000.0,218609000.0,-342000.0,-0.024,1215975000.0,334831000.0,226423000.0,0.0,1.2,-72.49,-72.967,7646050000.0,0.0,1094.5,1.756,1.756,724040000.0,3613186000.0,3532310000.0,3532310000.0,0.0,-0.008,-0.017,0.009,0.033,106725000.0,421492000.0,1.0,5665809.0,5666520,5730040.0,623.365,10480425000.0,125163000.0,-63937000.0,709126000.0,1849.535,1568042000.0
12,NBR,MRY,2008-12-31,2008-12-31,2008-12-31,2021-08-02,53520000.0,10517899000.0,10775885750.0,2166593000.0,8351306000.0,0.495,870.689,-1506979000.0,442087000.0,442087000.0,3100613000.0,479664000.0,1.919,1.142,3825563000.0,225030000.0,3600533000.0,3825563000.0,0.0,639809000.0,0.0,0.0,0.0,882115000.0,1521924000.0,0.285,1521924000.0,882115000.0,685397000.0,84.5,82.5,84.5,4904106000.0,4905554750.0,4904106000.0,6996406802.0,8.0,4.597,-44155000.0,-7.839,1.0,2235793000.0,0.419,175749000.0,196718000.0,12596767000.0,12686187750.0,150118000.0,793837000.0,142158000.0,651679000.0,5599475000.0,1128859000.0,4470616000.0,3406354802.0,-89219000.0,-271596000.0,-237532000.0,142924000.0,0.0,-89239000.0,-1457103000.0,251630000.0,1462824000.0,-5701000.0,475737000.0,475737000.0,475737000.0,41930000.0,3927000.0,0.089,1307821000.0,927972000.0,424908000.0,0.0,0.695,7.16,7.083,7331959000.0,0.0,598.5,0.638,0.632,1160768000.0,3698732000.0,5336406000.0,5336406000.0,0.0,0.044,0.097,0.07,0.165,45401000.0,479194000.0,1.0,5691487.0,5632440,5764720.0,947.441,10342150000.0,28083000.0,209660000.0,734051000.0,1836.176,1037734000.0
13,NBR,MRY,2007-12-31,2007-12-31,2007-12-31,2021-08-02,322635000.0,10103382000.0,9918613750.0,2205112000.0,7898270000.0,0.498,802.545,-2039180000.0,531306000.0,531306000.0,2764559000.0,865282000.0,1.476,1.238,4006433000.0,700000000.0,3306433000.0,4006433000.0,0.0,505181000.0,0.0,0.0,0.0,1222118000.0,1727299000.0,0.35,1727299000.0,1222118000.0,1067198000.0,154.0,150.0,154.0,4514121000.0,4220486000.0,4514121000.0,11065881091.0,9.0,6.406,-644271000.0,-114.542,1.0,2176122000.0,0.44,368432000.0,154920000.0,11715945000.0,11565310250.0,133786000.0,1000121000.0,235745000.0,764376000.0,5589261000.0,1494132000.0,4095129000.0,7753818091.0,-169243000.0,-92159000.0,-42642000.0,-38416000.0,0.0,-78899000.0,-1487217000.0,482067000.0,1394909000.0,1964000.0,865702000.0,865702000.0,865702000.0,-35024000.0,-420000.0,0.175,989448000.0,1186674000.0,348524000.0,0.0,1.718,8.957,8.893,6632612000.0,0.0,1369.5,1.569,1.559,1039238000.0,3359080000.0,4940681000.0,4940681000.0,0.0,0.087,0.205,0.106,0.247,30176000.0,436282000.0,1.0,5661788.0,5624760,5764520.0,878.381,9734950000.0,12757000.0,201496000.0,639075000.0,1730.732,710980000.0
14,NBR,MRY,2006-12-31,2006-12-31,2006-12-31,2021-08-02,201261000.0,9142303000.0,8338201250.0,2504856000.0,6637447000.0,0.579,609.261,-1927407000.0,700549000.0,700549000.0,2511392000.0,1020736000.0,2.932,1.585,4004074000.0,0.0,4004074000.0,4004074000.0,0.0,409707000.0,0.0,0.0,0.0,1502215000.0,1911922000.0,0.396,1911922000.0,1502215000.0,1455629000.0,176.0,170.0,176.0,3536653000.0,3427198500.0,3536653000.0,12552711953.0,8.0,6.565,-441149000.0,-75.997,1.0,2318449000.0,0.48,362269000.0,46586000.0,11229199000.0,9844984250.0,100487000.0,952736000.0,439467000.0,513269000.0,5605650000.0,854360000.0,4751290000.0,8909372953.0,135548000.0,-48996000.0,-955996000.0,1953682000.0,0.0,418275000.0,-1768469000.0,190378000.0,1486258000.0,-516000.0,1020736000.0,1020736000.0,1020736000.0,-27727000.0,0.0,0.211,843961000.0,1474488000.0,459179000.0,0.0,2.519,8.728,8.46,5410101000.0,0.0,1489.0,1.845,1.79,1109738000.0,2473373000.0,4829841000.0,4829841000.0,0.0,0.122,0.298,0.153,0.311,79888000.0,416610000.0,1.0,5983461.0,5804820,5996540.0,832.04,8780034000.0,38081000.0,434893000.0,638886000.0,1512.542,1650496000.0
15,NBR,MRY,2005-12-31,2005-12-31,2005-12-31,2021-08-02,192980000.0,7230407000.0,6607390000.0,2617308000.0,4613099000.0,0.528,602.007,-907316000.0,565001000.0,565001000.0,1958538000.0,648695000.0,1.935,0.924,2019663000.0,767912000.0,1251751000.0,2019663000.0,0.0,338532000.0,0.0,0.0,0.0,912544000.0,1251076000.0,0.359,1251076000.0,912544000.0,867695000.0,104.0,100.0,104.0,3758140000.0,3458333000.0,3758140000.0,13370797130.0,15.0,10.687,122184000.0,19.572,1.0,1527033000.0,0.438,341939000.0,44849000.0,6990674000.0,6458720750.0,51292000.0,1081326000.0,858524000.0,222802000.0,3472267000.0,1352456000.0,2119811000.0,11928873130.0,180292000.0,-82206000.0,94981000.0,10381000.0,0.0,102626000.0,-958240000.0,3819000.0,1029500000.0,6406000.0,648695000.0,648695000.0,648695000.0,-10540000.0,0.0,0.186,625029000.0,902004000.0,336589000.0,0.0,3.174,18.389,18.209,3886924000.0,0.0,1893.75,3.422,3.392,822104000.0,1989526000.0,3485571000.0,3485571000.0,0.0,0.098,0.188,0.141,0.262,4819000.0,247129000.0,1.0,6299075.0,6242680,6487560.0,558.345,6888468000.0,199196000.0,219000000.0,740264000.0,1103.447,1264852000.0
16,NBR,MRY,2004-12-31,2004-12-31,2004-12-31,2021-08-02,148229000.0,5862609000.0,5667563250.0,2020436000.0,3842173000.0,0.432,491.72,-544429000.0,384709000.0,384709000.0,1572649000.0,302457000.0,1.685,1.001,2006236000.0,804550000.0,1201686000.0,2006236000.0,0.0,300399000.0,0.0,0.0,0.0,384345000.0,684744000.0,0.28,684744000.0,384345000.0,335838000.0,51.0,48.0,51.0,2929393000.0,2738852500.0,2929393000.0,9374568294.0,24.0,13.691,18769000.0,3.151,1.0,875503000.0,0.358,327225000.0,48507000.0,5957595000.0,6405899000.0,28653000.0,1026338000.0,955304000.0,71034000.0,2933216000.0,1199316000.0,1733900000.0,7668425294.0,-195028000.0,-200000.0,71248000.0,-292437000.0,0.0,-221189000.0,-549077000.0,-11327000.0,563198000.0,12040000.0,302457000.0,302457000.0,302457000.0,0.0,0.0,0.124,491158000.0,384345000.0,211600000.0,0.0,2.618,25.354,25.142,3275495000.0,0.0,1282.25,3.132,3.12,540103000.0,1422640000.0,2448152000.0,2448152000.0,0.0,0.053,0.11,0.06,0.157,0.0,195388000.0,1.0,5980445.0,5957440,6561200.0,410.94,5535384000.0,39599000.0,33381000.0,397809000.0,929.155,821120000.0
17,NBR,MRY,2003-12-31,2003-12-31,2003-12-31,2021-08-02,99583000.0,5602692000.0,5430468750.0,1515647000.0,4087045000.0,0.354,424.976,-353138000.0,579737000.0,579737000.0,1276953000.0,192228000.0,2.533,1.25,2284938000.0,299385000.0,1985553000.0,2284938000.0,0.0,235127000.0,0.0,0.0,0.0,245363000.0,480490000.0,0.25,480490000.0,245363000.0,174623000.0,32.75,31.25,32.75,2490275000.0,2371557250.0,2490275000.0,7857589273.0,32.0,16.353,42600000.0,7.27,1.0,647046000.0,0.336,315627000.0,70740000.0,6393893000.0,6124635750.0,23289000.0,999353000.0,386936000.0,612417000.0,3112417000.0,598373000.0,2514044000.0,6083396273.0,165686000.0,-175000.0,26341000.0,143218000.0,0.0,171484000.0,-408240000.0,-65403000.0,395738000.0,6704000.0,192228000.0,192228000.0,192228000.0,0.0,0.0,0.1,401683000.0,245363000.0,128840000.0,0.0,2.443,31.647,31.679,2990792000.0,0.0,1037.5,3.162,3.16,410487000.0,1120183000.0,1923999000.0,1923999000.0,0.0,0.035,0.081,0.04,0.128,0.0,165403000.0,1.0,5863514.0,5859800,6275880.0,328.339,5287065000.0,36442000.0,-17605000.0,382227000.0,902.26,917274000.0
18,NBR,MRY,2002-12-31,2002-12-31,2002-12-31,2021-08-02,-3243000.0,5063872000.0,4645429250.0,1369908000.0,3693964000.0,0.327,375.632,-326536000.0,414051000.0,414051000.0,973910000.0,121489000.0,1.823,1.346,2107641000.0,492985000.0,1614656000.0,2107641000.0,0.0,195365000.0,0.0,0.0,0.0,207842000.0,403207000.0,0.266,403207000.0,207842000.0,140774000.0,21.25,20.25,21.25,2158455000.0,2097448250.0,2158455000.0,6524875391.0,31.0,16.182,74340000.0,12.937,1.0,544269000.0,0.359,306762000.0,67068000.0,5699246000.0,5212876000.0,20524000.0,916748000.0,457600000.0,459148000.0,2905417000.0,751454000.0,2153963000.0,5104941391.0,215608000.0,-135652000.0,10364000.0,457626000.0,0.0,466706000.0,-654286000.0,-218250000.0,400876000.0,2312000.0,121489000.0,121489000.0,121489000.0,0.0,0.0,0.08,336427000.0,207842000.0,109163000.0,0.0,2.365,42.02,41.494,2801067000.0,0.0,881.75,3.363,3.337,320299000.0,927955000.0,1518179000.0,1518179000.0,0.0,0.026,0.058,0.04,0.137,0.0,141895000.0,1.0,5789556.0,5746200,5999880.0,264.206,4757110000.0,32846000.0,19285000.0,393454000.0,827.871,618454000.0
19,NBR,MRY,2001-12-31,2001-12-31,2001-12-31,2021-08-02,3260000.0,4151915000.0,4177944500.0,1030946000.0,3120969000.0,0.553,321.586,-712605000.0,198443000.0,198443000.0,1366967000.0,357450000.0,3.123,1.235,1570126000.0,2510000.0,1567616000.0,1570126000.0,0.0,189896000.0,0.0,0.0,0.0,618334000.0,808230000.0,0.35,808230000.0,618334000.0,557612000.0,62.0,56.0,62.0,1857866000.0,1853450500.0,1857866000.0,6234223928.0,10.0,7.713,-8466000.0,-1.465,1.0,943726000.0,0.408,199048000.0,60722000.0,4994420000.0,4964179500.0,18515000.0,720194000.0,343169000.0,377025000.0,2294049000.0,330130000.0,1963919000.0,4836128928.0,1131000.0,-66352000.0,-239744000.0,673853000.0,0.0,434801000.0,-1136459000.0,-372569000.0,704139000.0,-1350000.0,357450000.0,357450000.0,357450000.0,0.0,0.0,0.155,325392000.0,618334000.0,131821000.0,0.0,2.603,13.53,13.843,2433247000.0,0.0,858.25,2.093,2.146,361086000.0,1001079000.0,2310693000.0,2310693000.0,0.0,0.086,0.193,0.125,0.268,0.0,135496000.0,1.0,5634872.0,5777200,6751600.0,399.968,3952867000.0,28145000.0,200162000.0,313178000.0,684.218,700816000.0
20,NBR,MRY,2000-12-31,2000-12-31,2000-12-31,2021-08-02,7094000.0,3136868000.0,2874772500.0,803616000.0,2333252000.0,0.509,312.875,-300637000.0,197312000.0,197312000.0,938651000.0,137356000.0,2.878,0.736,858331000.0,3554000.0,854777000.0,858331000.0,0.0,152413000.0,0.0,0.0,0.0,265113000.0,417526000.0,0.285,417526000.0,265113000.0,229743000.0,23.75,22.5,23.75,1806468000.0,1714239000.0,1806468000.0,9317223057.0,35.0,22.315,-81189000.0,-14.062,1.0,524030000.0,0.358,192181000.0,35370000.0,3326527000.0,3014125500.0,18029000.0,353641000.0,138939000.0,214702000.0,1330400000.0,279179000.0,1051221000.0,8691362057.0,116732000.0,0.0,112979000.0,358697000.0,0.0,473310000.0,-575950000.0,-282836000.0,219448000.0,-76000.0,137356000.0,137356000.0,137356000.0,0.0,0.0,0.094,258917000.0,265113000.0,139162000.0,0.0,4.811,63.276,62.263,1821392000.0,0.0,1478.75,5.942,5.837,350302000.0,643629000.0,1462681000.0,1462681000.0,0.0,0.048,0.08,0.088,0.181,0.0,106504000.0,1.0,5877506.0,5773760,6096680.0,253.332,2944687000.0,27816000.0,92387000.0,120750000.0,510.012,524437000.0
21,NBR,MRY,1999-12-31,1999-12-31,1999-12-31,2021-08-02,-3828000.0,2398003000.0,1916530500.0,461293000.0,1936710000.0,0.344,329.924,-82126000.0,80580000.0,80580000.0,418675000.0,27704000.0,1.738,0.631,486199000.0,3599000.0,482600000.0,486199000.0,0.0,99893000.0,0.0,0.0,0.0,76024000.0,175917000.0,0.267,175917000.0,76024000.0,45629000.0,6.25,6.25,6.25,1470074000.0,1135888500.0,1470074000.0,3790443707.0,50.0,21.547,51922000.0,11.653,1.0,241205000.0,0.366,169054000.0,30395000.0,2369092000.0,1934210000.0,25758000.0,31086000.0,31086000.0,0.0,927929000.0,265476000.0,662453000.0,3618028707.0,63832000.0,10557000.0,5687000.0,15499000.0,0.0,20126000.0,-90342000.0,-18773000.0,134048000.0,0.0,27704000.0,27704000.0,27704000.0,0.0,0.0,0.042,165181000.0,76024000.0,80343000.0,0.0,2.461,130.596,123.76,1669466000.0,0.0,773.5,5.483,5.223,205643000.0,506273000.0,659880000.0,659880000.0,0.0,0.014,0.024,0.039,0.115,0.0,65288000.0,1.0,4677477.0,4455800,4817960.0,148.095,2228949000.0,39074000.0,17925000.0,113992000.0,500.235,195817000.0
22,NBR,MRY,1998-12-31,1998-12-31,1998-12-31,2021-08-02,-10983000.0,1465907000.0,1393242750.0,281180000.0,1184727000.0,0.719,215.131,-276471000.0,16748000.0,16748000.0,623844000.0,124988000.0,1.151,0.69,302928000.0,85894000.0,217034000.0,302928000.0,0.0,84949000.0,0.0,0.0,0.0,215444000.0,300393000.0,0.3,300393000.0,215444000.0,199981000.0,31.0,31.0,31.0,867469000.0,845933500.0,867469000.0,1656493335.0,8.0,5.514,5272000.0,1.307,1.0,377419000.0,0.377,8037000.0,15463000.0,1499692000.0,1433271500.0,25740000.0,30592000.0,6702000.0,23890000.0,598438000.0,244358000.0,354080000.0,1366626335.0,11125000.0,18668000.0,-738000.0,7400000.0,0.0,5716000.0,-276334000.0,-18531000.0,281743000.0,0.0,124988000.0,124988000.0,124988000.0,0.0,0.0,0.125,161975000.0,215444000.0,58534000.0,0.0,1.575,10.934,10.935,1127154000.0,0.0,339.0,1.365,1.365,174304000.0,478569000.0,1001263000.0,1001263000.0,0.0,0.09,0.148,0.15,0.215,0.0,77026000.0,1.0,4031346.0,4032280,4502200.0,248.312,1457870000.0,15665000.0,74993000.0,102532000.0,361.55,36822000.0
23,NBR,MRY,1997-12-31,1997-09-30,1997-09-30,2021-08-02,16770000.0,1234232000.0,,305828000.0,928404000.0,,189.475,-267882000.0,3919000.0,3919000.0,737780000.0,114808000.0,1.302,0.696,272533000.0,43026000.0,229507000.0,272533000.0,0.0,66391000.0,0.0,0.0,0.0,198930000.0,265321000.0,0.258,265321000.0,198930000.0,182410000.0,30.0,27.0,30.0,727843000.0,,727843000.0,,,,-102878000.0,-26.782,1.0,291523000.0,0.283,0.0,16520000.0,1267890000.0,,21372000.0,49404000.0,7125000.0,42279000.0,506389000.0,234956000.0,271433000.0,,-92466000.0,-66462000.0,58819000.0,9812000.0,0.0,68607000.0,-326077000.0,8267000.0,165004000.0,0.0,114808000.0,114808000.0,114808000.0,0.0,0.0,0.112,136762000.0,154761000.0,179934000.0,0.0,,,32.608,861393000.0,0.0,978.25,,3.651,244956000.0,312254000.0,1029303000.0,1029303000.0,0.0,,,,0.193,0.0,68616000.0,1.0,,3841360,4479000.0,267.953,1234232000.0,0.0,67602000.0,40316000.0,321.301,70872000.0
24,NBR,MRY,1996-12-31,1996-09-30,1996-09-30,2021-08-02,,,,,,,,-146440000.0,,,539665000.0,70500000.0,,,,,,,,46117000.0,,0.0,0.0,93484000.0,139601000.0,0.194,139601000.0,93484000.0,81600000.0,20.75,18.75,20.75,,,,,,,-62316000.0,-18.236,1.0,180078000.0,0.25,,11884000.0,,,,,,,,,,,83829000.0,-15139000.0,11026000.0,148213000.0,0.0,160100000.0,-160395000.0,1184000.0,84124000.0,0.0,70500000.0,70500000.0,70500000.0,0.0,0.0,0.098,102979000.0,77099000.0,,0.0,,,16.41,,0.0,340.5,,1.617,,,719743000.0,719743000.0,0.0,,,,0.13,152000.0,56862000.0,1.0,,3417160,3750080.0,210.626,,,11100000.0,,,
0,NBR,MRQ,2021-06-30,2021-06-30,2021-06-30,2021-08-02,-8624000.0,5042318000.0,,1087139000.0,3955179000.0,,109.775,-76933000.0,399881000.0,399881000.0,312466000.0,-190395000.0,2.055,4.527,2829738000.0,6613000.0,2823125000.0,2829738000.0,0.0,174775000.0,0.0,0.0,0.0,-129576000.0,45199000.0,0.092,45199000.0,-129576000.0,-171290000.0,-26.59,-26.59,-26.59,818919000.0,,818919000.0,3335401998.0,-10.0,7.878,56780000.0,7.611,1.0,176805000.0,0.361,0.0,41714000.0,6943059000.0,,147362000.0,16000.0,16000.0,0.0,3706878000.0,529116000.0,3177762000.0,846807998.0,-17797000.0,0.0,0.0,-79962000.0,-3653000.0,-85472000.0,-65800000.0,447000.0,133713000.0,-238000.0,-196009000.0,-196009000.0,-196009000.0,0.0,5614000.0,-0.401,294188000.0,-117383000.0,232543000.0,0.0,1.034,-1.389,-1.319,3562350000.0,0.0,114.24,0.461,0.464,312136000.0,-1290309000.0,489271000.0,489271000.0,7965000.0,,,,,3966000.0,51580000.0,1.0,7412535.0,7460000,7460000.0,65.586,5042318000.0,251108000.0,24719000.0,21359000.0,675.914,558023000.0
1,NBR,MRQ,2021-03-31,2021-03-31,2021-03-31,2021-08-02,-10756000.0,5254906000.0,,1036031000.0,4218875000.0,,142.742,-40852000.0,417544000.0,417544000.0,290654000.0,-128310000.0,2.111,3.68,2906138000.0,7259000.0,2898879000.0,2906138000.0,0.0,177277000.0,0.0,0.0,0.0,-84386000.0,92891000.0,0.201,92891000.0,-84386000.0,-127361000.0,-20.16,-20.16,-20.16,1013753000.0,,1013753000.0,3192513499.0,-10.0,6.425,38638000.0,5.44,1.0,171120000.0,0.371,0.0,42975000.0,7252703000.0,,154272000.0,17000.0,17000.0,0.0,3730785000.0,490797000.0,3239988000.0,687753499.0,-54661000.0,0.0,0.0,-59259000.0,-3662000.0,-113921000.0,-19119000.0,10894000.0,79490000.0,-1111000.0,-137086000.0,-140739000.0,-140739000.0,0.0,8776000.0,-0.305,241886000.0,-70766000.0,234944000.0,0.0,0.678,-1.216,-1.138,3829222000.0,3653000.0,93.45,0.365,0.353,331453000.0,-1089251000.0,461774000.0,461774000.0,7467000.0,,,,,6775000.0,54660000.0,1.0,7359588.0,7102000,7102000.0,65.02,5254906000.0,248863000.0,9725000.0,28735000.0,739.919,545234000.0
2,NBR,MRQ,2020-12-31,2020-12-31,2020-12-31,2021-08-02,-11124000.0,5503428000.0,,1131465000.0,4371963000.0,,162.901,-42395000.0,472246000.0,472246000.0,274278000.0,-103879000.0,2.195,3.304,2977006000.0,8305000.0,2968701000.0,2977006000.0,0.0,208652000.0,0.0,0.009,0.0,-21452000.0,187200000.0,0.419,187200000.0,-21452000.0,-69395000.0,-16.43,-16.43,-16.43,1151384000.0,,1151384000.0,3219518493.0,-6.0,10.332,59460000.0,8.413,1.0,172460000.0,0.386,0.0,47943000.0,7492719000.0,,160585000.0,9500000.0,9500000.0,0.0,3803780000.0,515469000.0,3288311000.0,424730493.0,-32863000.0,0.0,12127000.0,-92535000.0,-3653000.0,-99529000.0,-36115000.0,656000.0,101855000.0,926000.0,-108237000.0,-111890000.0,-111890000.0,0.0,4358000.0,-0.25,340986000.0,-168526000.0,220922000.0,0.0,0.369,-0.518,-0.491,3985707000.0,3653000.0,58.23,0.199,0.192,362977000.0,-946100000.0,446738000.0,446738000.0,7285000.0,,,,,4468000.0,53719000.0,1.0,7294015.0,7068000,7068000.0,63.206,5503428000.0,247171000.0,38842000.0,11733000.0,778.64,615996000.0
3,NBR,MRQ,2020-09-30,2020-09-30,2020-09-30,2021-08-02,-18630000.0,5817308000.0,,1163012000.0,4654296000.0,,177.753,-46362000.0,504985000.0,504985000.0,270397000.0,-146660000.0,2.393,3.201,3299773000.0,9470000.0,3290303000.0,3299773000.0,0.0,206863000.0,0.0,0.041,0.0,-108757000.0,98106000.0,0.224,98106000.0,-108757000.0,-161160000.0,-23.42,-23.42,-23.42,1255648000.0,,1255648000.0,2980561156.0,-4.0,18.262,-228000.0,-0.032,1.0,167213000.0,0.382,0.0,52403000.0,8126078000.0,,164029000.0,8840000.0,8840000.0,0.0,4019058000.0,486018000.0,3533040000.0,178309156.0,21134000.0,0.0,0.0,17525000.0,-3653000.0,12844000.0,-37193000.0,168000.0,46134000.0,-651000.0,-157465000.0,-161118000.0,-161118000.0,0.0,10805000.0,-0.368,265612000.0,-98399000.0,216495000.0,0.0,0.142,-0.183,-0.173,4225034000.0,3653000.0,24.44,0.074,0.072,347212000.0,-829862000.0,437610000.0,437610000.0,7565000.0,,,,,4414000.0,46168000.0,1.0,7295792.0,7064000,7064000.0,61.949,5817308000.0,277897000.0,-3695000.0,15925000.0,823.515,676994000.0
4,NBR,MRQ,2020-06-30,2020-06-30,2020-06-30,2021-08-02,-22188000.0,5982415000.0,,1152922000.0,4829493000.0,,200.39,-47336000.0,484336000.0,484336000.0,326557000.0,-137945000.0,2.202,2.859,3286588000.0,10485000.0,3276103000.0,3286588000.0,0.0,211119000.0,0.0,0.041,0.0,-92460000.0,118659000.0,0.221,118659000.0,-92460000.0,-143666000.0,-22.13,-22.13,-22.13,1413147000.0,,1413147000.0,3189604856.0,-5.0,13.13,95274000.0,13.51,1.0,209410000.0,0.391,0.0,51206000.0,8260977000.0,,166537000.0,9942000.0,9942000.0,0.0,4040798000.0,523690000.0,3517108000.0,270237856.0,1229000.0,0.0,0.0,-90503000.0,-7295000.0,-98888000.0,-41376000.0,10000.0,142610000.0,-1117000.0,-148112000.0,-151765000.0,-151765000.0,0.0,10167000.0,-0.283,322521000.0,-113111000.0,221755000.0,0.0,0.191,-0.288,-0.273,4395725000.0,3653000.0,37.02,0.099,0.096,349005000.0,-664391000.0,535967000.0,535967000.0,7305000.0,,,,,6598000.0,46244000.0,1.0,7299780.0,7052000,7052000.0,76.002,5982415000.0,275719000.0,4446000.0,19980000.0,848.329,629232000.0
5,NBR,MRQ,2020-03-31,2020-03-31,2020-03-31,2021-08-02,-29006000.0,6308548000.0,,1270836000.0,5037712000.0,,220.667,-59430000.0,480522000.0,480522000.0,461840000.0,-374362000.0,2.173,2.724,3399889000.0,11875000.0,3388014000.0,3399889000.0,0.0,227063000.0,0.0,0.103,0.5,-319412000.0,-92349000.0,-0.129,-92349000.0,-319412000.0,-374134000.0,-56.73,-56.73,-56.73,1555921000.0,,1555921000.0,3053925794.0,-4.0,15.125,-268000.0,-0.038,1.0,253326000.0,0.354,0.0,54722000.0,8643045000.0,,173991000.0,9136000.0,9136000.0,0.0,4237626000.0,584870000.0,3652756000.0,143216794.0,43742000.0,0.0,-13858000.0,60858000.0,-7937000.0,37572000.0,-50773000.0,1835000.0,59162000.0,-2219000.0,-391827000.0,-395479000.0,-395479000.0,0.0,17465000.0,-0.553,572290000.0,-318964000.0,297274000.0,-0.009,0.092,-0.144,-0.135,4597308000.0,3652000.0,19.505,0.048,0.046,454718000.0,-508200000.0,715166000.0,715166000.0,11409000.0,,,,,9158000.0,57384000.0,1.0,7342568.0,7051000,7051000.0,101.428,6308548000.0,280545000.0,17693000.0,25857000.0,894.703,685966000.0
6,NBR,MRQ,2019-12-31,2019-12-31,2019-12-31,2021-08-02,-11788000.0,6760658000.0,,1248666000.0,5511992000.0,,281.609,-61147000.0,435990000.0,435990000.0,436249000.0,-284511000.0,1.902,2.161,3346699000.0,13479000.0,3333220000.0,3346699000.0,0.0,225823000.0,0.0,0.014,0.5,-187031000.0,38792000.0,0.054,38792000.0,-187031000.0,-236208000.0,-38.69,-38.69,-38.69,1982811000.0,,1982811000.0,4180920455.0,-10.0,8.913,192583000.0,27.352,1.0,279521000.0,0.391,28380000.0,49177000.0,8986439000.0,,176341000.0,16506000.0,16506000.0,0.0,4285101000.0,656548000.0,3628553000.0,1046637455.0,40010000.0,0.0,79000.0,-178944000.0,-7940000.0,-189814000.0,-22156000.0,5068000.0,253730000.0,-1750000.0,-262684000.0,-266993000.0,-266993000.0,0.0,-21827000.0,-0.373,497243000.0,-217722000.0,295159000.0,-0.013,0.528,-1.453,-1.366,4930549000.0,4309000.0,144.0,0.343,0.332,453042000.0,-104775000.0,715770000.0,715770000.0,12915000.0,,,,,5171000.0,62572000.0,1.0,7268316.0,7041000,7041000.0,101.657,6732278000.0,305844000.0,26476000.0,17777000.0,956.154,592118000.0
7,NBR,MRQ,2019-09-30,2019-09-30,2019-09-30,2021-08-02,-16567000.0,7273497000.0,,1380348000.0,5893149000.0,,319.799,-92115000.0,396937000.0,396937000.0,475461000.0,-99631000.0,2.023,2.004,3531220000.0,14628000.0,3516592000.0,3531220000.0,0.0,221563000.0,0.0,0.048,0.5,-43734000.0,177829000.0,0.235,177829000.0,-43734000.0,-95025000.0,-18.25,-18.25,-18.25,2251705000.0,,2251705000.0,3877306273.0,-12.0,7.059,65628000.0,9.321,1.0,281178000.0,0.372,90543000.0,51291000.0,9634933000.0,,186124000.0,22000000.0,22000000.0,0.0,4512393000.0,682304000.0,3830089000.0,679666273.0,26677000.0,0.0,-79000.0,-41958000.0,-7938000.0,-53117000.0,-75496000.0,2111000.0,157743000.0,-2453000.0,-118928000.0,-123238000.0,-123238000.0,0.0,19297000.0,-0.163,300767000.0,-19589000.0,364658000.0,-0.027,0.302,-1.061,-0.992,5152236000.0,4310000.0,93.5,0.218,0.211,613527000.0,171139000.0,756639000.0,756639000.0,12004000.0,,,,,5325000.0,63577000.0,1.0,7269158.0,7041000,7041000.0,107.462,7182954000.0,353181000.0,23903000.0,52946000.0,1020.161,698044000.0
8,NBR,MRQ,2019-06-30,2019-06-30,2019-06-30,2021-08-02,-13490000.0,7514503000.0,,1466679000.0,6047824000.0,,338.716,-133409000.0,367693000.0,367693000.0,496664000.0,-192835000.0,1.899,1.95,3565333000.0,14756000.0,3550577000.0,3565333000.0,0.0,218320000.0,0.0,0.048,0.5,-140675000.0,77645000.0,0.101,77645000.0,-140675000.0,-192166000.0,-30.31,-30.31,-30.31,2381514000.0,,2381514000.0,4313446681.0,-13.0,8.172,69822000.0,9.931,1.0,275211000.0,0.357,90645000.0,51491000.0,9849331000.0,,178367000.0,28023000.0,28023000.0,0.0,4644320000.0,772167000.0,3872153000.0,1053152681.0,-57804000.0,0.0,0.0,-138500000.0,-7940000.0,-148098000.0,-113760000.0,10434000.0,203231000.0,823000.0,-203564000.0,-207876000.0,-207876000.0,0.0,10729000.0,-0.269,397224000.0,-122013000.0,410469000.0,-0.016,0.442,-1.655,-1.55,5301252000.0,4312000.0,145.0,0.336,0.325,737353000.0,303181000.0,771875000.0,771875000.0,11920000.0,,,,,5740000.0,64415000.0,1.0,7263122.0,7031000,7031000.0,109.782,7423858000.0,357267000.0,11398000.0,54627000.0,1055.875,694512000.0
9,NBR,MRQ,2019-03-31,2019-03-31,2019-03-31,2021-08-02,-19987000.0,7773684000.0,,1555903000.0,6217781000.0,,368.686,-141070000.0,429127000.0,429127000.0,520957000.0,-103533000.0,2.115,1.823,3689421000.0,11841000.0,3677580000.0,3689421000.0,0.0,210397000.0,0.0,0.055,0.5,-35558000.0,174839000.0,0.216,174839000.0,-35558000.0,-87910000.0,-18.13,-18.13,-18.13,2586335000.0,,2586335000.0,4372923394.0,-14.0,7.893,-71216000.0,-10.152,1.0,288355000.0,0.356,184104000.0,52352000.0,10114072000.0,,166139000.0,40590000.0,40590000.0,0.0,4713722000.0,735802000.0,3977920000.0,1234244394.0,-17925000.0,-2929000.0,0.0,86714000.0,-25765000.0,59456000.0,-144444000.0,-3087000.0,69854000.0,-2791000.0,-117709000.0,-122022000.0,-122022000.0,0.0,14176000.0,-0.151,292078000.0,-3723000.0,399802000.0,-0.028,0.477,-1.956,-1.835,5399514000.0,4313000.0,172.0,0.395,0.386,743528000.0,519810000.0,809312000.0,809312000.0,13520000.0,,,,,8424000.0,68167000.0,1.0,7175840.0,7015000,7015000.0,115.369,7589580000.0,344531000.0,29799000.0,45849000.0,1081.907,820101000.0
10,NBR,MRQ,2018-12-31,2018-12-31,2018-12-31,2021-08-02,-29325000.0,7853944000.0,,1593563000.0,6260381000.0,,385.565,-119970000.0,447766000.0,447766000.0,510402000.0,-165622000.0,1.915,1.74,3586445000.0,561000.0,3585884000.0,3586445000.0,0.0,226668000.0,0.0,0.12,3.0,-107730000.0,118938000.0,0.153,118938000.0,-107730000.0,-161461000.0,-27.61,-27.61,-27.61,2700850000.0,,2700850000.0,4105770132.0,-12.0,7.689,128884000.0,18.399,1.0,266220000.0,0.343,183914000.0,53731000.0,9976632000.0,,165587000.0,34036000.0,34036000.0,0.0,4698757000.0,832077000.0,3866680000.0,715589132.0,100087000.0,-20859000.0,-431000.0,-156102000.0,-25757000.0,-31752000.0,-117072000.0,1325000.0,248854000.0,57000.0,-183418000.0,-187730000.0,-187730000.0,0.0,17796000.0,-0.242,345446000.0,-79226000.0,392843000.0,-0.109,0.265,-1.095,-1.004,5467870000.0,4312000.0,100.0,0.235,0.219,756320000.0,650842000.0,776622000.0,776622000.0,13444000.0,,,,,6025000.0,56615000.0,1.0,7155891.0,7004920,7004920.0,110.868,7670030000.0,345091000.0,21957000.0,27072000.0,1094.949,761486000.0
11,NBR,MRQ,2018-09-30,2018-09-30,2018-09-30,2021-08-02,-7115000.0,7960547000.0,,1539040000.0,6421507000.0,,418.514,-129497000.0,347525000.0,347525000.0,497194000.0,-107643000.0,2.046,1.633,3737706000.0,433000.0,3737273000.0,3737706000.0,0.0,209059000.0,0.0,0.039,3.0,-52673000.0,156386000.0,0.201,156386000.0,-52673000.0,-104088000.0,-17.5,-17.5,-17.5,2931222000.0,,2931222000.0,5427556548.0,-18.0,9.918,-129935000.0,-18.552,1.0,280889000.0,0.361,172976000.0,51415000.0,10425360000.0,,166827000.0,41033000.0,41033000.0,0.0,4786054000.0,752392000.0,4033662000.0,2201984548.0,-246397000.0,0.0,-179000.0,-98964000.0,-25141000.0,-124533000.0,-119743000.0,360000.0,-438000.0,-1683000.0,-114577000.0,-118890000.0,-118890000.0,0.0,6934000.0,-0.153,303558000.0,-22669000.0,331713000.0,-0.171,0.751,-3.784,-3.403,5608948000.0,4313000.0,308.0,0.739,0.724,775137000.0,864019000.0,778083000.0,778083000.0,14458000.0,,,,,5639000.0,66813000.0,1.0,7149300.0,7003880,7003880.0,111.093,7787571000.0,407851000.0,10489000.0,51552000.0,1111.894,786648000.0
12,NBR,MRQ,2018-06-30,2018-06-30,2018-06-30,2021-08-02,-12573000.0,8300288000.0,,1782471000.0,6517817000.0,,466.397,-115445000.0,593284000.0,593284000.0,493975000.0,-195799000.0,2.04,1.633,3818856000.0,243000.0,3818613000.0,3818856000.0,0.0,218774000.0,0.0,0.037,3.0,-114882000.0,103892000.0,0.137,103892000.0,-114882000.0,-175474000.0,-30.5,-30.5,-30.5,3063034000.0,,3063034000.0,5924185212.0,-16.0,11.85,43595000.0,6.638,1.0,264780000.0,0.349,172817000.0,60592000.0,10479261000.0,,173063000.0,43262000.0,43262000.0,0.0,5003121000.0,873782000.0,4129339000.0,2034689212.0,226353000.0,0.0,302014000.0,-445538000.0,-19052000.0,109878000.0,-39795000.0,1454000.0,159040000.0,-2770000.0,-198752000.0,-202432000.0,-202432000.0,0.0,2953000.0,-0.267,368144000.0,-103364000.0,379028000.0,-0.098,0.664,-3.327,-3.237,5709895000.0,3680000.0,320.5,0.71,0.735,780247000.0,1006500000.0,758755000.0,758755000.0,12439000.0,,,,,6104000.0,67823000.0,1.0,6348484.0,6567440,6567440.0,115.533,8127471000.0,406281000.0,23278000.0,22437000.0,1237.54,908689000.0
13,NBR,MRQ,2018-03-31,2018-03-31,2018-03-31,2021-08-02,-7151000.0,8299830000.0,,1494373000.0,6805457000.0,,438.749,-94026000.0,367039000.0,367039000.0,475403000.0,-143662000.0,1.949,1.977,4256535000.0,375000.0,4256160000.0,4256535000.0,0.0,214008000.0,0.0,0.034,3.0,-59270000.0,154738000.0,0.211,154738000.0,-59270000.0,-120656000.0,-23.0,-23.0,-23.0,2709608000.0,,2709608000.0,5896561641.0,-17.0,11.63,-175709000.0,-28.451,1.0,259258000.0,0.353,172982000.0,61386000.0,11249516000.0,,174308000.0,26548000.0,26548000.0,0.0,5356426000.0,766828000.0,4589598000.0,2205611641.0,29008000.0,0.0,0.0,221429000.0,-17148000.0,202036000.0,-90478000.0,472000.0,-81683000.0,-867000.0,-144201000.0,-144201000.0,-144201000.0,0.0,539000.0,-0.196,303825000.0,-44567000.0,309883000.0,-0.13,0.814,-4.069,-3.82,5969063000.0,0.0,349.5,0.806,0.789,733541000.0,1232516000.0,734661000.0,734661000.0,15806000.0,,,,,8628000.0,74571000.0,1.0,6310763.0,6175760,6175760.0,118.959,8126848000.0,417781000.0,23545000.0,36062000.0,1315.927,727545000.0
14,NBR,MRQ,2017-12-31,2017-12-31,2017-12-31,2021-08-02,11185000.0,8401984000.0,,1447336000.0,6954648000.0,,507.989,-125603000.0,336997000.0,336997000.0,471641000.0,-115167000.0,1.574,1.806,4027947000.0,181000.0,4027766000.0,4027947000.0,0.0,214666000.0,0.0,0.035,3.0,-82424000.0,132242000.0,0.186,132242000.0,-82424000.0,-139500000.0,-19.5,-19.5,-19.5,2911816000.0,,2911816000.0,5720708586.0,-14.0,13.045,-26738000.0,-4.665,1.0,237623000.0,0.335,173226000.0,57076000.0,11000232000.0,,166307000.0,28369000.0,28369000.0,0.0,5259213000.0,919476000.0,4339737000.0,1952453586.0,150149000.0,63083000.0,-18071000.0,63060000.0,-17157000.0,88420000.0,-36856000.0,536000.0,98865000.0,-280000.0,-116344000.0,-116344000.0,-116344000.0,0.0,1177000.0,-0.164,332721000.0,-95098000.0,363416000.0,-0.154,0.671,-3.571,-3.595,6109565000.0,0.0,341.5,0.761,0.747,698477000.0,1423154000.0,709264000.0,709264000.0,15009000.0,,,,,6839000.0,59070000.0,1.0,5717287.0,5732040,5732040.0,123.737,8228758000.0,419003000.0,-23156000.0,33173000.0,1435.572,527860000.0
15,NBR,MRQ,2017-09-30,2017-09-30,2017-09-30,2021-08-02,15657000.0,8088585000.0,,1174921000.0,6913664000.0,,519.382,-133095000.0,190556000.0,190556000.0,441263000.0,-146419000.0,1.414,1.779,3958811000.0,196000.0,3958615000.0,3958811000.0,0.0,217701000.0,0.0,0.03,3.0,-108634000.0,109067000.0,0.165,109067000.0,-108634000.0,-163241000.0,-26.0,-26.0,-26.0,2901405000.0,,2901405000.0,5850341121.0,-9.0,33.916,-159674000.0,-28.583,1.0,221217000.0,0.334,173321000.0,54607000.0,10852845000.0,,119050000.0,29770000.0,29770000.0,0.0,5161364000.0,830674000.0,4330690000.0,2306536121.0,-5968000.0,-50764000.0,0.0,210790000.0,-17149000.0,193331000.0,-171979000.0,-2129000.0,-26579000.0,-741000.0,-148532000.0,-148532000.0,-148532000.0,0.0,2113000.0,-0.224,295045000.0,-73828000.0,317314000.0,-0.115,0.795,-3.011,-3.011,6051606000.0,0.0,403.5,0.963,0.941,621640000.0,1556650000.0,662480000.0,662480000.0,12960000.0,,,,,7012000.0,65010000.0,1.0,5716322.0,5586260,5586260.0,118.591,7915264000.0,444796000.0,-14709000.0,48105000.0,1416.917,344247000.0
16,NBR,MRQ,2017-06-30,2017-06-30,2017-06-30,2021-08-02,4794000.0,8092458000.0,,1174168000.0,6918290000.0,,546.622,-132342000.0,196567000.0,196567000.0,417521000.0,-130980000.0,1.34,1.646,3740372000.0,124000.0,3740248000.0,3740372000.0,0.0,208708000.0,0.0,0.029,3.0,-97759000.0,110949000.0,0.176,110949000.0,-97759000.0,-152447000.0,-23.0,-23.0,-23.0,3049235000.0,,3049235000.0,5787707958.0,-9.0,30.561,-83881000.0,-15.037,1.0,212948000.0,0.338,167246000.0,54688000.0,10592450000.0,,108141000.0,35476000.0,35476000.0,0.0,5019680000.0,876567000.0,4143113000.0,2326417958.0,-3737000.0,0.0,0.0,64133000.0,-17157000.0,57491000.0,-108840000.0,7853000.0,48461000.0,-849000.0,-132951000.0,-132951000.0,-132951000.0,0.0,1971000.0,-0.211,283128000.0,-70180000.0,261115000.0,-0.13,0.763,-3.192,-3.192,6142216000.0,0.0,407.0,1.033,1.008,582787000.0,1722335000.0,630469000.0,630469000.0,11343000.0,,,,,7765000.0,63695000.0,1.0,5716015.0,5578320,5578320.0,113.021,7925212000.0,409671000.0,-19496000.0,35632000.0,1420.717,297601000.0
17,NBR,MRQ,2017-03-31,2017-03-31,2017-03-31,2021-08-02,-11336000.0,8095312000.0,,1122656000.0,6972656000.0,,572.024,-183427000.0,200688000.0,200688000.0,387644000.0,-148067000.0,1.455,1.545,3661978000.0,313000.0,3661665000.0,3661978000.0,0.0,204364000.0,0.0,0.018,3.0,-118075000.0,86289000.0,0.153,86289000.0,-118075000.0,-174593000.0,-26.0,-26.0,-26.0,3177948000.0,,3177948000.0,7044016579.0,-9.0,60.035,-241418000.0,-43.455,1.0,175629000.0,0.312,166999000.0,56518000.0,10617954000.0,,109461000.0,27907000.0,27907000.0,0.0,4908918000.0,771649000.0,4137269000.0,3729477579.0,-63405000.0,0.0,8300000.0,67317000.0,-17040000.0,172938000.0,-180193000.0,87000.0,-57991000.0,1841000.0,-148984000.0,-148984000.0,-148984000.0,0.0,917000.0,-0.264,278838000.0,-103209000.0,241332000.0,-0.115,1.174,-4.779,-4.77,6218699000.0,0.0,653.5,1.743,1.697,514446000.0,1872440000.0,563273000.0,563273000.0,11757000.0,,,,,10280000.0,63409000.0,1.0,5706928.0,5555620,5555620.0,101.388,7928313000.0,373973000.0,-25609000.0,40996000.0,1427.08,351007000.0
18,NBR,MRQ,2016-12-31,2016-12-31,2016-12-31,2021-08-02,-12119000.0,8187015000.0,,1155839000.0,7031176000.0,,586.544,-110505000.0,264093000.0,264093000.0,331560000.0,-334462000.0,1.406,1.519,3578632000.0,297000.0,3578335000.0,3578632000.0,0.0,216755000.0,0.0,0.015,3.0,-350563000.0,-133808000.0,-0.248,-133808000.0,-350563000.0,-398120000.0,-59.0,-59.0,-59.0,3247025000.0,,3247025000.0,7947276250.0,-8.0,-50.646,16632000.0,3.004,1.0,207652000.0,0.385,166917000.0,47557000.0,10512703000.0,,103595000.0,31109000.0,31109000.0,0.0,4932220000.0,821934000.0,4110286000.0,4648221250.0,86986000.0,-22278000.0,405000.0,102165000.0,-16997000.0,85157000.0,-124434000.0,96000.0,127137000.0,-874000.0,-335587000.0,-335587000.0,-335587000.0,0.0,1125000.0,-0.622,776053000.0,-568401000.0,264578000.0,-0.051,1.432,-4.514,-4.505,6267583000.0,0.0,820.0,2.316,2.259,508355000.0,2033427000.0,539212000.0,539212000.0,8764000.0,,,,,7930000.0,52603000.0,1.0,5668562.0,5535860,5535860.0,97.403,8020098000.0,366586000.0,-62533000.0,23306000.0,1448.754,333905000.0
19,NBR,MRQ,2016-09-30,2016-09-30,2016-09-30,2021-08-02,-11925000.0,8424504000.0,,1072080000.0,7352424000.0,,649.049,-91716000.0,177043000.0,177043000.0,306436000.0,-110026000.0,1.361,1.344,3476098000.0,120000.0,3475978000.0,3476098000.0,0.0,221377000.0,0.0,0.02,3.0,-95426000.0,125951000.0,0.242,125951000.0,-95426000.0,-142262000.0,-19.5,-19.5,-19.5,3591929000.0,,3591929000.0,6715475237.0,-8.0,238.425,-23620000.0,-4.268,1.0,213605000.0,0.411,167131000.0,46836000.0,10768566000.0,,141934000.0,24496000.0,23607000.0,889000.0,4825810000.0,787862000.0,4037948000.0,3445880237.0,-56709000.0,0.0,523000.0,-28424000.0,-17005000.0,-44939000.0,-78758000.0,252000.0,68096000.0,-1108000.0,-111211000.0,-111211000.0,-111211000.0,0.0,1185000.0,-0.214,285267000.0,-71662000.0,215627000.0,-0.154,0.959,-4.017,-4.026,6616711000.0,0.0,608.0,1.594,1.557,503966000.0,2386053000.0,520041000.0,520041000.0,8476000.0,,,,,7474000.0,56078000.0,1.0,5667566.0,5534140,5534140.0,93.97,8257373000.0,0.0,-31051000.0,34744000.0,1492.079,284218000.0
20,NBR,MRQ,2016-06-30,2016-06-30,2016-06-30,2021-08-02,-8250000.0,8656305000.0,,1191243000.0,7465062000.0,,671.822,-63359000.0,233752000.0,233752000.0,341279000.0,-187549000.0,1.372,1.328,3503347000.0,175000.0,3503172000.0,3503347000.0,0.0,219495000.0,0.0,0.024,3.0,-180596000.0,38899000.0,0.075,38899000.0,-180596000.0,-225833000.0,-32.5,-32.5,-32.5,3715850000.0,,3715850000.0,6222800163.0,-6.0,-32.884,111807000.0,20.215,1.0,175813000.0,0.34,167275000.0,45237000.0,10890450000.0,,151753000.0,22992000.0,22104000.0,888000.0,4933607000.0,868175000.0,4065432000.0,2833192163.0,33078000.0,0.0,39000.0,-89878000.0,0.0,-90929000.0,-50170000.0,326000.0,175166000.0,-989000.0,-184650000.0,-184650000.0,-184650000.0,0.0,-2899000.0,-0.357,283717000.0,-107904000.0,199619000.0,-0.092,0.762,-2.718,-2.753,6765257000.0,0.0,502.5,1.155,1.133,504099000.0,2514265000.0,517092000.0,517092000.0,8180000.0,,,,,9222000.0,56624000.0,1.0,5638193.0,5531000,5531000.0,93.49,8489030000.0,0.0,-41183000.0,62587000.0,1534.809,323068000.0
21,NBR,MRQ,2016-03-31,2016-03-31,2016-03-31,2021-08-02,-13264000.0,8950331000.0,,1259387000.0,7690944000.0,,707.686,-129875000.0,200674000.0,200674000.0,365023000.0,-397570000.0,1.445,1.289,3590282000.0,5880000.0,3584402000.0,3590282000.0,0.0,216669000.0,0.0,0.026,3.0,-404628000.0,-187959000.0,-0.436,-187959000.0,-404628000.0,-450358000.0,-70.5,-70.5,-70.5,3904320000.0,,3904320000.0,5997966218.0,-7.0,90.844,31631000.0,5.733,1.0,65740000.0,0.153,167217000.0,45730000.0,11301454000.0,,153837000.0,115484000.0,20827000.0,94657000.0,5034134000.0,871268000.0,4162866000.0,2590788218.0,-53856000.0,0.0,-1687000.0,-65706000.0,-16922000.0,-87505000.0,-128825000.0,41000.0,161506000.0,968000.0,-398294000.0,-398294000.0,-398294000.0,0.0,724000.0,-0.925,286314000.0,-220574000.0,250078000.0,-0.043,0.664,-2.896,-2.939,6942315000.0,0.0,460.0,0.925,0.906,594506000.0,2715918000.0,430763000.0,430763000.0,8162000.0,,,,,7374000.0,62334000.0,1.0,5632148.0,5517020,5517020.0,78.079,8783114000.0,0.0,-52064000.0,56663000.0,1592.003,388119000.0
22,NBR,MRQ,2015-12-31,2015-12-31,2015-12-31,2021-08-02,-47593000.0,9537840000.0,,1475897000.0,8061943000.0,,774.815,-123059000.0,254530000.0,254530000.0,445130000.0,-162820000.0,1.466,1.224,3661708000.0,6508000.0,3655200000.0,3661708000.0,0.0,231399000.0,0.0,0.028,3.0,-180124000.0,51275000.0,0.074,51275000.0,-180124000.0,-226534000.0,-28.5,-28.5,-28.5,4282710000.0,,4282710000.0,6308537283.0,-22.0,9.216,128486000.0,23.245,1.0,248555000.0,0.358,166659000.0,46410000.0,11771860000.0,,153824000.0,435236000.0,20059000.0,415177000.0,5243972000.0,1006499000.0,4237473000.0,2813148283.0,3164000.0,-22278000.0,-54522000.0,-69092000.0,-16874000.0,-136749000.0,-107813000.0,101000.0,251545000.0,-3819000.0,-163654000.0,-163654000.0,-163654000.0,0.0,834000.0,-0.236,670514000.0,-421959000.0,271984000.0,-0.105,0.657,-7.549,-6.597,7027802000.0,0.0,425.5,0.742,0.635,784671000.0,3131134000.0,693685000.0,693685000.0,9354000.0,,,,,8289000.0,61056000.0,1.0,6611394.0,5527400,5527400.0,125.499,9371181000.0,0.0,-62880000.0,70720000.0,1695.405,469398000.0
23,NBR,MRQ,2015-09-30,2015-09-30,2015-09-30,2021-08-02,-21563000.0,9929181000.0,,1719075000.0,8210106000.0,,792.348,-177375000.0,251366000.0,251366000.0,518174000.0,-296154000.0,1.638,1.203,3746755000.0,8982000.0,3737773000.0,3746755000.0,0.0,240834000.0,0.0,0.025,3.0,-332284000.0,-91450000.0,-0.113,-91450000.0,-332284000.0,-376732000.0,-51.0,-51.0,-51.0,4502313000.0,,4502313000.0,6445459148.0,-7.0,113.337,-89768000.0,-15.798,1.0,294257000.0,0.362,150032000.0,44448000.0,12224987000.0,,177221000.0,488194000.0,25196000.0,462998000.0,5417782000.0,1049551000.0,4368231000.0,3124418148.0,-185309000.0,-10000000.0,-44978000.0,-11401000.0,-17509000.0,-73996000.0,-181996000.0,114000.0,87607000.0,-16924000.0,-295834000.0,-295834000.0,-295834000.0,0.0,-320000.0,-0.364,321855000.0,-27598000.0,302415000.0,-0.059,0.694,-2.84,-2.527,7287531000.0,0.0,472.5,0.64,0.55,871385000.0,3311662000.0,812431000.0,812431000.0,9716000.0,,,,,8922000.0,72032000.0,1.0,6612525.0,5682240,5682240.0,142.977,9779149000.0,39981000.0,-80898000.0,7345000.0,1721.002,669524000.0
24,NBR,MRQ,2015-06-30,2015-06-30,2015-06-30,2021-08-02,25156000.0,10517283000.0,,1969155000.0,8548128000.0,,861.975,-202438000.0,436675000.0,436675000.0,488522000.0,-36865000.0,1.61,1.131,3757716000.0,66359000.0,3691357000.0,3757716000.0,0.0,220066000.0,0.0,0.017,3.0,74093000.0,294159000.0,0.341,294159000.0,74093000.0,29624000.0,-6.5,-6.5,-6.5,4931960000.0,,4931960000.0,8006516669.0,-18.0,12.389,7796000.0,1.363,1.0,374848000.0,0.434,139756000.0,44469000.0,12475815000.0,,183775000.0,712073000.0,33222000.0,678851000.0,5577908000.0,1222753000.0,4355155000.0,4767061669.0,-149326000.0,-91309000.0,1016000.0,-64356000.0,-17510000.0,-83727000.0,-277741000.0,114000.0,210234000.0,1908000.0,-36821000.0,-36821000.0,-36821000.0,-5025000.0,-44000.0,-0.043,304486000.0,70362000.0,363058000.0,-0.462,0.967,-6.828,-6.114,7405441000.0,0.0,721.5,0.81,0.702,908563000.0,3625005000.0,863370000.0,863370000.0,10480000.0,,,,,16411000.0,75810000.0,1.0,6607154.0,5721700,5721700.0,150.894,10377527000.0,0.0,66445000.0,57336000.0,1813.714,746402000.0
25,NBR,MRQ,2015-03-31,2015-03-31,2015-03-31,2021-08-02,14768000.0,10604598000.0,,2170332000.0,8434266000.0,,868.867,-364234000.0,586001000.0,586001000.0,919610000.0,123545000.0,1.876,1.137,3825456000.0,8739000.0,3816717000.0,3825456000.0,0.0,281019000.0,0.0,0.016,3.0,149530000.0,430549000.0,0.303,430549000.0,149530000.0,102929000.0,21.5,21.0,21.5,4958813000.0,,4958813000.0,8349896023.0,-21.0,11.02,-57064000.0,-9.999,1.0,502568000.0,0.353,80947000.0,46601000.0,12606510000.0,,190423000.0,768284000.0,35170000.0,733114000.0,5636836000.0,1156596000.0,4480240000.0,4495996023.0,84852000.0,693005000.0,182000.0,-533632000.0,-17470000.0,-555469000.0,340101000.0,623000.0,307170000.0,-6950000.0,123634000.0,123634000.0,123634000.0,817000.0,-89000.0,0.087,408152000.0,94416000.0,403038000.0,0.14,0.907,-7.532,-6.757,7333808000.0,0.0,682.5,0.677,0.586,971601000.0,3679336000.0,1422178000.0,1422178000.0,11703000.0,,,,,13691000.0,115430000.0,1.0,6587540.0,5707220,5723460.0,249.189,10523651000.0,91050000.0,-20705000.0,134004000.0,1843.919,1013736000.0
26,NBR,MRQ,2014-12-31,2014-12-31,2014-12-31,2021-08-02,77522000.0,11862923000.0,,2741874000.0,9121049000.0,,861.352,-477093000.0,501149000.0,501149000.0,1194844000.0,-890868000.0,1.749,1.415,4338030000.0,6190000.0,4331840000.0,4338030000.0,0.0,294594000.0,0.0,0.015,3.0,-870982000.0,-576388000.0,-0.323,-576388000.0,-870982000.0,-914679000.0,-151.0,-150.5,-151.0,4908619000.0,,4908619000.0,7607797648.0,-18.0,10.592,60474000.0,10.612,1.0,590159000.0,0.331,173928000.0,43697000.0,13958401000.0,,230067000.0,93271000.0,35020000.0,58251000.0,6944134000.0,1567475000.0,5376659000.0,3756918648.0,96696000.0,-61888000.0,23000.0,98627000.0,-17364000.0,77317000.0,-509581000.0,412000.0,537567000.0,-8607000.0,-891070000.0,-891070000.0,-891070000.0,4488000.0,202000.0,-0.499,1425086000.0,-834927000.0,780060000.0,-0.02,0.765,-5.602,-5.693,8599125000.0,0.0,649.0,0.552,0.554,1517503000.0,3573172000.0,1785003000.0,1785003000.0,49698000.0,,,,,9049000.0,93173000.0,1.0,5788781.0,5698740,5534340.0,313.228,11688995000.0,118230000.0,-23609000.0,496224000.0,2051.154,1174399000.0
27,NBR,MRQ,2014-09-30,2014-09-30,2014-09-30,2021-08-02,132222000.0,12619340000.0,,2792471000.0,9826869000.0,,1001.786,-481542000.0,404453000.0,404453000.0,1181986000.0,106435000.0,1.973,1.151,4255332000.0,196000.0,4255136000.0,4255332000.0,0.0,287257000.0,0.0,0.008,3.0,210697000.0,497954000.0,0.275,497954000.0,210697000.0,167559000.0,18.0,17.5,18.0,5862873000.0,,5862873000.0,10367706181.0,17.0,6.019,-83235000.0,-14.222,1.0,631114000.0,0.348,512203000.0,43138000.0,14542435000.0,,242876000.0,123384000.0,60365000.0,63019000.0,6746106000.0,1415581000.0,5330525000.0,6822167181.0,-6505000.0,-449000.0,-248844000.0,294720000.0,-17989000.0,27609000.0,-424390000.0,289000.0,398307000.0,-8031000.0,106048000.0,106048000.0,106048000.0,-4005000.0,387000.0,0.058,424035000.0,207079000.0,693931000.0,0.167,1.164,18.388,18.355,9016508000.0,0.0,1138.0,1.029,1.004,1624441000.0,4481606000.0,1813100000.0,1813100000.0,0.0,,,,,8840000.0,138967000.0,1.0,5994874.0,5852420,5900100.0,309.803,12107137000.0,91837000.0,61511000.0,497367000.0,2068.74,1376890000.0
28,NBR,MRQ,2014-06-30,2014-06-30,2014-06-30,2021-08-02,188552000.0,12435999000.0,,2810638000.0,9625361000.0,,1018.75,-466215000.0,410958000.0,410958000.0,1066495000.0,64697000.0,2.13,1.047,3956497000.0,207000.0,3956290000.0,3956497000.0,0.0,284109000.0,0.0,0.005,2.0,121503000.0,405612000.0,0.25,405612000.0,121503000.0,75200000.0,10.5,10.5,10.5,6071426000.0,,6071426000.0,12226829474.0,40.0,8.635,-64741000.0,-10.863,1.0,556976000.0,0.343,512897000.0,46303000.0,14149055000.0,,216444000.0,138619000.0,75386000.0,63233000.0,6354077000.0,1319586000.0,5034491000.0,8735938474.0,84077000.0,-357000.0,24116000.0,131761000.0,-11899000.0,77385000.0,-397070000.0,22525000.0,401474000.0,2288000.0,64444000.0,64444000.0,64444000.0,1032000.0,253000.0,0.04,432954000.0,124022000.0,617827000.0,0.19,1.439,54.742,55.415,8832966000.0,0.0,1468.5,1.372,1.374,1448511000.0,4393547000.0,1623471000.0,1623471000.0,0.0,,,,,8616000.0,133630000.0,1.0,5948886.0,5959680,6019620.0,272.409,11923102000.0,87354000.0,10756000.0,508382000.0,2000.628,1491052000.0
29,NBR,MRQ,2014-03-31,2014-03-31,2014-03-31,2021-08-02,160466000.0,12187073000.0,,2691268000.0,9495805000.0,,1006.122,-396465000.0,326881000.0,326881000.0,1061739000.0,50492000.0,2.174,1.031,3817772000.0,5296000.0,3812476000.0,3817772000.0,0.0,282349000.0,0.0,0.006,2.0,108737000.0,391086000.0,0.246,391086000.0,108737000.0,63927000.0,8.5,8.0,8.5,5960469000.0,,5960469000.0,10833319306.0,44.0,7.985,48098000.0,8.119,1.0,526414000.0,0.331,512391000.0,44810000.0,13927431000.0,,194371000.0,163870000.0,97886000.0,65984000.0,6146616000.0,1238142000.0,4908474000.0,7308932306.0,-63034000.0,-11455000.0,4931000.0,-93916000.0,-11893000.0,-112463000.0,-385868000.0,447000.0,444563000.0,-9266000.0,49919000.0,49919000.0,49919000.0,-1515000.0,573000.0,0.031,417869000.0,108545000.0,631015000.0,0.235,1.226,80.513,79.516,8690759000.0,0.0,1232.5,1.175,1.174,1454368000.0,4342690000.0,1588153000.0,1588153000.0,0.0,,,,,10685000.0,134266000.0,1.0,5930168.0,5924200,5981000.0,268.079,11674682000.0,133667000.0,14008000.0,543088000.0,1970.677,1453126000.0
30,NBR,MRQ,2013-12-31,2013-12-31,2013-12-31,2021-08-02,216140000.0,12159811000.0,,2753830000.0,9405981000.0,,1010.966,-397494000.0,389915000.0,389915000.0,1032841000.0,151629000.0,2.1,1.024,3914302000.0,10185000.0,3904117000.0,3914302000.0,0.0,256608000.0,0.0,0.009,2.0,171295000.0,427903000.0,0.266,427903000.0,171295000.0,124220000.0,25.0,25.0,25.0,5969086000.0,,5969086000.0,8666419859.0,28.0,6.155,46014000.0,7.793,1.0,573655000.0,0.357,512964000.0,47075000.0,13859810000.0,,209793000.0,184714000.0,117218000.0,67496000.0,6109446000.0,1311424000.0,4798022000.0,5014874859.0,-6008000.0,-76815000.0,1008000.0,-141658000.0,-11811000.0,-142661000.0,-304465000.0,566000.0,443508000.0,-2390000.0,150603000.0,150603000.0,150603000.0,-23113000.0,1026000.0,0.094,385720000.0,187935000.0,545512000.0,0.08,0.84,35.825,36.149,8597813000.0,0.0,849.5,0.803,0.8,1399543000.0,4304664000.0,1606496000.0,1606496000.0,45440000.0,,,,,7357000.0,89867000.0,1.0,5903325.0,5904340,5954880.0,272.087,11646847000.0,121316000.0,-26383000.0,574795000.0,1972.591,1442406000.0
31,NBR,MRQ,2013-09-30,2013-09-30,2013-09-30,2021-08-02,311631000.0,12202116000.0,,2956455000.0,9245661000.0,,987.232,-280343000.0,395923000.0,395923000.0,981685000.0,-104940000.0,2.627,1.081,4047468000.0,11441000.0,4036027000.0,4047468000.0,0.0,285314000.0,0.0,0.007,2.0,-94006000.0,191308000.0,0.123,191308000.0,-94006000.0,-150065000.0,-17.5,-17.5,-17.5,5826168000.0,,5826168000.0,8312989014.0,34.0,6.087,28964000.0,4.908,1.0,568509000.0,0.367,479557000.0,56059000.0,14248682000.0,,229494000.0,168293000.0,96015000.0,72278000.0,6295335000.0,1125422000.0,5169913000.0,4738481014.0,-112205000.0,-2040000.0,1175000.0,-242790000.0,-11805000.0,-253493000.0,-168942000.0,783000.0,309307000.0,923000.0,-105381000.0,-105381000.0,-105381000.0,14430000.0,441000.0,-0.068,646894000.0,-78385000.0,521133000.0,-0.114,0.813,274.71,200.75,8463804000.0,0.0,803.0,0.757,0.757,1362434000.0,4074420000.0,1550194000.0,1550194000.0,0.0,,,,,7074000.0,127943000.0,1.0,5900973.0,5901520,5901520.0,262.677,11722559000.0,239171000.0,-44684000.0,705886000.0,1986.363,1831033000.0
32,NBR,MRQ,2013-06-30,2013-06-30,2013-06-30,2021-08-02,299016000.0,12266903000.0,,2892832000.0,9374071000.0,,1004.686,-264829000.0,508128000.0,508128000.0,972310000.0,1255000.0,2.451,1.058,4082636000.0,11445000.0,4071191000.0,4082636000.0,0.0,284396000.0,0.0,0.005,2.0,61944000.0,346340000.0,0.235,346340000.0,61944000.0,1671000.0,-0.5,-0.5,-0.5,5922563000.0,,5922563000.0,8325916118.0,18.0,5.274,221284000.0,37.538,1.0,501837000.0,0.34,487252000.0,60273000.0,14174003000.0,,235042000.0,171905000.0,99832000.0,72073000.0,6264430000.0,1180156000.0,5084274000.0,4510611118.0,-56760000.0,6085000.0,2173000.0,-295191000.0,-23552000.0,-320988000.0,-217935000.0,20825000.0,486113000.0,-3950000.0,-4361000.0,-4361000.0,-4361000.0,26873000.0,5616000.0,-0.003,406654000.0,95183000.0,498081000.0,-4.0,0.762,22.748,22.188,8577586000.0,0.0,765.5,0.711,0.711,1342386000.0,4191606000.0,1474147000.0,1474147000.0,0.0,,,,,5971000.0,131202000.0,1.0,5892372.0,5894940,5942380.0,250.07,11779651000.0,103779000.0,6032000.0,584413000.0,1998.265,1712676000.0
33,NBR,MRQ,2013-03-31,2013-03-31,2013-03-31,2021-08-02,343143000.0,12585457000.0,,3118698000.0,9466759000.0,,1024.011,-235539000.0,564888000.0,564888000.0,994992000.0,99218000.0,2.858,1.093,4380193000.0,435000.0,4379758000.0,4380193000.0,0.0,273423000.0,0.0,0.002,2.0,168986000.0,442409000.0,0.273,442409000.0,168986000.0,108975000.0,17.0,16.5,17.0,5973814000.0,,5973814000.0,8575395950.0,23.0,5.922,-56244000.0,-9.641,1.0,622802000.0,0.385,487760000.0,60011000.0,14821856000.0,,245495000.0,194100000.0,125592000.0,68508000.0,6531584000.0,1091146000.0,5440438000.0,4720617950.0,39966000.0,-37528000.0,1027000.0,-14866000.0,0.0,-12444000.0,-124126000.0,142336000.0,179295000.0,-2759000.0,99121000.0,99121000.0,99121000.0,-7011000.0,97000.0,0.061,459980000.0,162822000.0,492894000.0,0.118,0.79,36.352,36.044,8641947000.0,0.0,811.0,0.729,0.73,1434530000.0,4206628000.0,1617794000.0,1617794000.0,0.0,,,,,32853000.0,130878000.0,1.0,5820737.0,5833740,5883400.0,277.317,12097697000.0,92310000.0,9854000.0,634720000.0,2073.746,2027552000.0
34,NBR,MRQ,2012-12-31,2012-12-31,2012-12-31,2021-08-02,431595000.0,12656022000.0,,3132857000.0,9523165000.0,,1023.597,-296859000.0,524922000.0,524922000.0,1013586000.0,28944000.0,2.767,1.115,4379700000.0,364000.0,4379336000.0,4379700000.0,0.0,277141000.0,0.0,0.0,0.0,108571000.0,385712000.0,0.239,385712000.0,108571000.0,46735000.0,5.0,4.5,5.0,5944929000.0,,5944929000.0,8403769502.0,18.0,5.553,171801000.0,29.581,1.0,601054000.0,0.372,472326000.0,61836000.0,14906092000.0,,251133000.0,319241000.0,253282000.0,65959000.0,6629717000.0,1132382000.0,5497335000.0,4196046502.0,53360000.0,158204000.0,2453000.0,-300099000.0,0.0,-300015000.0,-115453000.0,1833000.0,468660000.0,168000.0,27870000.0,27870000.0,27870000.0,103414000.0,1074000.0,0.017,387245000.0,213809000.0,499010000.0,0.0,0.706,25.457,25.351,8712088000.0,0.0,722.5,0.634,0.633,1382623000.0,4120398000.0,1614640000.0,1614640000.0,0.0,,,,,4771000.0,129419000.0,1.0,5807677.0,5807880,5848440.0,278.008,12183696000.0,110480000.0,18865000.0,632963000.0,2097.787,2000475000.0
35,NBR,MRQ,2012-09-30,2012-09-30,2012-09-30,2021-08-02,362480000.0,12924561000.0,,3133649000.0,9790912000.0,,1006.292,-253908000.0,471562000.0,471562000.0,1107032000.0,76644000.0,2.762,1.198,4679285000.0,389000.0,4678896000.0,4679285000.0,0.0,269717000.0,0.0,0.0,0.0,134455000.0,404172000.0,0.247,404172000.0,134455000.0,70679000.0,13.0,13.0,13.0,5843880000.0,,5843880000.0,8427494404.0,23.0,6.051,128200000.0,22.076,1.0,530572000.0,0.324,472462000.0,63776000.0,15525156000.0,,257158000.0,223474000.0,148001000.0,75473000.0,6999249000.0,1134666000.0,5864583000.0,4074117404.0,151164000.0,0.0,1059000.0,5315000.0,0.0,6356000.0,-237959000.0,4440000.0,382108000.0,659000.0,75656000.0,75656000.0,75656000.0,-12155000.0,988000.0,0.046,406534000.0,124038000.0,560641000.0,0.0,0.697,113.321,116.917,8894084000.0,0.0,701.5,0.598,0.598,1529232000.0,4093321000.0,1637604000.0,1637604000.0,0.0,,,,,4757000.0,130681000.0,1.0,5807723.0,5807340,5850020.0,281.989,12452099000.0,111673000.0,-4977000.0,737269000.0,2144.2,1998983000.0
36,NBR,MRQ,2012-06-30,2012-06-30,2012-06-30,2021-08-02,318088000.0,12843472000.0,,2975170000.0,9868302000.0,,984.812,-494174000.0,320398000.0,320398000.0,1123256000.0,-73963000.0,2.001,1.232,4673775000.0,275323000.0,4398452000.0,4673775000.0,0.0,261238000.0,0.0,0.0,0.0,-45522000.0,215716000.0,0.134,215716000.0,-45522000.0,-108981000.0,-12.5,-12.5,-12.5,5718035000.0,,5718035000.0,8599746928.0,22.0,6.116,-26420000.0,-4.55,1.0,484909000.0,0.302,471913000.0,63459000.0,15238415000.0,,259943000.0,305239000.0,134784000.0,170455000.0,7045382000.0,1486521000.0,5558861000.0,4180427928.0,-33624000.0,0.0,-48000.0,-99954000.0,0.0,-100007000.0,-396537000.0,2035000.0,467754000.0,-4834000.0,-72789000.0,-72789000.0,-72789000.0,-24690000.0,-1174000.0,-0.045,555545000.0,-70636000.0,606571000.0,0.0,0.731,120.989,120.0,8904324000.0,0.0,720.0,0.613,0.613,1607422000.0,4017665000.0,1608165000.0,1608165000.0,0.0,,,,,4330000.0,133612000.0,1.0,5806150.0,5806220,5806220.0,276.973,12371559000.0,70288000.0,-36192000.0,834207000.0,2130.742,1488649000.0
37,NBR,MRQ,2012-03-31,2012-03-31,2012-03-31,2021-08-02,342463000.0,13148194000.0,,3129224000.0,10018970000.0,,1006.96,-473687000.0,354022000.0,354022000.0,1184816000.0,133823000.0,1.979,1.249,4773341000.0,275616000.0,4497725000.0,4773341000.0,0.0,247661000.0,0.0,0.0,0.0,265788000.0,513449000.0,0.279,513449000.0,265788000.0,203134000.0,23.0,23.0,23.0,5810923000.0,,5810923000.0,9274244266.0,13.0,5.417,-229504000.0,-39.77,1.0,657193000.0,0.357,501536000.0,62654000.0,15484936000.0,,265787000.0,449426000.0,139950000.0,309476000.0,7255826000.0,1581041000.0,5674785000.0,5049003266.0,-44553000.0,0.0,-7089000.0,146659000.0,0.0,139539000.0,-429679000.0,22687000.0,244183000.0,1404000.0,134090000.0,134090000.0,134090000.0,8795000.0,-267000.0,0.073,382127000.0,275066000.0,687576000.0,0.0,0.869,16.842,16.817,8814081000.0,0.0,874.5,0.77,0.769,1717375000.0,4090454000.0,1842009000.0,1842009000.0,0.0,,,,,4454000.0,136346000.0,1.0,5773589.0,5770760,5834180.0,319.197,12646658000.0,45038000.0,69044000.0,885995000.0,2191.506,1548183000.0
38,NBR,MRQ,2011-12-31,2011-12-31,2011-12-31,2021-08-02,321264000.0,12912140000.0,,3088314000.0,9823826000.0,,971.595,-510020000.0,398575000.0,398575000.0,1050536000.0,-99605000.0,1.713,1.296,4623816000.0,275326000.0,4348490000.0,4623816000.0,0.0,253242000.0,0.0,0.0,0.0,6169000.0,259411000.0,0.151,259411000.0,6169000.0,-54682000.0,-17.5,-17.0,-17.5,5587815000.0,,5587815000.0,9074101608.0,14.0,5.525,-161667000.0,-28.11,1.0,671280000.0,0.39,501258000.0,60851000.0,14833561000.0,,272852000.0,523059000.0,140914000.0,382145000.0,7241735000.0,1802562000.0,5439173000.0,4986202608.0,123114000.0,-57500000.0,2009000.0,260215000.0,0.0,261160000.0,-485193000.0,12304000.0,348353000.0,-1206000.0,-101005000.0,-101005000.0,-101005000.0,194146000.0,1400000.0,-0.059,468815000.0,202465000.0,782753000.0,0.0,0.892,20.063,19.931,8629946000.0,0.0,867.0,0.815,0.814,1576555000.0,3956364000.0,1721816000.0,1721816000.0,0.0,,,,,3995000.0,129456000.0,1.0,5751099.0,5751180,5819260.0,299.385,12410882000.0,127874000.0,46323000.0,825635000.0,2157.971,1285752000.0
39,NBR,MRQ,2011-09-30,2011-09-30,2011-09-30,2021-08-02,269155000.0,12318346000.0,,2544344000.0,9774002000.0,,979.49,-529352000.0,275461000.0,275461000.0,1019412000.0,74964000.0,1.797,1.173,4363360000.0,275227000.0,4088133000.0,4363360000.0,0.0,247711000.0,0.0,0.0,0.0,169877000.0,417588000.0,0.254,417588000.0,169877000.0,111817000.0,13.0,12.5,13.0,5631812000.0,,5631812000.0,7261224292.0,9.0,4.144,-291120000.0,-50.632,1.0,623542000.0,0.38,501297000.0,58060000.0,14489183000.0,,233298000.0,483298000.0,119859000.0,363439000.0,6605619000.0,1415765000.0,5189854000.0,3524579292.0,-253361000.0,-56682000.0,501000.0,87548000.0,0.0,88194000.0,-575230000.0,2336000.0,238232000.0,-4557000.0,74256000.0,74256000.0,74256000.0,12226000.0,708000.0,0.045,439981000.0,183561000.0,658692000.0,0.0,0.626,8.811,8.82,8577213000.0,0.0,613.0,0.62,0.62,1397725000.0,4057410000.0,1642954000.0,1642954000.0,0.0,,,,,9142000.0,119431000.0,1.0,5749722.0,5749740,5839720.0,285.744,11817049000.0,83388000.0,37561000.0,903562000.0,2055.232,1128579000.0
40,NBR,MRQ,2011-06-30,2011-06-30,2011-06-30,2021-08-02,376891000.0,12115652000.0,,2552941000.0,9562711000.0,,984.213,-644671000.0,528822000.0,528822000.0,827450000.0,192054000.0,2.491,1.128,4265467000.0,881000.0,4264586000.0,4265467000.0,0.0,228722000.0,0.0,0.0,0.0,292976000.0,521698000.0,0.386,521698000.0,292976000.0,229221000.0,33.5,32.5,33.5,5655504000.0,,5655504000.0,10966204115.0,16.0,7.004,-65693000.0,-11.432,1.0,524525000.0,0.388,494100000.0,63755000.0,14333247000.0,,199899000.0,490309000.0,144220000.0,346089000.0,6377989000.0,1024950000.0,5353039000.0,7080681115.0,-40914000.0,108445000.0,2011000.0,-197237000.0,0.0,-195183000.0,-424632000.0,15018000.0,578978000.0,-77000.0,192448000.0,192448000.0,192448000.0,-121167000.0,-394000.0,0.142,352360000.0,172165000.0,551010000.0,0.0,1.252,24.745,24.889,8372405000.0,0.0,1232.0,1.381,1.381,1191182000.0,3983154000.0,1351975000.0,1351975000.0,0.0,,,,,4162000.0,122970000.0,1.0,5747306.0,5746220,5885960.0,235.281,11621552000.0,38809000.0,36773000.0,841473000.0,2022.469,1527991000.0
41,NBR,MRQ,2011-03-31,2011-03-31,2011-03-31,2021-08-02,379956000.0,11890408000.0,,2711130000.0,9179278000.0,,954.149,-358574000.0,569736000.0,569736000.0,841108000.0,82156000.0,1.215,1.162,4455259000.0,1391224000.0,3064035000.0,4455259000.0,0.0,242336000.0,0.0,0.0,0.0,201217000.0,443553000.0,0.316,443553000.0,201217000.0,127251000.0,14.5,14.0,14.5,5459905000.0,,5459905000.0,12494547606.0,25.0,9.277,-67650000.0,-11.822,1.0,561014000.0,0.4,494005000.0,73966000.0,13051334000.0,,195230000.0,504740000.0,160571000.0,344169000.0,6346926000.0,2230592000.0,4116334000.0,8693105606.0,-71966000.0,-19000000.0,7084000.0,2005000.0,0.0,9074000.0,-374424000.0,-2341000.0,290924000.0,2460000.0,82825000.0,82825000.0,82825000.0,12396000.0,-669000.0,0.059,347320000.0,213694000.0,433695000.0,0.0,1.592,63.305,64.638,7975957000.0,0.0,1519.0,1.857,1.857,1242954000.0,3790706000.0,1402122000.0,1402122000.0,0.0,,,,,3945000.0,115951000.0,1.0,5722914.0,5722280,5853780.0,245.029,11396403000.0,21214000.0,44426000.0,818701000.0,1991.584,480538000.0
42,NBR,MRQ,2010-12-31,2010-12-31,2010-12-31,2021-08-02,342052000.0,11646569000.0,,2612930000.0,9033639000.0,,933.308,-289324000.0,641702000.0,641702000.0,752230000.0,51774000.0,1.213,1.17,4443144000.0,1379018000.0,3064126000.0,4443144000.0,0.0,221535000.0,0.0,0.0,0.0,147954000.0,369489000.0,0.286,369489000.0,147954000.0,74277000.0,8.5,9.0,8.5,5328162000.0,,5328162000.0,10565049842.0,26.0,8.82,135526000.0,23.739,1.0,538794000.0,0.417,494372000.0,73677000.0,12799259000.0,,158836000.0,467511000.0,159488000.0,308023000.0,6234518000.0,2154380000.0,4080138000.0,6695270842.0,2019000.0,-53400000.0,2779000.0,-81933000.0,0.0,-84752000.0,-341678000.0,-3942000.0,424850000.0,3599000.0,50481000.0,50481000.0,50481000.0,148169000.0,1293000.0,0.039,240628000.0,298166000.0,355282000.0,0.0,1.257,70.704,71.091,7815419000.0,0.0,1173.0,1.604,1.602,1116510000.0,3707881000.0,1291024000.0,1291024000.0,0.0,,,,,3144000.0,95763000.0,1.0,5707818.0,5708900,5808860.0,226.142,11152197000.0,31510000.0,23796000.0,796035000.0,1953.476,458550000.0
43,NBR,MRQ,2010-09-30,2010-09-30,2010-09-30,2021-08-02,277995000.0,11620728000.0,,2565924000.0,9054804000.0,,912.717,-271498000.0,639683000.0,639683000.0,625561000.0,-39154000.0,1.135,1.216,4509462000.0,1442714000.0,3066748000.0,4509462000.0,0.0,207834000.0,0.0,0.0,0.0,23136000.0,230970000.0,0.214,230970000.0,23136000.0,-43837000.0,-7.0,-7.0,-7.0,5207632000.0,,5207632000.0,8114899854.0,39.0,8.505,-59273000.0,-10.388,1.0,454809000.0,0.421,463427000.0,66973000.0,12765560000.0,,142973000.0,442666000.0,132786000.0,309880000.0,6330970000.0,2261520000.0,4069450000.0,5151970854.0,-107910000.0,-710230000.0,641000.0,644870000.0,0.0,645519000.0,-968812000.0,4399000.0,212225000.0,3158000.0,-39607000.0,-39607000.0,-39607000.0,7591000.0,453000.0,-0.037,423629000.0,31180000.0,368780000.0,0.0,0.989,-1691.389,-1806.0,7884874000.0,0.0,903.0,1.435,1.435,1002974000.0,3657400000.0,1080370000.0,1080370000.0,0.0,,,,,3555000.0,87194000.0,1.0,5705394.0,5705640,5705640.0,189.351,11157301000.0,29325000.0,-4230000.0,854136000.0,1955.486,304404000.0
44,NBR,MRQ,2010-06-30,2010-06-30,2010-06-30,2021-08-02,251268000.0,10500141000.0,,2025408000.0,8474733000.0,,914.561,-218715000.0,747593000.0,747593000.0,517531000.0,43062000.0,1.019,1.011,3710522000.0,1345819000.0,2364703000.0,3710522000.0,0.0,185123000.0,0.0,0.0,0.0,117708000.0,302831000.0,0.334,302831000.0,117708000.0,52415000.0,7.5,7.5,7.5,5216308000.0,,5216308000.0,7978909869.0,30.0,8.129,28047000.0,4.917,1.0,389657000.0,0.43,164078000.0,65293000.0,11310910000.0,,107549000.0,560541000.0,145283000.0,415258000.0,5271732000.0,1988082000.0,3283650000.0,5025412869.0,-155016000.0,-9941000.0,1894000.0,-169567000.0,0.0,-169019000.0,-227887000.0,-8116000.0,246762000.0,-4872000.0,43621000.0,43621000.0,43621000.0,909000.0,-559000.0,0.048,271599000.0,118058000.0,255476000.0,0.0,0.963,76.038,76.609,7641563000.0,0.0,881.0,1.516,1.516,762589000.0,3697007000.0,907188000.0,907188000.0,0.0,,,,,3586000.0,80337000.0,1.0,5704214.0,5703620,5795920.0,159.055,10336063000.0,128555000.0,8794000.0,707111000.0,1812.193,37326000.0
45,NBR,MRQ,2010-03-31,2010-03-31,2010-03-31,2021-08-02,327746000.0,10624725000.0,,2154701000.0,8470024000.0,,921.241,-150740000.0,902609000.0,902609000.0,505197000.0,39098000.0,3.72,1.023,3856106000.0,209000.0,3855897000.0,3856106000.0,0.0,179029000.0,0.0,0.0,0.0,115559000.0,294588000.0,0.329,294588000.0,115559000.0,48790000.0,7.0,7.0,7.0,5245031000.0,,5245031000.0,8601023392.0,980.0,12.193,72407000.0,12.718,1.0,391234000.0,0.436,164756000.0,66769000.0,12834182000.0,,99828000.0,564644000.0,158405000.0,406239000.0,5366042000.0,579284000.0,4786758000.0,5588070392.0,-25206000.0,-995000.0,952000.0,-110168000.0,0.0,-111494000.0,-134928000.0,8125000.0,223147000.0,-1931000.0,40200000.0,40200000.0,40200000.0,4421000.0,-1102000.0,0.045,272356000.0,118878000.0,249040000.0,0.0,1.065,-32.772,-32.717,7646608000.0,0.0,981.5,1.701,1.701,735432000.0,3653386000.0,896431000.0,896431000.0,0.0,,,,,3461000.0,75426000.0,1.0,5693398.0,5693440,5814720.0,157.45,10459969000.0,126394000.0,8590000.0,727576000.0,1837.197,1575417000.0
46,NBR,MRQ,2009-12-31,2009-12-31,2009-12-31,2021-08-02,292706000.0,10644690000.0,,2176664000.0,8468026000.0,,910.267,-165237000.0,927815000.0,927815000.0,435428000.0,-47226000.0,3.576,1.057,3940768000.0,163000.0,3940605000.0,3940768000.0,0.0,171357000.0,0.0,0.0,0.0,-45654000.0,125703000.0,0.178,125703000.0,-45654000.0,-111925000.0,-8.0,-8.0,-8.0,5167656000.0,,5167656000.0,9351043819.0,80.0,11.747,151524000.0,26.69,1.0,270522000.0,0.383,164265000.0,66271000.0,12884756000.0,,100819000.0,570526000.0,163036000.0,407490000.0,5462711000.0,608622000.0,4854089000.0,6201227819.0,-7236000.0,0.0,9085000.0,-173422000.0,0.0,-169634000.0,-155892000.0,2265000.0,316761000.0,1529000.0,-47260000.0,-47260000.0,-47260000.0,186754000.0,34000.0,-0.067,129388000.0,141134000.0,226423000.0,0.0,1.2,-72.49,-72.967,7646050000.0,0.0,1094.5,1.756,1.756,724040000.0,3613186000.0,705950000.0,705950000.0,0.0,,,,,2774000.0,69280000.0,1.0,5665809.0,5677080,5931160.0,124.351,10480425000.0,125163000.0,-64665000.0,709126000.0,1846.094,1568042000.0
47,NBR,MRQ,2009-09-30,2009-09-30,2009-09-30,2021-08-02,254505000.0,10797091000.0,,2091086000.0,8706005000.0,,912.819,-217349000.0,935051000.0,935051000.0,431280000.0,30425000.0,3.15,1.088,4084867000.0,280000.0,4084587000.0,4084867000.0,0.0,177667000.0,0.0,0.0,0.0,80724000.0,258391000.0,0.321,258391000.0,80724000.0,14053000.0,5.0,5.0,5.0,5170153000.0,,5170153000.0,9144785215.0,74.0,11.493,75547000.0,13.338,1.0,373217000.0,0.464,163984000.0,66671000.0,13119048000.0,,115714000.0,780625000.0,169112000.0,611513000.0,5626938000.0,663875000.0,4963063000.0,5936451215.0,-88602000.0,-24406000.0,1596000.0,-165742000.0,0.0,-163962000.0,-225135000.0,5116000.0,292896000.0,7599000.0,29530000.0,29530000.0,29530000.0,23250000.0,895000.0,0.037,268348000.0,104869000.0,254657000.0,0.0,1.148,-40.944,-40.192,7728506000.0,0.0,1045.0,1.449,1.445,702712000.0,3660446000.0,804497000.0,804497000.0,0.0,,,,,4289000.0,81637000.0,1.0,5680815.0,5663940,5748140.0,142.038,10633107000.0,20899000.0,-15477000.0,699397000.0,1877.334,1427211000.0
48,NBR,MRQ,2009-06-30,2009-06-30,2009-06-30,2021-08-02,167775000.0,10869362000.0,,2302161000.0,8567201000.0,,891.357,-320334000.0,1023653000.0,1023653000.0,453922000.0,-193206000.0,2.726,1.153,4231987000.0,168699000.0,4063288000.0,4231987000.0,0.0,168564000.0,0.0,0.0,0.0,-141856000.0,26708000.0,0.03,26708000.0,-141856000.0,-207883000.0,-34.0,-34.0,-34.0,5047824000.0,,5047824000.0,7754878148.0,21.0,7.468,184117000.0,32.512,1.0,424068000.0,0.483,162812000.0,66027000.0,13070385000.0,,134017000.0,746843000.0,172787000.0,574056000.0,5821538000.0,844499000.0,4977039000.0,4409781148.0,41737000.0,-38564000.0,-573000.0,-123206000.0,0.0,-125087000.0,-341369000.0,11619000.0,504451000.0,3742000.0,-192986000.0,-192986000.0,-192986000.0,0.0,-220000.0,-0.22,566144000.0,-142076000.0,262545000.0,0.0,0.874,226.561,222.571,7621186000.0,0.0,779.0,0.932,0.932,787653000.0,3630916000.0,877990000.0,877990000.0,0.0,,,,,76334000.0,163808000.0,1.0,5660823.0,5663080,5663080.0,155.038,10706550000.0,22837000.0,-14897000.0,692823000.0,1890.588,1457662000.0
49,NBR,MRQ,2009-03-31,2009-03-31,2009-03-31,2021-08-02,14614000.0,10994491000.0,,2479847000.0,8514644000.0,,885.417,-390515000.0,981916000.0,981916000.0,665287000.0,124119000.0,2.518,1.193,4327013000.0,168682000.0,4158331000.0,4327013000.0,0.0,161905000.0,0.0,0.0,0.0,225521000.0,387426000.0,0.339,387426000.0,225521000.0,158443000.0,22.0,22.0,22.0,5013196000.0,,5013196000.0,6497129026.0,8.0,4.466,112349000.0,19.843,1.0,477472000.0,0.418,174806000.0,67078000.0,13179789000.0,,143160000.0,786779000.0,126672000.0,660107000.0,5981295000.0,984993000.0,4996302000.0,2826475026.0,539829000.0,-62106000.0,-374000.0,478558000.0,0.0,478056000.0,-440381000.0,5359000.0,502864000.0,-710000.0,125170000.0,125170000.0,125170000.0,0.0,-1051000.0,0.11,253002000.0,224470000.0,342847000.0,0.0,0.564,7.269,7.239,7488679000.0,0.0,499.5,0.548,0.548,975797000.0,3894998000.0,1142759000.0,1142759000.0,0.0,,,,,23328000.0,107343000.0,1.0,5658609.0,5661960,5662380.0,201.831,10819685000.0,23093000.0,33273000.0,710990000.0,1910.943,1494854000.0
50,NBR,MRQ,2008-12-31,2008-12-31,2008-12-31,2021-08-02,53520000.0,10517899000.0,,2166593000.0,8351306000.0,,866.196,-393723000.0,442087000.0,442087000.0,807132000.0,-102776000.0,1.919,1.142,3825563000.0,225030000.0,3600533000.0,3825563000.0,0.0,163914000.0,0.0,0.0,0.0,-40769000.0,123145000.0,0.097,123145000.0,-40769000.0,-90874000.0,-19.0,-18.0,-19.0,4904106000.0,,4904106000.0,6996406802.0,8.0,4.597,9221000.0,1.629,1.0,464001000.0,0.365,175749000.0,50105000.0,12596767000.0,,150118000.0,793837000.0,142158000.0,651679000.0,5599475000.0,1128859000.0,4470616000.0,3406354802.0,-179408000.0,-134792000.0,-13207000.0,-64671000.0,0.0,-77878000.0,-498744000.0,7023000.0,402944000.0,-5730000.0,-106703000.0,-106703000.0,-106703000.0,41930000.0,3927000.0,-0.084,458913000.0,5088000.0,424908000.0,0.0,0.695,7.16,7.083,7331959000.0,0.0,598.5,0.638,0.632,1160768000.0,3698732000.0,1271133000.0,1271133000.0,0.0,,,,,12550000.0,128311000.0,1.0,5691487.0,5661660,5670580.0,224.516,10342150000.0,28083000.0,15829000.0,734051000.0,1826.699,1037734000.0
51,NBR,MRQ,2008-09-30,2008-09-30,2008-09-30,2021-08-02,273407000.0,10775777000.0,,2367901000.0,8407876000.0,,884.704,-361431000.0,621495000.0,621495000.0,805533000.0,193983000.0,2.168,1.157,4211547000.0,224825000.0,3986722000.0,4211547000.0,0.0,169854000.0,0.0,0.0,0.0,331350000.0,501204000.0,0.348,501204000.0,331350000.0,280804000.0,34.5,33.5,34.5,4996614000.0,,4996614000.0,10488739185.0,9.0,5.753,66454000.0,11.766,1.0,634727000.0,0.441,354517000.0,50546000.0,12919234000.0,,129079000.0,446200000.0,216633000.0,229567000.0,5779163000.0,1092078000.0,4687085000.0,6981428185.0,-282326000.0,-89352000.0,-116131000.0,-207147000.0,0.0,-322680000.0,-385240000.0,35447000.0,427885000.0,-2291000.0,193983000.0,193983000.0,193983000.0,0.0,0.0,0.135,303377000.0,331350000.0,353378000.0,0.0,1.397,9.439,9.511,7166048000.0,0.0,1246.0,1.299,1.309,1161426000.0,3994246000.0,1440260000.0,1440260000.0,0.0,,,,,12947000.0,122648000.0,1.0,5603072.0,5647780,5782980.0,255.013,10421260000.0,23737000.0,86821000.0,618496000.0,1845.196,1275823000.0
52,NBR,MRQ,2008-06-30,2008-06-30,2008-06-30,2021-08-02,399712000.0,10904644000.0,,2730346000.0,8174298000.0,,878.341,-423894000.0,903821000.0,903821000.0,740178000.0,176413000.0,1.999,1.21,4411132000.0,588847000.0,3822285000.0,4411132000.0,0.0,156156000.0,0.0,0.0,0.0,287018000.0,443174000.0,0.34,443174000.0,287018000.0,237643000.0,31.5,30.0,31.5,4933659000.0,,4933659000.0,17346357642.0,15.0,10.13,-72290000.0,-12.87,1.0,563246000.0,0.432,363158000.0,49375000.0,12683117000.0,,128893000.0,572592000.0,332726000.0,239866000.0,5970985000.0,1365680000.0,4605305000.0,13859108642.0,-190505000.0,-31885000.0,-101135000.0,-161174000.0,0.0,-258366000.0,-287891000.0,163160000.0,351604000.0,4148000.0,176413000.0,176413000.0,176413000.0,0.0,0.0,0.135,276228000.0,287018000.0,317802000.0,0.0,2.809,18.149,18.166,7020941000.0,0.0,2461.5,2.686,2.68,1083748000.0,3783947000.0,1303424000.0,1303424000.0,0.0,,,,,10883000.0,116914000.0,1.0,5630351.0,5617020,5889740.0,232.049,10541486000.0,16687000.0,61230000.0,647964000.0,1876.704,1364666000.0
53,NBR,MRQ,2008-03-31,2008-03-31,2008-03-31,2021-08-02,363043000.0,10905223000.0,,2954725000.0,7950498000.0,,854.465,-327931000.0,1094326000.0,1094326000.0,747770000.0,212044000.0,1.988,1.278,4581575000.0,700000000.0,3881575000.0,4581575000.0,0.0,149885000.0,0.0,0.0,0.0,304516000.0,454401000.0,0.344,454401000.0,304516000.0,257824000.0,38.0,37.0,38.0,4787840000.0,,4787840000.0,12953642241.0,11.0,7.576,-47540000.0,-8.484,1.0,573819000.0,0.434,360709000.0,46692000.0,12545633000.0,,129611000.0,666856000.0,355918000.0,310938000.0,6117383000.0,1486130000.0,4631253000.0,9478515241.0,563020000.0,-15567000.0,-7059000.0,575916000.0,0.0,569685000.0,-285228000.0,46000000.0,280391000.0,-1828000.0,212044000.0,212044000.0,212044000.0,0.0,0.0,0.16,269303000.0,304516000.0,332732000.0,0.0,1.98,11.622,11.645,6758516000.0,0.0,1688.5,1.901,1.898,1112190000.0,3589586000.0,1321589000.0,1321589000.0,0.0,,,,,9021000.0,111321000.0,1.0,5613571.0,5603320,5715600.0,235.858,10544514000.0,20227000.0,45780000.0,639725000.0,1881.833,1468595000.0
54,NBR,MRQ,2007-12-31,2007-12-31,2007-12-31,2021-08-02,322635000.0,10103382000.0,,2205112000.0,7898270000.0,,782.056,-556335000.0,531306000.0,531306000.0,721100000.0,156743000.0,1.476,1.238,4006433000.0,700000000.0,3306433000.0,4006433000.0,0.0,132448000.0,0.0,0.0,0.0,292006000.0,424454000.0,0.324,424454000.0,292006000.0,177321000.0,27.0,26.5,27.0,4514121000.0,,4514121000.0,11065881091.0,9.0,6.406,-19482000.0,-3.375,1.0,588048000.0,0.449,368432000.0,114685000.0,11715945000.0,,133786000.0,1000121000.0,235745000.0,764376000.0,5589261000.0,1494132000.0,4095129000.0,7753818091.0,-162471000.0,-249786000.0,-101193000.0,-23079000.0,0.0,-132157000.0,-562017000.0,217574000.0,536853000.0,-5150000.0,157163000.0,157163000.0,157163000.0,0.0,-420000.0,0.12,296462000.0,291586000.0,348524000.0,0.0,1.718,8.957,8.893,6632612000.0,0.0,1369.5,1.569,1.559,1039238000.0,3359080000.0,1309148000.0,1309148000.0,0.0,,,,,5490000.0,116458000.0,1.0,5661788.0,5772120,5844440.0,226.805,9734950000.0,12757000.0,20158000.0,639075000.0,1686.547,710980000.0
55,NBR,MRQ,2007-09-30,2007-09-30,2007-09-30,2021-08-02,320412000.0,10078407000.0,,2546421000.0,7531986000.0,,787.732,-387349000.0,693777000.0,693777000.0,722058000.0,218028000.0,1.635,1.283,4005840000.0,700000000.0,3305840000.0,4005840000.0,0.0,138732000.0,0.0,0.0,0.0,251608000.0,390340000.0,0.319,390340000.0,251608000.0,238158000.0,39.0,38.0,39.0,4413693000.0,,4413693000.0,12083164515.0,9.0,6.805,-184678000.0,-32.96,1.0,503464000.0,0.411,367376000.0,13450000.0,11465598000.0,,131646000.0,569484000.0,186196000.0,383288000.0,5664714000.0,1557496000.0,4107218000.0,8686654515.0,85038000.0,174451000.0,-7462000.0,-27379000.0,0.0,-25581000.0,-95344000.0,101476000.0,202671000.0,3292000.0,218028000.0,218028000.0,218028000.0,-22265000.0,0.0,0.178,274121000.0,229343000.0,367113000.0,0.0,1.968,9.179,8.997,6466732000.0,0.0,1538.5,1.761,1.747,1043235000.0,3136928000.0,1225522000.0,1225522000.0,0.0,,,,,8401000.0,105975000.0,1.0,5646184.0,5603040,5759380.0,218.724,9711031000.0,35738000.0,20130000.0,704145000.0,1733.172,988925000.0
56,NBR,MRQ,2007-06-30,2007-06-30,2007-06-30,2021-08-02,257695000.0,9912260000.0,,2258226000.0,7654034000.0,,738.151,-512285000.0,608739000.0,608739000.0,637104000.0,228349000.0,1.37,1.404,4005249000.0,700000000.0,3305249000.0,4005249000.0,0.0,122148000.0,0.0,0.0,0.0,318381000.0,440529000.0,0.39,440529000.0,318381000.0,304648000.0,41.0,39.5,41.0,4122615000.0,,4122615000.0,12935976177.0,9.0,6.809,-213039000.0,-38.144,1.0,491744000.0,0.436,388981000.0,13733000.0,11271104000.0,,127368000.0,698893000.0,218552000.0,480341000.0,5789645000.0,1648685000.0,4140960000.0,9392543177.0,147512000.0,-3789000.0,8736000.0,11343000.0,0.0,20092000.0,-173980000.0,231182000.0,299246000.0,2154000.0,228349000.0,228349000.0,228349000.0,-7487000.0,0.0,0.202,180850000.0,310894000.0,508712000.0,0.0,2.278,9.199,9.046,6298371000.0,0.0,1669.0,1.892,1.878,1035895000.0,2918900000.0,1128848000.0,1128848000.0,0.0,,,,,8433000.0,99952000.0,1.0,5627647.0,5585060,5757960.0,202.119,9523279000.0,36943000.0,76299000.0,658914000.0,1705.135,609541000.0
57,NBR,MRQ,2007-03-31,2007-03-31,2007-03-31,2021-08-02,213045000.0,9580406000.0,,2414199000.0,7166207000.0,,691.754,-583211000.0,461227000.0,461227000.0,684297000.0,262162000.0,2.561,1.5,4004660000.0,0.0,4004660000.0,4004660000.0,0.0,111853000.0,0.0,0.0,0.0,360123000.0,471976000.0,0.37,471976000.0,360123000.0,347071000.0,47.5,46.0,47.5,3831515000.0,,3831515000.0,11561135590.0,8.0,6.031,-227072000.0,-40.996,1.0,592866000.0,0.464,372596000.0,13052000.0,11808594000.0,,114366000.0,1039558000.0,489785000.0,549773000.0,5748891000.0,942649000.0,4806242000.0,8257610590.0,-239322000.0,-13035000.0,57277000.0,699000.0,0.0,58747000.0,-655876000.0,-68165000.0,356139000.0,1668000.0,262162000.0,262162000.0,262162000.0,-5272000.0,0.0,0.205,238015000.0,354851000.0,492085000.0,0.0,2.155,8.047,8.107,5810745000.0,0.0,1483.5,1.658,1.65,1130614000.0,2690551000.0,1277163000.0,1277163000.0,0.0,,,,,7852000.0,113897000.0,1.0,5566303.0,5538840,5696280.0,230.583,9207810000.0,37790000.0,84909000.0,689713000.0,1662.408,1471550000.0
58,NBR,MRQ,2006-12-31,2006-12-31,2006-12-31,2021-08-02,201261000.0,9142303000.0,,2504856000.0,6637447000.0,,640.691,-582725000.0,700549000.0,700549000.0,675869000.0,237789000.0,2.932,1.585,4004074000.0,0.0,4004074000.0,4004074000.0,0.0,114155000.0,0.0,0.0,0.0,358527000.0,472682000.0,0.363,472682000.0,358527000.0,345911000.0,43.5,41.5,43.5,3536653000.0,,3536653000.0,12552711953.0,8.0,6.565,-136006000.0,-24.639,1.0,626755000.0,0.481,362269000.0,12616000.0,11229199000.0,,100487000.0,952736000.0,439467000.0,513269000.0,5605650000.0,854360000.0,4751290000.0,8909372953.0,340343000.0,-53000.0,-25749000.0,17288000.0,0.0,-8637000.0,-96892000.0,478652000.0,446719000.0,-847000.0,237789000.0,237789000.0,237789000.0,-5403000.0,0.0,0.183,273631000.0,353124000.0,459179000.0,0.0,2.519,8.728,8.46,5410101000.0,0.0,1489.0,1.845,1.79,1109738000.0,2473373000.0,1302624000.0,1302624000.0,0.0,,,,,57287000.0,148901000.0,1.0,5983461.0,5520060,5682200.0,235.98,8780034000.0,38081000.0,108122000.0,638886000.0,1590.569,1650496000.0
59,NBR,MRQ,2006-09-30,2006-09-30,2006-09-30,2021-08-02,232429000.0,8928828000.0,,2790663000.0,6138165000.0,,591.442,-504676000.0,360206000.0,360206000.0,654265000.0,292751000.0,3.735,1.72,4003545000.0,0.0,4003545000.0,4003545000.0,0.0,105287000.0,0.0,0.0,0.0,409289000.0,514576000.0,0.41,514576000.0,409289000.0,395545000.0,52.5,51.0,52.5,3283132000.0,,3283132000.0,11481440903.0,8.0,6.267,-206703000.0,-37.237,1.0,601848000.0,0.479,369978000.0,13744000.0,11455015000.0,,98769000.0,1404620000.0,913216000.0,491404000.0,5645696000.0,747174000.0,4898522000.0,8897737903.0,-1059054000.0,-118000.0,-61480000.0,10005000.0,0.0,-51114000.0,-1305599000.0,-803333000.0,297973000.0,-314000.0,292751000.0,292751000.0,292751000.0,-7968000.0,0.0,0.233,200527000.0,401321000.0,417026000.0,0.0,2.71,8.955,8.934,4975081000.0,0.0,1487.5,1.95,1.809,1098818000.0,2235583000.0,1256113000.0,1256113000.0,0.0,,,,,7451000.0,92783000.0,1.0,5981673.0,5551060,5730880.0,226.283,8558850000.0,204140000.0,102794000.0,761697000.0,1541.841,2043489000.0
60,NBR,MRQ,2006-06-30,2006-06-30,2006-06-30,2021-08-02,241884000.0,8591135000.0,,3037701000.0,5553434000.0,,522.361,-493795000.0,1419260000.0,1419260000.0,594226000.0,233433000.0,4.281,1.793,4002963000.0,0.0,4002963000.0,4002963000.0,0.0,95859000.0,0.0,0.0,0.0,361967000.0,457826000.0,0.4,457826000.0,361967000.0,349799000.0,39.5,38.5,39.5,3075859000.0,,3075859000.0,11440976902.0,9.0,6.91,-148195000.0,-25.167,1.0,549872000.0,0.481,370310000.0,12168000.0,10095022000.0,,70756000.0,589234000.0,239828000.0,349406000.0,5515276000.0,709506000.0,4805770000.0,10481894902.0,1125958000.0,-35360000.0,-654646000.0,2686280000.0,0.0,1450223000.0,-671107000.0,-147330000.0,345600000.0,1242000.0,233433000.0,233433000.0,233433000.0,0.0,0.0,0.204,187905000.0,361967000.0,386052000.0,0.0,3.408,11.916,11.856,4563893000.0,0.0,1689.5,2.479,2.353,1007878000.0,1942833000.0,1144098000.0,1144098000.0,0.0,,,,,7450000.0,87830000.0,1.0,6204140.0,5888380,6087880.0,194.298,8220825000.0,199276000.0,116366000.0,718797000.0,1396.11,2328195000.0
61,NBR,MRQ,2006-03-31,2006-03-31,2006-03-31,2021-08-02,195833000.0,6690539000.0,,1756070000.0,4934469000.0,,609.149,-346211000.0,293302000.0,293302000.0,614617000.0,256763000.0,2.549,0.755,1252384000.0,0.0,1252384000.0,1252384000.0,0.0,94406000.0,0.0,0.0,0.0,380346000.0,474752000.0,0.402,474752000.0,380346000.0,372291000.0,41.0,39.5,41.0,3813150000.0,,3813150000.0,12660994022.0,11.0,8.64,49755000.0,7.948,1.0,567578000.0,0.48,359955000.0,8055000.0,6600701000.0,,58238000.0,431967000.0,181554000.0,250413000.0,2877389000.0,688965000.0,2188424000.0,11206332022.0,-271699000.0,-13465000.0,-214121000.0,-759891000.0,0.0,-972197000.0,305129000.0,662389000.0,395966000.0,-597000.0,256763000.0,256763000.0,256763000.0,0.0,0.0,0.217,187232000.0,380346000.0,390029000.0,0.0,2.939,14.403,14.431,4156554000.0,0.0,1789.5,2.896,2.894,949524000.0,2056063000.0,1182195000.0,1182195000.0,0.0,,,,,7700000.0,88797000.0,1.0,6262270.0,6259800,6490720.0,188.855,6330584000.0,201230000.0,115528000.0,849039000.0,1011.308,1067105000.0
62,NBR,MRQ,2005-12-31,2005-12-31,2005-12-31,2021-08-02,192980000.0,7230407000.0,,2617308000.0,4613099000.0,,596.708,-329472000.0,565001000.0,565001000.0,528776000.0,210619000.0,1.935,0.924,2019663000.0,767912000.0,1251751000.0,2019663000.0,0.0,90644000.0,0.0,0.0,0.0,294136000.0,384780000.0,0.392,384780000.0,294136000.0,282552000.0,33.5,32.0,33.5,3758140000.0,,3758140000.0,13370797130.0,15.0,10.687,34654000.0,5.502,1.0,452634000.0,0.461,341939000.0,11584000.0,6990674000.0,,51292000.0,1081326000.0,858524000.0,222802000.0,3472267000.0,1352456000.0,2119811000.0,11928873130.0,-10567000.0,-36005000.0,-11164000.0,6948000.0,0.0,-6952000.0,-367830000.0,-9827000.0,364126000.0,89000.0,210619000.0,210619000.0,210619000.0,-10540000.0,0.0,0.215,169038000.0,283596000.0,336589000.0,0.0,3.174,18.389,18.209,3886924000.0,0.0,1893.75,3.422,3.392,822104000.0,1989526000.0,981410000.0,981410000.0,0.0,,,,,1465000.0,62804000.0,1.0,6299075.0,6298120,6676560.0,155.826,6888468000.0,199196000.0,71933000.0,740264000.0,1093.734,1264852000.0
63,NBR,MRQ,2005-09-30,2005-09-30,2005-09-30,2021-08-02,204009000.0,6702334000.0,,2368093000.0,4334241000.0,,567.102,-230720000.0,575568000.0,575568000.0,500552000.0,178857000.0,1.818,0.879,2017492000.0,819682000.0,1197810000.0,2017492000.0,0.0,85022000.0,0.0,0.0,0.0,253386000.0,338408000.0,0.368,338408000.0,253386000.0,242191000.0,28.5,27.5,28.5,3566152000.0,,3566152000.0,12747342723.0,17.0,11.823,2660000.0,0.423,1.0,419971000.0,0.456,342116000.0,11195000.0,6499392000.0,,42676000.0,1064290000.0,856021000.0,208269000.0,3136182000.0,1302750000.0,1833432000.0,11297275723.0,7619000.0,-3196000.0,26133000.0,-11097000.0,0.0,15036000.0,-248358000.0,-18169000.0,233380000.0,7561000.0,178857000.0,178857000.0,178857000.0,0.0,0.0,0.194,166585000.0,253386000.0,270311000.0,0.0,3.168,20.659,20.177,3622732000.0,0.0,1795.75,3.525,3.523,734982000.0,1794907000.0,920523000.0,920523000.0,0.0,,,,,1533000.0,65879000.0,1.0,6291118.0,6288380,6474000.0,146.385,6360218000.0,40419000.0,63334000.0,513256000.0,1011.424,1065343000.0
64,NBR,MRQ,2005-06-30,2005-06-30,2005-06-30,2021-08-02,141604000.0,6308592000.0,,1833215000.0,4475377000.0,,522.516,-173344000.0,567949000.0,567949000.0,454584000.0,131805000.0,1.477,0.917,2018016000.0,814607000.0,1203409000.0,2018016000.0,0.0,82325000.0,0.0,0.0,0.0,185182000.0,267507000.0,0.34,267507000.0,185182000.0,173849000.0,21.0,20.5,21.0,3290609000.0,,3290609000.0,11122858370.0,19.0,12.246,95476000.0,15.161,1.0,331535000.0,0.422,331635000.0,11333000.0,6185494000.0,,36163000.0,1011409000.0,493339000.0,518070000.0,3017983000.0,1241530000.0,1776453000.0,9579832370.0,105024000.0,-36230000.0,-56926000.0,-530000.0,0.0,-57456000.0,-105740000.0,90775000.0,268820000.0,-600000.0,131805000.0,131805000.0,131805000.0,0.0,0.0,0.168,146353000.0,185182000.0,227406000.0,0.0,2.911,21.595,20.689,3460599000.0,0.0,1515.5,3.324,3.311,619330000.0,1616050000.0,786119000.0,786119000.0,0.0,,,,,1338000.0,59805000.0,1.0,6321235.0,6297620,6448500.0,124.828,5976957000.0,36853000.0,42044000.0,445504000.0,949.082,591685000.0
65,NBR,MRQ,2005-03-31,2005-03-31,2005-03-31,2021-08-02,148267000.0,6188227000.0,,1792421000.0,4395806000.0,,528.773,-173780000.0,462925000.0,462925000.0,474626000.0,127414000.0,1.445,0.923,2005951000.0,809562000.0,1196389000.0,2005951000.0,0.0,80541000.0,0.0,0.0,0.0,179840000.0,260381000.0,0.326,260381000.0,179840000.0,169103000.0,21.0,20.0,21.0,3218431000.0,,3218431000.0,10517559484.0,22.0,13.606,-10606000.0,-1.743,1.0,322893000.0,0.405,331251000.0,10737000.0,6159323000.0,,31984000.0,1091531000.0,545556000.0,545975000.0,2969796000.0,1240679000.0,1729117000.0,8896032484.0,78216000.0,-6775000.0,136938000.0,15060000.0,0.0,151998000.0,-236312000.0,-58960000.0,163174000.0,-644000.0,127414000.0,127414000.0,127414000.0,0.0,0.0,0.16,143053000.0,179840000.0,227125000.0,0.0,2.764,24.839,24.642,3358068000.0,0.0,1478.5,3.374,3.413,646598000.0,1550054000.0,797519000.0,797519000.0,0.0,,,,,483000.0,58641000.0,1.0,6016931.0,6086600,6351080.0,131.029,5856976000.0,34093000.0,41689000.0,411691000.0,962.274,551742000.0
66,NBR,MRQ,2004-12-31,2004-12-31,2004-12-31,2021-08-02,148229000.0,5862609000.0,,2020436000.0,3842173000.0,,488.864,-144356000.0,384709000.0,384709000.0,435584000.0,108766000.0,1.685,1.001,2006236000.0,804550000.0,1201686000.0,2006236000.0,0.0,79844000.0,0.0,0.0,0.0,132077000.0,211921000.0,0.302,211921000.0,132077000.0,121349000.0,18.5,17.0,18.5,2929393000.0,,2929393000.0,9374568294.0,24.0,13.691,53721000.0,8.965,1.0,265431000.0,0.379,327225000.0,10728000.0,5957595000.0,,28653000.0,1026338000.0,955304000.0,71034000.0,2933216000.0,1199316000.0,1733900000.0,7668425294.0,87572000.0,-200000.0,19009000.0,2806000.0,0.0,21815000.0,-135748000.0,5834000.0,198077000.0,3428000.0,108766000.0,108766000.0,108766000.0,0.0,0.0,0.155,133354000.0,132077000.0,211600000.0,0.0,2.618,25.354,25.142,3275495000.0,0.0,1282.25,3.132,3.12,540103000.0,1422640000.0,701015000.0,701015000.0,0.0,,,,,0.0,54800000.0,1.0,5980445.0,5992240,6614720.0,116.987,5535384000.0,39599000.0,12583000.0,397809000.0,923.759,821120000.0
67,NBR,MRQ,2004-09-30,2004-09-30,2004-09-30,2021-08-02,116208000.0,5618420000.0,,1448537000.0,4169883000.0,,464.75,-110746000.0,297137000.0,297137000.0,378084000.0,75626000.0,4.372,1.027,2003280000.0,750000.0,2002530000.0,2003280000.0,0.0,73637000.0,0.0,0.0,0.0,94826000.0,168463000.0,0.282,168463000.0,94826000.0,84293000.0,12.75,12.0,12.75,2771563000.0,,2771563000.0,8674985356.0,27.0,14.133,-1156000.0,-0.194,1.0,219498000.0,0.367,321010000.0,10533000.0,6672237000.0,,23895000.0,974836000.0,543923000.0,430913000.0,2846857000.0,331316000.0,2515541000.0,7043857356.0,-65450000.0,0.0,9611000.0,-2475000.0,0.0,7136000.0,-189041000.0,-79612000.0,109590000.0,6865000.0,75626000.0,75626000.0,75626000.0,0.0,0.0,0.127,124672000.0,94826000.0,161391000.0,0.0,2.541,27.242,27.213,3190374000.0,0.0,1183.75,3.087,3.093,480117000.0,1313874000.0,597582000.0,597582000.0,0.0,,,,,0.0,49548000.0,1.0,5950460.0,5963560,6556760.0,100.206,5297410000.0,35033000.0,8667000.0,374259000.0,888.297,1117221000.0
68,NBR,MRQ,2004-06-30,2004-06-30,2004-06-30,2021-08-02,76880000.0,5450668000.0,,1378703000.0,4071965000.0,,444.041,-176867000.0,362587000.0,362587000.0,368941000.0,46348000.0,4.313,1.061,1993715000.0,4147000.0,1989568000.0,1993715000.0,0.0,70820000.0,0.0,0.0,0.0,61452000.0,132272000.0,0.245,132272000.0,61452000.0,50065000.0,7.75,7.5,7.75,2644102000.0,,2644102000.0,8451631345.0,29.0,14.944,-23414000.0,-3.932,1.0,171558000.0,0.317,311343000.0,11387000.0,6450806000.0,,21631000.0,857180000.0,425028000.0,432152000.0,2806566000.0,319647000.0,2486919000.0,6718039345.0,-202265000.0,0.0,3288000.0,-294824000.0,0.0,-291536000.0,-63774000.0,110669000.0,153453000.0,-408000.0,46348000.0,46348000.0,46348000.0,0.0,0.0,0.086,110106000.0,61452000.0,155863000.0,0.0,2.541,28.806,28.803,3117872000.0,0.0,1130.5,3.097,3.103,411034000.0,1238248000.0,540499000.0,540499000.0,0.0,,,,,0.0,45441000.0,1.0,5942538.0,5954640,6209360.0,90.769,5139325000.0,32423000.0,3717000.0,358772000.0,863.079,1059056000.0
69,NBR,MRQ,2004-03-31,2004-03-31,2004-03-31,2021-08-02,93513000.0,5738556000.0,,1584153000.0,4154403000.0,,440.986,-112460000.0,564852000.0,564852000.0,390040000.0,71717000.0,2.575,1.198,2298444000.0,300988000.0,1997456000.0,2298444000.0,0.0,76098000.0,0.0,0.0,0.0,95990000.0,172088000.0,0.283,172088000.0,95990000.0,80131000.0,12.0,11.5,12.0,2610352000.0,,2610352000.0,8478361269.0,31.0,15.85,-10382000.0,-1.754,1.0,219016000.0,0.36,314031000.0,15859000.0,6542958000.0,,19992000.0,976472000.0,342008000.0,634464000.0,3128204000.0,615159000.0,2513045000.0,6773160269.0,-14885000.0,0.0,39340000.0,2056000.0,0.0,41396000.0,-160514000.0,-48218000.0,102078000.0,2155000.0,71717000.0,71717000.0,71717000.0,0.0,0.0,0.118,123026000.0,95990000.0,147851000.0,0.0,2.595,31.373,31.336,3021539000.0,0.0,1143.75,3.273,3.271,470763000.0,1191900000.0,609056000.0,609056000.0,0.0,,,,,0.0,45599000.0,1.0,5921889.0,5919360,6524400.0,102.892,5424525000.0,30209000.0,8414000.0,365752000.0,916.404,968994000.0
70,NBR,MRQ,2003-12-31,2003-12-31,2003-12-31,2021-08-02,99583000.0,5602692000.0,,1515647000.0,4087045000.0,,423.562,-133670000.0,579737000.0,579737000.0,350306000.0,64871000.0,2.533,1.25,2284938000.0,299385000.0,1985553000.0,2284938000.0,0.0,66019000.0,0.0,0.0,0.0,74964000.0,140983000.0,0.264,140983000.0,74964000.0,58929000.0,11.0,10.5,11.0,2490275000.0,,2490275000.0,7857589273.0,32.0,16.353,17973000.0,3.057,1.0,184604000.0,0.345,315627000.0,16035000.0,6393893000.0,,23289000.0,999353000.0,386936000.0,612417000.0,3112417000.0,598373000.0,2514044000.0,6083396273.0,69208000.0,-175000.0,2197000.0,325000.0,0.0,2432000.0,-87161000.0,47661000.0,151643000.0,2294000.0,64871000.0,64871000.0,64871000.0,0.0,0.0,0.121,109640000.0,74964000.0,128840000.0,0.0,2.443,31.647,31.679,2990792000.0,0.0,1037.5,3.162,3.16,410487000.0,1120183000.0,534910000.0,534910000.0,0.0,,,,,0.0,42468000.0,1.0,5863514.0,5879360,6132720.0,90.981,5287065000.0,36442000.0,-5942000.0,382227000.0,899.259,917274000.0
71,NBR,MRQ,2003-09-30,2003-09-30,2003-09-30,2021-08-02,75586000.0,5487319000.0,,1512347000.0,3974972000.0,,408.225,-63382000.0,510529000.0,510529000.0,323296000.0,50281000.0,2.6,1.288,2284722000.0,299973000.0,1984749000.0,2284722000.0,0.0,58530000.0,0.0,0.0,0.0,61667000.0,120197000.0,0.248,120197000.0,61667000.0,45676000.0,8.5,8.25,8.5,2398810000.0,,2398810000.0,6973137420.0,32.0,15.828,34944000.0,5.947,1.0,161404000.0,0.333,331509000.0,15991000.0,6348402000.0,,25882000.0,1006647000.0,426174000.0,580473000.0,3088509000.0,581601000.0,2506908000.0,5457490420.0,-261969000.0,0.0,714000.0,-2859000.0,0.0,-1362000.0,-358964000.0,-298039000.0,98326000.0,31000.0,50281000.0,50281000.0,50281000.0,0.0,0.0,0.104,99737000.0,61667000.0,98197000.0,0.0,2.275,35.309,35.151,2881531000.0,0.0,931.5,3.064,3.073,348982000.0,1055312000.0,484700000.0,484700000.0,0.0,,,,,0.0,41207000.0,1.0,5858820.0,5876200,6135120.0,82.485,5155810000.0,34933000.0,-4605000.0,420107000.0,877.405,930746000.0
72,NBR,MRQ,2003-06-30,2003-06-30,2003-06-30,2021-08-02,77602000.0,5437012000.0,,1610403000.0,3826609000.0,,401.261,-69658000.0,772498000.0,772498000.0,298791000.0,29019000.0,2.807,1.314,2288145000.0,298007000.0,1990138000.0,2288145000.0,0.0,56652000.0,0.0,0.0,0.0,45006000.0,101658000.0,0.231,101658000.0,45006000.0,26362000.0,5.0,4.75,5.0,2349497000.0,,2349497000.0,7431312808.0,38.0,18.049,25615000.0,4.375,1.0,142141000.0,0.322,328033000.0,18644000.0,6050907000.0,,22068000.0,710825000.0,277952000.0,432873000.0,3087515000.0,573719000.0,2513796000.0,5757326808.0,333414000.0,0.0,18498000.0,141671000.0,0.0,160591000.0,74524000.0,138738000.0,95273000.0,3026000.0,29019000.0,29019000.0,29019000.0,0.0,0.0,0.066,97135000.0,45006000.0,97363000.0,0.0,2.45,43.881,43.44,2880104000.0,0.0,988.25,3.471,3.489,336308000.0,1005031000.0,440932000.0,440932000.0,0.0,,,,,0.0,40483000.0,1.0,5825780.0,5855280,6134360.0,75.305,5108979000.0,34997000.0,-2657000.0,407572000.0,872.542,1036684000.0
73,NBR,MRQ,2003-03-31,2003-03-31,2003-03-31,2021-08-02,31308000.0,5194852000.0,,1388751000.0,3806101000.0,,385.642,-86428000.0,439084000.0,439084000.0,304560000.0,48057000.0,1.64,1.311,2113070000.0,537991000.0,1575079000.0,2113070000.0,0.0,53926000.0,0.0,0.0,0.0,63726000.0,117652000.0,0.254,117652000.0,63726000.0,43656000.0,8.25,7.75,8.25,2247647000.0,,2247647000.0,7484072650.0,37.0,18.417,-35932000.0,-6.165,1.0,158897000.0,0.343,316851000.0,20070000.0,5705341000.0,,20680000.0,846150000.0,377559000.0,468591000.0,2947205000.0,846646000.0,2100559000.0,5790482650.0,25033000.0,0.0,4932000.0,4081000.0,0.0,9823000.0,-36639000.0,46237000.0,50496000.0,1353000.0,48057000.0,48057000.0,48057000.0,0.0,0.0,0.104,95171000.0,63726000.0,113388000.0,0.0,2.576,45.379,44.798,2837073000.0,0.0,996.75,3.653,3.665,351507000.0,976012000.0,463457000.0,463457000.0,0.0,,,,,0.0,41245000.0,1.0,5809363.0,5828320,6416160.0,79.518,4878001000.0,32587000.0,-4401000.0,413467000.0,836.948,542105000.0
74,NBR,MRQ,2002-12-31,2002-12-31,2002-12-31,2021-08-02,-3243000.0,5063872000.0,,1369908000.0,3693964000.0,,371.167,-99125000.0,414051000.0,414051000.0,252397000.0,27205000.0,1.823,1.346,2107641000.0,492985000.0,1614656000.0,2107641000.0,0.0,51616000.0,0.0,0.0,0.0,49439000.0,101055000.0,0.258,101055000.0,49439000.0,29176000.0,4.75,4.5,4.75,2158455000.0,,2158455000.0,6524875391.0,31.0,16.182,16062000.0,2.762,1.0,139659000.0,0.356,306762000.0,20263000.0,5699246000.0,,20524000.0,916748000.0,457600000.0,459148000.0,2905417000.0,751454000.0,2153963000.0,5104941391.0,-254636000.0,-14812000.0,1801000.0,-13876000.0,0.0,-12668000.0,-356757000.0,-263401000.0,115187000.0,-398000.0,27205000.0,27205000.0,27205000.0,0.0,0.0,0.069,90220000.0,49439000.0,109163000.0,0.0,2.365,42.02,41.494,2801067000.0,0.0,881.75,3.363,3.337,320299000.0,927955000.0,392056000.0,392056000.0,0.0,,,,,0.0,39437000.0,1.0,5789556.0,5815320,6068760.0,67.418,4757110000.0,32846000.0,1971000.0,393454000.0,818.031,618454000.0
75,NBR,MRQ,2002-09-30,2002-09-30,2002-09-30,2021-08-02,-8887000.0,4908286000.0,,1436963000.0,3471323000.0,,368.496,-29339000.0,668687000.0,668687000.0,233890000.0,26922000.0,1.9,1.295,2088621000.0,489595000.0,1599026000.0,2088621000.0,0.0,52084000.0,0.0,0.0,0.0,39287000.0,91371000.0,0.252,91371000.0,39287000.0,21515000.0,4.75,4.5,4.75,2138429000.0,,2138429000.0,6172785382.0,23.0,13.693,61665000.0,10.626,1.0,128339000.0,0.354,301401000.0,17772000.0,5270558000.0,,16673000.0,662580000.0,353013000.0,309567000.0,2769857000.0,756261000.0,2013596000.0,4730070382.0,525654000.0,-4172000.0,235000.0,492964000.0,0.0,491641000.0,-57985000.0,-25122000.0,91004000.0,994000.0,26922000.0,26922000.0,26922000.0,0.0,0.0,0.074,89052000.0,39287000.0,93564000.0,0.0,2.212,30.255,29.241,2744913000.0,0.0,818.75,2.954,2.967,275622000.0,900749000.0,362229000.0,362229000.0,0.0,,,,,0.0,36968000.0,1.0,5777185.0,5803120,6046320.0,62.42,4606885000.0,27456000.0,-5407000.0,340716000.0,793.863,680702000.0
76,NBR,MRQ,2002-06-30,2002-06-30,2002-06-30,2021-08-02,22283000.0,4432778000.0,,987323000.0,3445455000.0,,377.798,-97134000.0,143033000.0,143033000.0,238190000.0,25420000.0,1.295,1.049,1585748000.0,486652000.0,1099096000.0,1585748000.0,0.0,47984000.0,0.0,0.0,0.0,48311000.0,96295000.0,0.262,96295000.0,48311000.0,33893000.0,4.5,4.25,4.5,2163843000.0,,2163843000.0,6490906949.0,16.0,10.848,-5812000.0,-1.015,1.0,129119000.0,0.352,304377000.0,14418000.0,4808439000.0,,16592000.0,646465000.0,409550000.0,236915000.0,2268935000.0,762677000.0,1506258000.0,5087622949.0,-23570000.0,-64487000.0,5522000.0,-13242000.0,0.0,-7018000.0,-109109000.0,48571000.0,91322000.0,1235000.0,25420000.0,25420000.0,25420000.0,0.0,0.0,0.069,80808000.0,48311000.0,107628000.0,0.0,2.351,21.407,21.012,2787503000.0,0.0,882.5,2.705,2.688,297261000.0,875515000.0,367309000.0,367309000.0,0.0,,,,,0.0,32824000.0,1.0,5765012.0,5727520,6018040.0,64.131,4128401000.0,27456000.0,8473000.0,337878000.0,720.801,224646000.0
77,NBR,MRQ,2002-03-31,2002-03-31,2002-03-31,2021-08-02,-577000.0,4176781000.0,,1085837000.0,3090944000.0,,342.106,-100938000.0,166603000.0,166603000.0,249433000.0,41942000.0,3.53,1.165,1569887000.0,536000.0,1569351000.0,1569887000.0,0.0,43681000.0,0.0,0.0,0.0,70805000.0,114486000.0,0.289,114486000.0,70805000.0,56190000.0,7.5,7.0,7.5,1929066000.0,,1929066000.0,7330798549.0,14.0,10.009,2425000.0,0.43,1.0,147152000.0,0.371,199193000.0,14615000.0,5073261000.0,,19216000.0,699755000.0,463266000.0,236489000.0,2247715000.0,307611000.0,1940104000.0,5959115549.0,-31840000.0,-52181000.0,2806000.0,-8220000.0,0.0,-5249000.0,-130435000.0,21702000.0,103363000.0,481000.0,41942000.0,41942000.0,41942000.0,0.0,0.0,0.106,76347000.0,70805000.0,117346000.0,0.0,3.089,18.843,19.118,2488689000.0,0.0,1056.25,2.78,2.779,324558000.0,1043021000.0,396585000.0,396585000.0,0.0,,,,,0.0,32666000.0,1.0,5641766.0,5638800,6190720.0,70.331,3977588000.0,27456000.0,14248000.0,293603000.0,705.396,778226000.0
78,NBR,MRQ,2001-12-31,2001-12-31,2001-12-31,2021-08-02,3260000.0,4151915000.0,,1030946000.0,3120969000.0,,329.701,-159569000.0,198443000.0,198443000.0,292340000.0,62056000.0,3.123,1.235,1570126000.0,2510000.0,1567616000.0,1570126000.0,0.0,41007000.0,0.0,0.0,0.0,107638000.0,148645000.0,0.313,148645000.0,107638000.0,89288000.0,11.25,10.5,11.25,1857866000.0,,1857866000.0,6234223928.0,10.0,7.713,35359000.0,6.275,1.0,182993000.0,0.385,199048000.0,18350000.0,4994420000.0,,18515000.0,720194000.0,343169000.0,377025000.0,2294049000.0,330130000.0,1963919000.0,4836128928.0,-121861000.0,-66352000.0,443000.0,-150050000.0,0.0,-149613000.0,-166306000.0,60818000.0,194928000.0,-870000.0,62056000.0,62056000.0,62056000.0,0.0,0.0,0.131,75355000.0,107638000.0,131821000.0,0.0,2.603,13.53,13.843,2433247000.0,0.0,858.25,2.093,2.146,361086000.0,1001079000.0,475333000.0,475333000.0,0.0,,,,,0.0,34348000.0,1.0,5634872.0,5635000,6568240.0,84.354,3952867000.0,28145000.0,27232000.0,313178000.0,701.485,700816000.0
79,NBR,MRQ,2001-09-30,2001-09-30,2001-09-30,2021-08-02,-14354000.0,4264879000.0,,1226378000.0,3038501000.0,,309.445,-233239000.0,320304000.0,320304000.0,368271000.0,108241000.0,3.196,1.399,1718399000.0,2510000.0,1715889000.0,1718399000.0,0.0,54413000.0,0.0,0.0,0.0,184521000.0,238934000.0,0.372,238934000.0,184521000.0,169126000.0,18.75,17.0,18.75,1777575000.0,,1777575000.0,4306943211.0,7.0,4.721,35015000.0,6.096,1.0,273182000.0,0.426,191197000.0,15395000.0,5088018000.0,,19281000.0,768464000.0,280044000.0,488420000.0,2487304000.0,383759000.0,2103545000.0,3029935211.0,-112588000.0,0.0,-136331000.0,0.0,0.0,-135600000.0,-244756000.0,-20301000.0,268254000.0,-486000.0,108241000.0,108241000.0,108241000.0,0.0,0.0,0.169,88661000.0,184521000.0,182147000.0,0.0,1.705,8.649,8.701,2240750000.0,0.0,524.25,1.314,1.306,501036000.0,939023000.0,641453000.0,641453000.0,0.0,,,,,0.0,34248000.0,1.0,5779562.0,5744400,6695360.0,111.666,4073682000.0,0.0,60885000.0,301572000.0,709.157,842619000.0
80,NBR,MRQ,2001-06-30,2001-06-30,2001-06-30,2021-08-02,2639000.0,4180581000.0,,1274415000.0,2906166000.0,,318.16,-192777000.0,432892000.0,432892000.0,366034000.0,104015000.0,4.245,1.242,1709900000.0,2510000.0,1707390000.0,1709900000.0,0.0,50746000.0,0.0,0.0,0.0,179618000.0,230364000.0,0.366,230364000.0,179618000.0,165105000.0,17.75,15.75,17.75,1864912000.0,,1864912000.0,6637235968.0,13.0,8.874,-13774000.0,-2.35,1.0,264178000.0,0.419,191864000.0,14513000.0,4965529000.0,,18148000.0,767048000.0,242240000.0,524808000.0,2315669000.0,300196000.0,2015473000.0,5463674968.0,-95005000.0,0.0,-107640000.0,-437000.0,0.0,-108128000.0,-166080000.0,26234000.0,179003000.0,200000.0,104015000.0,104015000.0,104015000.0,0.0,0.0,0.165,84560000.0,179618000.0,134317000.0,0.0,2.93,19.459,19.375,2063002000.0,0.0,930.0,2.686,2.68,477586000.0,830782000.0,630212000.0,630212000.0,0.0,,,,,0.0,33814000.0,1.0,5874919.0,5861560,6932360.0,107.516,3988717000.0,0.0,61090000.0,215799000.0,680.487,974219000.0
81,NBR,MRQ,2001-03-31,2001-03-31,2001-03-31,2021-08-02,7074000.0,4114403000.0,,1358719000.0,2755684000.0,,326.091,-127020000.0,527897000.0,527897000.0,323236000.0,83138000.0,4.757,1.15,1701458000.0,2510000.0,1698948000.0,1701458000.0,0.0,43730000.0,0.0,0.0,0.0,146557000.0,190287000.0,0.348,190287000.0,146557000.0,134093000.0,14.25,14.25,14.25,1913449000.0,,1913449000.0,8243108828.0,22.0,14.55,-65066000.0,-11.089,1.0,223373000.0,0.409,193591000.0,12464000.0,4808751000.0,,18305000.0,799741000.0,269997000.0,529744000.0,2200954000.0,285622000.0,1915332000.0,7617247828.0,330585000.0,0.0,3784000.0,824340000.0,0.0,828142000.0,-559317000.0,-439320000.0,61954000.0,-194000.0,83138000.0,83138000.0,83138000.0,0.0,0.0,0.152,76816000.0,146557000.0,125566000.0,0.0,3.981,37.923,37.565,1914639000.0,0.0,1296.0,4.446,4.439,444421000.0,726767000.0,546609000.0,546609000.0,0.0,,,,,0.0,33086000.0,1.0,5877506.0,5867840,6810440.0,93.153,3920812000.0,0.0,50955000.0,130287000.0,668.187,1073097000.0
82,NBR,MRQ,2000-12-31,2000-12-31,2000-12-31,2021-08-02,7094000.0,3136868000.0,,803616000.0,2333252000.0,,308.49,-142906000.0,197312000.0,197312000.0,317891000.0,54912000.0,2.878,0.736,858331000.0,3554000.0,854777000.0,858331000.0,0.0,152413000.0,0.0,0.0,0.0,100364000.0,252777000.0,0.518,252777000.0,100364000.0,91156000.0,9.5,8.25,9.5,1806468000.0,,1806468000.0,9317223057.0,35.0,22.315,-18020000.0,-3.077,1.0,169985000.0,0.348,192181000.0,9208000.0,3326527000.0,,18029000.0,353641000.0,138939000.0,214702000.0,1330400000.0,279179000.0,1051221000.0,8691362057.0,-59229000.0,-3116000.0,2374000.0,-29723000.0,0.0,-25855000.0,-158184000.0,-19685000.0,124886000.0,-76000.0,54912000.0,54912000.0,54912000.0,0.0,0.0,0.113,67771000.0,102214000.0,139162000.0,0.0,4.811,63.276,62.263,1821392000.0,0.0,1478.75,5.942,5.837,350302000.0,643629000.0,487876000.0,487876000.0,0.0,,,,,0.0,27788000.0,1.0,5877506.0,5855840,6181400.0,83.314,2944687000.0,27816000.0,36244000.0,120750000.0,502.863,524437000.0
83,NBR,MRQ,2000-09-30,2000-09-30,2000-09-30,2021-08-02,6869000.0,3013743000.0,,1010964000.0,2002779000.0,,296.751,-59197000.0,256541000.0,256541000.0,230492000.0,38707000.0,4.19,0.738,882402000.0,3774000.0,878628000.0,882402000.0,0.0,0.0,0.0,0.0,0.0,74478000.0,74478000.0,0.202,74478000.0,74478000.0,64412000.0,6.5,6.5,6.5,1733761000.0,,1733761000.0,8235717078.0,45.0,28.944,-8440000.0,-1.445,1.0,138581000.0,0.375,164085000.0,10066000.0,3234235000.0,,21432000.0,329140000.0,329140000.0,0.0,1279982000.0,241284000.0,1038698000.0,7651847078.0,-48771000.0,794000.0,4320000.0,-7034000.0,0.0,-2305000.0,-97223000.0,-38820000.0,50757000.0,0.0,38707000.0,38707000.0,38707000.0,0.0,0.0,0.105,64250000.0,74331000.0,82049000.0,0.0,4.413,84.884,83.175,1717947000.0,0.0,1310.0,6.403,6.405,292626000.0,588717000.0,369073000.0,369073000.0,0.0,,,,,0.0,26164000.0,1.0,5841105.0,5842480,6495840.0,63.171,2849658000.0,0.0,25705000.0,108065000.0,487.748,769680000.0
84,NBR,MRQ,2000-06-30,2000-06-30,2000-06-30,2021-08-02,8269000.0,2933951000.0,,957270000.0,1976681000.0,,286.973,-58703000.0,305312000.0,305312000.0,196806000.0,24103000.0,4.404,0.755,889182000.0,4093000.0,885089000.0,889182000.0,0.0,0.0,0.0,0.0,0.0,49002000.0,49002000.0,0.158,49002000.0,49002000.0,41557000.0,4.25,4.25,4.25,1671825000.0,,1671825000.0,6400213292.0,51.0,28.505,-7324000.0,-1.257,1.0,112829000.0,0.364,165314000.0,7445000.0,3135129000.0,,22265000.0,287214000.0,287214000.0,0.0,1262126000.0,217378000.0,1044748000.0,6052694292.0,263388000.0,-2966000.0,5588000.0,492210000.0,0.0,497793000.0,-285784000.0,-224115000.0,51379000.0,0.0,24103000.0,24103000.0,24103000.0,0.0,0.0,0.078,63827000.0,49002000.0,66562000.0,0.0,3.62,107.739,101.366,1696045000.0,0.0,1039.0,6.222,6.222,230275000.0,550010000.0,309635000.0,309635000.0,0.0,,,,,0.0,26619000.0,1.0,5825500.0,5825720,6109800.0,53.15,2768637000.0,0.0,17454000.0,107625000.0,475.244,739892000.0
85,NBR,MRQ,2000-03-31,2000-03-31,2000-03-31,2021-08-02,12268000.0,2414528000.0,,472146000.0,1942382000.0,,295.264,-39831000.0,41924000.0,41924000.0,193462000.0,19634000.0,2.015,0.468,389443000.0,6642000.0,382801000.0,389443000.0,0.0,0.0,0.0,0.0,0.0,41269000.0,41269000.0,0.139,41269000.0,41269000.0,32618000.0,3.5,3.5,3.5,1644902000.0,,1644902000.0,6048391887.0,66.0,31.475,-47405000.0,-8.509,1.0,102635000.0,0.347,167093000.0,8651000.0,2360611000.0,,22865000.0,62225000.0,62225000.0,0.0,769626000.0,234343000.0,535283000.0,5642772887.0,-38656000.0,5288000.0,100697000.0,-96756000.0,0.0,3677000.0,-34759000.0,-216000.0,-7574000.0,0.0,19634000.0,19634000.0,19634000.0,0.0,0.0,0.066,63069000.0,39566000.0,71167000.0,0.0,3.43,159.518,143.741,1671030000.0,0.0,970.25,7.115,6.815,222503000.0,525907000.0,296097000.0,296097000.0,0.0,,,,,0.0,25933000.0,1.0,5815793.0,5570960,5954040.0,53.15,2247435000.0,0.0,12984000.0,94605000.0,403.42,237803000.0
86,NBR,MRQ,1999-12-31,1999-12-31,1999-12-31,2021-08-02,-3828000.0,2398003000.0,,461293000.0,1936710000.0,,294.205,-35874000.0,80580000.0,80580000.0,150589000.0,7701000.0,1.738,0.631,486199000.0,3599000.0,482600000.0,486199000.0,0.0,99893000.0,0.0,0.0,0.0,19894000.0,119787000.0,0.544,119787000.0,19894000.0,12838000.0,1.5,1.5,1.5,1470074000.0,,1470074000.0,3790443707.0,50.0,21.547,-12999000.0,-2.601,1.0,69633000.0,0.316,169054000.0,7056000.0,2369092000.0,,25758000.0,31086000.0,31086000.0,0.0,927929000.0,265476000.0,662453000.0,3618028707.0,-74038000.0,2592000.0,1389000.0,-54232000.0,0.0,-52738000.0,-44175000.0,-9318000.0,22875000.0,0.0,7701000.0,7701000.0,7701000.0,0.0,0.0,0.035,49739000.0,19894000.0,80343000.0,0.0,2.461,130.596,123.76,1669466000.0,0.0,773.5,5.483,5.223,205643000.0,506273000.0,220222000.0,220222000.0,0.0,,,,,0.0,18920000.0,1.0,4677477.0,4996760,5399360.0,44.073,2228949000.0,39074000.0,5137000.0,113992000.0,446.079,195817000.0
87,NBR,MRQ,1999-09-30,1999-09-30,1999-09-30,2021-08-02,12174000.0,1715016000.0,,354032000.0,1360984000.0,,260.363,-19457000.0,154618000.0,154618000.0,93491000.0,4741000.0,2.344,0.44,327033000.0,1877000.0,325156000.0,327033000.0,0.0,0.0,0.0,0.0,0.0,14468000.0,14468000.0,0.099,14468000.0,14468000.0,7771000.0,1.0,1.0,1.0,1191233000.0,,1191233000.0,3269271625.0,35.0,18.196,15446000.0,3.376,1.0,53345000.0,0.363,43328000.0,6697000.0,1693040000.0,,18107000.0,74749000.0,20340000.0,54409000.0,523783000.0,151063000.0,372720000.0,2914867625.0,-131597000.0,2124000.0,3115000.0,-157211000.0,0.0,-153831000.0,-12669000.0,3089000.0,34903000.0,0.0,4741000.0,4741000.0,4741000.0,0.0,0.0,0.032,38877000.0,14468000.0,45022000.0,0.0,2.447,71.044,62.5,1207499000.0,0.0,625.0,4.343,4.261,114621000.0,498572000.0,146836000.0,146836000.0,0.0,,,,,0.0,14989000.0,1.0,4663788.0,4575280,4923960.0,32.093,1671688000.0,0.0,3030000.0,15619000.0,365.374,202969000.0
88,NBR,MRQ,1999-06-30,1999-06-30,1999-06-30,2021-08-02,5302000.0,1853007000.0,,494409000.0,1358598000.0,,236.15,-8531000.0,286215000.0,286215000.0,81295000.0,3298000.0,1.701,0.86,640619000.0,142922000.0,497697000.0,640619000.0,0.0,0.0,0.0,0.0,0.0,16644000.0,16644000.0,0.128,16644000.0,16644000.0,5407000.0,0.75,0.75,0.75,996325000.0,,996325000.0,2858227569.0,22.0,13.382,21349000.0,5.06,1.0,48644000.0,0.374,42441000.0,11237000.0,1874280000.0,,24447000.0,66088000.0,21208000.0,44880000.0,856682000.0,290690000.0,565992000.0,2608698569.0,-13865000.0,-3676000.0,902000.0,-23072000.0,0.0,-23593000.0,-20152000.0,-7945000.0,29880000.0,0.0,3298000.0,3298000.0,3298000.0,0.0,0.0,0.025,38844000.0,9800000.0,39249000.0,0.0,2.618,40.242,38.094,1212403000.0,0.0,609.5,3.485,3.436,105688000.0,493831000.0,129939000.0,129939000.0,0.0,,,,,0.0,15080000.0,1.0,4280063.0,4219040,4435600.0,30.798,1810566000.0,0.0,2109000.0,18001000.0,429.142,203719000.0
89,NBR,MRQ,1999-03-31,1999-03-31,1999-03-31,2021-08-02,-4775000.0,1700096000.0,,501300000.0,1198796000.0,,219.716,-18264000.0,300080000.0,300080000.0,93300000.0,11964000.0,3.36,0.919,549609000.0,11642000.0,537967000.0,549609000.0,0.0,0.0,0.0,0.0,0.0,25018000.0,25018000.0,0.164,25018000.0,25018000.0,19613000.0,3.0,3.0,3.0,885922000.0,,885922000.0,2119594229.0,12.0,8.227,28126000.0,6.975,1.0,59687000.0,0.39,0.0,5405000.0,1800428000.0,,25972000.0,47615000.0,13782000.0,33833000.0,814174000.0,149197000.0,664977000.0,1833414229.0,283332000.0,9517000.0,281000.0,250014000.0,0.0,250288000.0,-13346000.0,-4599000.0,46390000.0,0.0,11964000.0,11964000.0,11964000.0,0.0,0.0,0.078,37721000.0,21966000.0,39686000.0,0.0,2.069,18.851,18.948,1099170000.0,0.0,454.75,2.114,2.114,123671000.0,490533000.0,152987000.0,152987000.0,0.0,,,,,0.0,16299000.0,1.0,4031697.0,4032120,4065960.0,37.942,1700096000.0,0.0,7649000.0,94328000.0,421.638,352103000.0
90,NBR,MRQ,1998-12-31,1998-12-31,1998-12-31,2021-08-02,-10983000.0,1465907000.0,,281180000.0,1184727000.0,,215.157,-47979000.0,16748000.0,16748000.0,136043000.0,21026000.0,1.151,0.69,302928000.0,85894000.0,217034000.0,302928000.0,0.0,84949000.0,0.0,0.0,0.0,38586000.0,123535000.0,0.512,123535000.0,38586000.0,34962000.0,5.25,7.0,5.25,867469000.0,,867469000.0,1656493335.0,8.0,5.514,7399000.0,1.835,1.0,105303000.0,0.436,8037000.0,3624000.0,1499692000.0,,25740000.0,30592000.0,6702000.0,23890000.0,598438000.0,244358000.0,354080000.0,1366626335.0,13011000.0,11362000.0,325000.0,11465000.0,0.0,10866000.0,-53233000.0,-16616000.0,55378000.0,0.0,21026000.0,21026000.0,21026000.0,0.0,0.0,0.087,40730000.0,64573000.0,58534000.0,0.0,1.575,10.934,10.935,1127154000.0,0.0,339.0,1.365,1.365,174304000.0,478569000.0,241346000.0,241346000.0,0.0,,,,,0.0,18398000.0,1.0,4031346.0,4031800,4452520.0,59.861,1457870000.0,15665000.0,13936000.0,102532000.0,361.593,36822000.0
91,NBR,MRQ,1998-09-30,1998-09-30,1998-09-30,2021-08-02,-9098000.0,1411950000.0,,250764000.0,1161186000.0,,211.095,-75965000.0,3737000.0,3737000.0,139259000.0,28538000.0,1.056,0.659,293604000.0,76173000.0,217431000.0,293604000.0,0.0,0.0,0.0,0.0,0.0,48384000.0,48384000.0,0.216,48384000.0,48384000.0,44283000.0,7.0,6.75,7.0,851035000.0,,851035000.0,1818477117.0,7.0,6.894,-7262000.0,-1.801,1.0,84956000.0,0.379,0.0,4101000.0,1464361000.0,,28204000.0,18392000.0,9062000.0,9330000.0,560915000.0,237456000.0,323459000.0,1530558117.0,628000.0,12622000.0,-1579000.0,-3146000.0,0.0,-4732000.0,-63343000.0,0.0,68703000.0,0.0,28538000.0,28538000.0,28538000.0,0.0,0.0,0.127,39851000.0,45105000.0,144491000.0,0.0,1.798,10.535,10.622,1120265000.0,0.0,379.75,1.44,1.441,180136000.0,457543000.0,224215000.0,224215000.0,0.0,,,,,0.0,18489000.0,1.0,4030436.0,4031520,4473040.0,55.615,1411950000.0,0.0,15745000.0,84435000.0,350.228,13308000.0
92,NBR,MRQ,1998-06-30,1998-06-30,1998-06-30,2021-08-02,-1185000.0,1385396000.0,,263217000.0,1122179000.0,,210.017,-76247000.0,3109000.0,3109000.0,160095000.0,35732000.0,1.039,0.635,291028000.0,75307000.0,215721000.0,291028000.0,0.0,0.0,0.0,0.0,0.0,60716000.0,60716000.0,0.244,60716000.0,60716000.0,56717000.0,8.75,8.25,8.75,847116000.0,,847116000.0,2274070360.0,9.0,6.458,2418000.0,0.599,1.0,88833000.0,0.357,0.0,3999000.0,1419947000.0,,22859000.0,29668000.0,5469000.0,24199000.0,538280000.0,253368000.0,284912000.0,2016713360.0,2077000.0,-27130000.0,270000.0,28442000.0,0.0,28704000.0,-105292000.0,-1915000.0,78665000.0,0.0,35732000.0,35732000.0,35732000.0,0.0,0.0,0.144,40086000.0,48747000.0,157099000.0,0.0,2.381,12.694,12.579,1063391000.0,0.0,500.0,1.763,1.763,202151000.0,429005000.0,248928000.0,248928000.0,0.0,,,,,0.0,20034000.0,1.0,4033427.0,4033560,4531080.0,61.714,1385396000.0,0.0,20985000.0,69939000.0,343.467,9849000.0
93,NBR,MRQ,1998-03-31,1998-03-31,1998-03-31,2021-08-02,6919000.0,1309718000.0,,277654000.0,1032064000.0,,202.895,-76280000.0,1032000.0,1032000.0,188447000.0,39692000.0,1.274,0.601,258389000.0,36121000.0,222268000.0,258389000.0,0.0,0.0,0.0,0.0,0.0,67758000.0,67758000.0,0.236,67758000.0,67758000.0,64019000.0,9.75,9.0,9.75,818114000.0,,818114000.0,2676991642.0,10.0,7.779,2717000.0,0.674,1.0,98327000.0,0.343,0.0,3739000.0,1349086000.0,,24101000.0,39714000.0,6529000.0,33185000.0,491604000.0,217989000.0,273615000.0,2394864642.0,-4591000.0,21814000.0,246000.0,-29361000.0,0.0,-29122000.0,-54466000.0,0.0,78997000.0,0.0,39692000.0,39692000.0,39692000.0,0.0,0.0,0.138,41308000.0,57019000.0,162719000.0,0.0,2.927,15.524,15.224,972894000.0,0.0,593.75,2.059,2.058,219698000.0,393273000.0,286774000.0,286774000.0,0.0,,,,,0.0,20105000.0,1.0,4033456.0,4032200,4552120.0,71.121,1309718000.0,0.0,24327000.0,51591000.0,324.815,59665000.0
94,NBR,MRQ,1997-12-31,1997-12-31,1997-12-31,2021-08-02,6670000.0,1281306000.0,,303331000.0,977975000.0,,190.286,-58372000.0,5623000.0,5623000.0,199714000.0,41327000.0,1.26,0.67,287750000.0,61451000.0,226299000.0,287750000.0,0.0,20313000.0,0.0,0.0,0.0,66595000.0,86908000.0,0.287,86908000.0,66595000.0,62616000.0,10.25,9.25,10.25,767340000.0,,767340000.0,,,,10702000.0,2.654,1.0,103092000.0,0.34,0.0,3979000.0,1322673000.0,,21305000.0,36512000.0,6983000.0,29529000.0,513966000.0,240760000.0,273206000.0,3189455522.0,1704000.0,-24649000.0,440000.0,15217000.0,0.0,15651000.0,-83021000.0,0.0,69074000.0,0.0,41327000.0,41327000.0,41327000.0,0.0,0.0,0.136,38893000.0,64199000.0,71709000.0,0.0,4.157,23.448,22.755,923402000.0,0.0,790.75,2.86,2.86,243061000.0,353581000.0,302806000.0,302806000.0,0.0,,,,,0.0,18580000.0,1.0,4033456.0,4032560,4657080.0,75.09,1281306000.0,0.0,21289000.0,42792000.0,317.74,62571000.0
95,NBR,MRQ,1997-09-30,1997-09-30,1997-09-30,2021-08-02,16770000.0,1234232000.0,,305828000.0,928404000.0,,189.475,-61200000.0,3919000.0,3919000.0,210451000.0,42120000.0,1.302,0.696,272533000.0,43026000.0,229507000.0,272533000.0,0.0,66391000.0,0.0,0.0,0.0,70382000.0,136773000.0,0.448,136773000.0,70382000.0,66005000.0,11.0,9.5,11.0,727843000.0,,727843000.0,,,,7641000.0,1.989,1.0,95181000.0,0.311,0.0,4377000.0,1267890000.0,,21372000.0,49404000.0,7125000.0,42279000.0,506389000.0,234956000.0,271433000.0,,-9964000.0,-11423000.0,25950000.0,-34561000.0,0.0,-8626000.0,-70179000.0,2496000.0,68841000.0,0.0,42120000.0,42120000.0,42120000.0,0.0,0.0,0.138,37427000.0,57754000.0,179934000.0,0.0,,,32.608,861393000.0,0.0,978.25,,3.651,244956000.0,312254000.0,305632000.0,305632000.0,0.0,,,,,0.0,18115000.0,1.0,,3841360,4479000.0,79.563,1234232000.0,0.0,23885000.0,40316000.0,321.301,70872000.0
96,NBR,MRQ,1997-06-30,1997-06-30,1997-06-30,2021-08-02,,,,,,,,-135331000.0,,,187225000.0,31132000.0,,,,,,,,0.0,,0.0,0.0,52707000.0,52707000.0,0.197,52707000.0,52707000.0,47896000.0,8.0,7.25,8.0,,,,,,,-75937000.0,-19.702,1.0,80686000.0,0.301,,4811000.0,,,,,,,,,,,-54210000.0,-41528000.0,490000.0,59064000.0,0.0,59554000.0,-173158000.0,3701000.0,59394000.0,0.0,31132000.0,31132000.0,31132000.0,0.0,0.0,0.116,35493000.0,45193000.0,,0.0,,,,,0.0,625.0,,,,,267911000.0,267911000.0,0.0,,,,,0.0,18505000.0,1.0,,3854280,4479800.0,69.51,,,16764000.0,,,
97,NBR,MRQ,1997-03-31,1997-03-31,1997-03-31,2021-08-02,,,,,,,,-36654000.0,,,177466000.0,21441000.0,,,,,,,,0.0,,0.0,0.0,36102000.0,36102000.0,0.151,36102000.0,36102000.0,32946000.0,5.5,5.25,5.5,,,,,,,-13743000.0,-3.582,1.0,61217000.0,0.256,,3156000.0,,,,,,,,,,,-18060000.0,1959000.0,8691000.0,-13375000.0,0.0,-4693000.0,-36278000.0,-1583000.0,22911000.0,0.0,21441000.0,21441000.0,21441000.0,0.0,0.0,0.09,33015000.0,28202000.0,,0.0,,,,,0.0,488.0,,,,,238683000.0,238683000.0,0.0,,,,,0.0,17278000.0,1.0,,3836560,4431000.0,62.213,,,11505000.0,,,
98,NBR,MRQ,1996-12-31,1996-12-31,1996-12-31,2021-08-02,,,,,,,,-34697000.0,,,162638000.0,20115000.0,,,,,,,,0.0,,0.0,0.0,39739000.0,39739000.0,0.183,39739000.0,39739000.0,35563000.0,5.5,5.0,5.5,,,,,,,-20839000.0,-5.649,1.0,54439000.0,0.251,,4176000.0,,,,,,,,,,,-10232000.0,-15470000.0,23688000.0,-1316000.0,0.0,22372000.0,-46462000.0,3653000.0,13858000.0,0.0,20115000.0,20115000.0,20115000.0,0.0,0.0,0.093,30827000.0,23612000.0,,0.0,,,,,0.0,481.25,,,,,217077000.0,217077000.0,0.0,,,,,0.0,14718000.0,1.0,,3689200,4340920.0,58.841,,,15448000.0,,,
0,NBR,MRT,2021-06-30,2021-06-30,2021-06-30,2021-08-02,-8624000.0,5042318000.0,5404490000.0,1087139000.0,3955179000.0,0.34,109.775,-206542000.0,399881000.0,399881000.0,1147795000.0,-569244000.0,2.055,4.527,2829738000.0,6613000.0,2823125000.0,2829738000.0,0.0,767567000.0,0.0,0.0,0.0,-344171000.0,423396000.0,0.231,423396000.0,-344171000.0,-529206000.0,-86.6,-86.6,-86.6,818919000.0,1059926000.0,818919000.0,3335401998.0,-10.0,7.878,154650000.0,20.731,1.0,687598000.0,0.375,0.0,185035000.0,6943059000.0,7453639750.0,147362000.0,16000.0,16000.0,0.0,3706878000.0,529116000.0,3177762000.0,846807998.0,-84187000.0,0.0,12127000.0,-214231000.0,-14621000.0,-286078000.0,-158227000.0,12165000.0,361192000.0,-1074000.0,-598797000.0,-609756000.0,-609756000.0,0.0,29553000.0,-0.332,1142672000.0,-455074000.0,232543000.0,0.0,1.034,-1.389,-1.319,3562350000.0,10959000.0,114.24,0.461,0.464,312136000.0,-1290309000.0,1835393000.0,1835393000.0,30282000.0,-0.113,-0.575,-0.046,-0.188,19623000.0,206127000.0,1.0,7412535.0,7460000,7460000.0,246.031,5042318000.0,251108000.0,69591000.0,21359000.0,675.914,558023000.0
1,NBR,MRT,2021-03-31,2021-03-31,2021-03-31,2021-08-02,-10756000.0,5254906000.0,5639514250.0,1036031000.0,4218875000.0,0.334,142.742,-176945000.0,417544000.0,417544000.0,1161886000.0,-516794000.0,2.111,3.68,2906138000.0,7259000.0,2898879000.0,2906138000.0,0.0,803911000.0,0.0,0.0,0.0,-307055000.0,496856000.0,0.264,496856000.0,-307055000.0,-501582000.0,-82.14,-82.14,-82.14,1013753000.0,1208483000.0,1013753000.0,3192513499.0,-10.0,6.425,193144000.0,27.196,1.0,720203000.0,0.383,0.0,194527000.0,7252703000.0,7783119250.0,154272000.0,17000.0,17000.0,0.0,3730785000.0,490797000.0,3239988000.0,687753499.0,-65161000.0,0.0,12127000.0,-224772000.0,-18263000.0,-299494000.0,-133803000.0,11728000.0,370089000.0,-1953000.0,-550900000.0,-565512000.0,-565512000.0,0.0,34106000.0,-0.3,1171005000.0,-450802000.0,234944000.0,0.0,0.678,-1.216,-1.138,3829222000.0,14612000.0,93.45,0.365,0.353,331453000.0,-1089251000.0,1882089000.0,1882089000.0,29622000.0,-0.1,-0.468,-0.039,-0.163,22255000.0,200791000.0,1.0,7359588.0,7102000,7102000.0,265.008,5254906000.0,248863000.0,49318000.0,28735000.0,739.919,545234000.0
2,NBR,MRT,2020-12-31,2020-12-31,2020-12-31,2021-08-02,-11124000.0,5503428000.0,5902924750.0,1131465000.0,4371963000.0,0.362,163.109,-195523000.0,472246000.0,472246000.0,1333072000.0,-762846000.0,2.195,3.304,2977006000.0,8305000.0,2968701000.0,2977006000.0,0.0,853697000.0,0.0,0.009,0.5,-542081000.0,311616000.0,0.146,311616000.0,-542081000.0,-748355000.0,-118.69,-118.69,-118.69,1151384000.0,1344025000.0,1151384000.0,3219518493.0,-6.0,10.332,154238000.0,21.85,1.0,802409000.0,0.376,0.0,206274000.0,7492719000.0,8130704750.0,160585000.0,9500000.0,9500000.0,0.0,3803780000.0,515469000.0,3288311000.0,424730493.0,33242000.0,0.0,-1731000.0,-104655000.0,-22538000.0,-148001000.0,-165457000.0,2669000.0,349761000.0,-3061000.0,-805641000.0,-820252000.0,-820252000.0,0.0,42795000.0,-0.384,1501409000.0,-699000000.0,220922000.0,-0.004,0.369,-0.518,-0.491,3985707000.0,14611000.0,58.23,0.199,0.192,362977000.0,-946100000.0,2135481000.0,2135481000.0,33564000.0,-0.139,-0.61,-0.067,-0.254,24638000.0,203515000.0,1.0,7294015.0,7059000,7059000.0,302.519,5503428000.0,247171000.0,57286000.0,11733000.0,779.633,615996000.0
3,NBR,MRT,2020-09-30,2020-09-30,2020-09-30,2021-08-02,-18630000.0,5817308000.0,6217232250.0,1163012000.0,4654296000.0,0.387,177.753,-214275000.0,504985000.0,504985000.0,1495043000.0,-943478000.0,2.393,3.201,3299773000.0,9470000.0,3290303000.0,3299773000.0,0.0,870868000.0,0.0,0.041,1.0,-707660000.0,163208000.0,0.068,163208000.0,-707660000.0,-915168000.0,-140.97,-140.97,-140.97,1255648000.0,1551881750.0,1255648000.0,2980561156.0,-4.0,18.262,287361000.0,40.68,1.0,909470000.0,0.378,0.0,207508000.0,8126078000.0,8504134750.0,164029000.0,8840000.0,8840000.0,0.0,4019058000.0,486018000.0,3533040000.0,178309156.0,106115000.0,0.0,-13779000.0,-191064000.0,-26825000.0,-238286000.0,-151498000.0,7081000.0,501636000.0,-5737000.0,-960088000.0,-975355000.0,-975355000.0,0.0,16610000.0,-0.406,1657666000.0,-748196000.0,216495000.0,-0.007,0.142,-0.183,-0.173,4225034000.0,15267000.0,24.44,0.074,0.072,347212000.0,-829862000.0,2404513000.0,2404513000.0,39194000.0,-0.157,-0.628,-0.083,-0.294,25341000.0,212368000.0,1.0,7295792.0,7064000,7064000.0,340.39,5817308000.0,277897000.0,44920000.0,15925000.0,823.515,676994000.0
4,NBR,MRT,2020-06-30,2020-06-30,2020-06-30,2021-08-02,-22188000.0,5982415000.0,6581279500.0,1152922000.0,4829493000.0,0.414,200.39,-260028000.0,484336000.0,484336000.0,1700107000.0,-896449000.0,2.202,2.859,3286588000.0,10485000.0,3276103000.0,3286588000.0,0.0,885568000.0,0.0,0.041,1.5,-642637000.0,242931000.0,0.089,242931000.0,-642637000.0,-849033000.0,-135.8,-135.8,-135.8,1413147000.0,1800896000.0,1413147000.0,3189604856.0,-5.0,13.13,353217000.0,50.087,1.0,1023435000.0,0.376,0.0,206396000.0,8260977000.0,8881348500.0,166537000.0,9942000.0,9942000.0,0.0,4040798000.0,523690000.0,3517108000.0,270237856.0,111658000.0,0.0,-13858000.0,-250547000.0,-31110000.0,-304247000.0,-189801000.0,9024000.0,613245000.0,-7539000.0,-921551000.0,-937475000.0,-937475000.0,0.0,25102000.0,-0.344,1692821000.0,-669386000.0,221755000.0,-0.011,0.191,-0.288,-0.273,4395725000.0,15924000.0,37.02,0.099,0.096,349005000.0,-664391000.0,2723542000.0,2723542000.0,43633000.0,-0.142,-0.521,-0.072,-0.236,26252000.0,229777000.0,1.0,7299780.0,7052000,7052000.0,386.208,5982415000.0,275719000.0,72518000.0,19980000.0,848.329,629232000.0
5,NBR,MRT,2020-03-31,2020-03-31,2020-03-31,2021-08-02,-29006000.0,6308548000.0,6964301500.0,1270836000.0,5037712000.0,0.425,220.667,-346101000.0,480522000.0,480522000.0,1870214000.0,-951339000.0,2.173,2.724,3399889000.0,11875000.0,3388014000.0,3399889000.0,0.0,892769000.0,0.0,0.103,2.0,-690852000.0,201917000.0,0.068,201917000.0,-690852000.0,-897533000.0,-143.98,-143.98,-143.98,1555921000.0,2042987750.0,1555921000.0,3053925794.0,-4.0,15.125,327765000.0,46.485,1.0,1089236000.0,0.368,0.0,206681000.0,8643045000.0,9278437000.0,173991000.0,9136000.0,9136000.0,0.0,4237626000.0,584870000.0,3652756000.0,143216794.0,52625000.0,0.0,-13858000.0,-298544000.0,-31755000.0,-353457000.0,-262185000.0,19448000.0,673866000.0,-5599000.0,-977003000.0,-993586000.0,-993586000.0,0.0,25664000.0,-0.336,1767524000.0,-678288000.0,297274000.0,-0.014,0.092,-0.144,-0.135,4597308000.0,16583000.0,19.505,0.048,0.046,454718000.0,-508200000.0,2959450000.0,2959450000.0,48248000.0,-0.143,-0.486,-0.074,-0.233,25394000.0,247948000.0,1.0,7342568.0,7051000,7051000.0,419.721,6308548000.0,280545000.0,79470000.0,25857000.0,894.703,685966000.0
6,NBR,MRT,2019-12-31,2019-12-31,2019-12-31,2021-08-02,-11788000.0,6760658000.0,7330585500.0,1248666000.0,5511992000.0,0.417,281.97,-427741000.0,435990000.0,435990000.0,1929331000.0,-680510000.0,1.902,2.161,3346699000.0,13479000.0,3333220000.0,3346699000.0,0.0,876103000.0,0.0,0.014,2.0,-406998000.0,469105000.0,0.154,469105000.0,-406998000.0,-611309000.0,-105.39,-105.39,-105.39,1982811000.0,2300591250.0,1982811000.0,4180920455.0,-10.0,8.913,256817000.0,36.521,1.0,1124265000.0,0.368,28380000.0,204311000.0,8986439000.0,9646193750.0,176341000.0,16506000.0,16506000.0,0.0,4285101000.0,656548000.0,3628553000.0,1046637455.0,-9042000.0,-2929000.0,0.0,-272688000.0,-49583000.0,-331573000.0,-355856000.0,14526000.0,684558000.0,-6171000.0,-702885000.0,-720129000.0,-720129000.0,0.0,22375000.0,-0.236,1487120000.0,-362855000.0,295159000.0,-0.019,0.528,-1.453,-1.366,4930549000.0,17244000.0,144.0,0.343,0.332,453042000.0,-104775000.0,3053596000.0,3053596000.0,50359000.0,-0.098,-0.313,-0.042,-0.133,24660000.0,258731000.0,1.0,7268316.0,7032000,7032000.0,434.243,6732278000.0,305844000.0,91576000.0,17777000.0,957.377,592118000.0
7,NBR,MRT,2019-09-30,2019-09-30,2019-09-30,2021-08-02,-16567000.0,7273497000.0,7603907000.0,1380348000.0,5893149000.0,0.41,319.799,-486564000.0,396937000.0,396937000.0,2003484000.0,-561621000.0,2.023,2.004,3531220000.0,14628000.0,3516592000.0,3531220000.0,0.0,876948000.0,0.0,0.048,4.5,-327697000.0,549251000.0,0.176,549251000.0,-327697000.0,-536562000.0,-94.3,-94.3,-94.3,2251705000.0,2480101000.0,2251705000.0,3877306273.0,-12.0,7.059,193118000.0,27.428,1.0,1110964000.0,0.357,90543000.0,208865000.0,9634933000.0,9893742000.0,186124000.0,22000000.0,22000000.0,0.0,4512393000.0,682304000.0,3830089000.0,679666273.0,51035000.0,-23788000.0,-510000.0,-249846000.0,-67400000.0,-173511000.0,-450772000.0,10783000.0,679682000.0,-4364000.0,-623619000.0,-640866000.0,-640866000.0,0.0,61998000.0,-0.206,1335515000.0,-224551000.0,364658000.0,-0.048,0.302,-1.061,-0.992,5152236000.0,17247000.0,93.5,0.218,0.211,613527000.0,171139000.0,3114448000.0,3114448000.0,50888000.0,-0.084,-0.258,-0.033,-0.105,25514000.0,252774000.0,1.0,7269158.0,7041000,7041000.0,442.33,7182954000.0,353181000.0,87057000.0,52946000.0,1020.161,698044000.0
8,NBR,MRT,2019-06-30,2019-06-30,2019-06-30,2021-08-02,-13490000.0,7514503000.0,7775669500.0,1466679000.0,6047824000.0,0.403,338.716,-523946000.0,367693000.0,367693000.0,2025217000.0,-569633000.0,1.899,1.95,3565333000.0,14756000.0,3550577000.0,3565333000.0,0.0,864444000.0,0.0,0.048,7.0,-336636000.0,527808000.0,0.168,527808000.0,-336636000.0,-545625000.0,-93.55,-93.55,-93.55,2381514000.0,2649980250.0,2381514000.0,4313446681.0,-13.0,8.172,-2445000.0,-0.348,1.0,1110675000.0,0.354,90645000.0,208989000.0,9849331000.0,10091348750.0,178367000.0,28023000.0,28023000.0,0.0,4644320000.0,772167000.0,3872153000.0,1053152681.0,-222039000.0,-23788000.0,-610000.0,-306852000.0,-84603000.0,-244927000.0,-495019000.0,9032000.0,521501000.0,-3594000.0,-619268000.0,-636518000.0,-636518000.0,0.0,49635000.0,-0.203,1338306000.0,-227631000.0,410469000.0,-0.075,0.442,-1.655,-1.55,5301252000.0,17250000.0,145.0,0.336,0.325,737353000.0,303181000.0,3135892000.0,3135892000.0,53342000.0,-0.082,-0.24,-0.033,-0.107,25828000.0,256010000.0,1.0,7263122.0,7031000,7031000.0,446.009,7423858000.0,357267000.0,73643000.0,54627000.0,1055.875,694512000.0
9,NBR,MRT,2019-03-31,2019-03-31,2019-03-31,2021-08-02,-19987000.0,7773684000.0,7972115750.0,1555903000.0,6217781000.0,0.392,368.686,-505982000.0,429127000.0,429127000.0,2022528000.0,-572597000.0,2.115,1.823,3689421000.0,11841000.0,3677580000.0,3689421000.0,0.0,864898000.0,0.0,0.055,9.5,-310843000.0,554055000.0,0.177,554055000.0,-310843000.0,-528933000.0,-93.74,-93.74,-93.74,2586335000.0,2820360250.0,2586335000.0,4372923394.0,-14.0,7.893,-28672000.0,-4.087,1.0,1100244000.0,0.352,184104000.0,218090000.0,10114072000.0,10248831250.0,166139000.0,40590000.0,40590000.0,0.0,4713722000.0,735802000.0,3977920000.0,1234244394.0,62118000.0,-23788000.0,301404000.0,-613890000.0,-95715000.0,13049000.0,-421054000.0,52000.0,477310000.0,-7187000.0,-614456000.0,-631074000.0,-631074000.0,0.0,41859000.0,-0.202,1309226000.0,-208982000.0,399802000.0,-0.101,0.477,-1.956,-1.835,5399514000.0,16618000.0,172.0,0.395,0.386,743528000.0,519810000.0,3122772000.0,3122772000.0,53861000.0,-0.079,-0.224,-0.03,-0.1,26192000.0,259418000.0,1.0,7175840.0,7015000,7015000.0,445.156,7589580000.0,344531000.0,85523000.0,45849000.0,1081.907,820101000.0
10,NBR,MRT,2018-12-31,2018-12-31,2018-12-31,2021-08-02,-29325000.0,7853944000.0,8103652250.0,1593563000.0,6260381000.0,0.376,403.835,-458938000.0,447766000.0,447766000.0,1976974000.0,-612726000.0,1.915,1.74,3586445000.0,561000.0,3585884000.0,3586445000.0,0.0,868509000.0,0.0,0.12,12.0,-334555000.0,533954000.0,0.175,533954000.0,-334555000.0,-561679000.0,-99.61,-99.61,-99.61,2700850000.0,2851178500.0,2700850000.0,4105770132.0,-12.0,7.689,-133165000.0,-19.911,1.0,1071147000.0,0.351,183914000.0,227124000.0,9976632000.0,10532692250.0,165587000.0,34036000.0,34036000.0,0.0,4698757000.0,832077000.0,3866680000.0,715589132.0,109051000.0,-20859000.0,301404000.0,-479175000.0,-87098000.0,155629000.0,-367088000.0,3611000.0,325773000.0,-5263000.0,-640948000.0,-653253000.0,-653253000.0,0.0,28222000.0,-0.214,1328017000.0,-256870000.0,392843000.0,-0.12,0.265,-1.095,-1.004,5467870000.0,12305000.0,100.0,0.235,0.219,756320000.0,650842000.0,3048121000.0,3048121000.0,56147000.0,-0.081,-0.229,-0.032,-0.11,26396000.0,265822000.0,1.0,7155891.0,6688000,6688000.0,455.76,7670030000.0,345091000.0,79269000.0,27072000.0,1146.835,761486000.0
11,NBR,MRT,2018-09-30,2018-09-30,2018-09-30,2021-08-02,-7115000.0,7960547000.0,8240662250.0,1539040000.0,6421507000.0,0.362,418.514,-464571000.0,347525000.0,347525000.0,1938213000.0,-562271000.0,2.046,1.633,3737706000.0,433000.0,3737273000.0,3737706000.0,0.0,856507000.0,0.0,0.039,12.0,-309249000.0,547258000.0,0.184,547258000.0,-309249000.0,-539718000.0,-90.5,-90.5,-90.5,2931222000.0,2903920000.0,2931222000.0,5427556548.0,-18.0,9.918,-288787000.0,-41.232,1.0,1042550000.0,0.35,172976000.0,230469000.0,10425360000.0,10788592250.0,166827000.0,41033000.0,41033000.0,0.0,4786054000.0,752392000.0,4033662000.0,2201984548.0,159113000.0,63083000.0,283764000.0,-260013000.0,-78498000.0,275801000.0,-286872000.0,2822000.0,175784000.0,-5600000.0,-573874000.0,-581867000.0,-581867000.0,0.0,11603000.0,-0.195,1308248000.0,-265698000.0,331713000.0,-0.133,0.751,-3.784,-3.403,5608948000.0,7993000.0,308.0,0.739,0.724,775137000.0,864019000.0,2980763000.0,2980763000.0,57712000.0,-0.071,-0.2,-0.029,-0.104,27210000.0,268277000.0,1.0,7149300.0,7003880,7003880.0,425.587,7787571000.0,407851000.0,34156000.0,51552000.0,1111.894,786648000.0
12,NBR,MRT,2018-06-30,2018-06-30,2018-06-30,2021-08-02,-12573000.0,8300288000.0,8272671750.0,1782471000.0,6517817000.0,0.346,466.397,-468169000.0,593284000.0,593284000.0,1882282000.0,-601047000.0,2.04,1.633,3818856000.0,243000.0,3818613000.0,3818856000.0,0.0,865149000.0,0.0,0.037,12.0,-365210000.0,499939000.0,0.174,499939000.0,-365210000.0,-598871000.0,-99.0,-99.0,-99.0,3063034000.0,2896465750.0,3063034000.0,5924185212.0,-16.0,11.85,-318526000.0,-48.501,1.0,982878000.0,0.343,172817000.0,233661000.0,10479261000.0,10895463500.0,173063000.0,43262000.0,43262000.0,0.0,5003121000.0,873782000.0,4129339000.0,2034689212.0,399542000.0,12319000.0,283943000.0,49741000.0,-70506000.0,593665000.0,-339108000.0,333000.0,149643000.0,-4658000.0,-607829000.0,-611509000.0,-611509000.0,0.0,6782000.0,-0.213,1299735000.0,-316857000.0,379028000.0,-0.121,0.664,-3.327,-3.237,5709895000.0,3680000.0,320.5,0.71,0.735,780247000.0,1006500000.0,2865160000.0,2865160000.0,56214000.0,-0.074,-0.211,-0.034,-0.127,28583000.0,266474000.0,1.0,6348484.0,6567440,6567440.0,436.267,8127471000.0,406281000.0,8958000.0,22437000.0,1237.54,908689000.0
13,NBR,MRT,2018-03-31,2018-03-31,2018-03-31,2021-08-02,-7151000.0,8299830000.0,8220714250.0,1494373000.0,6805457000.0,0.333,438.749,-485066000.0,367039000.0,367039000.0,1805828000.0,-536228000.0,1.949,1.977,4256535000.0,375000.0,4256160000.0,4256535000.0,0.0,855083000.0,0.0,0.034,12.0,-348087000.0,506996000.0,0.185,506996000.0,-348087000.0,-575844000.0,-91.5,-91.5,-91.5,2709608000.0,2893016000.0,2709608000.0,5896561641.0,-17.0,11.63,-446002000.0,-72.218,1.0,931046000.0,0.34,172982000.0,227757000.0,11249516000.0,10923760750.0,174308000.0,26548000.0,26548000.0,0.0,5356426000.0,766828000.0,4589598000.0,2205611641.0,169452000.0,12319000.0,-18071000.0,559412000.0,-68611000.0,541278000.0,-408153000.0,6732000.0,39064000.0,-2737000.0,-542028000.0,-542028000.0,-542028000.0,0.0,5800000.0,-0.198,1214719000.0,-283673000.0,309883000.0,-0.131,0.814,-4.069,-3.82,5969063000.0,0.0,349.5,0.806,0.789,733541000.0,1232516000.0,2736874000.0,2736874000.0,55118000.0,-0.066,-0.187,-0.032,-0.127,30244000.0,262346000.0,1.0,6310763.0,6175760,6175760.0,443.164,8126848000.0,417781000.0,-33816000.0,36062000.0,1315.927,727545000.0
14,NBR,MRT,2017-12-31,2017-12-31,2017-12-31,2021-08-02,11185000.0,8401984000.0,8169584750.0,1447336000.0,6954648000.0,0.314,518.757,-574467000.0,336997000.0,336997000.0,1718069000.0,-540633000.0,1.574,1.806,4027947000.0,181000.0,4027766000.0,4027947000.0,0.0,845439000.0,0.0,0.035,12.0,-406892000.0,438547000.0,0.171,438547000.0,-406892000.0,-629781000.0,-95.0,-95.0,-95.0,2911816000.0,3010101000.0,2911816000.0,5720708586.0,-14.0,13.045,-511711000.0,-91.164,1.0,847417000.0,0.33,173226000.0,222889000.0,11000232000.0,10765870250.0,166307000.0,28369000.0,28369000.0,0.0,5259213000.0,919476000.0,4339737000.0,1952453586.0,77039000.0,12319000.0,-9771000.0,405300000.0,-68503000.0,512180000.0,-497868000.0,6347000.0,62756000.0,-29000.0,-546811000.0,-546811000.0,-546811000.0,0.0,6178000.0,-0.213,1189732000.0,-342315000.0,363416000.0,-0.126,0.671,-3.571,-3.595,6109565000.0,0.0,341.5,0.761,0.747,698477000.0,1423154000.0,2565486000.0,2565486000.0,51069000.0,-0.067,-0.182,-0.038,-0.159,31896000.0,251184000.0,1.0,5717287.0,5613060,5613060.0,457.057,8228758000.0,419003000.0,-82970000.0,33173000.0,1466.002,527860000.0
15,NBR,MRT,2017-09-30,2017-09-30,2017-09-30,2021-08-02,15657000.0,8088585000.0,8115842500.0,1174921000.0,6913664000.0,0.295,519.382,-559369000.0,190556000.0,190556000.0,1577988000.0,-759928000.0,1.414,1.779,3958811000.0,196000.0,3958615000.0,3958811000.0,0.0,847528000.0,0.0,0.03,12.0,-675031000.0,172497000.0,0.072,172497000.0,-675031000.0,-888401000.0,-134.0,-134.0,-134.0,2901405000.0,3093903250.0,2901405000.0,5850341121.0,-9.0,33.916,-468341000.0,-83.838,1.0,817446000.0,0.341,173321000.0,213370000.0,10852845000.0,10643988000.0,119050000.0,29770000.0,29770000.0,0.0,5161364000.0,830674000.0,4330690000.0,2306536121.0,13876000.0,-73042000.0,8705000.0,444405000.0,-68343000.0,508917000.0,-585446000.0,5907000.0,91028000.0,-623000.0,-766054000.0,-766054000.0,-766054000.0,0.0,6126000.0,-0.32,1633064000.0,-815618000.0,317314000.0,-0.09,0.795,-3.011,-3.011,6051606000.0,0.0,403.5,0.963,0.941,621640000.0,1556650000.0,2395434000.0,2395434000.0,44824000.0,-0.094,-0.248,-0.063,-0.282,32987000.0,244717000.0,1.0,5716322.0,5586260,5586260.0,428.808,7915264000.0,444796000.0,-122347000.0,48105000.0,1416.917,344247000.0
16,NBR,MRT,2017-06-30,2017-06-30,2017-06-30,2021-08-02,4794000.0,8092458000.0,8199822250.0,1174168000.0,6918290000.0,0.275,546.622,-517990000.0,196567000.0,196567000.0,1443161000.0,-723535000.0,1.34,1.646,3740372000.0,124000.0,3740248000.0,3740372000.0,0.0,851204000.0,0.0,0.029,12.0,-661823000.0,189381000.0,0.084,189381000.0,-661823000.0,-867422000.0,-127.5,-127.5,-127.5,3049235000.0,3266534250.0,3049235000.0,5787707958.0,-9.0,30.561,-332287000.0,-59.568,1.0,809834000.0,0.359,167246000.0,205599000.0,10592450000.0,10622918250.0,108141000.0,35476000.0,35476000.0,0.0,5019680000.0,876567000.0,4143113000.0,2326417958.0,-36865000.0,-22278000.0,9228000.0,205191000.0,-68199000.0,270647000.0,-492225000.0,8288000.0,185703000.0,-990000.0,-728733000.0,-728733000.0,-728733000.0,0.0,5198000.0,-0.323,1623286000.0,-813452000.0,261115000.0,-0.094,0.763,-3.192,-3.192,6142216000.0,0.0,407.0,1.033,1.008,582787000.0,1722335000.0,2252995000.0,2252995000.0,40340000.0,-0.089,-0.223,-0.062,-0.294,33449000.0,235785000.0,1.0,5716015.0,5578320,5578320.0,403.884,7925212000.0,409671000.0,-138689000.0,35632000.0,1420.717,297601000.0
17,NBR,MRT,2017-03-31,2017-03-31,2017-03-31,2021-08-02,-11336000.0,8095312000.0,8340784000.0,1122656000.0,6972656000.0,0.257,572.024,-449007000.0,200688000.0,200688000.0,1366919000.0,-780104000.0,1.455,1.545,3661978000.0,313000.0,3661665000.0,3661978000.0,0.0,861991000.0,0.0,0.018,12.0,-744660000.0,117331000.0,0.055,117331000.0,-744660000.0,-940808000.0,-137.0,-137.0,-137.0,3177948000.0,3433188000.0,3177948000.0,7044016579.0,-9.0,60.035,-136599000.0,-24.588,1.0,772699000.0,0.361,166999000.0,196148000.0,10617954000.0,10697418250.0,109461000.0,27907000.0,27907000.0,0.0,4908918000.0,771649000.0,4137269000.0,3729477579.0,-50000.0,-22278000.0,9267000.0,51180000.0,-51042000.0,122227000.0,-433555000.0,761000.0,312408000.0,-1130000.0,-780432000.0,-780432000.0,-780432000.0,0.0,328000.0,-0.365,1623875000.0,-851176000.0,241332000.0,-0.088,1.174,-4.779,-4.77,6218699000.0,0.0,653.5,1.743,1.697,514446000.0,1872440000.0,2139618000.0,2139618000.0,37177000.0,-0.094,-0.227,-0.07,-0.348,34906000.0,228714000.0,1.0,5706928.0,5555620,5555620.0,385.127,7928313000.0,373973000.0,-160376000.0,40996000.0,1427.08,351007000.0
18,NBR,MRT,2016-12-31,2016-12-31,2016-12-31,2021-08-02,-12119000.0,8187015000.0,8554538750.0,1155839000.0,7031176000.0,0.235,587.219,-395455000.0,264093000.0,264093000.0,1344298000.0,-1029607000.0,1.406,1.519,3578632000.0,297000.0,3578335000.0,3578632000.0,0.0,874296000.0,0.0,0.015,12.0,-1031213000.0,-156917000.0,-0.078,-156917000.0,-1031213000.0,-1216573000.0,-182.0,-182.0,-182.0,3247025000.0,3614781000.0,3247025000.0,7947276250.0,-8.0,-50.646,136450000.0,24.677,1.0,662810000.0,0.33,166917000.0,185360000.0,10512703000.0,10868293250.0,103595000.0,31109000.0,31109000.0,0.0,4932220000.0,821934000.0,4110286000.0,4648221250.0,9499000.0,-22278000.0,-720000.0,-81843000.0,-50924000.0,-138216000.0,-382187000.0,715000.0,531905000.0,-2003000.0,-1029742000.0,-1029742000.0,-1029742000.0,0.0,135000.0,-0.513,1631351000.0,-968541000.0,264578000.0,-0.066,1.432,-4.514,-4.505,6267583000.0,0.0,820.0,2.316,2.259,508355000.0,2033427000.0,2007108000.0,2007108000.0,33582000.0,-0.12,-0.285,-0.095,-0.514,32000000.0,227639000.0,1.0,5668562.0,5529500,5529500.0,362.982,8020098000.0,366586000.0,-186831000.0,23306000.0,1450.42,333905000.0
19,NBR,MRT,2016-09-30,2016-09-30,2016-09-30,2021-08-02,-11925000.0,8424504000.0,8892245000.0,1072080000.0,7352424000.0,0.243,649.049,-408009000.0,177043000.0,177043000.0,1457868000.0,-857965000.0,1.361,1.344,3476098000.0,120000.0,3475978000.0,3476098000.0,0.0,888940000.0,0.0,0.02,12.0,-860774000.0,28166000.0,0.013,28166000.0,-860774000.0,-1044987000.0,-151.0,-151.0,-151.0,3591929000.0,3873702250.0,3591929000.0,6715475237.0,-8.0,238.425,248304000.0,44.868,1.0,703713000.0,0.326,167131000.0,184213000.0,10768566000.0,11183082500.0,141934000.0,24496000.0,23607000.0,889000.0,4825810000.0,787862000.0,4037948000.0,3445880237.0,-74323000.0,-22278000.0,-55647000.0,-253100000.0,-50801000.0,-360122000.0,-365566000.0,720000.0,656313000.0,-4948000.0,-857809000.0,-857809000.0,-857809000.0,0.0,-156000.0,-0.397,1525812000.0,-822099000.0,215627000.0,-0.079,0.959,-4.017,-4.026,6616711000.0,0.0,608.0,1.594,1.557,503966000.0,2386053000.0,2161581000.0,2161581000.0,34172000.0,-0.096,-0.221,-0.077,-0.398,32359000.0,236092000.0,1.0,5667566.0,5534140,5534140.0,390.59,8257373000.0,0.0,-187178000.0,34744000.0,1492.079,284218000.0
20,NBR,MRT,2016-06-30,2016-06-30,2016-06-30,2021-08-02,-8250000.0,8656305000.0,9268414250.0,1191243000.0,7465062000.0,0.265,671.822,-493668000.0,233752000.0,233752000.0,1669606000.0,-1044093000.0,1.372,1.328,3503347000.0,175000.0,3503172000.0,3503347000.0,0.0,908397000.0,0.0,0.024,12.0,-1097632000.0,-189235000.0,-0.077,-189235000.0,-1097632000.0,-1279457000.0,-182.5,-182.5,-182.5,3715850000.0,4101298250.0,3715850000.0,6222800163.0,-6.0,-32.884,182156000.0,32.934,1.0,784365000.0,0.32,167275000.0,181825000.0,10890450000.0,11547187750.0,151753000.0,22992000.0,22104000.0,888000.0,4933607000.0,868175000.0,4065432000.0,2833192163.0,-202923000.0,-32278000.0,-101148000.0,-236077000.0,-51305000.0,-389179000.0,-468804000.0,582000.0,675824000.0,-20764000.0,-1042432000.0,-1042432000.0,-1042432000.0,0.0,-1661000.0,-0.425,1562400000.0,-778035000.0,199619000.0,-0.066,0.762,-2.718,-2.753,6765257000.0,0.0,502.5,1.155,1.133,504099000.0,2514265000.0,2453971000.0,2453971000.0,35412000.0,-0.112,-0.254,-0.095,-0.447,33807000.0,252046000.0,1.0,5638193.0,5531000,5531000.0,443.676,8489030000.0,0.0,-237025000.0,62587000.0,1534.809,323068000.0
21,NBR,MRT,2016-03-31,2016-03-31,2016-03-31,2021-08-02,-13264000.0,8950331000.0,9733658750.0,1259387000.0,7690944000.0,0.288,707.686,-632747000.0,200674000.0,200674000.0,1816849000.0,-893409000.0,1.445,1.289,3590282000.0,5880000.0,3584402000.0,3590282000.0,0.0,908968000.0,0.0,0.026,12.0,-842943000.0,66025000.0,0.024,66025000.0,-842943000.0,-1024000000.0,-156.5,-156.5,-156.5,3904320000.0,4405325750.0,3904320000.0,5997966218.0,-7.0,90.844,78145000.0,14.164,1.0,983400000.0,0.351,167217000.0,181057000.0,11301454000.0,11943529000.0,153837000.0,115484000.0,20827000.0,94657000.0,5034134000.0,871268000.0,4162866000.0,2590788218.0,-385327000.0,-123587000.0,-100171000.0,-210555000.0,-68815000.0,-381977000.0,-696375000.0,370000.0,710892000.0,-17867000.0,-894603000.0,-894603000.0,-894603000.0,-5025000.0,1194000.0,-0.319,1583169000.0,-599769000.0,250078000.0,-0.077,0.664,-2.896,-2.939,6942315000.0,0.0,460.0,0.925,0.906,594506000.0,2715918000.0,2800249000.0,2800249000.0,37712000.0,-0.092,-0.203,-0.071,-0.301,40996000.0,271232000.0,1.0,5632148.0,5517020,5517020.0,507.565,8783114000.0,0.0,-129397000.0,56663000.0,1592.003,388119000.0
22,NBR,MRT,2015-12-31,2015-12-31,2015-12-31,2021-08-02,-47593000.0,9537840000.0,10147225500.0,1475897000.0,8061943000.0,0.374,756.711,-867106000.0,254530000.0,254530000.0,2371436000.0,-372294000.0,1.466,1.224,3661708000.0,6508000.0,3655200000.0,3661708000.0,0.0,973318000.0,0.0,0.028,12.0,-288785000.0,684533000.0,0.181,684533000.0,-288785000.0,-470713000.0,-64.5,-64.5,-64.5,4282710000.0,4668949000.0,4282710000.0,6308537283.0,-22.0,9.216,-10550000.0,-1.864,1.0,1420228000.0,0.375,166659000.0,181928000.0,11771860000.0,12269793000.0,153824000.0,435236000.0,20059000.0,415177000.0,5243972000.0,1006499000.0,4237473000.0,2813148283.0,-246619000.0,569418000.0,-98302000.0,-678481000.0,-69363000.0,-849941000.0,-227449000.0,952000.0,856556000.0,-25785000.0,-372675000.0,-372675000.0,-372675000.0,0.0,381000.0,-0.098,1705007000.0,-284779000.0,271984000.0,-0.186,0.657,-7.549,-6.597,7027802000.0,0.0,425.5,0.742,0.635,784671000.0,3131134000.0,3791664000.0,3791664000.0,41253000.0,-0.037,-0.08,-0.024,-0.076,47313000.0,324328000.0,1.0,6611394.0,5659640,5659640.0,669.948,9371181000.0,0.0,-98038000.0,70720000.0,1655.791,469398000.0
23,NBR,MRT,2015-09-30,2015-09-30,2015-09-30,2021-08-02,-21563000.0,9929181000.0,10728496250.0,1719075000.0,8210106000.0,0.455,792.348,-1221140000.0,251366000.0,251366000.0,3121150000.0,-1100342000.0,1.638,1.203,3746755000.0,8982000.0,3737773000.0,3746755000.0,0.0,1036513000.0,0.0,0.025,12.0,-979643000.0,56870000.0,0.012,56870000.0,-979643000.0,-1158858000.0,-187.0,-187.0,-187.0,4502313000.0,4825426250.0,4502313000.0,6445459148.0,-7.0,113.337,-78562000.0,-13.826,1.0,1761832000.0,0.361,150032000.0,179215000.0,12224987000.0,12816428250.0,177221000.0,488194000.0,25196000.0,462998000.0,5417782000.0,1049551000.0,4368231000.0,3124418148.0,-153087000.0,529808000.0,-43757000.0,-510762000.0,-69853000.0,-635875000.0,-629217000.0,1263000.0,1142578000.0,-30573000.0,-1100091000.0,-1100091000.0,-1100091000.0,280000.0,-251000.0,-0.225,2459579000.0,-697747000.0,302415000.0,-0.064,0.694,-2.84,-2.527,7287531000.0,0.0,472.5,0.64,0.55,871385000.0,3311662000.0,4882982000.0,4882982000.0,81597000.0,-0.103,-0.228,-0.076,-0.201,48073000.0,356445000.0,1.0,6612525.0,5682240,5682240.0,859.341,9779149000.0,39981000.0,-58767000.0,7345000.0,1721.002,669524000.0
24,NBR,MRT,2015-06-30,2015-06-30,2015-06-30,2021-08-02,25156000.0,10517283000.0,11401036000.0,1969155000.0,8548128000.0,0.516,861.975,-1525307000.0,436675000.0,436675000.0,3784962000.0,-697753000.0,1.61,1.131,3757716000.0,66359000.0,3691357000.0,3757716000.0,0.0,1082936000.0,0.0,0.017,12.0,-436662000.0,646274000.0,0.11,646274000.0,-436662000.0,-614567000.0,-118.0,-118.5,-118.0,4931960000.0,5165566250.0,4931960000.0,8006516669.0,-18.0,12.389,-72029000.0,-12.589,1.0,2098689000.0,0.357,139756000.0,177905000.0,12475815000.0,13395790250.0,183775000.0,712073000.0,33222000.0,678851000.0,5577908000.0,1222753000.0,4355155000.0,4767061669.0,25717000.0,539359000.0,-247623000.0,-204641000.0,-70333000.0,-534270000.0,-871611000.0,1438000.0,1453278000.0,-21680000.0,-698209000.0,-698209000.0,-698209000.0,-3725000.0,456000.0,-0.119,2561759000.0,-463070000.0,363058000.0,-0.102,0.967,-6.828,-6.114,7405441000.0,0.0,721.5,0.81,0.702,908563000.0,3625005000.0,5883651000.0,5883651000.0,71881000.0,-0.061,-0.135,-0.033,-0.074,47991000.0,423380000.0,1.0,6607154.0,5721700,5721700.0,1028.305,10377527000.0,0.0,83642000.0,57336000.0,1813.714,746402000.0
25,NBR,MRT,2015-03-31,2015-03-31,2015-03-31,2021-08-02,14768000.0,10604598000.0,11880715000.0,2170332000.0,8434266000.0,0.559,868.867,-1789084000.0,586001000.0,586001000.0,4362935000.0,-596191000.0,1.876,1.137,3825456000.0,8739000.0,3816717000.0,3825456000.0,0.0,1146979000.0,0.0,0.016,11.0,-389252000.0,757727000.0,0.114,757727000.0,-389252000.0,-568991000.0,-101.0,-101.5,-101.0,4958813000.0,5450432750.0,4958813000.0,8349896023.0,-21.0,11.02,-144566000.0,-25.33,1.0,2280817000.0,0.343,80947000.0,179739000.0,12606510000.0,13814100250.0,190423000.0,768284000.0,35170000.0,733114000.0,5636836000.0,1156596000.0,4480240000.0,4495996023.0,259120000.0,630311000.0,-224523000.0,-8524000.0,-64722000.0,-373158000.0,-990940000.0,23849000.0,1644518000.0,-21300000.0,-596944000.0,-596944000.0,-596944000.0,2332000.0,753000.0,-0.09,2690227000.0,-409410000.0,403038000.0,-0.109,0.907,-7.532,-6.757,7333808000.0,0.0,682.5,0.677,0.586,971601000.0,3679336000.0,6643752000.0,6643752000.0,61401000.0,-0.05,-0.11,-0.028,-0.059,40196000.0,481200000.0,1.0,6587540.0,5707220,5723460.0,1164.096,10523651000.0,91050000.0,27953000.0,134004000.0,1843.919,1013736000.0
26,NBR,MRT,2014-12-31,2014-12-31,2014-12-31,2021-08-02,77522000.0,11862923000.0,12276333750.0,2741874000.0,9121049000.0,0.555,844.293,-1821315000.0,501149000.0,501149000.0,4505064000.0,-669244000.0,1.749,1.415,4338030000.0,6190000.0,4331840000.0,4338030000.0,0.0,1148309000.0,0.0,0.015,10.0,-430045000.0,718264000.0,0.105,718264000.0,-430045000.0,-607993000.0,-114.0,-114.0,-114.0,4908619000.0,5700846750.0,4908619000.0,7607797648.0,-18.0,10.592,-39404000.0,-6.778,1.0,2304663000.0,0.338,173928000.0,177948000.0,13958401000.0,14144330500.0,230067000.0,93271000.0,35020000.0,58251000.0,6944134000.0,1567475000.0,5376659000.0,3756918648.0,111234000.0,-74149000.0,-219774000.0,431192000.0,-59145000.0,69848000.0,-1716909000.0,23673000.0,1781911000.0,-23616000.0,-670659000.0,-670659000.0,-670659000.0,0.0,1415000.0,-0.098,2699944000.0,-395281000.0,780060000.0,-0.088,0.765,-5.602,-5.693,8599125000.0,0.0,649.0,0.552,0.554,1517503000.0,3573172000.0,6809727000.0,6809727000.0,49698000.0,-0.055,-0.118,-0.03,-0.063,37190000.0,500036000.0,1.0,5788781.0,5813880,5813880.0,1171.288,11688995000.0,118230000.0,62666000.0,496224000.0,2010.533,1174399000.0
27,NBR,MRT,2014-09-30,2014-09-30,2014-09-30,2021-08-02,132222000.0,12619340000.0,12350555750.0,2792471000.0,9826869000.0,0.537,1001.786,-1741716000.0,404453000.0,404453000.0,4343061000.0,373253000.0,1.973,1.151,4255332000.0,196000.0,4255136000.0,4255332000.0,0.0,1110323000.0,0.0,0.008,9.0,612232000.0,1722555000.0,0.26,1722555000.0,612232000.0,430906000.0,62.0,61.0,62.0,5862873000.0,5965963500.0,5862873000.0,10367706181.0,17.0,6.019,-53864000.0,-9.204,1.0,2288159000.0,0.345,512203000.0,181326000.0,14542435000.0,14119682750.0,242876000.0,123384000.0,60365000.0,63019000.0,6746106000.0,1415581000.0,5330525000.0,6822167181.0,8530000.0,-89076000.0,-218789000.0,190907000.0,-53592000.0,-150130000.0,-1511793000.0,23827000.0,1687852000.0,-17399000.0,371014000.0,371014000.0,371014000.0,-27601000.0,2239000.0,0.056,1660578000.0,627581000.0,693931000.0,0.145,1.164,18.388,18.355,9016508000.0,0.0,1138.0,1.029,1.004,1624441000.0,4481606000.0,6631220000.0,6631220000.0,45440000.0,0.03,0.062,0.043,0.092,35498000.0,496730000.0,1.0,5994874.0,5852420,5900100.0,1133.073,12107137000.0,91837000.0,59892000.0,497367000.0,2068.74,1376890000.0
28,NBR,MRT,2014-06-30,2014-06-30,2014-06-30,2021-08-02,188552000.0,12435999000.0,12246249750.0,2810638000.0,9625361000.0,0.52,1018.75,-1540517000.0,410958000.0,410958000.0,4142760000.0,161878000.0,2.13,1.047,3956497000.0,207000.0,3956290000.0,3956497000.0,0.0,1108380000.0,0.0,0.005,8.0,307529000.0,1415909000.0,0.222,1415909000.0,307529000.0,113282000.0,26.5,26.0,26.5,6071426000.0,5956787250.0,6071426000.0,12226829474.0,40.0,8.635,58335000.0,9.788,1.0,2225554000.0,0.349,512897000.0,194247000.0,14149055000.0,14046244500.0,216444000.0,138619000.0,75386000.0,63233000.0,6354077000.0,1319586000.0,5034491000.0,8735938474.0,-97170000.0,-90667000.0,31230000.0,-346603000.0,-47408000.0,-431232000.0,-1256345000.0,24321000.0,1598852000.0,-8445000.0,159585000.0,159585000.0,159585000.0,-9166000.0,2293000.0,0.025,1883437000.0,342117000.0,617827000.0,0.302,1.439,54.742,55.415,8832966000.0,0.0,1468.5,1.372,1.374,1448511000.0,4393547000.0,6368314000.0,6368314000.0,45440000.0,0.013,0.027,0.022,0.048,33732000.0,485706000.0,1.0,5948886.0,5959680,6019620.0,1068.566,11923102000.0,87354000.0,-46303000.0,508382000.0,2000.628,1491052000.0
29,NBR,MRT,2014-03-31,2014-03-31,2014-03-31,2021-08-02,160466000.0,12187073000.0,12203975750.0,2691268000.0,9495805000.0,0.51,1006.122,-1339131000.0,326881000.0,326881000.0,4048575000.0,98436000.0,2.174,1.031,3817772000.0,5296000.0,3812476000.0,3817772000.0,0.0,1108667000.0,0.0,0.006,8.0,247970000.0,1356637000.0,0.218,1356637000.0,247970000.0,39753000.0,15.5,15.0,15.5,5960469000.0,5919571500.0,5960469000.0,10833319306.0,44.0,7.985,344360000.0,58.128,1.0,2170415000.0,0.349,512391000.0,208217000.0,13927431000.0,14052481500.0,194371000.0,163870000.0,97886000.0,65984000.0,6146616000.0,1238142000.0,4908474000.0,7308932306.0,-238007000.0,-84225000.0,9287000.0,-773555000.0,-59061000.0,-829605000.0,-1077210000.0,22621000.0,1683491000.0,-14683000.0,90780000.0,90780000.0,90780000.0,16675000.0,7656000.0,0.015,1857137000.0,313278000.0,631015000.0,0.516,1.226,80.513,79.516,8690759000.0,0.0,1232.5,1.175,1.174,1454368000.0,4342690000.0,6218990000.0,6218990000.0,45440000.0,0.007,0.015,0.018,0.04,31087000.0,483278000.0,1.0,5930168.0,5924200,5981000.0,1049.76,11674682000.0,133667000.0,-51027000.0,543088000.0,1970.677,1453126000.0
30,NBR,MRT,2013-12-31,2013-12-31,2013-12-31,2021-08-02,216140000.0,12159811000.0,12303571750.0,2753830000.0,9405981000.0,0.508,1014.523,-1178205000.0,389915000.0,389915000.0,3981828000.0,147162000.0,2.1,1.024,3914302000.0,10185000.0,3904117000.0,3914302000.0,0.0,1099741000.0,0.0,0.009,8.0,308219000.0,1407960000.0,0.225,1407960000.0,308219000.0,84801000.0,23.5,23.5,23.5,5969086000.0,5922907750.0,5969086000.0,8666419859.0,28.0,6.155,240018000.0,40.794,1.0,2266803000.0,0.363,512964000.0,223418000.0,13859810000.0,14276087750.0,209793000.0,184714000.0,117218000.0,67496000.0,6109446000.0,1311424000.0,4798022000.0,5014874859.0,-135007000.0,-110298000.0,5383000.0,-694505000.0,-47168000.0,-729586000.0,-815468000.0,164510000.0,1418223000.0,-8176000.0,139982000.0,139982000.0,139982000.0,11179000.0,7180000.0,0.022,1899248000.0,367555000.0,545512000.0,0.34,0.84,35.825,36.149,8597813000.0,0.0,849.5,0.803,0.8,1399543000.0,4304664000.0,6248631000.0,6248631000.0,45440000.0,0.011,0.024,0.022,0.049,53255000.0,479890000.0,1.0,5903325.0,5883640,5931840.0,1062.035,11646847000.0,121316000.0,-55181000.0,574795000.0,1979.531,1442406000.0
31,NBR,MRT,2013-09-30,2013-09-30,2013-09-30,2021-08-02,311631000.0,12202116000.0,12427624500.0,2956455000.0,9245661000.0,0.503,987.232,-1077570000.0,395923000.0,395923000.0,3962573000.0,24477000.0,2.627,1.081,4047468000.0,11441000.0,4036027000.0,4047468000.0,0.0,1120274000.0,0.0,0.007,6.0,245495000.0,1365769000.0,0.218,1365769000.0,245495000.0,7316000.0,4.0,3.0,4.0,5826168000.0,5916868500.0,5826168000.0,8312989014.0,34.0,6.087,365805000.0,61.985,1.0,2294202000.0,0.367,479557000.0,238179000.0,14248682000.0,14537658250.0,229494000.0,168293000.0,96015000.0,72278000.0,6295335000.0,1125422000.0,5169913000.0,4738481014.0,-75639000.0,124721000.0,6828000.0,-852946000.0,-35357000.0,-886940000.0,-626456000.0,165777000.0,1443375000.0,-5618000.0,17249000.0,17249000.0,17249000.0,137706000.0,7228000.0,0.003,1900773000.0,393429000.0,521133000.0,1.5,0.813,274.71,200.75,8463804000.0,0.0,803.0,0.757,0.757,1362434000.0,4074420000.0,6256775000.0,6256775000.0,0.0,0.001,0.003,0.017,0.039,50669000.0,519442000.0,1.0,5900973.0,5901520,5901520.0,1060.197,11722559000.0,239171000.0,-9933000.0,705886000.0,1986.363,1831033000.0
32,NBR,MRT,2013-06-30,2013-06-30,2013-06-30,2021-08-02,299016000.0,12266903000.0,12608235750.0,2892832000.0,9374071000.0,0.503,1004.686,-1051135000.0,508128000.0,508128000.0,4087920000.0,206061000.0,2.451,1.058,4082636000.0,11445000.0,4071191000.0,4082636000.0,0.0,1104677000.0,0.0,0.005,4.0,473956000.0,1578633000.0,0.249,1578633000.0,473956000.0,228060000.0,34.5,33.5,34.5,5922563000.0,5921296500.0,5922563000.0,8325916118.0,18.0,5.274,465041000.0,78.888,1.0,2256265000.0,0.356,487252000.0,245896000.0,14174003000.0,14856776750.0,235042000.0,171905000.0,99832000.0,72073000.0,6264430000.0,1180156000.0,5084274000.0,4510611118.0,187730000.0,126761000.0,6712000.0,-604841000.0,-23552000.0,-627091000.0,-695473000.0,169434000.0,1516176000.0,-5882000.0,198286000.0,198286000.0,198286000.0,111121000.0,7775000.0,0.031,1660413000.0,595852000.0,498081000.0,0.116,0.762,22.748,22.188,8577586000.0,0.0,765.5,0.711,0.711,1342386000.0,4191606000.0,6344185000.0,6344185000.0,0.0,0.016,0.033,0.032,0.075,48352000.0,522180000.0,1.0,5892372.0,5894940,5942380.0,1076.209,11779651000.0,103779000.0,29774000.0,584413000.0,1998.265,1712676000.0
33,NBR,MRT,2013-03-31,2013-03-31,2013-03-31,2021-08-02,343143000.0,12585457000.0,12752378000.0,3118698000.0,9466759000.0,0.508,1024.011,-1280480000.0,564888000.0,564888000.0,4238866000.0,130843000.0,2.858,1.093,4380193000.0,435000.0,4379758000.0,4380193000.0,0.0,1081519000.0,0.0,0.002,2.0,366490000.0,1448009000.0,0.224,1448009000.0,366490000.0,117408000.0,22.5,21.5,22.5,5973814000.0,5870164500.0,5973814000.0,8575395950.0,23.0,5.922,217337000.0,37.255,1.0,2239337000.0,0.346,487760000.0,249082000.0,14821856000.0,15122879750.0,245495000.0,194100000.0,125592000.0,68508000.0,6531584000.0,1091146000.0,5440438000.0,4720617950.0,210866000.0,120676000.0,4491000.0,-409604000.0,0.0,-406110000.0,-874075000.0,150644000.0,1497817000.0,-6766000.0,129858000.0,129858000.0,129858000.0,59558000.0,985000.0,0.02,1809304000.0,430033000.0,492894000.0,0.089,0.79,36.352,36.044,8641947000.0,0.0,811.0,0.729,0.73,1434530000.0,4206628000.0,6478203000.0,6478203000.0,0.0,0.01,0.022,0.024,0.057,46711000.0,524590000.0,1.0,5820737.0,5833740,5883400.0,1110.472,12097697000.0,92310000.0,-12450000.0,634720000.0,2073.746,2027552000.0
34,NBR,MRT,2012-12-31,2012-12-31,2012-12-31,2021-08-02,431595000.0,12656022000.0,12893062250.0,3132857000.0,9523165000.0,0.513,1025.111,-1518628000.0,524922000.0,524922000.0,4367106000.0,165448000.0,2.767,1.115,4379700000.0,364000.0,4379336000.0,4379700000.0,0.0,1055757000.0,0.0,0.0,0.0,457717000.0,1513474000.0,0.229,1513474000.0,457717000.0,205813000.0,28.5,28.0,28.5,5944929000.0,5829441750.0,5944929000.0,8403769502.0,18.0,5.553,44077000.0,7.6,1.0,2250364000.0,0.34,472326000.0,251904000.0,14906092000.0,15288649750.0,251133000.0,319241000.0,253282000.0,65959000.0,6629717000.0,1132382000.0,5497335000.0,4196046502.0,126347000.0,158204000.0,-3625000.0,-248079000.0,0.0,-254127000.0,-1179628000.0,30995000.0,1562705000.0,-2603000.0,164827000.0,164827000.0,164827000.0,67526000.0,621000.0,0.025,1721500000.0,528864000.0,499010000.0,0.0,0.706,25.457,25.351,8712088000.0,0.0,722.5,0.634,0.633,1382623000.0,4120398000.0,6617470000.0,6617470000.0,0.0,0.013,0.028,0.03,0.069,18312000.0,527953000.0,1.0,5807677.0,5799300,5846460.0,1141.081,12183696000.0,110480000.0,40986000.0,632963000.0,2100.891,2000475000.0
35,NBR,MRT,2012-09-30,2012-09-30,2012-09-30,2021-08-02,362480000.0,12924561000.0,12957091750.0,3133649000.0,9790912000.0,0.526,1006.292,-1731789000.0,471562000.0,471562000.0,4465640000.0,36899000.0,2.762,1.198,4679285000.0,389000.0,4678896000.0,4679285000.0,0.0,1031858000.0,0.0,0.0,0.0,360890000.0,1392748000.0,0.205,1392748000.0,360890000.0,110150000.0,6.0,6.5,6.0,5843880000.0,5740163250.0,5843880000.0,8427494404.0,23.0,6.051,-289391000.0,-49.832,1.0,2343954000.0,0.344,472462000.0,250740000.0,15525156000.0,15270517000.0,257158000.0,223474000.0,148001000.0,75473000.0,6999249000.0,1134666000.0,5864583000.0,4074117404.0,196101000.0,-57500000.0,-4069000.0,312235000.0,0.0,307048000.0,-1549368000.0,41466000.0,1442398000.0,-3977000.0,35952000.0,35952000.0,35952000.0,166096000.0,947000.0,0.005,1813021000.0,530933000.0,560641000.0,0.0,0.697,113.321,116.917,8894084000.0,0.0,701.5,0.598,0.598,1529232000.0,4093321000.0,6809594000.0,6809594000.0,0.0,0.003,0.006,0.024,0.053,17536000.0,530095000.0,1.0,5807723.0,5807340,5850020.0,1172.584,12452099000.0,111673000.0,74198000.0,737269000.0,2144.2,1998983000.0
36,NBR,MRT,2012-06-30,2012-06-30,2012-06-30,2021-08-02,318088000.0,12843472000.0,12805538000.0,2975170000.0,9868302000.0,0.532,984.812,-2007233000.0,320398000.0,320398000.0,4378020000.0,35219000.0,2.001,1.232,4673775000.0,275323000.0,4398452000.0,4673775000.0,0.0,1009852000.0,0.0,0.0,0.0,396312000.0,1406164000.0,0.206,1406164000.0,396312000.0,151288000.0,6.0,6.0,6.0,5718035000.0,5687146250.0,5718035000.0,8599746928.0,22.0,6.116,-708711000.0,-122.061,1.0,2436924000.0,0.358,471913000.0,245024000.0,15238415000.0,15011523750.0,259943000.0,305239000.0,134784000.0,170455000.0,7045382000.0,1486521000.0,5558861000.0,4180427928.0,-208424000.0,-114182000.0,-4627000.0,394468000.0,0.0,388886000.0,-1886639000.0,39362000.0,1298522000.0,-9193000.0,34552000.0,34552000.0,34552000.0,190477000.0,667000.0,0.005,1846468000.0,590456000.0,606571000.0,0.0,0.731,120.989,120.0,8904324000.0,0.0,720.0,0.613,0.613,1607422000.0,4017665000.0,6814944000.0,6814944000.0,0.0,0.003,0.006,0.026,0.058,21921000.0,518845000.0,1.0,5806150.0,5806220,5806220.0,1173.732,12371559000.0,70288000.0,116736000.0,834207000.0,2130.742,1488649000.0
37,NBR,MRT,2012-03-31,2012-03-31,2012-03-31,2021-08-02,342463000.0,13148194000.0,12623583000.0,3129224000.0,10018970000.0,0.52,1006.96,-2157730000.0,354022000.0,354022000.0,4082214000.0,301236000.0,1.979,1.249,4773341000.0,275616000.0,4497725000.0,4773341000.0,0.0,977336000.0,0.0,0.0,0.0,734810000.0,1712146000.0,0.261,1712146000.0,734810000.0,489490000.0,52.0,51.0,52.0,5810923000.0,5671513500.0,5810923000.0,9274244266.0,13.0,5.417,-747984000.0,-129.616,1.0,2476540000.0,0.378,501536000.0,245320000.0,15484936000.0,14785231750.0,265787000.0,449426000.0,139950000.0,309476000.0,7255826000.0,1581041000.0,5674785000.0,5049003266.0,-215714000.0,-5737000.0,-2568000.0,297185000.0,0.0,293710000.0,-1914734000.0,52345000.0,1409746000.0,-4436000.0,299789000.0,299789000.0,299789000.0,94000000.0,1447000.0,0.046,1643283000.0,833257000.0,687576000.0,0.0,0.869,16.842,16.817,8814081000.0,0.0,874.5,0.77,0.769,1717375000.0,4090454000.0,6558754000.0,6558754000.0,0.0,0.024,0.053,0.05,0.112,21753000.0,508203000.0,1.0,5773589.0,5770760,5834180.0,1136.549,12646658000.0,45038000.0,189701000.0,885995000.0,2191.506,1548183000.0
38,NBR,MRT,2011-12-31,2011-12-31,2011-12-31,2021-08-02,321264000.0,12912140000.0,12309136500.0,3088314000.0,9823826000.0,0.497,973.087,-2042617000.0,398575000.0,398575000.0,3738506000.0,249569000.0,1.713,1.296,4623816000.0,275326000.0,4348490000.0,4623816000.0,0.0,972011000.0,0.0,0.0,0.0,670239000.0,1642250000.0,0.268,1642250000.0,670239000.0,413607000.0,43.5,42.5,43.5,5587815000.0,5583759000.0,5587815000.0,9074101608.0,14.0,5.525,-586130000.0,-102.071,1.0,2380361000.0,0.389,501258000.0,256632000.0,14833561000.0,14176831250.0,272852000.0,523059000.0,140914000.0,382145000.0,7241735000.0,1802562000.0,5439173000.0,4986202608.0,-243127000.0,-24737000.0,11605000.0,152531000.0,0.0,163245000.0,-1859479000.0,27317000.0,1456487000.0,-3380000.0,248524000.0,248524000.0,248524000.0,97601000.0,1045000.0,0.041,1608476000.0,771885000.0,782753000.0,0.0,0.892,20.063,19.931,8629946000.0,0.0,867.0,0.815,0.814,1576555000.0,3956364000.0,6118867000.0,6118867000.0,0.0,0.02,0.045,0.047,0.11,21244000.0,487808000.0,1.0,5751099.0,5742360,5849680.0,1065.567,12410882000.0,127874000.0,165083000.0,825635000.0,2161.286,1285752000.0
39,NBR,MRT,2011-09-30,2011-09-30,2011-09-30,2021-08-02,269155000.0,12318346000.0,11992743750.0,2544344000.0,9774002000.0,0.474,979.49,-1821921000.0,275461000.0,275461000.0,3440200000.0,400948000.0,1.797,1.173,4363360000.0,275227000.0,4088133000.0,4363360000.0,0.0,940304000.0,0.0,0.0,0.0,812024000.0,1752328000.0,0.308,1752328000.0,812024000.0,542566000.0,69.5,68.0,69.5,5631812000.0,5518845750.0,5631812000.0,7261224292.0,9.0,4.144,-288937000.0,-50.252,1.0,2247875000.0,0.395,501297000.0,269458000.0,14489183000.0,13668255750.0,233298000.0,483298000.0,119859000.0,363439000.0,6605619000.0,1415765000.0,5189854000.0,3524579292.0,-364222000.0,-20637000.0,12375000.0,-189617000.0,0.0,-182667000.0,-1715964000.0,11071000.0,1532984000.0,1425000.0,400010000.0,400010000.0,400010000.0,51624000.0,938000.0,0.07,1380289000.0,867586000.0,658692000.0,0.0,0.626,8.811,8.82,8577213000.0,0.0,613.0,0.62,0.62,1397725000.0,4057410000.0,5688075000.0,5688075000.0,0.0,0.033,0.072,0.059,0.143,20393000.0,454115000.0,1.0,5749722.0,5749740,5839720.0,989.275,11817049000.0,83388000.0,142556000.0,903562000.0,2055.232,1128579000.0
40,NBR,MRT,2011-06-30,2011-06-30,2011-06-30,2021-08-02,376891000.0,12115652000.0,11818339250.0,2552941000.0,9562711000.0,0.434,984.213,-1564067000.0,528822000.0,528822000.0,3046349000.0,286830000.0,2.491,1.128,4265467000.0,881000.0,4264586000.0,4265467000.0,0.0,900427000.0,0.0,0.0,0.0,665283000.0,1565710000.0,0.305,1565710000.0,665283000.0,386912000.0,49.5,48.5,49.5,5655504000.0,5412800750.0,5655504000.0,10966204115.0,16.0,7.004,-57090000.0,-9.935,1.0,2079142000.0,0.406,494100000.0,278371000.0,14333247000.0,13237350000.0,199899000.0,490309000.0,144220000.0,346089000.0,6377989000.0,1024950000.0,5353039000.0,7080681115.0,-218771000.0,-674185000.0,12515000.0,367705000.0,0.0,374658000.0,-2109546000.0,13134000.0,1506977000.0,9140000.0,286147000.0,286147000.0,286147000.0,46989000.0,683000.0,0.056,1363937000.0,715205000.0,551010000.0,0.0,1.252,24.745,24.889,8372405000.0,0.0,1232.0,1.381,1.381,1191182000.0,3983154000.0,5125491000.0,5125491000.0,0.0,0.024,0.053,0.05,0.13,14806000.0,421878000.0,1.0,5747306.0,5746220,5885960.0,891.976,11621552000.0,38809000.0,100765000.0,841473000.0,2022.469,1527991000.0
41,NBR,MRT,2011-03-31,2011-03-31,2011-03-31,2021-08-02,379956000.0,11890408000.0,11414461500.0,2711130000.0,9179278000.0,0.41,954.149,-1138111000.0,569736000.0,569736000.0,2736430000.0,137838000.0,1.215,1.162,4455259000.0,1391224000.0,3064035000.0,4455259000.0,0.0,856828000.0,0.0,0.0,0.0,490015000.0,1346843000.0,0.288,1346843000.0,490015000.0,210106000.0,23.5,23.5,23.5,5459905000.0,5303001750.0,5459905000.0,12494547606.0,25.0,9.277,36650000.0,6.405,1.0,1944274000.0,0.415,494005000.0,279909000.0,13051334000.0,12481765750.0,195230000.0,504740000.0,160571000.0,344169000.0,6346926000.0,2230592000.0,4116334000.0,8693105606.0,-332873000.0,-792571000.0,12398000.0,395375000.0,0.0,400822000.0,-1912801000.0,-10000000.0,1174761000.0,4345000.0,137320000.0,137320000.0,137320000.0,169065000.0,518000.0,0.029,1283176000.0,661098000.0,433695000.0,0.0,1.592,63.305,64.638,7975957000.0,0.0,1519.0,1.857,1.857,1242954000.0,3790706000.0,4680704000.0,4680704000.0,0.0,0.012,0.026,0.039,0.105,14230000.0,379245000.0,1.0,5722914.0,5722280,5853780.0,817.979,11396403000.0,21214000.0,72786000.0,818701000.0,1991.584,480538000.0
42,NBR,MRT,2010-12-31,2010-12-31,2010-12-31,2021-08-02,342052000.0,11646569000.0,11098040750.0,2612930000.0,9033639000.0,0.376,934.29,-930277000.0,641702000.0,641702000.0,2400519000.0,94780000.0,1.213,1.17,4443144000.0,1379018000.0,3064126000.0,4443144000.0,0.0,793521000.0,0.0,0.0,0.0,404357000.0,1197878000.0,0.287,1197878000.0,404357000.0,131645000.0,16.5,16.5,16.5,5328162000.0,5249283250.0,5328162000.0,10565049842.0,26.0,8.82,176707000.0,30.985,1.0,1774494000.0,0.425,494372000.0,272712000.0,12799259000.0,12427477750.0,158836000.0,467511000.0,159488000.0,308023000.0,6234518000.0,2154380000.0,4080138000.0,6695270842.0,-286113000.0,-774566000.0,6266000.0,283202000.0,0.0,280254000.0,-1673305000.0,466000.0,1106984000.0,-46000.0,94695000.0,94695000.0,94695000.0,161090000.0,85000.0,0.023,1208212000.0,566282000.0,355282000.0,0.0,1.257,70.704,71.091,7815419000.0,0.0,1173.0,1.604,1.602,1116510000.0,3707881000.0,4175013000.0,4175013000.0,0.0,0.009,0.018,0.033,0.097,13746000.0,338720000.0,1.0,5707818.0,5702900,5799920.0,732.086,11152197000.0,31510000.0,36950000.0,796035000.0,1955.531,458550000.0
43,NBR,MRT,2010-09-30,2010-09-30,2010-09-30,2021-08-02,277995000.0,11620728000.0,10847571000.0,2565924000.0,9054804000.0,0.331,912.717,-806190000.0,639683000.0,639683000.0,2083717000.0,-4220000.0,1.135,1.216,4509462000.0,1442714000.0,3066748000.0,4509462000.0,0.0,743343000.0,0.0,0.0,0.0,210749000.0,954092000.0,0.266,954092000.0,210749000.0,-54557000.0,-0.5,-0.5,-0.5,5207632000.0,5209156750.0,5207632000.0,8114899854.0,39.0,8.505,192705000.0,33.774,1.0,1506222000.0,0.42,463427000.0,265306000.0,12765560000.0,12448852000.0,142973000.0,442666000.0,132786000.0,309880000.0,6330970000.0,2261520000.0,4069450000.0,5151970854.0,-295368000.0,-721166000.0,12572000.0,191713000.0,0.0,195372000.0,-1487519000.0,6673000.0,998895000.0,-2116000.0,-3046000.0,-3046000.0,-3046000.0,199675000.0,-1174000.0,-0.001,1096972000.0,409250000.0,368780000.0,0.0,0.989,-1691.389,-1806.0,7884874000.0,0.0,903.0,1.435,1.435,1002974000.0,3657400000.0,3589939000.0,3589939000.0,0.0,0.0,-0.001,0.017,0.059,13376000.0,312237000.0,1.0,5705394.0,5705640,5705640.0,629.191,11157301000.0,29325000.0,-51511000.0,854136000.0,1955.486,304404000.0
44,NBR,MRT,2010-06-30,2010-06-30,2010-06-30,2021-08-02,251268000.0,10500141000.0,10641661750.0,2025408000.0,8474733000.0,0.311,914.561,-752041000.0,747593000.0,747593000.0,1889436000.0,65359000.0,1.019,1.011,3710522000.0,1345819000.0,2364703000.0,3710522000.0,0.0,713176000.0,0.0,0.0,0.0,268337000.0,981513000.0,0.296,981513000.0,268337000.0,3333000.0,11.5,11.5,11.5,5216308000.0,5199787000.0,5216308000.0,7978909869.0,30.0,8.129,327525000.0,57.424,1.0,1424630000.0,0.43,164078000.0,265004000.0,11310910000.0,12537224000.0,107549000.0,560541000.0,145283000.0,415258000.0,5271732000.0,1988082000.0,3283650000.0,5025412869.0,-276060000.0,-35342000.0,13527000.0,-618899000.0,0.0,-614109000.0,-743842000.0,7390000.0,1079566000.0,2325000.0,66091000.0,66091000.0,66091000.0,215334000.0,-732000.0,0.02,941691000.0,482939000.0,255476000.0,0.0,0.963,76.038,76.609,7641563000.0,0.0,881.0,1.516,1.516,762589000.0,3697007000.0,3314066000.0,3314066000.0,0.0,0.006,0.013,0.021,0.081,14110000.0,306680000.0,1.0,5704214.0,5703620,5795920.0,581.046,10336063000.0,128555000.0,-62758000.0,707111000.0,1812.193,37326000.0
45,NBR,MRT,2010-03-31,2010-03-31,2010-03-31,2021-08-02,327746000.0,10624725000.0,10733967000.0,2154701000.0,8470024000.0,0.306,921.241,-853660000.0,902609000.0,902609000.0,1825827000.0,-170909000.0,3.72,1.023,3856106000.0,209000.0,3855897000.0,3856106000.0,0.0,696617000.0,0.0,0.0,0.0,8773000.0,705390000.0,0.215,705390000.0,8773000.0,-256965000.0,-30.0,-30.0,-30.0,5245031000.0,5157666000.0,5245031000.0,8601023392.0,980.0,12.193,483595000.0,84.939,1.0,1459041000.0,0.444,164756000.0,265738000.0,12834182000.0,12977092750.0,99828000.0,564644000.0,158405000.0,406239000.0,5366042000.0,579284000.0,4786758000.0,5588070392.0,-79307000.0,-63965000.0,11060000.0,-572538000.0,0.0,-570177000.0,-857324000.0,27125000.0,1337255000.0,10939000.0,-170516000.0,-170516000.0,-170516000.0,214425000.0,-393000.0,-0.052,1236236000.0,222805000.0,249040000.0,0.0,1.065,-32.772,-32.717,7646608000.0,0.0,981.5,1.701,1.701,735432000.0,3653386000.0,3284868000.0,3284868000.0,0.0,-0.016,-0.033,0.001,0.003,86858000.0,390151000.0,1.0,5693398.0,5693440,5814720.0,576.957,10459969000.0,126394000.0,-86449000.0,727576000.0,1837.197,1575417000.0
46,NBR,MRT,2009-12-31,2009-12-31,2009-12-31,2021-08-02,292706000.0,10644690000.0,10826408500.0,2176664000.0,8468026000.0,0.326,911.963,-1093435000.0,927815000.0,927815000.0,1981504000.0,-85888000.0,3.576,1.057,3940768000.0,163000.0,3940605000.0,3940768000.0,0.0,679493000.0,0.0,0.0,0.0,116564000.0,796057000.0,0.225,796057000.0,116564000.0,-149483000.0,-15.0,-15.0,-15.0,5167656000.0,5099707250.0,5167656000.0,9351043819.0,80.0,11.747,523537000.0,92.391,1.0,1550806000.0,0.439,164265000.0,266047000.0,12884756000.0,13063494500.0,100819000.0,570526000.0,163036000.0,407490000.0,5462711000.0,608622000.0,4854089000.0,6201227819.0,485728000.0,-125076000.0,9734000.0,16188000.0,0.0,19373000.0,-1162777000.0,24359000.0,1616972000.0,12160000.0,-85546000.0,-85546000.0,-85546000.0,218609000.0,-342000.0,-0.024,1215975000.0,334831000.0,226423000.0,0.0,1.2,-72.49,-72.967,7646050000.0,0.0,1094.5,1.756,1.756,724040000.0,3613186000.0,3532310000.0,3532310000.0,0.0,-0.008,-0.017,0.009,0.033,106725000.0,421492000.0,1.0,5665809.0,5666520,5730040.0,623.365,10480425000.0,125163000.0,-63937000.0,709126000.0,1849.535,1568042000.0
47,NBR,MRT,2009-09-30,2009-09-30,2009-09-30,2021-08-02,254505000.0,10797091000.0,10794710750.0,2091086000.0,8706005000.0,0.379,912.819,-1321921000.0,935051000.0,935051000.0,2357621000.0,-141438000.0,3.15,1.088,4084867000.0,280000.0,4084587000.0,4084867000.0,0.0,672050000.0,0.0,0.0,0.0,123620000.0,795670000.0,0.194,795670000.0,123620000.0,-126261000.0,-26.0,-25.0,-26.0,5170153000.0,5033819750.0,5170153000.0,9144785215.0,74.0,11.493,381234000.0,67.309,1.0,1738758000.0,0.424,163984000.0,249881000.0,13119048000.0,12991497250.0,115714000.0,780625000.0,169112000.0,611513000.0,5626938000.0,663875000.0,4963063000.0,5936451215.0,313556000.0,-259868000.0,-12558000.0,124939000.0,0.0,111129000.0,-1505629000.0,29117000.0,1703155000.0,4901000.0,-144989000.0,-144989000.0,-144989000.0,65180000.0,3551000.0,-0.035,1546407000.0,192351000.0,254657000.0,0.0,1.148,-40.944,-40.192,7728506000.0,0.0,1045.0,1.449,1.445,702712000.0,3660446000.0,4096379000.0,4096379000.0,0.0,-0.013,-0.029,0.01,0.03,116501000.0,481099000.0,1.0,5680815.0,5663940,5748140.0,723.238,10633107000.0,20899000.0,18728000.0,699397000.0,1877.334,1427211000.0
48,NBR,MRT,2009-06-30,2009-06-30,2009-06-30,2021-08-02,167775000.0,10869362000.0,10789382250.0,2302161000.0,8567201000.0,0.439,891.357,-1466003000.0,1023653000.0,1023653000.0,2731874000.0,22120000.0,2.726,1.153,4231987000.0,168699000.0,4063288000.0,4231987000.0,0.0,664237000.0,0.0,0.0,0.0,374246000.0,1038483000.0,0.219,1038483000.0,374246000.0,140490000.0,3.5,3.5,3.5,5047824000.0,4990435000.0,5047824000.0,7754878148.0,21.0,7.468,372141000.0,65.714,1.0,2000268000.0,0.423,162812000.0,233756000.0,13070385000.0,12941543750.0,134017000.0,746843000.0,172787000.0,574056000.0,5821538000.0,844499000.0,4977039000.0,4409781148.0,119832000.0,-324814000.0,-130285000.0,83534000.0,0.0,-47589000.0,-1665734000.0,59448000.0,1838144000.0,-4989000.0,19464000.0,19464000.0,19464000.0,41930000.0,2656000.0,0.004,1581436000.0,418832000.0,262545000.0,0.0,0.874,226.561,222.571,7621186000.0,0.0,779.0,0.932,0.932,787653000.0,3630916000.0,4732142000.0,4732142000.0,0.0,0.002,0.004,0.029,0.079,125159000.0,522110000.0,1.0,5660823.0,5663080,5663080.0,835.613,10706550000.0,22837000.0,121026000.0,692823000.0,1890.588,1457662000.0
49,NBR,MRT,2009-03-31,2009-03-31,2009-03-31,2021-08-02,14614000.0,10994491000.0,10798202750.0,2479847000.0,8514644000.0,0.478,885.417,-1569563000.0,981916000.0,981916000.0,3018130000.0,391739000.0,2.518,1.193,4327013000.0,168682000.0,4158331000.0,4327013000.0,0.0,651829000.0,0.0,0.0,0.0,803120000.0,1454949000.0,0.282,1454949000.0,803120000.0,586016000.0,69.0,67.5,69.0,5013196000.0,4961893750.0,5013196000.0,6497129026.0,8.0,4.466,115734000.0,20.441,1.0,2139446000.0,0.415,174806000.0,217104000.0,13179789000.0,12844726750.0,143160000.0,786779000.0,126672000.0,660107000.0,5981295000.0,984993000.0,4996302000.0,2826475026.0,-112410000.0,-318135000.0,-230847000.0,45566000.0,0.0,-180868000.0,-1612256000.0,210989000.0,1685297000.0,-4583000.0,388863000.0,388863000.0,388863000.0,41930000.0,2876000.0,0.075,1291520000.0,847926000.0,342847000.0,0.0,0.564,7.269,7.239,7488679000.0,0.0,499.5,0.548,0.548,975797000.0,3894998000.0,5157576000.0,5157576000.0,0.0,0.036,0.078,0.063,0.156,59708000.0,475216000.0,1.0,5658609.0,5661960,5662380.0,910.917,10819685000.0,23093000.0,197153000.0,710990000.0,1910.943,1494854000.0
50,NBR,MRT,2008-12-31,2008-12-31,2008-12-31,2021-08-02,53520000.0,10517899000.0,10775885750.0,2166593000.0,8351306000.0,0.495,870.689,-1506979000.0,442087000.0,442087000.0,3100613000.0,479664000.0,1.919,1.142,3825563000.0,225030000.0,3600533000.0,3825563000.0,0.0,639809000.0,0.0,0.0,0.0,882115000.0,1521924000.0,0.285,1521924000.0,882115000.0,685397000.0,84.5,82.5,84.5,4904106000.0,4905554750.0,4904106000.0,6996406802.0,8.0,4.597,-44155000.0,-7.839,1.0,2235793000.0,0.419,175749000.0,196718000.0,12596767000.0,12686187750.0,150118000.0,793837000.0,142158000.0,651679000.0,5599475000.0,1128859000.0,4470616000.0,3406354802.0,-89219000.0,-271596000.0,-237532000.0,142924000.0,0.0,-89239000.0,-1457103000.0,251630000.0,1462824000.0,-5701000.0,475737000.0,475737000.0,475737000.0,41930000.0,3927000.0,0.089,1307821000.0,927972000.0,424908000.0,0.0,0.695,7.16,7.083,7331959000.0,0.0,598.5,0.638,0.632,1160768000.0,3698732000.0,5336406000.0,5336406000.0,0.0,0.044,0.097,0.07,0.165,45401000.0,479194000.0,1.0,5691487.0,5632440,5764720.0,947.441,10342150000.0,28083000.0,209660000.0,734051000.0,1836.176,1037734000.0
51,NBR,MRT,2008-09-30,2008-09-30,2008-09-30,2021-08-02,273407000.0,10775777000.0,10672256500.0,2367901000.0,8407876000.0,0.504,884.704,-1669591000.0,621495000.0,621495000.0,3014581000.0,739183000.0,2.168,1.157,4211547000.0,224825000.0,3986722000.0,4211547000.0,0.0,608343000.0,0.0,0.0,0.0,1214890000.0,1823233000.0,0.339,1823233000.0,1214890000.0,953592000.0,131.0,127.0,131.0,4996614000.0,4808058500.0,4996614000.0,10488739185.0,9.0,5.753,-72858000.0,-12.9,1.0,2359840000.0,0.439,354517000.0,261298000.0,12919234000.0,12465982250.0,129079000.0,446200000.0,216633000.0,229567000.0,5779163000.0,1092078000.0,4687085000.0,6981428185.0,-72282000.0,-386590000.0,-325518000.0,184516000.0,0.0,-143518000.0,-1520376000.0,462181000.0,1596733000.0,-5121000.0,739603000.0,739603000.0,739603000.0,0.0,-420000.0,0.138,1145370000.0,1214470000.0,353378000.0,0.0,1.397,9.439,9.511,7166048000.0,0.0,1246.0,1.299,1.309,1161426000.0,3994246000.0,5374421000.0,5374421000.0,0.0,0.069,0.154,0.097,0.226,38341000.0,467341000.0,1.0,5603072.0,5647780,5782980.0,951.599,10421260000.0,23737000.0,213989000.0,618496000.0,1845.196,1275823000.0
52,NBR,MRT,2008-06-30,2008-06-30,2008-06-30,2021-08-02,399712000.0,10904644000.0,10497914000.0,2730346000.0,8174298000.0,0.491,878.341,-1695509000.0,903821000.0,903821000.0,2931106000.0,763228000.0,1.999,1.21,4411132000.0,588847000.0,3822285000.0,4411132000.0,0.0,577221000.0,0.0,0.0,0.0,1135148000.0,1712369000.0,0.332,1712369000.0,1135148000.0,910946000.0,135.5,131.5,135.5,4933659000.0,4662328250.0,4933659000.0,17346357642.0,15.0,10.13,-323990000.0,-57.68,1.0,2228577000.0,0.432,363158000.0,224202000.0,12683117000.0,12102573250.0,128893000.0,572592000.0,332726000.0,239866000.0,5970985000.0,1365680000.0,4605305000.0,13859108642.0,295082000.0,-122787000.0,-216849000.0,364284000.0,0.0,153581000.0,-1230480000.0,528210000.0,1371519000.0,462000.0,763648000.0,763648000.0,763648000.0,-22265000.0,-420000.0,0.148,1116114000.0,1112463000.0,317802000.0,0.0,2.809,18.149,18.166,7020941000.0,0.0,2461.5,2.686,2.68,1083748000.0,3783947000.0,5159683000.0,5159683000.0,0.0,0.073,0.164,0.094,0.22,33795000.0,450668000.0,1.0,5630351.0,5617020,5889740.0,918.58,10541486000.0,16687000.0,147298000.0,647964000.0,1876.704,1364666000.0
53,NBR,MRT,2008-03-31,2008-03-31,2008-03-31,2021-08-02,363043000.0,10905223000.0,10249818000.0,2954725000.0,7950498000.0,0.486,854.465,-1783900000.0,1094326000.0,1094326000.0,2828032000.0,815164000.0,1.988,1.278,4581575000.0,700000000.0,3881575000.0,4581575000.0,0.0,543213000.0,0.0,0.0,0.0,1166511000.0,1709724000.0,0.343,1709724000.0,1166511000.0,977951000.0,145.0,141.0,145.0,4787840000.0,4459567250.0,4787840000.0,12953642241.0,11.0,7.576,-464739000.0,-82.94,1.0,2157075000.0,0.433,360709000.0,188560000.0,12545633000.0,11749570000.0,129611000.0,666856000.0,355918000.0,310938000.0,6117383000.0,1486130000.0,4631253000.0,9478515241.0,633099000.0,-94691000.0,-106978000.0,536801000.0,0.0,432039000.0,-1116569000.0,596232000.0,1319161000.0,-1532000.0,815584000.0,815584000.0,815584000.0,-29752000.0,-420000.0,0.164,1020736000.0,1136339000.0,332732000.0,0.0,1.98,11.622,11.645,6758516000.0,0.0,1688.5,1.901,1.898,1112190000.0,3589586000.0,4985107000.0,4985107000.0,0.0,0.08,0.183,0.099,0.234,31345000.0,433706000.0,1.0,5613571.0,5603320,5715600.0,889.67,10544514000.0,20227000.0,162367000.0,639725000.0,1881.833,1468595000.0
54,NBR,MRT,2007-12-31,2007-12-31,2007-12-31,2021-08-02,322635000.0,10103382000.0,9918613750.0,2205112000.0,7898270000.0,0.498,802.545,-2039180000.0,531306000.0,531306000.0,2764559000.0,865282000.0,1.476,1.238,4006433000.0,700000000.0,3306433000.0,4006433000.0,0.0,505181000.0,0.0,0.0,0.0,1222118000.0,1727299000.0,0.35,1727299000.0,1222118000.0,1067198000.0,154.0,150.0,154.0,4514121000.0,4220486000.0,4514121000.0,11065881091.0,9.0,6.406,-644271000.0,-114.542,1.0,2176122000.0,0.44,368432000.0,154920000.0,11715945000.0,11565310250.0,133786000.0,1000121000.0,235745000.0,764376000.0,5589261000.0,1494132000.0,4095129000.0,7753818091.0,-169243000.0,-92159000.0,-42642000.0,-38416000.0,0.0,-78899000.0,-1487217000.0,482067000.0,1394909000.0,1964000.0,865702000.0,865702000.0,865702000.0,-35024000.0,-420000.0,0.175,989448000.0,1186674000.0,348524000.0,0.0,1.718,8.957,8.893,6632612000.0,0.0,1369.5,1.569,1.559,1039238000.0,3359080000.0,4940681000.0,4940681000.0,0.0,0.087,0.205,0.106,0.247,30176000.0,436282000.0,1.0,5661788.0,5624760,5764520.0,878.381,9734950000.0,12757000.0,201496000.0,639075000.0,1730.732,710980000.0
55,NBR,MRT,2007-09-30,2007-09-30,2007-09-30,2021-08-02,320412000.0,10078407000.0,9678344000.0,2546421000.0,7531986000.0,0.51,787.732,-2065570000.0,693777000.0,693777000.0,2719328000.0,946328000.0,1.635,1.283,4005840000.0,700000000.0,3305840000.0,4005840000.0,0.0,486888000.0,0.0,0.0,0.0,1288639000.0,1775527000.0,0.36,1775527000.0,1288639000.0,1235788000.0,171.0,165.0,171.0,4413693000.0,3976119000.0,4413693000.0,12083164515.0,9.0,6.805,-760795000.0,-135.783,1.0,2214829000.0,0.449,367376000.0,52851000.0,11465598000.0,11443623750.0,131646000.0,569484000.0,186196000.0,383288000.0,5664714000.0,1557496000.0,4107218000.0,8686654515.0,333571000.0,157574000.0,32802000.0,1951000.0,0.0,44621000.0,-1022092000.0,743145000.0,1304775000.0,6267000.0,946328000.0,946328000.0,946328000.0,-40427000.0,0.0,0.192,966617000.0,1248212000.0,367113000.0,0.0,1.968,9.179,8.997,6466732000.0,0.0,1538.5,1.761,1.747,1043235000.0,3136928000.0,4934157000.0,4934157000.0,0.0,0.098,0.238,0.113,0.261,81973000.0,468725000.0,1.0,5646184.0,5603040,5759380.0,880.621,9711031000.0,35738000.0,289460000.0,704145000.0,1733.172,988925000.0
56,NBR,MRT,2007-06-30,2007-06-30,2007-06-30,2021-08-02,257695000.0,9912260000.0,9390949250.0,2258226000.0,7654034000.0,0.529,738.151,-2182897000.0,608739000.0,608739000.0,2651535000.0,1021051000.0,1.37,1.404,4005249000.0,700000000.0,3305249000.0,4005249000.0,0.0,453443000.0,0.0,0.0,0.0,1446320000.0,1899763000.0,0.383,1899763000.0,1446320000.0,1393175000.0,184.5,178.0,184.5,4122615000.0,3693478750.0,4122615000.0,12935976177.0,9.0,6.809,-782820000.0,-140.163,1.0,2313213000.0,0.466,388981000.0,53145000.0,11271104000.0,11440978000.0,127368000.0,698893000.0,218552000.0,480341000.0,5789645000.0,1648685000.0,4140960000.0,9392543177.0,-810521000.0,-16995000.0,-21216000.0,39335000.0,0.0,19088000.0,-2232347000.0,-161664000.0,1400077000.0,2661000.0,1021051000.0,1021051000.0,1021051000.0,-26130000.0,0.0,0.206,893023000.0,1420190000.0,508712000.0,0.0,2.278,9.199,9.046,6298371000.0,0.0,1669.0,1.892,1.878,1035895000.0,2918900000.0,4964748000.0,4964748000.0,0.0,0.109,0.276,0.126,0.291,81023000.0,455533000.0,1.0,5627647.0,5585060,5757960.0,888.934,9523279000.0,36943000.0,372124000.0,658914000.0,1705.135,609541000.0
57,NBR,MRT,2007-03-31,2007-03-31,2007-03-31,2021-08-02,213045000.0,9580406000.0,9060668000.0,2414199000.0,7166207000.0,0.55,691.754,-2164407000.0,461227000.0,461227000.0,2608657000.0,1026135000.0,2.561,1.5,4004660000.0,0.0,4004660000.0,4004660000.0,0.0,427154000.0,0.0,0.0,0.0,1489906000.0,1917060000.0,0.385,1917060000.0,1489906000.0,1438326000.0,183.0,177.0,183.0,3831515000.0,3431789750.0,3831515000.0,11561135590.0,8.0,6.031,-717976000.0,-129.626,1.0,2371341000.0,0.476,372596000.0,51580000.0,11808594000.0,11146957500.0,114366000.0,1039558000.0,489785000.0,549773000.0,5748891000.0,942649000.0,4806242000.0,8257610590.0,167925000.0,-48566000.0,-684598000.0,2714272000.0,0.0,1449219000.0,-2729474000.0,-540176000.0,1446431000.0,1749000.0,1026135000.0,1026135000.0,1026135000.0,-18643000.0,0.0,0.206,900078000.0,1471263000.0,492085000.0,0.0,2.155,8.047,8.107,5810745000.0,0.0,1483.5,1.658,1.65,1130614000.0,2690551000.0,4979998000.0,4979998000.0,0.0,0.113,0.299,0.134,0.299,80040000.0,443411000.0,1.0,5566303.0,5538840,5696280.0,899.105,9207810000.0,37790000.0,412191000.0,689713000.0,1662.408,1471550000.0
58,NBR,MRT,2006-12-31,2006-12-31,2006-12-31,2021-08-02,201261000.0,9142303000.0,8338201250.0,2504856000.0,6637447000.0,0.579,609.261,-1927407000.0,700549000.0,700549000.0,2511392000.0,1020736000.0,2.932,1.585,4004074000.0,0.0,4004074000.0,4004074000.0,0.0,409707000.0,0.0,0.0,0.0,1502215000.0,1911922000.0,0.396,1911922000.0,1502215000.0,1455629000.0,176.0,170.0,176.0,3536653000.0,3427198500.0,3536653000.0,12552711953.0,8.0,6.565,-441149000.0,-75.997,1.0,2318449000.0,0.48,362269000.0,46586000.0,11229199000.0,9844984250.0,100487000.0,952736000.0,439467000.0,513269000.0,5605650000.0,854360000.0,4751290000.0,8909372953.0,135548000.0,-48996000.0,-955996000.0,1953682000.0,0.0,418275000.0,-1768469000.0,190378000.0,1486258000.0,-516000.0,1020736000.0,1020736000.0,1020736000.0,-27727000.0,0.0,0.211,843961000.0,1474488000.0,459179000.0,0.0,2.519,8.728,8.46,5410101000.0,0.0,1489.0,1.845,1.79,1109738000.0,2473373000.0,4829841000.0,4829841000.0,0.0,0.122,0.298,0.153,0.311,79888000.0,416610000.0,1.0,5983461.0,5804820,5996540.0,832.04,8780034000.0,38081000.0,434893000.0,638886000.0,1512.542,1650496000.0
59,NBR,MRT,2006-09-30,2006-09-30,2006-09-30,2021-08-02,232429000.0,8928828000.0,7860227250.0,2790663000.0,6138165000.0,0.581,591.442,-1674154000.0,360206000.0,360206000.0,2391884000.0,993566000.0,3.735,1.72,4003545000.0,0.0,4003545000.0,4003545000.0,0.0,386196000.0,0.0,0.0,0.0,1445738000.0,1831934000.0,0.401,1831934000.0,1445738000.0,1400187000.0,166.5,161.0,166.5,3283132000.0,3482570250.0,3283132000.0,11481440903.0,8.0,6.267,-270489000.0,-48.727,1.0,2171932000.0,0.476,369978000.0,45551000.0,11455015000.0,8785353000.0,98769000.0,1404620000.0,913216000.0,491404000.0,5645696000.0,747174000.0,4898522000.0,8897737903.0,-215362000.0,-84948000.0,-941411000.0,1943342000.0,0.0,419960000.0,-2039407000.0,-298101000.0,1403665000.0,420000.0,993566000.0,993566000.0,993566000.0,-18508000.0,0.0,0.218,744702000.0,1427230000.0,417026000.0,0.0,2.71,8.955,8.934,4975081000.0,0.0,1487.5,1.95,1.809,1098818000.0,2235583000.0,4563816000.0,4563816000.0,0.0,0.126,0.285,0.165,0.317,24066000.0,332214000.0,1.0,5981673.0,5551060,5730880.0,822.152,8558850000.0,204140000.0,406621000.0,761697000.0,1541.841,2043489000.0
60,NBR,MRT,2006-06-30,2006-06-30,2006-06-30,2021-08-02,241884000.0,8591135000.0,7303603750.0,3037701000.0,5553434000.0,0.579,522.361,-1400198000.0,1419260000.0,1419260000.0,2238171000.0,879672000.0,4.281,1.793,4002963000.0,0.0,4002963000.0,4002963000.0,0.0,365931000.0,0.0,0.0,0.0,1289835000.0,1655766000.0,0.392,1655766000.0,1289835000.0,1246833000.0,142.5,137.5,142.5,3075859000.0,3553325250.0,3075859000.0,11440976902.0,9.0,6.91,-61126000.0,-10.381,1.0,1990055000.0,0.471,370310000.0,43002000.0,10095022000.0,7546447250.0,70756000.0,589234000.0,239828000.0,349406000.0,5515276000.0,709506000.0,4805770000.0,10481894902.0,851311000.0,-88026000.0,-853798000.0,1922240000.0,0.0,486110000.0,-982166000.0,487063000.0,1339072000.0,8295000.0,879672000.0,879672000.0,879672000.0,-10540000.0,0.0,0.208,710760000.0,1279295000.0,386052000.0,0.0,3.408,11.916,11.856,4563893000.0,0.0,1689.5,2.479,2.353,1007878000.0,1942833000.0,4228226000.0,4228226000.0,0.0,0.12,0.248,0.171,0.305,18148000.0,305310000.0,1.0,6204140.0,5888380,6087880.0,718.063,8220825000.0,199276000.0,367161000.0,718797000.0,1396.11,2328195000.0
61,NBR,MRT,2006-03-31,2006-03-31,2006-03-31,2021-08-02,195833000.0,6690539000.0,6732968000.0,1756070000.0,4934469000.0,0.575,609.149,-1079747000.0,293302000.0,293302000.0,2098529000.0,778044000.0,2.549,0.755,1252384000.0,0.0,1252384000.0,1252384000.0,0.0,352397000.0,0.0,0.0,0.0,1113050000.0,1465447000.0,0.379,1465447000.0,1113050000.0,1070883000.0,124.0,119.5,124.0,3813150000.0,3607012750.0,3813150000.0,12660994022.0,11.0,8.64,182545000.0,29.161,1.0,1771718000.0,0.458,359955000.0,42167000.0,6600701000.0,6569065250.0,58238000.0,431967000.0,181554000.0,250413000.0,2877389000.0,688965000.0,2188424000.0,11206332022.0,-169623000.0,-88896000.0,-256078000.0,-764570000.0,0.0,-1021569000.0,-416799000.0,725168000.0,1262292000.0,6453000.0,778044000.0,778044000.0,778044000.0,-10540000.0,0.0,0.201,669208000.0,1102510000.0,390029000.0,0.0,2.939,14.403,14.431,4156554000.0,0.0,1789.5,2.896,2.894,949524000.0,2056063000.0,3870247000.0,3870247000.0,0.0,0.116,0.216,0.169,0.288,12036000.0,277285000.0,1.0,6262270.0,6259800,6490720.0,618.27,6330584000.0,201230000.0,292839000.0,849039000.0,1011.308,1067105000.0
62,NBR,MRT,2005-12-31,2005-12-31,2005-12-31,2021-08-02,192980000.0,7230407000.0,6607390000.0,2617308000.0,4613099000.0,0.528,602.007,-907316000.0,565001000.0,565001000.0,1958538000.0,648695000.0,1.935,0.924,2019663000.0,767912000.0,1251751000.0,2019663000.0,0.0,338532000.0,0.0,0.0,0.0,912544000.0,1251076000.0,0.359,1251076000.0,912544000.0,867695000.0,104.0,100.0,104.0,3758140000.0,3458333000.0,3758140000.0,13370797130.0,15.0,10.687,122184000.0,19.572,1.0,1527033000.0,0.438,341939000.0,44849000.0,6990674000.0,6458720750.0,51292000.0,1081326000.0,858524000.0,222802000.0,3472267000.0,1352456000.0,2119811000.0,11928873130.0,180292000.0,-82206000.0,94981000.0,10381000.0,0.0,102626000.0,-958240000.0,3819000.0,1029500000.0,6406000.0,648695000.0,648695000.0,648695000.0,-10540000.0,0.0,0.186,625029000.0,902004000.0,336589000.0,0.0,3.174,18.389,18.209,3886924000.0,0.0,1893.75,3.422,3.392,822104000.0,1989526000.0,3485571000.0,3485571000.0,0.0,0.098,0.188,0.141,0.262,4819000.0,247129000.0,1.0,6299075.0,6242680,6487560.0,558.345,6888468000.0,199196000.0,219000000.0,740264000.0,1103.447,1264852000.0
63,NBR,MRT,2005-09-30,2005-09-30,2005-09-30,2021-08-02,204009000.0,6702334000.0,6265440500.0,2368093000.0,4334241000.0,0.512,567.102,-722200000.0,575568000.0,575568000.0,1865346000.0,546842000.0,1.818,0.879,2017492000.0,819682000.0,1197810000.0,2017492000.0,0.0,327732000.0,0.0,0.0,0.0,750485000.0,1078217000.0,0.336,1078217000.0,750485000.0,706492000.0,89.0,85.0,89.0,3566152000.0,3251146250.0,3566152000.0,12747342723.0,17.0,11.823,141251000.0,22.462,1.0,1339830000.0,0.418,342116000.0,43993000.0,6499392000.0,6200451000.0,42676000.0,1064290000.0,856021000.0,208269000.0,3136182000.0,1302750000.0,1833432000.0,11297275723.0,278431000.0,-46401000.0,125154000.0,6239000.0,0.0,131393000.0,-726158000.0,19480000.0,863451000.0,9745000.0,546842000.0,546842000.0,546842000.0,0.0,0.0,0.171,589345000.0,750485000.0,270311000.0,0.0,3.168,20.659,20.177,3622732000.0,0.0,1795.75,3.525,3.523,734982000.0,1794907000.0,3205176000.0,3205176000.0,0.0,0.087,0.168,0.121,0.234,3354000.0,239125000.0,1.0,6291118.0,6288380,6474000.0,509.698,6360218000.0,40419000.0,159650000.0,513256000.0,1011.424,1065343000.0
64,NBR,MRT,2005-06-30,2005-06-30,2005-06-30,2021-08-02,141604000.0,6308592000.0,5994462000.0,1833215000.0,4475377000.0,0.481,522.516,-602226000.0,567949000.0,567949000.0,1742878000.0,443611000.0,1.477,0.917,2018016000.0,814607000.0,1203409000.0,2018016000.0,0.0,316347000.0,0.0,0.0,0.0,591925000.0,908272000.0,0.315,908272000.0,591925000.0,548594000.0,73.25,69.5,73.25,3290609000.0,3052499000.0,3290609000.0,11122858370.0,19.0,12.246,137435000.0,21.823,1.0,1139357000.0,0.395,331635000.0,43331000.0,6185494000.0,6243662250.0,36163000.0,1011409000.0,493339000.0,518070000.0,3017983000.0,1241530000.0,1776453000.0,9579832370.0,205362000.0,-43205000.0,108632000.0,14861000.0,0.0,123493000.0,-666841000.0,-41963000.0,739661000.0,9049000.0,443611000.0,443611000.0,443611000.0,0.0,0.0,0.154,547432000.0,591925000.0,227406000.0,0.0,2.911,21.595,20.689,3460599000.0,0.0,1515.5,3.324,3.311,619330000.0,1616050000.0,2882235000.0,2882235000.0,0.0,0.074,0.145,0.095,0.205,1821000.0,222794000.0,1.0,6321235.0,6297620,6448500.0,457.671,5976957000.0,36853000.0,104983000.0,445504000.0,949.082,591685000.0
65,NBR,MRT,2005-03-31,2005-03-31,2005-03-31,2021-08-02,148267000.0,6188227000.0,5779981000.0,1792421000.0,4395806000.0,0.456,528.773,-605749000.0,462925000.0,462925000.0,1657235000.0,358154000.0,1.445,0.923,2005951000.0,809562000.0,1196389000.0,2005951000.0,0.0,304842000.0,0.0,0.0,0.0,468195000.0,773037000.0,0.293,773037000.0,468195000.0,424810000.0,60.0,56.5,60.0,3218431000.0,2890872250.0,3218431000.0,10517559484.0,22.0,13.606,18545000.0,3.047,1.0,979380000.0,0.371,331251000.0,43385000.0,6159323000.0,6309990250.0,31984000.0,1091531000.0,545556000.0,545975000.0,2969796000.0,1240679000.0,1729117000.0,8896032484.0,-101927000.0,-6975000.0,168846000.0,-279433000.0,0.0,-110587000.0,-624875000.0,-22069000.0,624294000.0,9241000.0,358154000.0,358154000.0,358154000.0,0.0,0.0,0.136,511185000.0,468195000.0,227125000.0,0.0,2.764,24.839,24.642,3358068000.0,0.0,1478.5,3.374,3.413,646598000.0,1550054000.0,2636615000.0,2636615000.0,0.0,0.062,0.124,0.074,0.178,483000.0,208430000.0,1.0,6016931.0,6086600,6351080.0,433.184,5856976000.0,34093000.0,66656000.0,411691000.0,962.274,551742000.0
66,NBR,MRT,2004-12-31,2004-12-31,2004-12-31,2021-08-02,148229000.0,5862609000.0,5667563250.0,2020436000.0,3842173000.0,0.432,491.72,-544429000.0,384709000.0,384709000.0,1572649000.0,302457000.0,1.685,1.001,2006236000.0,804550000.0,1201686000.0,2006236000.0,0.0,300399000.0,0.0,0.0,0.0,384345000.0,684744000.0,0.28,684744000.0,384345000.0,335838000.0,51.0,48.0,51.0,2929393000.0,2738852500.0,2929393000.0,9374568294.0,24.0,13.691,18769000.0,3.151,1.0,875503000.0,0.358,327225000.0,48507000.0,5957595000.0,6405899000.0,28653000.0,1026338000.0,955304000.0,71034000.0,2933216000.0,1199316000.0,1733900000.0,7668425294.0,-195028000.0,-200000.0,71248000.0,-292437000.0,0.0,-221189000.0,-549077000.0,-11327000.0,563198000.0,12040000.0,302457000.0,302457000.0,302457000.0,0.0,0.0,0.124,491158000.0,384345000.0,211600000.0,0.0,2.618,25.354,25.142,3275495000.0,0.0,1282.25,3.132,3.12,540103000.0,1422640000.0,2448152000.0,2448152000.0,0.0,0.053,0.11,0.06,0.157,0.0,195388000.0,1.0,5980445.0,5957440,6561200.0,410.94,5535384000.0,39599000.0,33381000.0,397809000.0,929.155,821120000.0
67,NBR,MRT,2004-09-30,2004-09-30,2004-09-30,2021-08-02,116208000.0,5618420000.0,5602584000.0,1448537000.0,4169883000.0,0.407,464.75,-533743000.0,297137000.0,297137000.0,1487371000.0,258562000.0,4.372,1.027,2003280000.0,750000.0,2002530000.0,2003280000.0,0.0,286574000.0,0.0,0.0,0.0,327232000.0,613806000.0,0.269,613806000.0,327232000.0,273418000.0,43.5,41.5,43.5,2771563000.0,2629073000.0,2771563000.0,8674985356.0,27.0,14.133,-16979000.0,-2.847,1.0,794676000.0,0.348,321010000.0,53814000.0,6672237000.0,6514973500.0,23895000.0,974836000.0,543923000.0,430913000.0,2846857000.0,331316000.0,2515541000.0,7043857356.0,-213392000.0,-175000.0,54436000.0,-294918000.0,0.0,-240572000.0,-500490000.0,30500000.0,516764000.0,10906000.0,258562000.0,258562000.0,258562000.0,0.0,0.0,0.113,467444000.0,327232000.0,161391000.0,0.0,2.541,27.242,27.213,3190374000.0,0.0,1183.75,3.087,3.093,480117000.0,1313874000.0,2282047000.0,2282047000.0,0.0,0.046,0.098,0.05,0.143,0.0,183056000.0,1.0,5950460.0,5963560,6556760.0,382.665,5297410000.0,35033000.0,14856000.0,374259000.0,888.297,1117221000.0
68,NBR,MRT,2004-06-30,2004-06-30,2004-06-30,2021-08-02,76880000.0,5450668000.0,5569808750.0,1378703000.0,4071965000.0,0.389,444.041,-486379000.0,362587000.0,362587000.0,1432583000.0,233217000.0,4.313,1.061,1993715000.0,4147000.0,1989568000.0,1993715000.0,0.0,271467000.0,0.0,0.0,0.0,294073000.0,565540000.0,0.261,565540000.0,294073000.0,234801000.0,39.25,37.75,39.25,2644102000.0,2535884750.0,2644102000.0,8451631345.0,29.0,14.944,19121000.0,3.211,1.0,736582000.0,0.34,311343000.0,59272000.0,6450806000.0,6434014750.0,21631000.0,857180000.0,425028000.0,432152000.0,2806566000.0,319647000.0,2486919000.0,6718039345.0,-409911000.0,-175000.0,45539000.0,-295302000.0,0.0,-249070000.0,-670413000.0,-187927000.0,505500000.0,4072000.0,233217000.0,233217000.0,233217000.0,0.0,0.0,0.108,442509000.0,294073000.0,155863000.0,0.0,2.541,28.806,28.803,3117872000.0,0.0,1130.5,3.097,3.103,411034000.0,1238248000.0,2169165000.0,2169165000.0,0.0,0.042,0.092,0.046,0.136,0.0,174715000.0,1.0,5942538.0,5954640,6209360.0,364.281,5139325000.0,32423000.0,1584000.0,358772000.0,863.079,1059056000.0
69,NBR,MRT,2004-03-31,2004-03-31,2004-03-31,2021-08-02,93513000.0,5738556000.0,5566394750.0,1584153000.0,4154403000.0,0.372,440.986,-379170000.0,564852000.0,564852000.0,1362433000.0,215888000.0,2.575,1.198,2298444000.0,300988000.0,1997456000.0,2298444000.0,0.0,257299000.0,0.0,0.0,0.0,277627000.0,534926000.0,0.258,534926000.0,277627000.0,211098000.0,36.5,35.0,36.5,2610352000.0,2462233500.0,2610352000.0,8478361269.0,31.0,15.85,68150000.0,11.513,1.0,707165000.0,0.342,314031000.0,66529000.0,6542958000.0,6334040000.0,19992000.0,976472000.0,342008000.0,634464000.0,3128204000.0,615159000.0,2513045000.0,6773160269.0,125768000.0,-175000.0,60749000.0,141193000.0,0.0,203057000.0,-532115000.0,-159858000.0,447320000.0,7506000.0,215888000.0,215888000.0,215888000.0,0.0,0.0,0.104,429538000.0,277627000.0,147851000.0,0.0,2.595,31.373,31.336,3021539000.0,0.0,1143.75,3.273,3.271,470763000.0,1191900000.0,2069598000.0,2069598000.0,0.0,0.039,0.088,0.044,0.134,0.0,169757000.0,1.0,5921889.0,5919360,6524400.0,349.632,5424525000.0,30209000.0,-4790000.0,365752000.0,916.404,968994000.0
70,NBR,MRT,2003-12-31,2003-12-31,2003-12-31,2021-08-02,99583000.0,5602692000.0,5430468750.0,1515647000.0,4087045000.0,0.354,424.976,-353138000.0,579737000.0,579737000.0,1276953000.0,192228000.0,2.533,1.25,2284938000.0,299385000.0,1985553000.0,2284938000.0,0.0,235127000.0,0.0,0.0,0.0,245363000.0,480490000.0,0.25,480490000.0,245363000.0,174623000.0,32.75,31.25,32.75,2490275000.0,2371557250.0,2490275000.0,7857589273.0,32.0,16.353,42600000.0,7.27,1.0,647046000.0,0.336,315627000.0,70740000.0,6393893000.0,6124635750.0,23289000.0,999353000.0,386936000.0,612417000.0,3112417000.0,598373000.0,2514044000.0,6083396273.0,165686000.0,-175000.0,26341000.0,143218000.0,0.0,171484000.0,-408240000.0,-65403000.0,395738000.0,6704000.0,192228000.0,192228000.0,192228000.0,0.0,0.0,0.1,401683000.0,245363000.0,128840000.0,0.0,2.443,31.647,31.679,2990792000.0,0.0,1037.5,3.162,3.16,410487000.0,1120183000.0,1923999000.0,1923999000.0,0.0,0.035,0.081,0.04,0.128,0.0,165403000.0,1.0,5863514.0,5859800,6275880.0,328.339,5287065000.0,36442000.0,-17605000.0,382227000.0,902.26,917274000.0
71,NBR,MRT,2003-09-30,2003-09-30,2003-09-30,2021-08-02,75586000.0,5487319000.0,5295763750.0,1512347000.0,3974972000.0,0.336,408.225,-318593000.0,510529000.0,510529000.0,1179044000.0,154562000.0,2.6,1.288,2284722000.0,299973000.0,1984749000.0,2284722000.0,0.0,220724000.0,0.0,0.0,0.0,219838000.0,440562000.0,0.247,440562000.0,219838000.0,144870000.0,26.5,25.25,26.5,2398810000.0,2288602250.0,2398810000.0,6973137420.0,32.0,15.828,40689000.0,6.924,1.0,602101000.0,0.338,331509000.0,74968000.0,6348402000.0,5950974000.0,25882000.0,1006647000.0,426174000.0,580473000.0,3088509000.0,581601000.0,2506908000.0,5457490420.0,-158158000.0,-14812000.0,25945000.0,129017000.0,0.0,156384000.0,-677836000.0,-376465000.0,359282000.0,4012000.0,154562000.0,154562000.0,154562000.0,0.0,0.0,0.087,382263000.0,219838000.0,98197000.0,0.0,2.275,35.309,35.151,2881531000.0,0.0,931.5,3.064,3.073,348982000.0,1055312000.0,1781145000.0,1781145000.0,0.0,0.029,0.068,0.037,0.123,0.0,162372000.0,1.0,5858820.0,5876200,6135120.0,303.112,5155810000.0,34933000.0,-9692000.0,420107000.0,877.405,930746000.0
72,NBR,MRT,2003-06-30,2003-06-30,2003-06-30,2021-08-02,77602000.0,5437012000.0,5151005500.0,1610403000.0,3826609000.0,0.322,401.261,-284550000.0,772498000.0,772498000.0,1089638000.0,131203000.0,2.807,1.314,2288145000.0,298007000.0,1990138000.0,2288145000.0,0.0,214278000.0,0.0,0.0,0.0,197458000.0,411736000.0,0.248,411736000.0,197458000.0,120709000.0,22.75,21.5,22.75,2349497000.0,2223507000.0,2349497000.0,7431312808.0,38.0,18.049,67410000.0,11.513,1.0,569036000.0,0.343,328033000.0,76749000.0,6050907000.0,5681513000.0,22068000.0,710825000.0,277952000.0,432873000.0,3087515000.0,573719000.0,2513796000.0,5757326808.0,629465000.0,-18984000.0,25466000.0,624840000.0,0.0,649387000.0,-376857000.0,-103548000.0,351960000.0,4975000.0,131203000.0,131203000.0,131203000.0,0.0,0.0,0.079,371578000.0,197458000.0,97363000.0,0.0,2.45,43.881,43.44,2880104000.0,0.0,988.25,3.471,3.489,336308000.0,1005031000.0,1658674000.0,1658674000.0,0.0,0.025,0.059,0.035,0.119,0.0,158133000.0,1.0,5825780.0,5855280,6134360.0,283.278,5108979000.0,34997000.0,-10494000.0,407572000.0,872.542,1036684000.0
73,NBR,MRT,2003-03-31,2003-03-31,2003-03-31,2021-08-02,31308000.0,5194852000.0,4899947000.0,1388751000.0,3806101000.0,0.323,385.642,-312026000.0,439084000.0,439084000.0,1029037000.0,127604000.0,1.64,1.311,2113070000.0,537991000.0,1575079000.0,2113070000.0,0.0,205610000.0,0.0,0.0,0.0,200763000.0,406373000.0,0.256,406373000.0,200763000.0,128240000.0,22.25,21.0,22.25,2247647000.0,2177093500.0,2247647000.0,7484072650.0,37.0,18.417,35983000.0,6.174,1.0,556014000.0,0.351,316851000.0,72523000.0,5705341000.0,5370896000.0,20680000.0,846150000.0,377559000.0,468591000.0,2947205000.0,846646000.0,2100559000.0,5790482650.0,272481000.0,-83471000.0,12490000.0,469927000.0,0.0,481778000.0,-560490000.0,-193715000.0,348009000.0,3184000.0,127604000.0,127604000.0,127604000.0,0.0,0.0,0.081,355251000.0,200763000.0,113388000.0,0.0,2.576,45.379,44.798,2837073000.0,0.0,996.75,3.653,3.665,351507000.0,976012000.0,1585051000.0,1585051000.0,0.0,0.026,0.059,0.037,0.127,0.0,150474000.0,1.0,5809363.0,5828320,6416160.0,271.957,4878001000.0,32587000.0,636000.0,413467000.0,836.948,542105000.0
74,NBR,MRT,2002-12-31,2002-12-31,2002-12-31,2021-08-02,-3243000.0,5063872000.0,4645429250.0,1369908000.0,3693964000.0,0.327,375.632,-326536000.0,414051000.0,414051000.0,973910000.0,121489000.0,1.823,1.346,2107641000.0,492985000.0,1614656000.0,2107641000.0,0.0,195365000.0,0.0,0.0,0.0,207842000.0,403207000.0,0.266,403207000.0,207842000.0,140774000.0,21.25,20.25,21.25,2158455000.0,2097448250.0,2158455000.0,6524875391.0,31.0,16.182,74340000.0,12.937,1.0,544269000.0,0.359,306762000.0,67068000.0,5699246000.0,5212876000.0,20524000.0,916748000.0,457600000.0,459148000.0,2905417000.0,751454000.0,2153963000.0,5104941391.0,215608000.0,-135652000.0,10364000.0,457626000.0,0.0,466706000.0,-654286000.0,-218250000.0,400876000.0,2312000.0,121489000.0,121489000.0,121489000.0,0.0,0.0,0.08,336427000.0,207842000.0,109163000.0,0.0,2.365,42.02,41.494,2801067000.0,0.0,881.75,3.363,3.337,320299000.0,927955000.0,1518179000.0,1518179000.0,0.0,0.026,0.058,0.04,0.137,0.0,141895000.0,1.0,5789556.0,5746200,5999880.0,264.206,4757110000.0,32846000.0,19285000.0,393454000.0,827.871,618454000.0
75,NBR,MRT,2002-09-30,2002-09-30,2002-09-30,2021-08-02,-8887000.0,4908286000.0,4417440000.0,1436963000.0,3471323000.0,0.363,368.496,-386980000.0,668687000.0,668687000.0,1013853000.0,156340000.0,1.9,1.295,2088621000.0,489595000.0,1599026000.0,2088621000.0,0.0,184756000.0,0.0,0.0,0.0,266041000.0,450797000.0,0.281,450797000.0,266041000.0,200886000.0,28.0,26.25,28.0,2138429000.0,2022301000.0,2138429000.0,6172785382.0,23.0,13.693,93637000.0,16.136,1.0,587603000.0,0.367,301401000.0,65155000.0,5270558000.0,5036669500.0,16673000.0,662580000.0,353013000.0,309567000.0,2769857000.0,756261000.0,2013596000.0,4730070382.0,348383000.0,-187192000.0,9006000.0,321452000.0,0.0,329761000.0,-463835000.0,105969000.0,480617000.0,1840000.0,156340000.0,156340000.0,156340000.0,0.0,0.0,0.098,321562000.0,266041000.0,93564000.0,0.0,2.212,30.255,29.241,2744913000.0,0.0,818.75,2.954,2.967,275622000.0,900749000.0,1601456000.0,1601456000.0,0.0,0.035,0.077,0.053,0.166,0.0,136806000.0,1.0,5777185.0,5803120,6046320.0,275.965,4606885000.0,27456000.0,44546000.0,340716000.0,793.863,680702000.0
76,NBR,MRT,2002-06-30,2002-06-30,2002-06-30,2021-08-02,22283000.0,4432778000.0,4256588250.0,987323000.0,3445455000.0,0.442,377.798,-590880000.0,143033000.0,143033000.0,1148234000.0,237659000.0,1.295,1.049,1585748000.0,486652000.0,1099096000.0,1585748000.0,0.0,187085000.0,0.0,0.0,0.0,411275000.0,598360000.0,0.318,598360000.0,411275000.0,348497000.0,42.0,38.75,42.0,2163843000.0,1932087500.0,2163843000.0,6490906949.0,16.0,10.848,66987000.0,11.696,1.0,732446000.0,0.389,304377000.0,62778000.0,4808439000.0,4991034500.0,16592000.0,646465000.0,409550000.0,236915000.0,2268935000.0,762677000.0,1506258000.0,5087622949.0,-289859000.0,-183020000.0,-127560000.0,-171512000.0,0.0,-297480000.0,-650606000.0,110790000.0,657867000.0,360000.0,237659000.0,237659000.0,237659000.0,0.0,0.0,0.126,321171000.0,411275000.0,107628000.0,0.0,2.351,21.407,21.012,2787503000.0,0.0,882.5,2.705,2.688,297261000.0,875515000.0,1880680000.0,1880680000.0,0.0,0.056,0.123,0.082,0.219,0.0,134086000.0,1.0,5765012.0,5727520,6018040.0,328.359,4128401000.0,27456000.0,110838000.0,337878000.0,720.801,224646000.0
77,NBR,MRT,2002-03-31,2002-03-31,2002-03-31,2021-08-02,-577000.0,4176781000.0,4193539000.0,1085837000.0,3090944000.0,0.511,342.106,-686523000.0,166603000.0,166603000.0,1276078000.0,316254000.0,3.53,1.165,1569887000.0,536000.0,1569351000.0,1569887000.0,0.0,189847000.0,0.0,0.0,0.0,542582000.0,732429000.0,0.342,732429000.0,542582000.0,479709000.0,55.25,50.25,55.25,1929066000.0,1857354750.0,1929066000.0,7330798549.0,14.0,10.009,59025000.0,10.468,1.0,867505000.0,0.405,199193000.0,62873000.0,5073261000.0,5030307000.0,19216000.0,699755000.0,463266000.0,236489000.0,2247715000.0,307611000.0,1940104000.0,5959115549.0,-361294000.0,-118533000.0,-240722000.0,-158707000.0,0.0,-398590000.0,-707577000.0,88453000.0,745548000.0,-675000.0,316254000.0,316254000.0,316254000.0,0.0,0.0,0.148,324923000.0,542582000.0,117346000.0,0.0,3.089,18.843,19.118,2488689000.0,0.0,1056.25,2.78,2.779,324558000.0,1043021000.0,2143583000.0,2143583000.0,0.0,0.075,0.17,0.108,0.253,0.0,135076000.0,1.0,5641766.0,5638800,6190720.0,380.149,3977588000.0,27456000.0,163455000.0,293603000.0,705.396,778226000.0
78,NBR,MRT,2001-12-31,2001-12-31,2001-12-31,2021-08-02,3260000.0,4151915000.0,4177944500.0,1030946000.0,3120969000.0,0.553,321.586,-712605000.0,198443000.0,198443000.0,1366967000.0,357450000.0,3.123,1.235,1570126000.0,2510000.0,1567616000.0,1570126000.0,0.0,189896000.0,0.0,0.0,0.0,618334000.0,808230000.0,0.35,808230000.0,618334000.0,557612000.0,62.0,56.0,62.0,1857866000.0,1853450500.0,1857866000.0,6234223928.0,10.0,7.713,-8466000.0,-1.465,1.0,943726000.0,0.408,199048000.0,60722000.0,4994420000.0,4964179500.0,18515000.0,720194000.0,343169000.0,377025000.0,2294049000.0,330130000.0,1963919000.0,4836128928.0,1131000.0,-66352000.0,-239744000.0,673853000.0,0.0,434801000.0,-1136459000.0,-372569000.0,704139000.0,-1350000.0,357450000.0,357450000.0,357450000.0,0.0,0.0,0.155,325392000.0,618334000.0,131821000.0,0.0,2.603,13.53,13.843,2433247000.0,0.0,858.25,2.093,2.146,361086000.0,1001079000.0,2310693000.0,2310693000.0,0.0,0.086,0.193,0.125,0.268,0.0,135496000.0,1.0,5634872.0,5777200,6751600.0,399.968,3952867000.0,28145000.0,200162000.0,313178000.0,684.218,700816000.0
79,NBR,MRT,2001-09-30,2001-09-30,2001-09-30,2021-08-02,-14354000.0,4264879000.0,3924182750.0,1226378000.0,3038501000.0,0.588,309.445,-695942000.0,320304000.0,320304000.0,1375432000.0,350306000.0,3.196,1.399,1718399000.0,2510000.0,1715889000.0,1718399000.0,0.0,301302000.0,0.0,0.0,0.0,611060000.0,912362000.0,0.396,912362000.0,611060000.0,559480000.0,60.25,55.25,60.25,1777575000.0,1840601000.0,1777575000.0,4306943211.0,7.0,4.721,-61845000.0,-10.766,1.0,930718000.0,0.404,191197000.0,51580000.0,5088018000.0,4547206250.0,19281000.0,768464000.0,280044000.0,488420000.0,2487304000.0,383759000.0,2103545000.0,3029935211.0,63763000.0,-3116000.0,-237813000.0,794180000.0,0.0,558559000.0,-1128337000.0,-453072000.0,634097000.0,-556000.0,350306000.0,350306000.0,350306000.0,0.0,0.0,0.152,317808000.0,612910000.0,182147000.0,0.0,1.705,8.649,8.701,2240750000.0,0.0,524.25,1.314,1.306,501036000.0,939023000.0,2306150000.0,2306150000.0,0.0,0.089,0.19,0.134,0.265,0.0,128936000.0,1.0,5779562.0,5744400,6695360.0,401.461,4073682000.0,0.0,209174000.0,301572000.0,709.157,842619000.0
80,NBR,MRT,2001-06-30,2001-06-30,2001-06-30,2021-08-02,2639000.0,4180581000.0,3611398750.0,1274415000.0,2906166000.0,0.563,318.16,-521900000.0,432892000.0,432892000.0,1237653000.0,280772000.0,4.245,1.242,1709900000.0,2510000.0,1707390000.0,1709900000.0,0.0,246889000.0,0.0,0.0,0.0,501017000.0,747906000.0,0.368,747906000.0,501017000.0,454766000.0,48.0,44.75,48.0,1864912000.0,1829647500.0,1864912000.0,6637235968.0,13.0,8.874,-105300000.0,-17.965,1.0,796117000.0,0.391,191864000.0,46251000.0,4965529000.0,4083760500.0,18148000.0,767048000.0,242240000.0,524808000.0,2315669000.0,300196000.0,2015473000.0,5463674968.0,127580000.0,-2322000.0,-97162000.0,787146000.0,0.0,691854000.0,-980804000.0,-471591000.0,416600000.0,-70000.0,280772000.0,280772000.0,280772000.0,0.0,0.0,0.138,293397000.0,502720000.0,134317000.0,0.0,2.93,19.459,19.375,2063002000.0,0.0,930.0,2.686,2.68,477586000.0,830782000.0,2033770000.0,2033770000.0,0.0,0.078,0.153,0.123,0.246,0.0,120852000.0,1.0,5874919.0,5861560,6932360.0,346.967,3988717000.0,0.0,173994000.0,215799000.0,680.487,974219000.0
81,NBR,MRT,2001-03-31,2001-03-31,2001-03-31,2021-08-02,7074000.0,4114403000.0,3299741250.0,1358719000.0,2755684000.0,0.519,326.091,-387826000.0,527897000.0,527897000.0,1068425000.0,200860000.0,4.757,1.15,1701458000.0,2510000.0,1698948000.0,1701458000.0,0.0,196143000.0,0.0,0.0,0.0,370401000.0,566544000.0,0.331,566544000.0,370401000.0,331218000.0,34.5,33.25,34.5,1913449000.0,1781375750.0,1913449000.0,8243108828.0,22.0,14.55,-98850000.0,-16.846,1.0,644768000.0,0.376,193591000.0,39183000.0,4808751000.0,3626160500.0,18305000.0,799741000.0,269997000.0,529744000.0,2200954000.0,285622000.0,1915332000.0,7617247828.0,485973000.0,-5288000.0,16066000.0,1279793000.0,0.0,1297775000.0,-1100508000.0,-721940000.0,288976000.0,-270000.0,200860000.0,200860000.0,200860000.0,0.0,0.0,0.117,272664000.0,372104000.0,125566000.0,0.0,3.981,37.923,37.565,1914639000.0,0.0,1296.0,4.446,4.439,444421000.0,726767000.0,1713193000.0,1713193000.0,0.0,0.061,0.113,0.102,0.216,0.0,113657000.0,1.0,5877506.0,5867840,6810440.0,291.963,3920812000.0,0.0,130358000.0,130287000.0,668.187,1073097000.0
82,NBR,MRT,2000-12-31,2000-12-31,2000-12-31,2021-08-02,7094000.0,3136868000.0,2874772500.0,803616000.0,2333252000.0,0.509,312.875,-300637000.0,197312000.0,197312000.0,938651000.0,137356000.0,2.878,0.736,858331000.0,3554000.0,854777000.0,858331000.0,0.0,152413000.0,0.0,0.0,0.0,265113000.0,417526000.0,0.285,417526000.0,265113000.0,229743000.0,23.75,22.5,23.75,1806468000.0,1714239000.0,1806468000.0,9317223057.0,35.0,22.315,-81189000.0,-14.062,1.0,524030000.0,0.358,192181000.0,35370000.0,3326527000.0,3014125500.0,18029000.0,353641000.0,138939000.0,214702000.0,1330400000.0,279179000.0,1051221000.0,8691362057.0,116732000.0,0.0,112979000.0,358697000.0,0.0,473310000.0,-575950000.0,-282836000.0,219448000.0,-76000.0,137356000.0,137356000.0,137356000.0,0.0,0.0,0.094,258917000.0,265113000.0,139162000.0,0.0,4.811,63.276,62.263,1821392000.0,0.0,1478.75,5.942,5.837,350302000.0,643629000.0,1462681000.0,1462681000.0,0.0,0.048,0.08,0.088,0.181,0.0,106504000.0,1.0,5877506.0,5773760,6096680.0,253.332,2944687000.0,27816000.0,92387000.0,120750000.0,510.012,524437000.0
83,NBR,MRT,2000-09-30,2000-09-30,2000-09-30,2021-08-02,6869000.0,3013743000.0,2690056250.0,1010964000.0,2002779000.0,0.444,296.751,-193605000.0,256541000.0,256541000.0,771349000.0,90145000.0,4.19,0.738,882402000.0,3774000.0,878628000.0,882402000.0,0.0,99893000.0,0.0,0.0,0.0,184643000.0,284536000.0,0.238,284536000.0,184643000.0,151425000.0,15.75,15.75,15.75,1733761000.0,1630140500.0,1733761000.0,8235717078.0,45.0,28.944,-76168000.0,-13.037,1.0,423678000.0,0.355,164085000.0,33218000.0,3234235000.0,2774766750.0,21432000.0,329140000.0,329140000.0,0.0,1279982000.0,241284000.0,1038698000.0,7651847078.0,101923000.0,5708000.0,111994000.0,334188000.0,0.0,446427000.0,-461941000.0,-272469000.0,117437000.0,0.0,90145000.0,90145000.0,90145000.0,0.0,0.0,0.075,240885000.0,182793000.0,82049000.0,0.0,4.413,84.884,83.175,1717947000.0,0.0,1310.0,6.403,6.405,292626000.0,588717000.0,1195027000.0,1195027000.0,0.0,0.034,0.055,0.067,0.155,0.0,97636000.0,1.0,5841105.0,5842480,6495840.0,204.541,2849658000.0,0.0,61280000.0,108065000.0,487.748,769680000.0
84,NBR,MRT,2000-06-30,2000-06-30,2000-06-30,2021-08-02,8269000.0,2933951000.0,2365374500.0,957270000.0,1976681000.0,0.411,286.973,-153865000.0,305312000.0,305312000.0,634348000.0,56179000.0,4.404,0.755,889182000.0,4093000.0,885089000.0,889182000.0,0.0,99893000.0,0.0,0.0,0.0,124633000.0,224526000.0,0.231,224526000.0,124633000.0,94784000.0,10.25,10.25,10.25,1671825000.0,1494508500.0,1671825000.0,6400213292.0,51.0,28.505,-52282000.0,-8.974,1.0,338442000.0,0.348,165314000.0,29849000.0,3135129000.0,2389468000.0,22265000.0,287214000.0,287214000.0,0.0,1262126000.0,217378000.0,1044748000.0,6052694292.0,19097000.0,7038000.0,110789000.0,184011000.0,0.0,294901000.0,-377387000.0,-230560000.0,101583000.0,0.0,56179000.0,56179000.0,56179000.0,0.0,0.0,0.058,215512000.0,122930000.0,66562000.0,0.0,3.62,107.739,101.366,1696045000.0,0.0,1039.0,6.222,6.222,230275000.0,550010000.0,972790000.0,972790000.0,0.0,0.024,0.038,0.052,0.128,0.0,86461000.0,1.0,5825500.0,5825720,6109800.0,166.982,2768637000.0,0.0,38605000.0,107625000.0,475.244,739892000.0
85,NBR,MRT,2000-03-31,2000-03-31,2000-03-31,2021-08-02,12268000.0,2414528000.0,2095138500.0,472146000.0,1942382000.0,0.379,295.264,-103693000.0,41924000.0,41924000.0,518837000.0,35374000.0,2.015,0.468,389443000.0,6642000.0,382801000.0,389443000.0,0.0,99893000.0,0.0,0.0,0.0,92275000.0,192168000.0,0.242,192168000.0,92275000.0,58634000.0,6.75,6.75,6.75,1644902000.0,1325633500.0,1644902000.0,6048391887.0,66.0,31.475,-23609000.0,-4.238,1.0,274257000.0,0.346,167093000.0,33641000.0,2360611000.0,2074255750.0,22865000.0,62225000.0,62225000.0,0.0,769626000.0,234343000.0,535283000.0,5642772887.0,-258156000.0,6328000.0,106103000.0,-331271000.0,0.0,-226485000.0,-111755000.0,-14390000.0,80084000.0,0.0,35374000.0,35374000.0,35374000.0,0.0,0.0,0.045,190529000.0,83728000.0,71167000.0,0.0,3.43,159.518,143.741,1671030000.0,0.0,970.25,7.115,6.815,222503000.0,525907000.0,793094000.0,793094000.0,0.0,0.017,0.027,0.044,0.116,0.0,74922000.0,1.0,5815793.0,5570960,5954040.0,142.362,2247435000.0,0.0,23260000.0,94605000.0,403.42,237803000.0
86,NBR,MRT,1999-12-31,1999-12-31,1999-12-31,2021-08-02,-3828000.0,2398003000.0,1916530500.0,461293000.0,1936710000.0,0.344,329.924,-82126000.0,80580000.0,80580000.0,418675000.0,27704000.0,1.738,0.631,486199000.0,3599000.0,482600000.0,486199000.0,0.0,99893000.0,0.0,0.0,0.0,76024000.0,175917000.0,0.267,175917000.0,76024000.0,45629000.0,6.25,6.25,6.25,1470074000.0,1135888500.0,1470074000.0,3790443707.0,50.0,21.547,51922000.0,11.653,1.0,241205000.0,0.366,169054000.0,30395000.0,2369092000.0,1934210000.0,25758000.0,31086000.0,31086000.0,0.0,927929000.0,265476000.0,662453000.0,3618028707.0,63832000.0,10557000.0,5687000.0,15499000.0,0.0,20126000.0,-90342000.0,-18773000.0,134048000.0,0.0,27704000.0,27704000.0,27704000.0,0.0,0.0,0.042,165181000.0,76024000.0,80343000.0,0.0,2.461,130.596,123.76,1669466000.0,0.0,773.5,5.483,5.223,205643000.0,506273000.0,659880000.0,659880000.0,0.0,0.014,0.024,0.039,0.115,0.0,65288000.0,1.0,4677477.0,4455800,4817960.0,148.095,2228949000.0,39074000.0,17925000.0,113992000.0,500.235,195817000.0
87,NBR,MRT,1999-09-30,1999-09-30,1999-09-30,2021-08-02,12174000.0,1715016000.0,1683506500.0,354032000.0,1360984000.0,0.399,260.363,-94231000.0,154618000.0,154618000.0,404129000.0,41029000.0,2.344,0.44,327033000.0,1877000.0,325156000.0,327033000.0,0.0,84949000.0,0.0,0.0,0.0,94716000.0,179665000.0,0.268,179665000.0,94716000.0,67753000.0,10.0,11.75,10.0,1191233000.0,985237250.0,1191233000.0,3269271625.0,35.0,18.196,72320000.0,15.807,1.0,266979000.0,0.398,43328000.0,26963000.0,1693040000.0,1716860000.0,18107000.0,74749000.0,20340000.0,54409000.0,523783000.0,151063000.0,372720000.0,2914867625.0,150881000.0,19327000.0,4623000.0,81196000.0,0.0,83730000.0,-99400000.0,-26071000.0,166551000.0,0.0,41029000.0,41029000.0,41029000.0,0.0,0.0,0.061,156172000.0,110807000.0,45022000.0,0.0,2.447,71.044,62.5,1207499000.0,0.0,625.0,4.343,4.261,114621000.0,498572000.0,671108000.0,671108000.0,0.0,0.024,0.042,0.055,0.141,0.0,64766000.0,1.0,4663788.0,4575280,4923960.0,146.681,1671688000.0,0.0,26724000.0,15619000.0,365.374,202969000.0
88,NBR,MRT,1999-06-30,1999-06-30,1999-06-30,2021-08-02,5302000.0,1853007000.0,1607740000.0,494409000.0,1358598000.0,0.466,236.15,-150739000.0,286215000.0,286215000.0,449897000.0,64826000.0,1.701,0.86,640619000.0,142922000.0,497697000.0,640619000.0,0.0,84949000.0,0.0,0.0,0.0,128632000.0,213581000.0,0.285,213581000.0,128632000.0,104265000.0,16.0,17.5,16.0,996325000.0,900187750.0,996325000.0,2858227569.0,22.0,13.382,49612000.0,11.759,1.0,298590000.0,0.399,42441000.0,24367000.0,1874280000.0,1659690250.0,24447000.0,66088000.0,21208000.0,44880000.0,856682000.0,290690000.0,565992000.0,2608698569.0,283106000.0,29825000.0,-71000.0,235261000.0,0.0,232829000.0,-150074000.0,-29160000.0,200351000.0,0.0,64826000.0,64826000.0,64826000.0,0.0,0.0,0.087,157146000.0,141444000.0,39249000.0,0.0,2.618,40.242,38.094,1212403000.0,0.0,609.5,3.485,3.436,105688000.0,493831000.0,748487000.0,748487000.0,0.0,0.04,0.072,0.078,0.172,0.0,68266000.0,1.0,4280063.0,4219040,4435600.0,177.407,1810566000.0,0.0,39439000.0,18001000.0,429.142,203719000.0
89,NBR,MRT,1999-03-31,1999-03-31,1999-03-31,2021-08-02,-4775000.0,1700096000.0,1490837250.0,501300000.0,1198796000.0,0.582,219.716,-218455000.0,300080000.0,300080000.0,528697000.0,97260000.0,3.36,0.919,549609000.0,11642000.0,537967000.0,549609000.0,0.0,84949000.0,0.0,0.0,0.0,172704000.0,257653000.0,0.297,257653000.0,172704000.0,155575000.0,24.0,25.0,24.0,885922000.0,862885500.0,885922000.0,2119594229.0,12.0,8.227,30681000.0,7.609,1.0,338779000.0,0.391,0.0,17129000.0,1800428000.0,1546107000.0,25972000.0,47615000.0,13782000.0,33833000.0,814174000.0,149197000.0,664977000.0,1833414229.0,299048000.0,6371000.0,-703000.0,286775000.0,0.0,285126000.0,-235214000.0,-23130000.0,249136000.0,0.0,97260000.0,97260000.0,97260000.0,0.0,0.0,0.112,158388000.0,180391000.0,39686000.0,0.0,2.069,18.851,18.948,1099170000.0,0.0,454.75,2.114,2.114,123671000.0,490533000.0,867476000.0,867476000.0,0.0,0.065,0.113,0.112,0.199,0.0,73220000.0,1.0,4031697.0,4032120,4065960.0,215.141,1700096000.0,0.0,58315000.0,94328000.0,421.638,352103000.0
90,NBR,MRT,1998-12-31,1998-12-31,1998-12-31,2021-08-02,-10983000.0,1465907000.0,1393242750.0,281180000.0,1184727000.0,0.719,215.131,-276471000.0,16748000.0,16748000.0,623844000.0,124988000.0,1.151,0.69,302928000.0,85894000.0,217034000.0,302928000.0,0.0,84949000.0,0.0,0.0,0.0,215444000.0,300393000.0,0.3,300393000.0,215444000.0,199981000.0,31.0,31.0,31.0,867469000.0,845933500.0,867469000.0,1656493335.0,8.0,5.514,5272000.0,1.307,1.0,377419000.0,0.377,8037000.0,15463000.0,1499692000.0,1433271500.0,25740000.0,30592000.0,6702000.0,23890000.0,598438000.0,244358000.0,354080000.0,1366626335.0,11125000.0,18668000.0,-738000.0,7400000.0,0.0,5716000.0,-276334000.0,-18531000.0,281743000.0,0.0,124988000.0,124988000.0,124988000.0,0.0,0.0,0.125,161975000.0,215444000.0,58534000.0,0.0,1.575,10.934,10.935,1127154000.0,0.0,339.0,1.365,1.365,174304000.0,478569000.0,1001263000.0,1001263000.0,0.0,0.09,0.148,0.15,0.215,0.0,77026000.0,1.0,4031346.0,4032280,4502200.0,248.312,1457870000.0,15665000.0,74993000.0,102532000.0,361.55,36822000.0
91,NBR,MRT,1998-09-30,1998-09-30,1998-09-30,2021-08-02,-9098000.0,1411950000.0,1347092500.0,250764000.0,1161186000.0,0.789,211.095,-286864000.0,3737000.0,3737000.0,687515000.0,145289000.0,1.056,0.659,293604000.0,76173000.0,217431000.0,293604000.0,0.0,20313000.0,0.0,0.0,0.0,243453000.0,263766000.0,0.248,263766000.0,243453000.0,227635000.0,35.75,33.25,35.75,851035000.0,820901250.0,851035000.0,1818477117.0,7.0,6.894,8575000.0,2.127,1.0,375208000.0,0.353,0.0,15818000.0,1464361000.0,1389016750.0,28204000.0,18392000.0,9062000.0,9330000.0,560915000.0,237456000.0,323459000.0,1530558117.0,-182000.0,-17343000.0,-623000.0,11152000.0,0.0,10501000.0,-306122000.0,-1915000.0,295439000.0,0.0,145289000.0,145289000.0,145289000.0,0.0,0.0,0.137,160138000.0,215070000.0,144491000.0,0.0,1.798,10.535,10.622,1120265000.0,0.0,379.75,1.44,1.441,180136000.0,457543000.0,1062723000.0,1062723000.0,0.0,0.108,0.177,0.175,0.229,0.0,77208000.0,1.0,4030436.0,4031520,4473040.0,263.604,1411950000.0,0.0,82346000.0,84435000.0,350.228,13308000.0
92,NBR,MRT,1998-06-30,1998-06-30,1998-06-30,2021-08-02,-1185000.0,1385396000.0,1302663000.0,263217000.0,1122179000.0,0.878,210.017,-272099000.0,3109000.0,3109000.0,758707000.0,158871000.0,1.039,0.635,291028000.0,75307000.0,215721000.0,291028000.0,0.0,86704000.0,0.0,0.0,0.0,265451000.0,352155000.0,0.308,352155000.0,265451000.0,249357000.0,39.75,36.0,39.75,847116000.0,790103250.0,847116000.0,2274070360.0,9.0,6.458,23478000.0,5.821,1.0,385433000.0,0.337,0.0,16094000.0,1419947000.0,1339899000.0,22859000.0,29668000.0,5469000.0,24199000.0,538280000.0,253368000.0,284912000.0,2016713360.0,-10774000.0,-41388000.0,26906000.0,-20263000.0,0.0,6607000.0,-312958000.0,581000.0,295577000.0,0.0,158871000.0,158871000.0,158871000.0,0.0,0.0,0.139,157714000.0,227719000.0,157099000.0,0.0,2.381,12.694,12.579,1063391000.0,0.0,500.0,1.763,1.763,202151000.0,429005000.0,1144140000.0,1144140000.0,0.0,0.122,0.201,0.198,0.232,0.0,76834000.0,1.0,4033427.0,4033560,4531080.0,283.655,1385396000.0,0.0,90486000.0,69939000.0,343.467,9849000.0
93,NBR,MRT,1998-03-31,1998-03-31,1998-03-31,2021-08-02,6919000.0,1309718000.0,,277654000.0,1032064000.0,,202.895,-331183000.0,1032000.0,1032000.0,785837000.0,154271000.0,1.274,0.601,258389000.0,36121000.0,222268000.0,258389000.0,0.0,86704000.0,0.0,0.0,0.0,257442000.0,344146000.0,0.296,344146000.0,257442000.0,240536000.0,39.0,35.0,39.0,818114000.0,,818114000.0,2676991642.0,10.0,7.779,-54877000.0,-13.61,1.0,377286000.0,0.324,0.0,16906000.0,1349086000.0,,24101000.0,39714000.0,6529000.0,33185000.0,491604000.0,217989000.0,273615000.0,2394864642.0,-67061000.0,-55786000.0,27126000.0,10359000.0,0.0,37457000.0,-380824000.0,6197000.0,276306000.0,0.0,154271000.0,154271000.0,154271000.0,0.0,0.0,0.133,153121000.0,224165000.0,162719000.0,0.0,2.927,15.524,15.224,972894000.0,0.0,593.75,2.059,2.058,219698000.0,393273000.0,1163123000.0,1163123000.0,0.0,,,,0.221,0.0,75305000.0,1.0,4033456.0,4032200,4552120.0,288.459,1309718000.0,0.0,86265000.0,51591000.0,324.815,59665000.0
94,NBR,MRT,1997-12-31,1997-12-31,1997-12-31,2021-08-02,6670000.0,1281306000.0,,303331000.0,977975000.0,,190.286,-291557000.0,5623000.0,5623000.0,774856000.0,136020000.0,1.26,0.67,287750000.0,61451000.0,226299000.0,287750000.0,0.0,86704000.0,0.0,0.0,0.0,225786000.0,312490000.0,0.28,312490000.0,225786000.0,209463000.0,34.75,31.25,34.75,767340000.0,,767340000.0,,,,-71337000.0,-17.69,1.0,340176000.0,0.305,0.0,16323000.0,1322673000.0,,21305000.0,36512000.0,6983000.0,29529000.0,513966000.0,240760000.0,273206000.0,3189455522.0,-80530000.0,-75641000.0,35571000.0,26345000.0,0.0,61886000.0,-362636000.0,4614000.0,220220000.0,0.0,136020000.0,136020000.0,136020000.0,0.0,0.0,0.122,144828000.0,195348000.0,71709000.0,0.0,4.157,23.448,22.755,923402000.0,0.0,790.75,2.86,2.86,243061000.0,353581000.0,1115032000.0,1115032000.0,0.0,,,,0.202,0.0,72478000.0,1.0,4033456.0,4032560,4657080.0,276.507,1281306000.0,0.0,73443000.0,42792000.0,317.74,62571000.0
95,NBR,MRT,1997-09-30,1997-09-30,1997-09-30,2021-08-02,16770000.0,1234232000.0,,305828000.0,928404000.0,,189.475,-267882000.0,3919000.0,3919000.0,737780000.0,114808000.0,1.302,0.696,272533000.0,43026000.0,229507000.0,272533000.0,0.0,66391000.0,0.0,0.0,0.0,198930000.0,265321000.0,0.258,265321000.0,198930000.0,182410000.0,30.0,27.0,30.0,727843000.0,,727843000.0,,,,-102878000.0,-26.782,1.0,291523000.0,0.283,0.0,16520000.0,1267890000.0,,21372000.0,49404000.0,7125000.0,42279000.0,506389000.0,234956000.0,271433000.0,,-92466000.0,-66462000.0,58819000.0,9812000.0,0.0,68607000.0,-326077000.0,8267000.0,165004000.0,0.0,114808000.0,114808000.0,114808000.0,0.0,0.0,0.112,136762000.0,154761000.0,179934000.0,0.0,,,32.608,861393000.0,0.0,978.25,,3.651,244956000.0,312254000.0,1029303000.0,1029303000.0,0.0,,,,0.193,0.0,68616000.0,1.0,,3841360,4479000.0,267.953,1234232000.0,0.0,67602000.0,40316000.0,321.301,70872000.0
96,NBR,MRT,1997-06-30,1997-06-30,1997-06-30,2021-08-02,,,,,,,,,,,,,,,,,,,,,,0.0,0.0,,,,,,,,,,,,,,,,,,1.0,,,,,,,,,,,,,,,,,,,,,,,,,,,,,,,,,,,,,,,,625.0,,,,,,,,,,,,,,1.0,,3854280,,,,,,,,
97,NBR,MRT,1997-03-31,1997-03-31,1997-03-31,2021-08-02,,,,,,,,,,,,,,,,,,,,,,0.0,0.0,,,,,,,,,,,,,,,,,,1.0,,,,,,,,,,,,,,,,,,,,,,,,,,,,,,,,,,,,,,,,488.0,,,,,,,,,,,,,,1.0,,3836560,,,,,,,,
98,NBR,MRT,1996-12-31,1996-12-31,1996-12-31,2021-08-02,,,,,,,,,,,,,,,,,,,,,,0.0,0.0,,,,,,,,,,,,,,,,,,1.0,,,,,,,,,,,,,,,,,,,,,,,,,,,,,,,,,,,,,,,,481.25,,,,,,,,,,,,,,1.0,,3689200,,,,,,,,
99,NBR,MRT,1996-09-30,1996-09-30,1996-09-30,2021-08-02,,,,,,,,-146440000.0,,,539665000.0,70500000.0,,,,,,,,46117000.0,,0.0,0.0,93484000.0,139601000.0,0.194,139601000.0,93484000.0,81600000.0,20.75,18.75,20.75,,,,,,,-62316000.0,-18.236,1.0,180078000.0,0.25,,11884000.0,,,,,,,,,,,83829000.0,-15139000.0,11026000.0,148213000.0,0.0,160100000.0,-160395000.0,1184000.0,84124000.0,0.0,70500000.0,70500000.0,70500000.0,0.0,0.0,0.098,102979000.0,77099000.0,,0.0,,,16.41,,0.0,340.5,,1.617,,,719743000.0,719743000.0,0.0,,,,0.13,152000.0,56862000.0,1.0,,3417160,3750080.0,210.626,,,11100000.0,,,
