None,ticker,dimension,calendardate,datekey,reportperiod,lastupdated,accoci,assets,assetsavg,assetsc,assetsnc,assetturnover,bvps,capex,cashneq,cashnequsd,cor,consolinc,currentratio,de,debt,debtc,debtnc,debtusd,deferredrev,depamor,deposits,divyield,dps,ebit,ebitda,ebitdamargin,ebitdausd,ebitusd,ebt,eps,epsdil,epsusd,equity,equityavg,equityusd,ev,evebit,evebitda,fcf,fcfps,fxusd,gp,grossmargin,intangibles,intexp,invcap,invcapavg,inventory,investments,investmentsc,investmentsnc,liabilities,liabilitiesc,liabilitiesnc,marketcap,ncf,ncfbus,ncfcommon,ncfdebt,ncfdiv,ncff,ncfi,ncfinv,ncfo,ncfx,netinc,netinccmn,netinccmnusd,netincdis,netincnci,netmargin,opex,opinc,payables,payoutratio,pb,pe,pe1,ppnenet,prefdivis,price,ps,ps1,receivables,retearn,revenue,revenueusd,rnd,roa,roe,roic,ros,sbcomp,sgna,sharefactor,sharesbas,shareswa,shareswadil,sps,tangibles,taxassets,taxexp,taxliabilities,tbvps,workingcapital
0,NFLX,MRY,2020-12-31,2020-12-31,2020-12-31,2021-10-21,44398000.0,39280359000.0,37534523250.0,9761580000.0,29518779000.0,0.666,25.096,-497923000.0,8205550000.0,8205550000.0,15276319000.0,2761395000.0,1.251,2.55,16308973000.0,499878000.0,15809095000.0,16308973000.0,1117992000.0,10922622000.0,0.0,0.0,0.0,3966848000.0,14889470000.0,0.596,14889470000.0,3966848000.0,3199349000.0,6.26,6.08,6.26,11065240000.0,9785652500.0,11065240000.0,246546556676.0,62.0,16.558,1929154000.0,4.375,1.0,9719737000.0,0.389,25383950000.0,767499000.0,14194047000.0,12988868500.0,0.0,0.0,0.0,0.0,28215119000.0,7805785000.0,20409334000.0,238891814676.0,3195084000.0,0.0,235406000.0,1001905000.0,0.0,1237311000.0,-505354000.0,0.0,2427077000.0,36050000.0,2761395000.0,2761395000.0,2761395000.0,0.0,0.0,0.11,5134448000.0,4585289000.0,5085719000.0,0.0,21.589,86.511,86.379,960183000.0,0.0,540.73,9.557,9.538,0.0,7573144000.0,24996056000.0,24996056000.0,1829600000.0,0.074,0.282,0.305,0.159,415180000.0,3304848000.0,1.0,441795008.0,440922000,454208000.0,56.69,13896409000.0,0.0,437954000.0,0.0,31.517,1955795000.0
1,NFLX,MRY,2019-12-31,2019-12-31,2019-12-31,2021-10-21,-23521000.0,33975712000.0,30576848500.0,6178504000.0,27797208000.0,0.659,17.319,-253035000.0,5018437000.0,5018437000.0,12440213000.0,1866916000.0,0.901,3.481,14759260000.0,0.0,14759260000.0,14759260000.0,924745000.0,9319826000.0,0.0,0.0,0.0,2688254000.0,12008080000.0,0.596,12008080000.0,2688254000.0,2062231000.0,4.26,4.13,4.26,7582157000.0,6563067000.0,7582157000.0,149795697582.0,56.0,12.475,-3140357000.0,-7.173,1.0,7716234000.0,0.383,24504567000.0,626023000.0,12356272000.0,9026456500.0,0.0,0.0,0.0,0.0,26393555000.0,6855696000.0,19537859000.0,141804969582.0,1231745000.0,0.0,72490000.0,4433172000.0,0.0,4505662000.0,-387064000.0,0.0,-2887322000.0,469000.0,1866916000.0,1866916000.0,1866916000.0,0.0,0.0,0.093,5111980000.0,2604254000.0,5087908000.0,0.0,18.702,75.957,75.955,565221000.0,0.0,323.57,7.035,7.028,0.0,4811749000.0,20156447000.0,20156447000.0,1545149000.0,0.061,0.284,0.298,0.133,405376000.0,3566831000.0,1.0,438251289.0,437799000,451765000.0,46.04,9471145000.0,0.0,195315000.0,0.0,21.634,-677192000.0
2,NFLX,MRY,2018-12-31,2018-12-31,2018-12-31,2021-10-21,-19582000.0,25974400000.0,23039240750.0,9694135000.0,16280265000.0,0.686,12.033,-173946000.0,3794483000.0,3794483000.0,9967538000.0,1211242000.0,1.494,3.958,10360058000.0,0.0,10360058000.0,10360058000.0,760899000.0,7615245000.0,0.0,0.0,0.0,1646951000.0,9262196000.0,0.586,9262196000.0,1646951000.0,1226458000.0,2.78,2.68,2.78,5238765000.0,4691437000.0,5238765000.0,121991561762.0,74.0,13.171,-2854425000.0,-6.556,1.0,5826803000.0,0.369,20102327000.0,420493000.0,5950328000.0,3992368750.0,0.0,0.0,0.0,0.0,20735635000.0,6487320000.0,14248315000.0,116722509762.0,989246000.0,0.0,124502000.0,3925981000.0,0.0,4048527000.0,-339120000.0,0.0,-2680479000.0,-39682000.0,1211242000.0,1211242000.0,1211242000.0,0.0,0.0,0.077,4221577000.0,1605226000.0,5244547000.0,0.0,22.281,96.366,96.281,418281000.0,0.0,267.66,7.39,7.378,0.0,2942359000.0,15794341000.0,15794341000.0,1221814000.0,0.053,0.258,0.413,0.104,320657000.0,2999763000.0,1.0,436084995.0,435374000,451244000.0,36.278,5872073000.0,0.0,15216000.0,0.0,13.487,3206815000.0
3,NFLX,MRY,2017-12-31,2017-12-31,2017-12-31,2021-10-21,-20557000.0,19012742000.0,16710150250.0,7669974000.0,11342768000.0,0.7,8.294,-173302000.0,2822795000.0,2822795000.0,8033000000.0,558929000.0,1.403,4.308,6499432000.0,0.0,6499432000.0,6499432000.0,618622000.0,6269728000.0,0.0,0.0,0.0,723525000.0,6993253000.0,0.598,6993253000.0,723525000.0,485321000.0,1.29,1.25,1.29,3581956000.0,3248875000.0,3581956000.0,86209381715.0,119.0,12.328,-1959250000.0,-4.537,1.0,3659713000.0,0.313,14681989000.0,238204000.0,2541078000.0,1031332250.0,0.0,0.0,0.0,0.0,15430786000.0,5466312000.0,9964474000.0,83067067715.0,1355219000.0,0.0,88378000.0,2988357000.0,0.0,3076990000.0,34329000.0,268040000.0,-1785948000.0,29848000.0,558929000.0,558929000.0,558929000.0,0.0,0.0,0.048,2821034000.0,838679000.0,4532596000.0,0.0,23.19,148.618,148.806,319404000.0,0.0,191.96,7.104,7.09,0.0,1731117000.0,11692713000.0,11692713000.0,953710000.0,0.033,0.172,0.702,0.062,182209000.0,1867324000.0,1.0,432731130.0,431885000,446814000.0,27.074,4330753000.0,0.0,-73608000.0,0.0,10.028,2203662000.0
4,NFLX,MRY,2016-12-31,2016-12-31,2016-12-31,2021-10-21,-48565000.0,13586610000.0,12197432250.0,5720291000.0,7866319000.0,0.724,6.249,-184830000.0,1467576000.0,1467576000.0,6257462000.0,186678000.0,1.247,4.07,3364311000.0,0.0,3364311000.0,3364311000.0,443472000.0,4924978000.0,0.0,0.0,0.0,410621000.0,5335599000.0,0.604,5335599000.0,410621000.0,260507000.0,0.44,0.43,0.44,2679800000.0,2485458250.0,2679800000.0,54532961847.0,133.0,10.221,-1658814000.0,-3.868,1.0,2573207000.0,0.291,11000808000.0,150114000.0,-104120000.0,-516251750.0,0.0,266206000.0,266206000.0,0.0,10906810000.0,4586657000.0,6320153000.0,53128153847.0,-341754000.0,0.0,36979000.0,1000000000.0,0.0,1091630000.0,49765000.0,235536000.0,-1473984000.0,-9165000.0,186678000.0,186678000.0,186678000.0,0.0,0.0,0.021,2193414000.0,379793000.0,3945553000.0,0.0,19.825,284.598,281.364,250395000.0,0.0,123.8,6.016,6.012,0.0,1128603000.0,8830669000.0,8830669000.0,780232000.0,0.015,0.075,-0.795,0.046,108554000.0,1413182000.0,1.0,429145023.0,428822000,438652000.0,20.593,2585802000.0,0.0,73829000.0,0.0,6.03,1133634000.0
5,NFLX,MRY,2015-12-31,2015-12-31,2015-12-31,2021-10-21,-43308000.0,10202871000.0,9753656250.0,5431840000.0,4771031000.0,0.695,5.221,-169206000.0,1809330000.0,1809330000.0,4591476000.0,122641000.0,1.539,3.589,2371362000.0,0.0,2371362000.0,2371362000.0,346721000.0,3547045000.0,0.0,0.0,0.0,274601000.0,3821646000.0,0.564,3821646000.0,274601000.0,141885000.0,0.29,0.28,0.29,2223426000.0,2083008250.0,2223426000.0,49169235381.0,179.0,12.866,-918645000.0,-2.157,1.0,2188035000.0,0.323,7218815000.0,132716000.0,16464000.0,293077250.0,0.0,501385000.0,501385000.0,0.0,7979445000.0,3529624000.0,4449821000.0,48884672381.0,695722000.0,0.0,77980000.0,1500000000.0,0.0,1640277000.0,-179192000.0,-8074000.0,-749439000.0,-15924000.0,122641000.0,122641000.0,122641000.0,0.0,0.0,0.018,1882209000.0,305826000.0,3042514000.0,0.0,21.986,398.6,394.414,173412000.0,0.0,114.38,7.211,7.185,0.0,941925000.0,6779511000.0,6779511000.0,650788000.0,0.013,0.059,0.937,0.041,44254000.0,1231421000.0,1.0,427388288.0,425889000,436456000.0,15.918,2984056000.0,0.0,19244000.0,0.0,7.007,1902216000.0
6,NFLX,MRY,2014-12-31,2014-12-31,2014-12-31,2021-10-21,-4446000.0,7042500000.0,6548689250.0,3927053000.0,3115447000.0,0.841,4.417,-144516000.0,1113608000.0,1113608000.0,3752760000.0,266799000.0,1.475,2.791,885849000.0,0.0,885849000.0,885849000.0,274586000.0,2781798000.0,0.0,0.0,0.0,399588000.0,3181386000.0,0.578,3181386000.0,399588000.0,349369000.0,0.63,0.62,0.63,1857708000.0,1667661250.0,1857708000.0,20297548530.0,51.0,6.38,-128033000.0,-0.304,1.0,1751896000.0,0.318,4939460000.0,50219000.0,-787873000.0,-590710750.0,0.0,494888000.0,494888000.0,0.0,5184792000.0,2663154000.0,2521638000.0,20580765530.0,508643000.0,0.0,60544000.0,400000000.0,0.0,541712000.0,-42866000.0,100316000.0,16483000.0,-6686000.0,266799000.0,266799000.0,266799000.0,0.0,0.0,0.048,1349248000.0,402648000.0,2318822000.0,0.0,11.079,77.14,77.463,149875000.0,0.0,48.801,3.739,3.728,0.0,819284000.0,5504656000.0,5504656000.0,472321000.0,0.041,0.16,-0.676,0.073,25898000.0,876927000.0,1.0,421724653.0,420544000,431894000.0,13.089,2103040000.0,0.0,82570000.0,0.0,5.001,1263899000.0
7,NFLX,MRY,2013-12-31,2013-12-31,2013-12-31,2021-10-21,3575000.0,5412563000.0,4789482000.0,3058763000.0,2353800000.0,0.913,3.273,-120070000.0,604965000.0,604965000.0,3117203000.0,112403000.0,1.42,3.059,500000000.0,0.0,500000000.0,500000000.0,215767000.0,2241680000.0,0.0,0.0,0.0,200216000.0,2441896000.0,0.558,2441896000.0,200216000.0,171074000.0,0.28,0.26,0.28,1333561000.0,1114118000.0,1333561000.0,21877887490.0,109.0,8.959,-22239000.0,-0.055,1.0,1257359000.0,0.287,3797492000.0,29142000.0,-644097000.0,-280130500.0,0.0,595440000.0,595440000.0,0.0,4079002000.0,2154203000.0,1924799000.0,21816943490.0,314674000.0,0.0,124557000.0,279458000.0,0.0,476264000.0,-255968000.0,-141837000.0,97831000.0,-3453000.0,112403000.0,112403000.0,112403000.0,0.0,0.0,0.026,1029012000.0,228347000.0,1884418000.0,0.0,16.36,194.096,187.842,133605000.0,0.0,52.596,4.987,4.898,0.0,552485000.0,4374562000.0,4374562000.0,378769000.0,0.023,0.101,-0.715,0.046,-8563000.0,650243000.0,1.0,414804586.0,407385000,425327000.0,10.738,1615071000.0,0.0,58671000.0,0.0,3.964,904560000.0
8,NFLX,MRY,2012-12-31,2012-12-31,2012-12-31,2021-10-21,2919000.0,3967890000.0,3683868000.0,2240791000.0,1727099000.0,0.98,1.916,-88553000.0,290291000.0,290291000.0,2652058000.0,17152000.0,1.337,4.328,400000000.0,0.0,400000000.0,400000000.0,169472000.0,1702083000.0,0.0,0.0,0.0,50466000.0,1752549000.0,0.486,1752549000.0,50466000.0,30480000.0,0.044,0.041,0.044,744673000.0,703285250.0,744673000.0,5172662715.0,102.0,2.952,-66967000.0,-0.172,1.0,957224000.0,0.265,2874170000.0,19986000.0,-472497000.0,-418171000.0,0.0,457787000.0,457787000.0,0.0,3223217000.0,1675926000.0,1547291000.0,5142960715.0,-217762000.0,0.0,3660000.0,-2614000.0,0.0,5589000.0,-244740000.0,-165003000.0,21586000.0,-197000.0,17152000.0,17152000.0,17152000.0,0.0,0.0,0.005,907232000.0,49992000.0,1453315000.0,0.0,6.906,299.846,300.617,131681000.0,0.0,13.227,1.425,1.424,0.0,440082000.0,3609282000.0,3609282000.0,329008000.0,0.005,0.024,-0.121,0.014,69405000.0,578224000.0,1.0,388818717.0,388647000,412328000.0,9.287,1093720000.0,0.0,13328000.0,0.0,2.814,564865000.0
9,NFLX,MRY,2011-12-31,2011-12-31,2011-12-31,2021-10-21,706000.0,3069196000.0,1922908750.0,1830857000.0,1238339000.0,1.667,1.738,-134836000.0,508053000.0,508053000.0,2039901000.0,226126000.0,1.495,3.775,400000000.0,0.0,400000000.0,400000000.0,148796000.0,839619000.0,0.0,0.0,0.0,379547000.0,1219166000.0,0.38,1219166000.0,379547000.0,359522000.0,0.611,0.594,0.611,642810000.0,410229500.0,642810000.0,3713468465.0,10.0,3.046,182876000.0,0.494,1.0,1164676000.0,0.363,1966643000.0,20025000.0,-230555000.0,-59040000.0,0.0,289758000.0,289758000.0,0.0,2426386000.0,1225055000.0,1201331000.0,3638008465.0,313554000.0,0.0,19895000.0,195977000.0,0.0,261656000.0,-265814000.0,-134652000.0,317712000.0,0.0,226126000.0,226126000.0,226126000.0,0.0,0.0,0.071,788608000.0,376068000.0,1022028000.0,0.0,5.66,16.088,16.201,136353000.0,0.0,9.899,1.135,1.143,0.0,422930000.0,3204577000.0,3204577000.0,259033000.0,0.118,0.551,-6.429,0.118,15798000.0,529575000.0,1.0,367528637.0,369929000,380583000.0,8.663,1102553000.0,0.0,133396000.0,0.0,2.98,605802000.0
10,NFLX,MRY,2010-12-31,2010-12-31,2010-12-31,2021-10-21,750000.0,982067000.0,773653750.0,637231000.0,344836000.0,2.795,0.789,-157738000.0,194499000.0,194499000.0,1357355000.0,160853000.0,1.64,2.385,200000000.0,0.0,200000000.0,200000000.0,127183000.0,338695000.0,0.0,0.0,0.0,287325000.0,626020000.0,0.289,626020000.0,287325000.0,267696000.0,0.437,0.423,0.437,290164000.0,201378500.0,290164000.0,9305219872.0,32.0,14.864,118663000.0,0.323,1.0,805270000.0,0.372,361979000.0,19629000.0,237010000.0,333945500.0,0.0,155888000.0,155888000.0,0.0,691903000.0,388579000.0,303324000.0,9181641872.0,60275000.0,0.0,-160483000.0,-1776000.0,0.0,-100045000.0,-116081000.0,29313000.0,276401000.0,0.0,160853000.0,160853000.0,160853000.0,0.0,0.0,0.074,521629000.0,283641000.0,222824000.0,0.0,31.643,57.081,57.437,128570000.0,0.0,25.1,4.246,4.268,0.0,237739000.0,2162625000.0,2162625000.0,163329000.0,0.208,0.799,0.86,0.133,-34218000.0,358300000.0,1.0,365802465.0,367703000,380128000.0,5.881,620088000.0,0.0,106843000.0,0.0,1.686,248652000.0
11,NFLX,MRY,2009-12-31,2009-12-31,2009-12-31,2021-10-21,273000.0,679734000.0,598134000.0,411013000.0,268721000.0,2.792,0.503,-238976000.0,134224000.0,134224000.0,1079271000.0,115860000.0,1.807,2.413,237982000.0,1410000.0,236572000.0,237982000.0,100097000.0,257534000.0,0.0,0.0,0.0,198667000.0,456201000.0,0.273,456201000.0,198667000.0,192192000.0,0.293,0.283,0.293,199143000.0,275507000.0,199143000.0,2992831012.0,15.0,6.56,86087000.0,0.217,1.0,590998000.0,0.354,146139000.0,6475000.0,409917000.0,232184250.0,0.0,186018000.0,186018000.0,0.0,480591000.0,227436000.0,253155000.0,3010266012.0,-5657000.0,7483000.0,-289061000.0,191737000.0,0.0,-84641000.0,-246079000.0,-25621000.0,325063000.0,0.0,115860000.0,115860000.0,115860000.0,0.0,0.0,0.069,399059000.0,191939000.0,92542000.0,0.0,15.116,25.982,26.86,131653000.0,0.0,7.87,1.802,1.866,0.0,198817000.0,1670269000.0,1670269000.0,114542000.0,0.194,0.421,0.856,0.119,-65000.0,284517000.0,1.0,382498858.0,395920000,408912000.0,4.219,533595000.0,15958000.0,76332000.0,0.0,1.348,183577000.0
12,NFLX,MRY,2008-12-31,2008-12-31,2008-12-31,2021-10-21,84000.0,615424000.0,607531000.0,358925000.0,256499000.0,2.246,0.814,-189333000.0,139881000.0,139881000.0,910234000.0,83026000.0,1.662,0.773,39140000.0,1152000.0,37988000.0,39140000.0,83127000.0,242211000.0,0.0,0.0,0.0,133958000.0,376169000.0,0.276,376169000.0,133958000.0,131500000.0,0.194,0.189,0.194,347155000.0,354220750.0,347155000.0,1681472279.0,13.0,4.47,94704000.0,0.222,1.0,454427000.0,0.333,117238000.0,2458000.0,181428000.0,153809250.0,0.0,157390000.0,157390000.0,0.0,268269000.0,216017000.0,52252000.0,1753619279.0,-37558000.0,-6000000.0,-181032000.0,-823000.0,0.0,-176635000.0,-144960000.0,50374000.0,284037000.0,0.0,83026000.0,83026000.0,83026000.0,0.0,0.0,0.061,332921000.0,121506000.0,100344000.0,0.0,5.051,21.121,22.01,124948000.0,0.0,4.27,1.285,1.335,0.0,108452000.0,1364661000.0,1364661000.0,89873000.0,0.137,0.234,0.871,0.098,7044000.0,249375000.0,1.0,410683672.0,426727000,439852000.0,3.198,498186000.0,22409000.0,48474000.0,0.0,1.167,142908000.0
13,NFLX,MRY,2007-12-31,2007-12-31,2007-12-31,2021-10-21,1611000.0,678998000.0,635151250.0,432423000.0,246575000.0,1.898,0.915,-231813000.0,177439000.0,177439000.0,786168000.0,66608000.0,2.07,0.58,36475000.0,823000.0,35652000.0,36475000.0,71665000.0,225634000.0,0.0,0.0,0.0,112113000.0,337747000.0,0.28,337747000.0,112113000.0,110925000.0,0.141,0.139,0.141,429812000.0,435133750.0,429812000.0,1571178462.0,14.0,4.652,45611000.0,0.097,1.0,419172000.0,0.348,128371000.0,1188000.0,200758000.0,147760500.0,0.0,207703000.0,207703000.0,0.0,249186000.0,208905000.0,40281000.0,1750982462.0,-222991000.0,0.0,-90249000.0,-390000.0,0.0,-64391000.0,-436024000.0,-204508000.0,277424000.0,0.0,66608000.0,66608000.0,66608000.0,0.0,0.0,0.055,327399000.0,91773000.0,99951000.0,0.0,4.074,26.288,26.971,113175000.0,0.0,3.803,1.453,1.481,0.0,25426000.0,1205340000.0,1205340000.0,70979000.0,0.105,0.153,0.759,0.093,-14272000.0,270616000.0,1.0,460438664.0,469532000,482314000.0,2.567,550627000.0,19119000.0,44317000.0,0.0,1.173,223518000.0
14,NFLX,MRY,2006-12-31,2006-12-31,2006-12-31,2021-10-21,0.0,608779000.0,516257500.0,428418000.0,180361000.0,1.931,0.946,-184560000.0,400430000.0,400430000.0,626985000.0,48839000.0,2.215,0.47,0.0,0.0,0.0,0.0,69678000.0,157808000.0,0.0,0.0,0.0,81122000.0,238930000.0,0.24,238930000.0,81122000.0,79912000.0,0.111,0.101,0.111,414211000.0,351342000.0,414211000.0,1400475067.0,17.0,5.861,63630000.0,0.145,1.0,369675000.0,0.371,104908000.0,1210000.0,-90006000.0,-10007000.0,0.0,0.0,0.0,0.0,194568000.0,193447000.0,1121000.0,1770355067.0,188174000.0,0.0,112964000.0,-328000.0,0.0,125853000.0,-185869000.0,0.0,248190000.0,0.0,48839000.0,48839000.0,48839000.0,0.0,0.0,0.049,304457000.0,65218000.0,93864000.0,0.0,4.274,36.249,33.282,55503000.0,0.0,3.694,1.776,1.624,0.0,-40589000.0,996660000.0,996660000.0,47831000.0,0.095,0.139,-8.107,0.081,-521000.0,261423000.0,1.0,479214442.0,438039000,483525000.0,2.275,503871000.0,18755000.0,31073000.0,0.0,1.15,234971000.0
15,NFLX,MRY,2005-12-31,2005-12-31,2005-12-31,2021-10-21,0.0,364681000.0,291323250.0,243691000.0,120990000.0,2.342,0.604,-133799000.0,213505000.0,213505000.0,465775000.0,42027000.0,1.771,0.612,0.0,0.0,0.0,0.0,48533000.0,107002000.0,0.0,0.0,0.0,8335000.0,115337000.0,0.169,115337000.0,8335000.0,8335000.0,0.113,0.091,0.113,226252000.0,180392500.0,226252000.0,1287907441.0,155.0,11.166,23708000.0,0.063,1.0,216438000.0,0.317,457000.0,0.0,13132000.0,-3415250.0,0.0,0.0,0.0,0.0,138429000.0,137587000.0,842000.0,1471361441.0,37795000.0,0.0,13393000.0,-79000.0,0.0,13314000.0,-133248000.0,0.0,157507000.0,222000.0,42027000.0,42027000.0,42027000.0,0.0,0.0,0.062,213449000.0,2989000.0,63491000.0,0.0,6.503,35.01,34.21,40213000.0,0.0,3.866,2.157,2.123,0.0,-89671000.0,682213000.0,682213000.0,35388000.0,0.144,0.233,-2.441,0.012,14327000.0,180048000.0,1.0,380618259.0,374696000,458626000.0,1.821,364224000.0,34905000.0,-33692000.0,0.0,0.972,106104000.0
16,NFLX,MRY,2004-12-31,2004-12-31,2004-12-31,2021-10-21,-222000.0,251793000.0,220714000.0,187346000.0,64447000.0,2.268,0.429,-110190000.0,176061000.0,176061000.0,331712000.0,21595000.0,1.974,0.611,68000.0,68000.0,0.0,68000.0,31936000.0,88204000.0,0.0,0.0,0.0,21946000.0,110150000.0,0.22,110150000.0,21946000.0,21776000.0,0.06,0.047,0.06,156283000.0,134133500.0,156283000.0,476420367.0,22.0,4.325,35079000.0,0.096,1.0,168899000.0,0.337,961000.0,170000.0,-20071000.0,-17335500.0,0.0,0.0,0.0,0.0,95510000.0,94910000.0,600000.0,645609367.0,84567000.0,0.0,6035000.0,-436000.0,0.0,5775000.0,-66255000.0,44427000.0,145269000.0,-222000.0,21595000.0,21595000.0,21595000.0,0.0,0.0,0.043,149545000.0,19354000.0,49775000.0,0.0,4.131,29.896,29.357,18728000.0,0.0,1.761,1.29,1.28,0.0,-131698000.0,500611000.0,500611000.0,29467000.0,0.098,0.161,-1.266,0.044,16411000.0,122638000.0,1.0,366525999.0,363916000,452991000.0,1.376,250832000.0,0.0,181000.0,0.0,0.689,92436000.0
17,NFLX,MRY,2003-12-31,2003-12-31,2003-12-31,2021-10-21,596000.0,176012000.0,155142500.0,138946000.0,37066000.0,1.743,0.337,-62659000.0,91166000.0,91166000.0,179010000.0,6512000.0,2.205,0.562,460000.0,416000.0,44000.0,460000.0,18324000.0,50991000.0,0.0,0.0,0.0,6929000.0,57920000.0,0.214,57920000.0,6929000.0,6512000.0,0.02,0.014,0.02,112708000.0,101659750.0,112708000.0,1274226676.0,184.0,22.0,27133000.0,0.081,1.0,91400000.0,0.338,2948000.0,417000.0,19339000.0,20727000.0,0.0,45297000.0,45297000.0,0.0,63304000.0,63019000.0,285000.0,1354524676.0,30080000.0,0.0,6299000.0,-1334000.0,0.0,4965000.0,-64677000.0,-1679000.0,89792000.0,0.0,6512000.0,6512000.0,6512000.0,0.0,0.0,0.024,86928000.0,4472000.0,32654000.0,0.0,12.018,208.004,195.321,9772000.0,0.0,3.906,5.009,4.832,0.0,-153293000.0,270410000.0,270410000.0,17884000.0,0.042,0.064,0.334,0.026,10719000.0,59534000.0,1.0,346742466.0,334502000,440188000.0,0.808,173064000.0,0.0,0.0,0.0,0.517,75927000.0
18,NFLX,MRY,2002-12-31,2002-12-31,2002-12-31,2021-10-21,774000.0,130530000.0,104018750.0,107075000.0,23455000.0,1.469,0.453,-24833000.0,61504000.0,61504000.0,78136000.0,-20948000.0,2.649,0.461,1691000.0,1231000.0,460000.0,1691000.0,9743000.0,26477000.0,0.0,0.0,0.0,-8976000.0,17501000.0,0.115,17501000.0,-8976000.0,-20948000.0,-0.106,-0.106,-0.106,89356000.0,43123250.0,89356000.0,189990032.0,-21.0,10.856,15281000.0,0.077,1.0,74670000.0,0.489,6094000.0,11972000.0,24197000.0,19757750.0,0.0,43796000.0,43796000.0,0.0,41174000.0,40426000.0,748000.0,243620032.0,43683000.0,0.0,88014000.0,-17144000.0,0.0,70870000.0,-67301000.0,-43022000.0,40114000.0,0.0,-20948000.0,-20948000.0,-20948000.0,0.0,0.0,-0.137,65977000.0,8693000.0,20350000.0,0.0,2.726,-11.63,-7.419,5620000.0,0.0,0.786,1.594,1.016,0.0,-159805000.0,152806000.0,152806000.0,14625000.0,-0.201,-0.486,-0.454,-0.059,8872000.0,42520000.0,1.0,309780240.0,197428000,197428000.0,0.774,124436000.0,0.0,0.0,0.0,0.63,66649000.0
19,NFLX,MRY,2001-12-31,2001-12-31,2001-12-31,2021-10-21,0.0,41630000.0,47059000.0,19552000.0,22078000.0,1.613,-3.54,-12084000.0,17808000.0,17808000.0,49907000.0,-39182000.0,0.746,-0.335,6868000.0,3012000.0,3856000.0,6868000.0,4937000.0,29797000.0,0.0,,0.0,-37330000.0,-7533000.0,-0.099,-7533000.0,-37330000.0,-39182000.0,-1.533,-1.533,-1.533,-90504000.0,-81885500.0,-90504000.0,,,,-7237000.0,-0.283,1.0,26005000.0,0.343,7917000.0,1852000.0,-3435000.0,7709000.0,0.0,0.0,0.0,0.0,30304000.0,26208000.0,4096000.0,,1236000.0,0.0,113000.0,8946000.0,0.0,9059000.0,-12670000.0,0.0,4847000.0,0.0,-39182000.0,-39182000.0,-39182000.0,0.0,0.0,-0.516,50344000.0,-24339000.0,13715000.0,0.0,,,,8205000.0,0.0,,,,0.0,-137266000.0,75912000.0,75912000.0,17734000.0,-0.833,0.478,-4.842,-0.492,6278000.0,25689000.0,1.0,,25564000,25564000.0,2.969,33713000.0,0.0,0.0,0.0,1.319,-6656000.0
20,NFLX,MRY,2000-12-31,2000-12-31,2000-12-31,2021-10-21,0.0,52488000.0,,18301000.0,34187000.0,,-3.701,-30105000.0,15538000.0,15538000.0,24861000.0,-57363000.0,0.917,-0.327,7441000.0,3574000.0,3867000.0,7441000.0,2773000.0,19832000.0,0.0,,0.0,-55912000.0,-36080000.0,-1.005,-36080000.0,-55912000.0,-57363000.0,-2.898,-2.898,-2.898,-73267000.0,,-73267000.0,,,,-52811000.0,-2.668,1.0,11033000.0,0.307,5582000.0,1451000.0,18853000.0,,0.0,0.0,0.0,0.0,23925000.0,19956000.0,3969000.0,,697000.0,0.0,281000.0,-1917000.0,0.0,48375000.0,-24972000.0,6322000.0,-22706000.0,0.0,-57363000.0,-57363000.0,-57363000.0,0.0,0.0,-1.598,58343000.0,-47310000.0,7690000.0,0.0,,,,9959000.0,0.0,,,,0.0,-98648000.0,35894000.0,35894000.0,16823000.0,,,,-1.558,9401000.0,32717000.0,1.0,,19796000,19796000.0,1.813,46906000.0,0.0,0.0,0.0,2.369,-1655000.0
21,NFLX,MRY,1999-12-31,1999-12-31,1999-12-31,2021-10-21,,,,,,,,-13161000.0,,,4373000.0,-29845000.0,,,,,,,,4066000.0,,,0.0,-29107000.0,-25041000.0,-5.002,-25041000.0,-29107000.0,-29845000.0,-1.529,-1.529,-1.529,,,,,,,-29690000.0,-1.521,1.0,633000.0,0.126,,738000.0,,,,,,,,,,,13137000.0,0.0,357000.0,3553000.0,0.0,49408000.0,-19742000.0,-6322000.0,-16529000.0,0.0,-29845000.0,-29845000.0,-29845000.0,0.0,0.0,-5.962,28218000.0,-27585000.0,,0.0,,,,,0.0,,,,,,5006000.0,5006000.0,7413000.0,,,,-5.814,4742000.0,16063000.0,1.0,,19516000,19516000.0,0.257,,,0.0,,,
0,NFLX,MRQ,2021-09-30,2021-09-30,2021-09-30,2021-10-21,-19835000.0,42739857000.0,,9415787000.0,33324070000.0,,34.588,-167327000.0,7526681000.0,7526681000.0,4206589000.0,1449071000.0,1.17,1.791,15493164000.0,699473000.0,14793691000.0,15493164000.0,1182632000.0,3033304000.0,0.0,0.0,0.0,1851388000.0,4884692000.0,0.653,4884692000.0,1851388000.0,1660959000.0,3.27,3.19,3.27,15314617000.0,,15314617000.0,277982461282.0,42.0,15.259,-84948000.0,-0.192,1.0,3276878000.0,0.438,28974045000.0,190429000.0,13683049000.0,,0.0,0.0,0.0,0.0,27425240000.0,8049246000.0,19375994000.0,270133974282.0,-251650000.0,0.0,-81555000.0,0.0,0.0,-81555000.0,-188631000.0,0.0,82379000.0,-63843000.0,1449071000.0,1449071000.0,1449071000.0,0.0,0.0,0.194,1521625000.0,1755253000.0,4754021000.0,0.0,17.639,53.482,53.586,1220114000.0,0.0,610.34,9.434,9.438,0.0,12081943000.0,7483467000.0,7483467000.0,563887000.0,,,,,95078000.0,957738000.0,1.0,442595888.0,442778000,454925000.0,16.901,13765812000.0,0.0,211888000.0,0.0,31.09,1366541000.0
1,NFLX,MRQ,2021-06-30,2021-06-30,2021-06-30,2021-10-21,9775000.0,40970969000.0,,9604276000.0,31366693000.0,,31.284,-110278000.0,7777530000.0,7777530000.0,4018008000.0,1353013000.0,1.226,1.955,15626017000.0,699128000.0,14926889000.0,15626017000.0,1187364000.0,2845237000.0,0.0,0.0,0.0,1785111000.0,4630348000.0,0.631,4630348000.0,1785111000.0,1593789000.0,3.05,2.97,3.05,13863871000.0,,13863871000.0,241355356080.0,42.0,14.071,-174039000.0,-0.393,1.0,3323769000.0,0.453,27291640000.0,191322000.0,13694928000.0,,0.0,0.0,0.0,0.0,27107098000.0,7832888000.0,19274210000.0,234199721080.0,-631835000.0,0.0,-480273000.0,0.0,0.0,-480273000.0,-111278000.0,0.0,-63761000.0,23477000.0,1353013000.0,1353013000.0,1353013000.0,0.0,0.0,0.184,1476139000.0,1847630000.0,4820805000.0,0.0,16.893,53.326,53.301,1107437000.0,0.0,528.21,8.49,8.486,0.0,10632872000.0,7341777000.0,7341777000.0,537321000.0,,,,,101583000.0,938818000.0,1.0,443383732.0,443159000,455129000.0,16.567,13679329000.0,0.0,240776000.0,0.0,30.868,1771388000.0
2,NFLX,MRQ,2021-03-31,2021-03-31,2021-03-31,2021-10-21,4137000.0,40123014000.0,,10107508000.0,30015506000.0,,29.069,-81001000.0,8403705000.0,8403705000.0,3868511000.0,1706715000.0,1.27,2.114,15559340000.0,698788000.0,14860552000.0,15559340000.0,1140271000.0,2754937000.0,0.0,0.0,0.0,2228942000.0,4983879000.0,0.696,4983879000.0,2228942000.0,2034502000.0,3.85,3.75,3.85,12884080000.0,,12884080000.0,239144164853.0,46.0,14.598,696265000.0,1.571,1.0,3294771000.0,0.46,26043991000.0,194440000.0,13272888000.0,,0.0,0.0,0.0,0.0,27238934000.0,7961770000.0,19277164000.0,231040741853.0,197583000.0,0.0,48071000.0,-500000000.0,0.0,-451929000.0,-85616000.0,0.0,777266000.0,-42138000.0,1706715000.0,1706715000.0,1706715000.0,0.0,0.0,0.238,1334915000.0,1959856000.0,4830899000.0,0.0,17.932,61.463,61.444,1015419000.0,0.0,521.66,8.754,8.761,0.0,9279859000.0,7163282000.0,7163282000.0,525207000.0,,,,,107230000.0,809708000.0,1.0,442895261.0,443224000,455641000.0,16.162,14079023000.0,0.0,327787000.0,0.0,31.765,2145738000.0
3,NFLX,MRQ,2020-12-31,2020-12-31,2020-12-31,2021-10-21,44398000.0,39280359000.0,,9761580000.0,29518779000.0,,25.021,-148356000.0,8205550000.0,8205550000.0,4165160000.0,542156000.0,1.251,2.55,16308973000.0,499878000.0,15809095000.0,16308973000.0,1117992000.0,3014568000.0,0.0,0.0,0.0,703603000.0,3718171000.0,0.56,3718171000.0,703603000.0,506417000.0,1.22,1.19,1.22,11065240000.0,,11065240000.0,246546556676.0,62.0,16.558,-286028000.0,-0.647,1.0,2479282000.0,0.373,25383950000.0,197186000.0,14194047000.0,,0.0,0.0,0.0,0.0,28215119000.0,7805785000.0,20409334000.0,238891814676.0,-183410000.0,0.0,33987000.0,0.0,0.0,33987000.0,-146399000.0,0.0,-137672000.0,66674000.0,542156000.0,542156000.0,542156000.0,0.0,0.0,0.082,1525040000.0,954242000.0,5085719000.0,0.0,21.589,86.511,86.379,960183000.0,0.0,540.73,9.557,9.538,0.0,7573144000.0,6644442000.0,6644442000.0,486936000.0,,,,,107594000.0,1038104000.0,1.0,441795008.0,442230000,455294000.0,15.025,13896409000.0,0.0,-35739000.0,0.0,31.423,1955795000.0
4,NFLX,MRQ,2020-09-30,2020-09-30,2020-09-30,2021-10-21,-1147000.0,38622543000.0,,9826480000.0,28796063000.0,,23.404,-109811000.0,8392391000.0,8392391000.0,3867751000.0,789976000.0,1.238,2.738,16047133000.0,499517000.0,15547616000.0,16047133000.0,1040202000.0,2762332000.0,0.0,0.0,0.0,1058539000.0,3820871000.0,0.594,3820871000.0,1058539000.0,861460000.0,1.79,1.74,1.79,10333323000.0,,10333323000.0,229161862963.0,64.0,16.246,1153950000.0,2.614,1.0,2567886000.0,0.399,25067633000.0,197079000.0,13269857000.0,,0.0,0.0,0.0,0.0,28289220000.0,7939795000.0,20349425000.0,220520951963.0,1242234000.0,0.0,68665000.0,0.0,0.0,68665000.0,-118651000.0,0.0,1263761000.0,28459000.0,789976000.0,789976000.0,789976000.0,0.0,0.0,0.123,1253023000.0,1314863000.0,5140952000.0,0.0,21.341,78.583,78.621,828118000.0,0.0,500.03,9.258,9.269,0.0,7030988000.0,6435637000.0,6435637000.0,453802000.0,,,,,106357000.0,799221000.0,1.0,441015443.0,441526000,455088000.0,14.576,13554910000.0,0.0,71484000.0,0.0,30.7,1886685000.0
5,NFLX,MRQ,2020-06-30,2020-06-30,2020-06-30,2021-10-21,-34072000.0,37175281000.0,,8564139000.0,28611142000.0,,21.188,-141741000.0,7153248000.0,7153248000.0,3643707000.0,720196000.0,1.123,2.982,15794159000.0,499161000.0,15294998000.0,15794159000.0,1029261000.0,2633820000.0,0.0,0.0,0.0,1224753000.0,3858573000.0,0.628,3858573000.0,1224753000.0,1035602000.0,1.63,1.59,1.63,9334753000.0,,9334753000.0,209635389415.0,57.0,15.23,899335000.0,2.041,1.0,2504579000.0,0.407,25155117000.0,189151000.0,13034657000.0,,0.0,0.0,0.0,0.0,27840528000.0,7626418000.0,20214110000.0,200117772415.0,2001859000.0,0.0,89060000.0,1001905000.0,0.0,1090965000.0,-142001000.0,0.0,1041076000.0,11819000.0,720196000.0,720196000.0,720196000.0,0.0,0.0,0.117,1146651000.0,1357928000.0,5111401000.0,0.0,21.438,74.63,74.719,751941000.0,0.0,455.04,8.844,8.86,0.0,6241012000.0,6148286000.0,6148286000.0,435045000.0,,,,,104210000.0,711606000.0,1.0,439780618.0,440569000,453945000.0,13.955,12020164000.0,0.0,315406000.0,0.0,27.283,937721000.0
6,NFLX,MRQ,2020-03-31,2020-03-31,2020-03-31,2021-10-21,-47054000.0,35059910000.0,,6447781000.0,28612129000.0,,19.14,-98015000.0,5151884000.0,5151884000.0,3599701000.0,709067000.0,0.821,3.169,14669501000.0,498809000.0,14170692000.0,14669501000.0,986753000.0,2511902000.0,0.0,0.0,0.0,979953000.0,3491855000.0,0.605,3491855000.0,979953000.0,795870000.0,1.61,1.57,1.61,8409294000.0,,8409294000.0,174512719700.0,56.0,13.616,161897000.0,0.368,1.0,2167990000.0,0.376,25266889000.0,184083000.0,11456913000.0,,0.0,0.0,0.0,0.0,26650616000.0,7853725000.0,18796891000.0,164771896700.0,134401000.0,0.0,43694000.0,0.0,0.0,43694000.0,-98303000.0,0.0,259912000.0,-70902000.0,709067000.0,709067000.0,709067000.0,0.0,0.0,0.123,1209734000.0,958256000.0,5307073000.0,0.0,19.594,73.825,73.917,650455000.0,0.0,375.5,7.698,7.708,0.0,5520816000.0,5767691000.0,5767691000.0,453817000.0,,,,,97019000.0,755917000.0,1.0,438806649.0,439352000,452494000.0,13.128,9793021000.0,0.0,86803000.0,0.0,22.29,-1405944000.0
7,NFLX,MRQ,2019-12-31,2019-12-31,2019-12-31,2021-10-21,-23521000.0,33975712000.0,,6178504000.0,27797208000.0,,17.289,-107737000.0,5018437000.0,5018437000.0,3466023000.0,586970000.0,0.901,3.481,14759260000.0,0.0,14759260000.0,14759260000.0,924745000.0,2607487000.0,0.0,0.0,0.0,327134000.0,2934621000.0,0.537,2934621000.0,327134000.0,149333000.0,1.33,1.3,1.33,7582157000.0,,7582157000.0,149795697582.0,56.0,12.475,-1569712000.0,-3.579,1.0,2001411000.0,0.366,24504567000.0,177801000.0,12356272000.0,,0.0,0.0,0.0,0.0,26393555000.0,6855696000.0,19537859000.0,141804969582.0,584065000.0,0.0,15633000.0,2208168000.0,0.0,2223801000.0,-207571000.0,0.0,-1461975000.0,29810000.0,586970000.0,586970000.0,586970000.0,0.0,0.0,0.107,1542899000.0,458512000.0,5087908000.0,0.0,18.702,75.957,75.955,565221000.0,0.0,323.57,7.035,7.028,0.0,4811749000.0,5467434000.0,5467434000.0,409376000.0,,,,,100066000.0,1133523000.0,1.0,438251289.0,438555000,451372000.0,12.467,9471145000.0,0.0,-437637000.0,0.0,21.596,-677192000.0
8,NFLX,MRQ,2019-09-30,2019-09-30,2019-09-30,2021-10-21,-41246000.0,30941711000.0,,5327758000.0,25613953000.0,,15.662,-45333000.0,4435018000.0,4435018000.0,3097919000.0,665244000.0,0.734,3.509,12425746000.0,0.0,12425746000.0,12425746000.0,915506000.0,2306681000.0,0.0,0.0,0.0,1172983000.0,3479664000.0,0.663,3479664000.0,1172983000.0,1012323000.0,1.52,1.47,1.52,6861505000.0,,6861505000.0,124763259121.0,48.0,10.977,-547127000.0,-1.249,1.0,2146986000.0,0.409,23234994000.0,160660000.0,8439545000.0,,0.0,0.0,0.0,0.0,24080206000.0,7257900000.0,16822306000.0,117173371121.0,-568484000.0,0.0,11989000.0,0.0,0.0,11989000.0,-49354000.0,0.0,-501794000.0,-29325000.0,665244000.0,665244000.0,665244000.0,0.0,0.0,0.127,1166747000.0,980239000.0,5304671000.0,0.0,17.077,82.874,82.854,481992000.0,0.0,267.62,6.208,6.211,0.0,4224779000.0,5244905000.0,5244905000.0,379776000.0,,,,,100262000.0,786971000.0,1.0,437834882.0,438090000,451552000.0,11.972,7706717000.0,0.0,347079000.0,0.0,17.592,-1930142000.0
9,NFLX,MRQ,2019-06-30,2019-06-30,2019-06-30,2021-10-21,-20352000.0,30171339000.0,,5877157000.0,24294182000.0,,13.953,-39584000.0,5004247000.0,5004247000.0,3005657000.0,270650000.0,0.848,3.942,12594135000.0,0.0,12594135000.0,12594135000.0,892777000.0,2257411000.0,0.0,0.0,0.0,652949000.0,2910360000.0,0.591,2910360000.0,652949000.0,500916000.0,0.62,0.6,0.62,6105548000.0,,6105548000.0,167545791402.0,87.0,16.239,-583338000.0,-1.333,1.0,1917459000.0,0.389,21945740000.0,152033000.0,8881503000.0,,0.0,0.0,0.0,0.0,24065791000.0,6933984000.0,17131807000.0,160589325402.0,1658108000.0,0.0,21896000.0,2225004000.0,0.0,2246900000.0,-50036000.0,0.0,-543754000.0,4998000.0,270650000.0,270650000.0,270650000.0,0.0,0.0,0.055,1211040000.0,706419000.0,5290395000.0,0.0,26.302,139.464,139.665,452399000.0,0.0,367.32,9.109,9.117,0.0,3559535000.0,4923116000.0,4923116000.0,383233000.0,,,,,103848000.0,827807000.0,1.0,437191891.0,437587000,452195000.0,11.251,8225599000.0,0.0,230266000.0,0.0,18.798,-1056827000.0
10,NFLX,MRQ,2019-03-31,2019-03-31,2019-03-31,2021-10-21,-25600000.0,27218632000.0,,4168907000.0,23049725000.0,,13.052,-60381000.0,3348557000.0,3348557000.0,2870614000.0,344052000.0,0.608,3.773,10305023000.0,0.0,10305023000.0,10305023000.0,808692000.0,2148247000.0,0.0,0.0,0.0,535188000.0,2683435000.0,0.594,2683435000.0,535188000.0,399659000.0,0.79,0.76,0.79,5703058000.0,,5703058000.0,162239170746.0,90.0,16.579,-440180000.0,-1.007,1.0,1650378000.0,0.365,20888785000.0,135529000.0,6428506000.0,,0.0,0.0,0.0,0.0,21515574000.0,6857807000.0,14657767000.0,155673595746.0,-441944000.0,0.0,22972000.0,0.0,0.0,22972000.0,-80103000.0,0.0,-379799000.0,-5014000.0,344052000.0,344052000.0,344052000.0,0.0,0.0,0.076,1191294000.0,459084000.0,5302847000.0,0.0,27.297,123.046,123.377,434372000.0,0.0,356.56,9.37,9.377,0.0,3288885000.0,4520992000.0,4520992000.0,372764000.0,,,,,101200000.0,818530000.0,1.0,436598597.0,436947000,451922000.0,10.347,6329847000.0,0.0,55607000.0,0.0,14.487,-2688900000.0
11,NFLX,MRQ,2018-12-31,2018-12-31,2018-12-31,2021-10-21,-19582000.0,25974400000.0,,9694135000.0,16280265000.0,,12.005,-39041000.0,3794483000.0,3794483000.0,2733400000.0,133934000.0,1.494,3.958,10360058000.0,0.0,10360058000.0,10360058000.0,760899000.0,2044632000.0,0.0,0.0,0.0,248203000.0,2292835000.0,0.548,2292835000.0,248203000.0,119396000.0,0.3,0.29,0.3,5238765000.0,,5238765000.0,121991561762.0,74.0,13.171,-1274113000.0,-2.92,1.0,1453441000.0,0.347,20102327000.0,128807000.0,5950328000.0,,0.0,0.0,0.0,0.0,20735635000.0,6487320000.0,14248315000.0,116722509762.0,733477000.0,0.0,11450000.0,2042973000.0,0.0,2053864000.0,-80358000.0,0.0,-1235072000.0,-4957000.0,133934000.0,133934000.0,133934000.0,0.0,0.0,0.032,1237674000.0,215767000.0,5244547000.0,0.0,22.281,96.366,96.281,418281000.0,0.0,267.66,7.39,7.378,0.0,2942359000.0,4186841000.0,4186841000.0,331789000.0,,,,,88714000.0,905885000.0,1.0,436084995.0,436397000,451127000.0,9.594,5872073000.0,0.0,-14538000.0,0.0,13.456,3206815000.0
12,NFLX,MRQ,2018-09-30,2018-09-30,2018-09-30,2021-10-21,-14508000.0,23366229000.0,,8729981000.0,14636248000.0,,11.495,-47064000.0,3067534000.0,3067534000.0,2531128000.0,402835000.0,1.386,3.664,8336586000.0,0.0,8336586000.0,8336586000.0,716723000.0,1942887000.0,0.0,0.0,0.0,487672000.0,2430559000.0,0.608,2430559000.0,487672000.0,378810000.0,0.92,0.89,0.92,5009653000.0,,5009653000.0,167353426346.0,104.0,18.887,-737475000.0,-1.692,1.0,1468246000.0,0.367,18396359000.0,108862000.0,3940682000.0,,0.0,0.0,0.0,0.0,18356576000.0,6298240000.0,12058336000.0,162917716346.0,-835430000.0,0.0,29781000.0,0.0,0.0,29237000.0,-168694000.0,0.0,-690411000.0,-5562000.0,402835000.0,402835000.0,402835000.0,0.0,0.0,0.101,987578000.0,480668000.0,5054438000.0,0.0,32.521,129.011,129.457,371152000.0,0.0,374.13,10.939,10.948,0.0,2808425000.0,3999374000.0,3999374000.0,308620000.0,,,,,82316000.0,678958000.0,1.0,435457505.0,435809000,451919000.0,9.177,4969870000.0,0.0,-24025000.0,0.0,11.404,2431741000.0
13,NFLX,MRQ,2018-06-30,2018-06-30,2018-06-30,2021-10-21,-12427000.0,22663537000.0,,9346889000.0,13316648000.0,,10.335,-39875000.0,3906357000.0,3906357000.0,2402431000.0,384349000.0,1.537,4.04,8342067000.0,0.0,8342067000.0,8342067000.0,697740000.0,1848707000.0,0.0,0.0,0.0,530241000.0,2378948000.0,0.609,2378948000.0,530241000.0,428636000.0,0.88,0.85,0.88,4496600000.0,,4496600000.0,174086615113.0,134.0,21.058,-558114000.0,-1.283,1.0,1504839000.0,0.385,17095733000.0,101605000.0,3923873000.0,,0.0,0.0,0.0,0.0,18166937000.0,6079641000.0,12087296000.0,170137908113.0,1314517000.0,0.0,26936000.0,1883008000.0,0.0,1909412000.0,-40316000.0,0.0,-518239000.0,-36340000.0,384349000.0,384349000.0,384349000.0,0.0,0.0,0.098,1042626000.0,462213000.0,4989306000.0,0.0,37.837,171.929,172.436,349646000.0,0.0,391.43,12.259,12.271,0.0,2405590000.0,3907270000.0,3907270000.0,299095000.0,,,,,81232000.0,743531000.0,1.0,434657303.0,435097000,451552000.0,8.98,5567804000.0,0.0,44287000.0,0.0,12.797,3267248000.0
14,NFLX,MRQ,2018-03-31,2018-03-31,2018-03-31,2021-10-21,4264000.0,20152797000.0,,7817576000.0,12335221000.0,,9.261,-47966000.0,2593666000.0,2593666000.0,2300579000.0,290124000.0,1.302,4.012,6542373000.0,0.0,6542373000.0,6542373000.0,673892000.0,1779019000.0,0.0,0.0,0.0,380835000.0,2159854000.0,0.584,2159854000.0,380835000.0,299616000.0,0.67,0.64,0.67,4020730000.0,,4020730000.0,131843314956.0,158.0,17.478,-284723000.0,-0.656,1.0,1400277000.0,0.378,15941325000.0,81219000.0,2154592000.0,,0.0,0.0,0.0,0.0,16132067000.0,6005587000.0,10126480000.0,128166677956.0,-223318000.0,0.0,56335000.0,0.0,0.0,56014000.0,-49752000.0,0.0,-236757000.0,7177000.0,290124000.0,290124000.0,290124000.0,0.0,0.0,0.078,953699000.0,446578000.0,4902264000.0,0.0,31.876,191.057,191.786,341932000.0,0.0,295.35,10.047,10.052,0.0,2021241000.0,3700856000.0,3700856000.0,282310000.0,,,,,68395000.0,671389000.0,1.0,433948461.0,434174000,450359000.0,8.524,4211472000.0,0.0,9492000.0,0.0,9.7,1811989000.0
15,NFLX,MRQ,2017-12-31,2017-12-31,2017-12-31,2021-10-21,-20557000.0,19012742000.0,,7669974000.0,11342768000.0,,8.27,21628000.0,2822795000.0,2822795000.0,2480688000.0,185517000.0,1.403,4.308,6499432000.0,0.0,6499432000.0,6499432000.0,618622000.0,1684568000.0,0.0,0.0,0.0,206622000.0,1891190000.0,0.576,1891190000.0,206622000.0,131330000.0,0.42,0.41,0.42,3581956000.0,,3581956000.0,86209381715.0,119.0,12.328,-466329000.0,-1.077,1.0,805067000.0,0.245,14681989000.0,75292000.0,2541078000.0,,0.0,0.0,0.0,0.0,15430786000.0,5466312000.0,9964474000.0,83067067715.0,1076326000.0,0.0,14705000.0,1583172000.0,0.0,1597943000.0,-35841000.0,0.0,-487957000.0,2181000.0,185517000.0,185517000.0,185517000.0,0.0,0.0,0.056,559764000.0,245303000.0,4532596000.0,0.0,23.19,148.618,148.806,319404000.0,0.0,191.96,7.104,7.09,0.0,1731117000.0,3285755000.0,3285755000.0,174283000.0,,,,,48530000.0,385481000.0,1.0,432731130.0,433121000,448155000.0,7.586,4330753000.0,0.0,-54187000.0,0.0,9.999,2203662000.0
16,NFLX,MRQ,2017-09-30,2017-09-30,2017-09-30,2021-10-21,-25362000.0,16951540000.0,,6385348000.0,10566192000.0,,7.695,-44180000.0,1746469000.0,1746469000.0,1992980000.0,129590000.0,1.202,4.095,4888783000.0,0.0,4888783000.0,4888783000.0,535425000.0,1659974000.0,0.0,0.0,0.0,176925000.0,1836899000.0,0.615,1836899000.0,176925000.0,116237000.0,0.3,0.29,0.3,3327361000.0,,3327361000.0,81215541074.0,125.0,12.306,-463787000.0,-1.073,1.0,991879000.0,0.332,13963091000.0,60688000.0,820086000.0,,0.0,0.0,0.0,0.0,13624179000.0,5310677000.0,8313502000.0,78297816074.0,-172308000.0,0.0,34669000.0,-312000.0,0.0,34422000.0,202192000.0,247479000.0,-419607000.0,10685000.0,129590000.0,129590000.0,129590000.0,0.0,0.0,0.043,783252000.0,208627000.0,4443529000.0,0.0,23.532,177.885,177.794,322421000.0,0.0,181.35,7.194,7.204,0.0,1545600000.0,2984859000.0,2984859000.0,255236000.0,,,,,44763000.0,528016000.0,1.0,431749744.0,432404000,447362000.0,6.903,2988449000.0,0.0,-13353000.0,0.0,6.911,1074671000.0
17,NFLX,MRQ,2017-06-30,2017-06-30,2017-06-30,2021-10-21,-31368000.0,16517223000.0,,6700785000.0,9816438000.0,,7.215,-72855000.0,1918777000.0,1918777000.0,1902308000.0,65600000.0,1.308,4.307,4836502000.0,0.0,4836502000.0,4836502000.0,505302000.0,1585856000.0,0.0,0.0,0.0,69444000.0,1655300000.0,0.594,1655300000.0,69444000.0,13962000.0,0.15,0.15,0.15,3112500000.0,,3112500000.0,66682335227.0,113.0,10.868,-607383000.0,-1.408,1.0,883156000.0,0.317,13227585000.0,55482000.0,1084418000.0,,0.0,246125000.0,246125000.0,0.0,13404723000.0,5122945000.0,8281778000.0,64394728227.0,840953000.0,0.0,14826000.0,1405497000.0,0.0,1420386000.0,-56432000.0,17487000.0,-534528000.0,11527000.0,65600000.0,65600000.0,65600000.0,0.0,0.0,0.024,755349000.0,127807000.0,4368772000.0,0.0,20.689,177.843,177.869,309831000.0,0.0,149.41,6.32,6.325,0.0,1416010000.0,2785464000.0,2785464000.0,267083000.0,,,,,44028000.0,488266000.0,1.0,430993429.0,431396000,446262000.0,6.457,3289638000.0,0.0,-51638000.0,0.0,7.626,1577840000.0
18,NFLX,MRQ,2017-03-31,2017-03-31,2017-03-31,2021-10-21,-45859000.0,14359096000.0,,5660330000.0,8698766000.0,,6.906,-77895000.0,1077824000.0,1077824000.0,1657024000.0,178222000.0,1.153,3.829,3365431000.0,0.0,3365431000.0,3365431000.0,458693000.0,1339330000.0,0.0,0.0,0.0,270534000.0,1609864000.0,0.611,1609864000.0,270534000.0,223792000.0,0.41,0.4,0.41,2973683000.0,,2973683000.0,65515872561.0,108.0,11.342,-421751000.0,-0.979,1.0,979611000.0,0.372,12055727000.0,46742000.0,-320253000.0,,0.0,263405000.0,263405000.0,0.0,11385413000.0,4911229000.0,6474184000.0,63619137561.0,-389752000.0,0.0,24178000.0,0.0,0.0,24239000.0,-75590000.0,3074000.0,-343856000.0,5455000.0,178222000.0,178222000.0,178222000.0,0.0,0.0,0.068,722669000.0,256942000.0,4156278000.0,0.0,21.394,188.645,187.101,275083000.0,0.0,147.81,6.69,6.693,0.0,1350410000.0,2636635000.0,2636635000.0,257108000.0,,,,,44888000.0,465561000.0,1.0,430411593.0,430600000,445458000.0,6.123,2303369000.0,0.0,45570000.0,0.0,5.349,749101000.0
19,NFLX,MRQ,2016-12-31,2016-12-31,2016-12-31,2021-10-21,-48565000.0,13586610000.0,,5720291000.0,7866319000.0,,6.236,-79845000.0,1467576000.0,1467576000.0,1881980000.0,66748000.0,1.247,4.07,3364311000.0,0.0,3364311000.0,3364311000.0,443472000.0,1363903000.0,0.0,0.0,0.0,133855000.0,1497758000.0,0.605,1497758000.0,133855000.0,90269000.0,0.16,0.16,0.16,2679800000.0,,2679800000.0,54532961847.0,133.0,10.221,-637005000.0,-1.482,1.0,595561000.0,0.24,11000808000.0,43586000.0,-104120000.0,,0.0,266206000.0,266206000.0,0.0,10906810000.0,4586657000.0,6320153000.0,53128153847.0,498418000.0,0.0,25392000.0,1000000000.0,0.0,1042472000.0,24422000.0,105884000.0,-557160000.0,-11316000.0,66748000.0,66748000.0,66748000.0,0.0,0.0,0.027,441627000.0,153934000.0,3945553000.0,0.0,19.825,284.598,281.364,250395000.0,0.0,123.8,6.016,6.012,0.0,1128603000.0,2477541000.0,2477541000.0,153325000.0,,,,,15926000.0,288302000.0,1.0,429145023.0,429746000,440068000.0,5.765,2585802000.0,0.0,23521000.0,0.0,6.017,1133634000.0
20,NFLX,MRQ,2016-09-30,2016-09-30,2016-09-30,2021-10-21,-36530000.0,12347338000.0,,5193893000.0,7153445000.0,,5.896,-44615000.0,969158000.0,969158000.0,1532844000.0,51517000.0,1.177,3.882,2373966000.0,0.0,2373966000.0,2373966000.0,427206000.0,1257802000.0,0.0,0.0,0.0,114663000.0,1372465000.0,0.599,1372465000.0,114663000.0,79127000.0,0.12,0.12,0.12,2528966000.0,,2528966000.0,43233046987.0,130.0,8.841,-506556000.0,-1.181,1.0,757344000.0,0.331,10310073000.0,35536000.0,-969332000.0,,0.0,374098000.0,374098000.0,0.0,9818372000.0,4411405000.0,5406967000.0,42250886987.0,-421767000.0,0.0,3819000.0,0.0,0.0,16639000.0,23976000.0,68466000.0,-461941000.0,-441000.0,51517000.0,51517000.0,51517000.0,0.0,0.0,0.022,651308000.0,106036000.0,3782967000.0,0.0,16.707,259.036,259.342,191876000.0,0.0,98.55,5.167,5.17,0.0,1061855000.0,2290188000.0,2290188000.0,216099000.0,,,,,30733000.0,435209000.0,1.0,428725388.0,428937000,438389000.0,5.339,2037265000.0,0.0,27610000.0,0.0,4.75,782488000.0
21,NFLX,MRQ,2016-06-30,2016-06-30,2016-06-30,2021-10-21,-38211000.0,11593507000.0,,5386918000.0,6206589000.0,,5.638,-28738000.0,1390925000.0,1390925000.0,1473098000.0,40755000.0,1.33,3.799,2373085000.0,0.0,2373085000.0,2373085000.0,396976000.0,1209513000.0,0.0,0.0,0.0,86687000.0,1296200000.0,0.616,1296200000.0,86687000.0,51232000.0,0.1,0.09,0.1,2415834000.0,,2415834000.0,39946871480.0,135.0,8.875,-255031000.0,-0.595,1.0,632106000.0,0.3,9092200000.0,35455000.0,-568370000.0,,0.0,443303000.0,443303000.0,0.0,9177673000.0,4051837000.0,5125836000.0,39179897480.0,-214319000.0,0.0,4232000.0,0.0,0.0,17612000.0,-2896000.0,24935000.0,-226293000.0,-2742000.0,40755000.0,40755000.0,40755000.0,0.0,0.0,0.019,561736000.0,70370000.0,3482788000.0,0.0,16.218,277.826,277.212,162864000.0,0.0,91.48,5.139,5.141,0.0,1010338000.0,2105204000.0,2105204000.0,207300000.0,,,,,30789000.0,354436000.0,1.0,428289216.0,428483000,438154000.0,4.913,2501307000.0,0.0,10477000.0,0.0,5.838,1335081000.0
22,NFLX,MRQ,2016-03-31,2016-03-31,2016-03-31,2021-10-21,-34401000.0,11262274000.0,,5543836000.0,5718438000.0,,5.413,-31632000.0,1605244000.0,1605244000.0,1369540000.0,27658000.0,1.409,3.86,2372218000.0,0.0,2372218000.0,2372218000.0,374223000.0,1093760000.0,0.0,0.0,0.0,75416000.0,1169176000.0,0.597,1169176000.0,75416000.0,39879000.0,0.06,0.06,0.06,2317233000.0,,2317233000.0,44324775223.0,156.0,10.707,-260222000.0,-0.608,1.0,588196000.0,0.3,8518801000.0,35537000.0,-423185000.0,,0.0,467227000.0,467227000.0,0.0,8945041000.0,3933632000.0,5011409000.0,43762743223.0,-204086000.0,0.0,3536000.0,0.0,0.0,14907000.0,4263000.0,36251000.0,-228590000.0,5334000.0,27658000.0,27658000.0,27658000.0,0.0,0.0,0.014,538743000.0,49453000.0,3377775000.0,0.0,18.886,345.669,352.517,166254000.0,0.0,102.23,6.109,6.109,0.0,969583000.0,1957736000.0,1957736000.0,203508000.0,,,,,31106000.0,335235000.0,1.0,428081221.0,428117000,437993000.0,4.573,2743473000.0,0.0,12221000.0,0.0,6.408,1610204000.0
23,NFLX,MRQ,2015-12-31,2015-12-31,2015-12-31,2021-10-21,-43308000.0,10202871000.0,,5431840000.0,4771031000.0,,5.199,-33653000.0,1809330000.0,1809330000.0,1249365000.0,43178000.0,1.539,3.589,2371362000.0,0.0,2371362000.0,2371362000.0,346721000.0,996142000.0,0.0,0.0,0.0,56160000.0,1052302000.0,0.577,1052302000.0,56160000.0,20731000.0,0.1,0.1,0.1,2223426000.0,,2223426000.0,49169235381.0,179.0,12.866,-278398000.0,-0.651,1.0,573968000.0,0.315,7218815000.0,35429000.0,16464000.0,,0.0,501385000.0,501385000.0,0.0,7979445000.0,3529624000.0,4449821000.0,48884672381.0,-306107000.0,0.0,8171000.0,0.0,0.0,-17458000.0,-40561000.0,-9170000.0,-244745000.0,-3343000.0,43178000.0,43178000.0,43178000.0,0.0,0.0,0.024,514074000.0,59894000.0,3042514000.0,0.0,21.986,398.6,394.414,173412000.0,0.0,114.38,7.211,7.185,0.0,941925000.0,1823333000.0,1823333000.0,180859000.0,,,,,61543000.0,333215000.0,1.0,427388288.0,427689000,438277000.0,4.263,2984056000.0,0.0,-22447000.0,0.0,6.977,1902216000.0
24,NFLX,MRQ,2015-09-30,2015-09-30,2015-09-30,2021-10-21,-37890000.0,9916267000.0,,5569713000.0,4346554000.0,,5.077,-52287000.0,2115437000.0,2115437000.0,1173958000.0,29432000.0,1.667,3.575,2400000000.0,0.0,2400000000.0,2400000000.0,329739000.0,906039000.0,0.0,0.0,0.0,77571000.0,983610000.0,0.566,983610000.0,77571000.0,42238000.0,0.07,0.07,0.07,2167318000.0,,2167318000.0,44086866752.0,159.0,12.27,-248256000.0,-0.582,1.0,564397000.0,0.325,6586974000.0,35333000.0,272438000.0,,0.0,494205000.0,494205000.0,0.0,7748949000.0,3341418000.0,4407531000.0,43980738752.0,-178435000.0,0.0,35089000.0,0.0,0.0,72754000.0,-47479000.0,8568000.0,-195969000.0,-7741000.0,29432000.0,29432000.0,29432000.0,0.0,0.0,0.017,490756000.0,73641000.0,2832329000.0,0.0,20.293,270.096,271.684,181268000.0,0.0,103.24,6.828,6.842,0.0,898747000.0,1738355000.0,1738355000.0,171762000.0,,,,,-4892000.0,318994000.0,1.0,426004831.0,426869000,437606000.0,4.072,3329293000.0,0.0,12806000.0,0.0,7.799,2228295000.0
25,NFLX,MRQ,2015-06-30,2015-06-30,2015-06-30,2021-10-21,-38120000.0,9654861000.0,,5600510000.0,4054351000.0,,4.778,-47324000.0,2293872000.0,2293872000.0,1121752000.0,26335000.0,1.739,3.751,2400000000.0,0.0,2400000000.0,2400000000.0,301754000.0,858994000.0,0.0,0.0,0.0,75707000.0,934701000.0,0.568,934701000.0,75707000.0,40490000.0,0.06,0.06,0.06,2032075000.0,,2032075000.0,39769399454.0,128.0,11.563,-228667000.0,-0.538,1.0,522942000.0,0.318,6151713000.0,35217000.0,389207000.0,,0.0,502886000.0,502886000.0,0.0,7622786000.0,3220069000.0,4402717000.0,39824176454.0,-160905000.0,0.0,23804000.0,0.0,0.0,62547000.0,-48330000.0,-367000.0,-181343000.0,6221000.0,26335000.0,26335000.0,26335000.0,0.0,0.0,0.016,448107000.0,74835000.0,2767909000.0,0.0,19.598,206.667,208.552,171396000.0,0.0,93.849,6.516,6.531,0.0,869315000.0,1644694000.0,1644694000.0,155061000.0,,,,,-10837000.0,293046000.0,1.0,424345047.0,425340000,436097000.0,3.867,3503148000.0,0.0,14155000.0,0.0,8.236,2380441000.0
26,NFLX,MRQ,2015-03-31,2015-03-31,2015-03-31,2021-10-21,-43154000.0,9240626000.0,,5539056000.0,3701570000.0,,4.507,-35942000.0,2454777000.0,2454777000.0,1046401000.0,23696000.0,1.841,3.84,2400000000.0,0.0,2400000000.0,2400000000.0,285340000.0,785870000.0,0.0,0.0,0.0,65163000.0,851033000.0,0.541,851033000.0,65163000.0,38426000.0,0.06,0.05,0.06,1909214000.0,,1909214000.0,24995337789.0,68.0,7.565,-163324000.0,-0.386,1.0,526728000.0,0.335,5682800000.0,26737000.0,494200000.0,,0.0,502931000.0,502931000.0,0.0,7331412000.0,3008849000.0,4322563000.0,25208945789.0,1341169000.0,0.0,10916000.0,1500000000.0,0.0,1522434000.0,-42822000.0,-7105000.0,-127382000.0,-11061000.0,23696000.0,23696000.0,23696000.0,0.0,0.0,0.015,429272000.0,97456000.0,2616186000.0,0.0,13.204,106.197,106.298,145816000.0,0.0,59.527,4.341,4.342,0.0,842980000.0,1573129000.0,1573129000.0,143106000.0,,,,,-1560000.0,286166000.0,1.0,423486574.0,423624000,433809000.0,3.714,3557826000.0,0.0,14730000.0,0.0,8.399,2530207000.0
27,NFLX,MRQ,2014-12-31,2014-12-31,2014-12-31,2021-10-21,-4446000.0,7042500000.0,,3927053000.0,3115447000.0,,4.399,-38856000.0,1113608000.0,1113608000.0,1014332000.0,83371000.0,1.475,2.791,885849000.0,0.0,885849000.0,885849000.0,274586000.0,764843000.0,0.0,0.0,0.0,58869000.0,823712000.0,0.555,823712000.0,58869000.0,45516000.0,0.19,0.2,0.19,1857708000.0,,1857708000.0,20297548530.0,51.0,6.38,-77317000.0,-0.183,1.0,470396000.0,0.317,4939460000.0,13353000.0,-787873000.0,,0.0,494888000.0,494888000.0,0.0,5184792000.0,2663154000.0,2521638000.0,20580765530.0,-69609000.0,0.0,3750000.0,813000.0,0.0,24391000.0,-51141000.0,-11854000.0,-38461000.0,-4398000.0,83371000.0,83371000.0,83371000.0,0.0,0.0,0.056,405350000.0,65046000.0,2318822000.0,0.0,11.079,77.14,77.463,149875000.0,0.0,48.801,3.739,3.728,0.0,819284000.0,1484728000.0,1484728000.0,125876000.0,,,,,9330000.0,279474000.0,1.0,421724653.0,422260000,432527000.0,3.516,2103040000.0,0.0,-37855000.0,0.0,4.98,1263899000.0
28,NFLX,MRQ,2014-09-30,2014-09-30,2014-09-30,2021-10-21,1645000.0,6778329000.0,,3823482000.0,2954847000.0,,4.095,-36562000.0,1183217000.0,1183217000.0,954394000.0,59295000.0,1.5,2.93,900000000.0,0.0,900000000.0,900000000.0,252956000.0,718780000.0,0.0,0.0,0.0,111023000.0,829803000.0,0.589,829803000.0,111023000.0,97537000.0,0.14,0.14,0.14,1724874000.0,,1724874000.0,26797620148.0,63.0,8.808,-74001000.0,-0.176,1.0,455038000.0,0.323,4638863000.0,13486000.0,-692406000.0,,0.0,483602000.0,483602000.0,0.0,5053455000.0,2548655000.0,2504800000.0,27111864148.0,-31027000.0,0.0,9877000.0,-275000.0,0.0,30662000.0,-20411000.0,15810000.0,-37439000.0,-3839000.0,59295000.0,59295000.0,59295000.0,0.0,0.0,0.042,344631000.0,110407000.0,2225140000.0,0.0,15.718,116.938,115.303,144147000.0,0.0,64.454,5.219,5.226,0.0,735913000.0,1409432000.0,1409432000.0,120953000.0,,,,,8818000.0,223678000.0,1.0,420637105.0,421194000,432742000.0,3.346,2139466000.0,0.0,38242000.0,0.0,5.08,1274827000.0
29,NFLX,MRQ,2014-06-30,2014-06-30,2014-06-30,2021-10-21,6502000.0,6325822000.0,,3668380000.0,2657442000.0,,3.833,-40850000.0,1214244000.0,1214244000.0,914848000.0,71018000.0,1.571,2.93,900000000.0,0.0,900000000.0,900000000.0,241330000.0,668937000.0,0.0,0.0,0.0,130700000.0,799637000.0,0.597,799637000.0,130700000.0,117372000.0,0.17,0.16,0.17,1609705000.0,,1609705000.0,26152262042.0,71.0,9.17,15174000.0,0.036,1.0,425559000.0,0.317,4135137000.0,13328000.0,-458683000.0,,0.0,500121000.0,500121000.0,0.0,4716117000.0,2335124000.0,2380993000.0,26409712042.0,56794000.0,0.0,14469000.0,-271000.0,0.0,28473000.0,-28953000.0,10768000.0,56024000.0,1250000.0,71018000.0,71018000.0,71018000.0,0.0,0.0,0.053,295959000.0,129600000.0,1995246000.0,0.0,16.407,129.221,126.901,141715000.0,0.0,62.943,5.399,5.404,0.0,676618000.0,1340407000.0,1340407000.0,115182000.0,,,,,14657000.0,180777000.0,1.0,419582352.0,419974000,431441000.0,3.192,2190685000.0,0.0,46354000.0,0.0,5.216,1333256000.0
30,NFLX,MRQ,2014-03-31,2014-03-31,2014-03-31,2021-10-21,4503000.0,6048106000.0,,3586784000.0,2461322000.0,,3.531,-28248000.0,1157450000.0,1157450000.0,869186000.0,53115000.0,1.585,3.091,900000000.0,0.0,900000000.0,900000000.0,230015000.0,629238000.0,0.0,0.0,0.0,98996000.0,728234000.0,0.573,728234000.0,98996000.0,88944000.0,0.127,0.123,0.127,1478358000.0,,1478358000.0,20948976289.0,72.0,7.916,8111000.0,0.019,1.0,400903000.0,0.316,3950884000.0,10052000.0,-423881000.0,,0.0,510793000.0,510793000.0,0.0,4569748000.0,2263653000.0,2306095000.0,21053941289.0,552485000.0,0.0,32448000.0,399733000.0,0.0,458186000.0,57639000.0,85592000.0,36359000.0,301000.0,53115000.0,53115000.0,53115000.0,0.0,0.0,0.042,303308000.0,97595000.0,1978780000.0,0.0,14.241,129.301,126.04,133473000.0,0.0,50.29,4.556,4.557,0.0,605600000.0,1270089000.0,1270089000.0,110310000.0,,,,,-6907000.0,192998000.0,1.0,418650652.0,418719000,430836000.0,3.033,2097222000.0,0.0,35829000.0,0.0,5.009,1323131000.0
31,NFLX,MRQ,2013-12-31,2013-12-31,2013-12-31,2021-10-21,3575000.0,5412563000.0,,3058763000.0,2353800000.0,,3.203,-38349000.0,604965000.0,604965000.0,820677000.0,48421000.0,1.42,3.059,500000000.0,0.0,500000000.0,500000000.0,215767000.0,603275000.0,0.0,0.0,0.0,81442000.0,684717000.0,0.583,684717000.0,81442000.0,74004000.0,0.121,0.109,0.121,1333561000.0,,1333561000.0,21877887490.0,109.0,8.959,3096000.0,0.007,1.0,354553000.0,0.302,3797492000.0,7438000.0,-644097000.0,,0.0,595440000.0,595440000.0,0.0,4079002000.0,2154203000.0,1924799000.0,21816943490.0,165909000.0,0.0,31004000.0,-264000.0,0.0,59928000.0,64622000.0,100840000.0,41445000.0,-86000.0,48421000.0,48421000.0,48421000.0,0.0,0.0,0.041,272265000.0,82288000.0,1884418000.0,0.0,16.36,194.096,187.842,133605000.0,0.0,52.596,4.987,4.898,0.0,552485000.0,1175230000.0,1175230000.0,98128000.0,,,,,-10266000.0,174137000.0,1.0,414804586.0,416391000,429170000.0,2.822,1615071000.0,0.0,25583000.0,0.0,3.879,904560000.0
32,NFLX,MRQ,2013-09-30,2013-09-30,2013-09-30,2021-10-21,1570000.0,4901325000.0,,2849278000.0,2052047000.0,,2.911,-26299000.0,439056000.0,439056000.0,798900000.0,31822000.0,1.472,3.07,500000000.0,0.0,500000000.0,500000000.0,195823000.0,582392000.0,0.0,0.0,0.0,56927000.0,639319000.0,0.578,639319000.0,56927000.0,49491000.0,0.077,0.074,0.077,1204370000.0,,1204370000.0,18348746061.0,132.0,8.085,8394000.0,0.02,1.0,307099000.0,0.278,3385901000.0,7436000.0,-358768000.0,,0.0,695931000.0,695931000.0,0.0,3696955000.0,1935136000.0,1761819000.0,18219424061.0,68378000.0,0.0,25561000.0,-258000.0,0.0,45795000.0,-13669000.0,13959000.0,34693000.0,1559000.0,31822000.0,31822000.0,31822000.0,0.0,0.0,0.029,249979000.0,57120000.0,1692880000.0,0.0,15.128,253.474,249.564,127263000.0,0.0,44.173,4.396,4.41,0.0,504064000.0,1105999000.0,1105999000.0,95540000.0,,,,,-2015000.0,154439000.0,1.0,412457451.0,413756000,426930000.0,2.673,1515424000.0,0.0,17669000.0,0.0,3.663,914142000.0
33,NFLX,MRQ,2013-06-30,2013-06-30,2013-06-30,2021-10-21,-1664000.0,4480751000.0,,2570322000.0,1910429000.0,,2.714,-22111000.0,370678000.0,370678000.0,760674000.0,29471000.0,1.539,3.053,500000000.0,0.0,500000000.0,500000000.0,186571000.0,539985000.0,0.0,0.0,0.0,54177000.0,594162000.0,0.556,594162000.0,54177000.0,46649000.0,0.073,0.07,0.073,1105622000.0,,1105622000.0,12133383005.0,123.0,5.827,11832000.0,0.029,1.0,308698000.0,0.289,3045811000.0,7528000.0,-106002000.0,,0.0,709432000.0,709432000.0,0.0,3375129000.0,1670264000.0,1704865000.0,11851434005.0,-47373000.0,0.0,28846000.0,-255000.0,0.0,48959000.0,-127685000.0,-106661000.0,33943000.0,-2590000.0,29471000.0,29471000.0,29471000.0,0.0,0.0,0.028,251581000.0,57117000.0,1424658000.0,0.0,10.719,248.291,251.298,127931000.0,0.0,30.156,3.005,3.115,0.0,472242000.0,1069372000.0,1069372000.0,93126000.0,,,,,-2413000.0,158455000.0,1.0,393007902.0,407344000,424130000.0,2.625,1434940000.0,0.0,17178000.0,0.0,3.523,900058000.0
34,NFLX,MRQ,2013-03-31,2013-03-31,2013-03-31,2021-10-21,291000.0,4363289000.0,,2557100000.0,1806189000.0,,2.075,-33311000.0,418051000.0,418051000.0,736952000.0,2689000.0,1.514,4.367,700000000.0,0.0,700000000.0,700000000.0,178878000.0,516028000.0,0.0,0.0,0.0,7670000.0,523698000.0,0.511,523698000.0,7670000.0,930000.0,0.007,0.007,0.007,812919000.0,,812919000.0,10708154327.0,178.0,5.615,-45561000.0,-0.116,1.0,287009000.0,0.28,2968179000.0,6740000.0,-11655000.0,,0.0,607821000.0,607821000.0,0.0,3550370000.0,1688714000.0,1861656000.0,10598445327.0,127760000.0,0.0,39146000.0,280235000.0,0.0,321582000.0,-179236000.0,-149975000.0,-12250000.0,-2336000.0,2689000.0,2689000.0,2689000.0,0.0,0.0,0.003,255187000.0,31822000.0,1457832000.0,0.0,13.038,433.918,429.206,129319000.0,0.0,27.04,2.816,2.815,0.0,442771000.0,1023961000.0,1023961000.0,91975000.0,,,,,6131000.0,163212000.0,1.0,391954339.0,391804000,421022000.0,2.613,1395110000.0,0.0,-1759000.0,0.0,3.561,868386000.0
35,NFLX,MRQ,2012-12-31,2012-12-31,2012-12-31,2021-10-21,2919000.0,3967890000.0,,2240791000.0,1727099000.0,,1.915,-39494000.0,290291000.0,290291000.0,722059000.0,7897000.0,1.337,4.328,400000000.0,0.0,400000000.0,400000000.0,169472000.0,492415000.0,0.0,0.0,0.0,19920000.0,512335000.0,0.542,512335000.0,19920000.0,14904000.0,0.02,0.019,0.02,744673000.0,,744673000.0,5172662715.0,102.0,2.952,-53499000.0,-0.138,1.0,223180000.0,0.236,2874170000.0,5016000.0,-472497000.0,,0.0,457787000.0,457787000.0,0.0,3223217000.0,1675926000.0,1547291000.0,5142960715.0,-80007000.0,0.0,1594000.0,-891000.0,0.0,1832000.0,-67820000.0,-30819000.0,-14005000.0,-14000.0,7897000.0,7897000.0,7897000.0,0.0,0.0,0.008,203542000.0,19638000.0,1453315000.0,0.0,6.906,299.846,300.617,131681000.0,0.0,13.227,1.425,1.424,0.0,440082000.0,945239000.0,945239000.0,82139000.0,,,,,17324000.0,121403000.0,1.0,388818717.0,388920000,413903000.0,2.43,1093720000.0,0.0,7007000.0,0.0,2.812,564865000.0
36,NFLX,MRQ,2012-09-30,2012-09-30,2012-09-30,2021-10-21,3006000.0,3808833000.0,,2225018000.0,1583815000.0,,1.844,-19394000.0,370298000.0,370298000.0,662638000.0,7675000.0,1.392,4.313,400000000.0,0.0,400000000.0,400000000.0,155146000.0,435207000.0,0.0,0.0,0.0,16936000.0,452143000.0,0.5,452143000.0,16936000.0,11946000.0,0.02,0.019,0.02,716840000.0,,716840000.0,3021034441.0,33.0,1.867,-22319000.0,-0.057,1.0,242451000.0,0.268,2702335000.0,4990000.0,-462023000.0,,0.0,428057000.0,428057000.0,0.0,3091993000.0,1598223000.0,1493770000.0,3023285441.0,-31953000.0,0.0,318000.0,-587000.0,0.0,-158000.0,-30449000.0,-12912000.0,-2925000.0,1579000.0,7675000.0,7675000.0,7675000.0,0.0,0.0,0.008,226316000.0,16135000.0,1372396000.0,0.0,4.218,67.979,66.471,133603000.0,0.0,7.777,0.854,0.854,0.0,432185000.0,905089000.0,905089000.0,82521000.0,,,,,18361000.0,143795000.0,1.0,388739862.0,388787000,411103000.0,2.328,1106498000.0,0.0,4271000.0,0.0,2.846,626795000.0
37,NFLX,MRQ,2012-06-30,2012-06-30,2012-06-30,2021-10-21,961000.0,3478290000.0,,2137785000.0,1340505000.0,,1.771,-11371000.0,402251000.0,402251000.0,643428000.0,6164000.0,1.426,4.054,400000000.0,0.0,400000000.0,400000000.0,152790000.0,403348000.0,0.0,0.0,0.0,15661000.0,419009000.0,0.471,419009000.0,15661000.0,10655000.0,0.016,0.016,0.016,688226000.0,,688226000.0,3805995989.0,22.0,2.56,8036000.0,0.021,1.0,245735000.0,0.276,2371443000.0,5006000.0,-394248000.0,,0.0,411092000.0,411092000.0,0.0,2790064000.0,1498844000.0,1291220000.0,3801987989.0,6259000.0,0.0,524000.0,-577000.0,0.0,-117000.0,-10654000.0,-2415000.0,19407000.0,-2377000.0,6164000.0,6164000.0,6164000.0,0.0,0.0,0.007,229581000.0,16154000.0,1295170000.0,0.0,5.524,38.304,36.643,124644000.0,0.0,9.784,1.1,1.1,0.0,424510000.0,889163000.0,889163000.0,81547000.0,,,,,18143000.0,148034000.0,1.0,388609417.0,388682000,411663000.0,2.288,1106847000.0,0.0,4491000.0,0.0,2.848,638941000.0
38,NFLX,MRQ,2012-03-31,2012-03-31,2012-03-31,2021-10-21,1577000.0,3480459000.0,,2058741000.0,1421718000.0,,1.709,-18294000.0,395992000.0,395992000.0,623933000.0,-4584000.0,1.423,4.246,400000000.0,0.0,400000000.0,400000000.0,150602000.0,371113000.0,0.0,0.0,0.0,-2051000.0,369062000.0,0.424,369062000.0,-2051000.0,-7025000.0,-0.011,-0.011,-0.011,663402000.0,,663402000.0,6267306425.0,23.0,4.6,815000.0,0.002,1.0,245858000.0,0.283,2381717000.0,4974000.0,-343916000.0,,0.0,408534000.0,408534000.0,0.0,2817057000.0,1446666000.0,1370391000.0,6375359425.0,-112061000.0,0.0,1224000.0,-559000.0,0.0,4032000.0,-135817000.0,-118857000.0,19109000.0,615000.0,-4584000.0,-4584000.0,-4584000.0,0.0,0.0,-0.005,247793000.0,-1935000.0,1246958000.0,0.0,9.61,39.523,37.607,128197000.0,0.0,16.434,1.9,1.901,0.0,418346000.0,869791000.0,869791000.0,82801000.0,,,,,15577000.0,164992000.0,1.0,387930424.0,388192000,388192000.0,2.241,1098742000.0,0.0,-2441000.0,0.0,2.83,612075000.0
39,NFLX,MRQ,2011-12-31,2011-12-31,2011-12-31,2021-10-21,706000.0,3069196000.0,,1830857000.0,1238339000.0,,1.714,-33800000.0,508053000.0,508053000.0,575155000.0,35219000.0,1.495,3.775,400000000.0,0.0,400000000.0,400000000.0,148796000.0,315859000.0,0.0,0.0,0.0,61777000.0,377636000.0,0.431,377636000.0,61777000.0,56835000.0,0.093,0.09,0.093,642810000.0,,642810000.0,3713468465.0,10.0,3.046,31666000.0,0.084,1.0,300420000.0,0.343,1966643000.0,4942000.0,-230555000.0,,0.0,289758000.0,289758000.0,0.0,2426386000.0,1225055000.0,1201331000.0,3638008465.0,348854000.0,0.0,200972000.0,197524000.0,0.0,398997000.0,-115609000.0,-84064000.0,65466000.0,0.0,35219000.0,35219000.0,35219000.0,0.0,0.0,0.04,238548000.0,61872000.0,1022028000.0,0.0,5.66,16.088,16.201,136353000.0,0.0,9.899,1.135,1.143,0.0,422930000.0,875575000.0,875575000.0,80783000.0,,,,,17576000.0,157765000.0,1.0,367528637.0,375137000,388164000.0,2.334,1102553000.0,0.0,21616000.0,0.0,2.939,605802000.0
40,NFLX,MRQ,2011-09-30,2011-09-30,2011-09-30,2021-10-21,588000.0,1961558000.0,,1190113000.0,771445000.0,,1.055,-34906000.0,159199000.0,159199000.0,536617000.0,62460000.0,1.229,4.051,234659000.0,2259000.0,232400000.0,234659000.0,160929000.0,222359000.0,0.0,0.0,0.0,98538000.0,320897000.0,0.39,320897000.0,98538000.0,93623000.0,0.17,0.166,0.17,388352000.0,,388352000.0,6010758584.0,15.0,5.857,14625000.0,0.04,1.0,285222000.0,0.347,1275608000.0,4915000.0,-206556000.0,,0.0,206573000.0,206573000.0,0.0,1573206000.0,967966000.0,605240000.0,5950780584.0,-16008000.0,0.0,-35193000.0,-526000.0,0.0,-23958000.0,-41581000.0,-5831000.0,49531000.0,0.0,62460000.0,62460000.0,62460000.0,0.0,0.0,0.076,188380000.0,96842000.0,750107000.0,0.0,15.323,25.003,25.049,143993000.0,0.0,16.181,2.035,2.036,0.0,387711000.0,821839000.0,821839000.0,69480000.0,,,,,3944000.0,118900000.0,1.0,367753722.0,367983000,377090000.0,2.233,685950000.0,28743000.0,31163000.0,0.0,1.864,222147000.0
41,NFLX,MRQ,2011-06-30,2011-06-30,2011-06-30,2021-10-21,884000.0,1570693000.0,,969444000.0,601249000.0,,0.909,-27691000.0,175207000.0,175207000.0,489978000.0,68214000.0,1.334,3.702,235185000.0,2199000.0,232986000.0,235185000.0,146937000.0,178648000.0,0.0,0.0,0.0,116127000.0,294775000.0,0.374,294775000.0,116127000.0,110824000.0,0.186,0.18,0.186,334034000.0,,334034000.0,13881543878.0,38.0,16.114,58701000.0,0.16,1.0,298632000.0,0.379,924680000.0,5303000.0,-20718000.0,,0.0,201200000.0,201200000.0,0.0,1236659000.0,726709000.0,509950000.0,13796257878.0,24788000.0,0.0,-44003000.0,-520000.0,0.0,-26655000.0,-34949000.0,-8102000.0,86392000.0,0.0,68214000.0,68214000.0,68214000.0,0.0,0.0,0.086,183518000.0,115114000.0,533436000.0,0.0,41.302,64.617,64.702,136948000.0,0.0,37.527,5.194,5.189,0.0,333097000.0,788610000.0,788610000.0,57865000.0,,,,,-2332000.0,125653000.0,1.0,367634113.0,367290000,377363000.0,2.147,646013000.0,25883000.0,42610000.0,0.0,1.759,242735000.0
42,NFLX,MRQ,2011-03-31,2011-03-31,2011-03-31,2021-10-21,590000.0,1090188000.0,,721602000.0,368586000.0,,0.747,-38439000.0,150419000.0,150419000.0,438151000.0,60233000.0,1.472,2.954,235705000.0,2141000.0,233564000.0,235705000.0,143045000.0,122753000.0,0.0,0.0,0.0,103105000.0,225858000.0,0.314,225858000.0,103105000.0,98240000.0,0.163,0.159,0.163,275722000.0,,275722000.0,12618042904.0,38.0,17.539,77884000.0,0.211,1.0,280402000.0,0.39,463487000.0,4865000.0,221669000.0,,0.0,192302000.0,192302000.0,0.0,814466000.0,490318000.0,324148000.0,12576335904.0,-44080000.0,0.0,-101881000.0,-501000.0,0.0,-86728000.0,-73675000.0,-36655000.0,116323000.0,0.0,60233000.0,60233000.0,60233000.0,0.0,0.0,0.084,178162000.0,102240000.0,301009000.0,0.0,45.612,66.607,66.216,134800000.0,0.0,33.969,5.268,5.254,0.0,275080000.0,718553000.0,718553000.0,50905000.0,,,,,-3390000.0,127257000.0,1.0,370234466.0,369313000,379722000.0,1.946,626701000.0,22452000.0,38007000.0,0.0,1.697,231284000.0
43,NFLX,MRQ,2010-12-31,2010-12-31,2010-12-31,2021-10-21,750000.0,982067000.0,,637231000.0,344836000.0,,0.788,-47339000.0,194499000.0,194499000.0,390790000.0,47095000.0,1.64,2.385,200000000.0,0.0,200000000.0,200000000.0,127183000.0,105268000.0,0.0,0.0,0.0,79391000.0,184659000.0,0.31,184659000.0,79391000.0,74559000.0,0.127,0.124,0.127,290164000.0,,290164000.0,9305219872.0,32.0,14.864,49378000.0,0.134,1.0,205132000.0,0.344,361979000.0,4832000.0,237010000.0,,0.0,155888000.0,155888000.0,0.0,691903000.0,388579000.0,303324000.0,9181641872.0,81391000.0,0.0,15822000.0,-480000.0,0.0,42857000.0,-58183000.0,-12899000.0,96717000.0,0.0,47095000.0,47095000.0,47095000.0,0.0,0.0,0.079,126679000.0,78453000.0,222824000.0,0.0,31.643,57.081,57.437,128570000.0,0.0,25.1,4.246,4.268,0.0,237739000.0,595922000.0,595922000.0,45959000.0,,,,,-19245000.0,80720000.0,1.0,365802465.0,368102000,379351000.0,1.619,620088000.0,0.0,27464000.0,0.0,1.685,248652000.0
44,NFLX,MRQ,2010-09-30,2010-09-30,2010-09-30,2021-10-21,1279000.0,770283000.0,,492247000.0,278036000.0,,0.526,-37242000.0,113108000.0,113108000.0,344469000.0,37967000.0,1.577,3.012,236686000.0,2027000.0,234659000.0,236686000.0,102986000.0,85824000.0,0.0,0.0,0.0,70354000.0,156178000.0,0.282,156178000.0,70354000.0,65409000.0,0.104,0.1,0.104,191975000.0,,191975000.0,8620230009.0,33.0,15.186,4985000.0,0.014,1.0,208750000.0,0.377,258436000.0,4945000.0,323318000.0,,0.0,143705000.0,143705000.0,0.0,578308000.0,312107000.0,266201000.0,8490401009.0,5781000.0,0.0,-46463000.0,-470000.0,0.0,-30840000.0,-5606000.0,28854000.0,42227000.0,0.0,37967000.0,37967000.0,37967000.0,0.0,0.0,0.069,139249000.0,69501000.0,170120000.0,0.0,44.227,58.688,59.247,125057000.0,0.0,23.166,4.221,4.204,0.0,190644000.0,553219000.0,553219000.0,42108000.0,,,,,-8797000.0,97141000.0,1.0,366507197.0,364994000,377517000.0,1.516,511847000.0,19219000.0,27442000.0,0.0,1.402,180140000.0
45,NFLX,MRQ,2010-06-30,2010-06-30,2010-06-30,2021-10-21,802000.0,693972000.0,,441218000.0,252754000.0,,0.481,-29862000.0,107327000.0,107327000.0,314934000.0,43519000.0,1.709,2.929,237156000.0,1971000.0,235185000.0,237156000.0,101419000.0,74452000.0,0.0,0.0,0.0,78263000.0,152715000.0,0.294,152715000.0,78263000.0,73370000.0,0.119,0.114,0.119,176640000.0,,176640000.0,5836010546.0,24.0,11.034,30390000.0,0.083,1.0,204885000.0,0.394,187789000.0,4893000.0,377845000.0,,0.0,171758000.0,171758000.0,0.0,517332000.0,258167000.0,259165000.0,5678250546.0,27466000.0,0.0,-32036000.0,-465000.0,0.0,-21319000.0,-11467000.0,14570000.0,60252000.0,0.0,43519000.0,43519000.0,43519000.0,0.0,0.0,0.084,127543000.0,77342000.0,120031000.0,0.0,32.146,41.494,42.641,123292000.0,0.0,15.521,3.019,3.031,0.0,175786000.0,519819000.0,519819000.0,37863000.0,,,,,-4254000.0,89680000.0,1.0,365832985.0,367402000,380268000.0,1.415,506183000.0,21951000.0,29851000.0,0.0,1.378,183051000.0
46,NFLX,MRQ,2010-03-31,2010-03-31,2010-03-31,2021-10-21,487000.0,648293000.0,,379538000.0,268755000.0,,0.396,-43295000.0,79861000.0,79861000.0,307162000.0,32272000.0,1.559,3.418,237621000.0,1917000.0,235704000.0,237621000.0,100109000.0,73151000.0,0.0,0.0,0.0,59317000.0,132468000.0,0.268,132468000.0,59317000.0,54358000.0,0.087,0.084,0.087,146735000.0,,146735000.0,4051300961.0,18.0,8.233,33910000.0,0.092,1.0,186503000.0,0.378,164997000.0,4959000.0,397609000.0,,0.0,186469000.0,186469000.0,0.0,501558000.0,243447000.0,258111000.0,3947542961.0,-54363000.0,0.0,-97806000.0,-361000.0,0.0,-90743000.0,-40825000.0,-1212000.0,77205000.0,0.0,32272000.0,32272000.0,32272000.0,0.0,0.0,0.065,128158000.0,58345000.0,102703000.0,0.0,26.903,31.387,32.314,127165000.0,0.0,10.534,2.23,2.205,0.0,146196000.0,493665000.0,493665000.0,37399000.0,,,,,-1922000.0,90759000.0,1.0,374732855.0,370377000,383425000.0,1.333,483296000.0,18791000.0,22086000.0,0.0,1.305,136091000.0
47,NFLX,MRQ,2009-12-31,2009-12-31,2009-12-31,2021-10-21,273000.0,679734000.0,,411013000.0,268721000.0,,0.532,-86711000.0,134224000.0,134224000.0,275486000.0,30913000.0,1.807,2.413,237982000.0,1410000.0,236572000.0,237982000.0,100097000.0,70499000.0,0.0,0.0,0.0,55793000.0,126292000.0,0.284,126292000.0,55793000.0,51336000.0,0.081,0.079,0.081,199143000.0,,199143000.0,2992831012.0,15.0,6.56,19106000.0,0.051,1.0,169056000.0,0.38,146139000.0,4457000.0,409917000.0,,0.0,186018000.0,186018000.0,0.0,480591000.0,227436000.0,253155000.0,3010266012.0,78507000.0,7483000.0,-70237000.0,192595000.0,0.0,125942000.0,-153252000.0,-85116000.0,105817000.0,0.0,30913000.0,30913000.0,30913000.0,0.0,0.0,0.07,115707000.0,53349000.0,92542000.0,0.0,15.116,25.982,26.86,131653000.0,0.0,7.87,1.802,1.866,0.0,198817000.0,444542000.0,444542000.0,33209000.0,,,,,-608000.0,79679000.0,1.0,382498858.0,374584000,387681000.0,1.187,533595000.0,15958000.0,20423000.0,0.0,1.425,183577000.0
48,NFLX,MRQ,2009-09-30,2009-09-30,2009-09-30,2021-10-21,552000.0,492131000.0,,234962000.0,257169000.0,,0.591,-52922000.0,55717000.0,55717000.0,275274000.0,30141000.0,1.154,1.119,38282000.0,1342000.0,36940000.0,38282000.0,79123000.0,66308000.0,0.0,0.0,0.0,51145000.0,117453000.0,0.278,117453000.0,51145000.0,50471000.0,0.077,0.074,0.077,232202000.0,,232202000.0,2601989069.0,14.0,6.117,25389000.0,0.065,1.0,147846000.0,0.349,137476000.0,674000.0,133698000.0,,0.0,99745000.0,99745000.0,0.0,259929000.0,203522000.0,56407000.0,2650884069.0,-31754000.0,0.0,-126961000.0,-294000.0,0.0,-125655000.0,15590000.0,68378000.0,78311000.0,0.0,30141000.0,30141000.0,30141000.0,0.0,0.0,0.071,98509000.0,49337000.0,93451000.0,0.0,11.416,24.618,24.796,122119000.0,0.0,6.596,1.672,1.635,0.0,193399000.0,423120000.0,423120000.0,30014000.0,,,,,1632000.0,70099000.0,1.0,401910082.0,393022000,405566000.0,1.077,354655000.0,22950000.0,20330000.0,0.0,0.902,31440000.0
49,NFLX,MRQ,2009-06-30,2009-06-30,2009-06-30,2021-10-21,725000.0,591993000.0,,342564000.0,249429000.0,,0.801,-48998000.0,87471000.0,87471000.0,269243000.0,32443000.0,1.622,0.825,38576000.0,1275000.0,37301000.0,38576000.0,80495000.0,62248000.0,0.0,0.0,0.0,53648000.0,115896000.0,0.284,115896000.0,53648000.0,52974000.0,0.08,0.077,0.08,324371000.0,,324371000.0,2308968747.0,14.0,5.775,26304000.0,0.065,1.0,139266000.0,0.341,133835000.0,674000.0,198077000.0,,0.0,167498000.0,167498000.0,0.0,267622000.0,211186000.0,56436000.0,2385228747.0,-27660000.0,0.0,-62733000.0,-295000.0,0.0,-59213000.0,-43749000.0,5238000.0,75302000.0,0.0,32443000.0,32443000.0,32443000.0,0.0,0.0,0.079,86484000.0,52782000.0,101634000.0,0.0,7.353,24.362,24.919,120346000.0,0.0,5.906,1.586,1.591,0.0,163258000.0,408509000.0,408509000.0,27119000.0,,,,,-537000.0,59483000.0,1.0,403884887.0,405104000,417620000.0,1.008,458158000.0,22819000.0,20531000.0,0.0,1.131,131378000.0
50,NFLX,MRQ,2009-03-31,2009-03-31,2009-03-31,2021-10-21,-447000.0,628678000.0,,364880000.0,263798000.0,,0.842,-50545000.0,115131000.0,115131000.0,259268000.0,22363000.0,1.609,0.815,38871000.0,1215000.0,37656000.0,38871000.0,80623000.0,58479000.0,0.0,0.0,0.0,38081000.0,96560000.0,0.245,96560000.0,38081000.0,37411000.0,0.054,0.053,0.054,346312000.0,,346312000.0,2417990744.0,16.0,6.269,15088000.0,0.037,1.0,134830000.0,0.342,138660000.0,670000.0,187045000.0,,0.0,171358000.0,171358000.0,0.0,282366000.0,226713000.0,55653000.0,2518731744.0,-24750000.0,0.0,-29130000.0,-269000.0,0.0,-25715000.0,-64668000.0,-14121000.0,65633000.0,0.0,22363000.0,22363000.0,22363000.0,0.0,0.0,0.057,98359000.0,36471000.0,112767000.0,0.0,7.273,27.364,27.997,123817000.0,0.0,6.131,1.758,1.76,0.0,130815000.0,394098000.0,394098000.0,24200000.0,,,,,-552000.0,75256000.0,1.0,410790359.0,411138000,424963000.0,0.959,490018000.0,28649000.0,15048000.0,0.0,1.192,138167000.0
51,NFLX,MRQ,2008-12-31,2008-12-31,2008-12-31,2021-10-21,84000.0,615424000.0,,358925000.0,256499000.0,,0.842,-41071000.0,139881000.0,139881000.0,232846000.0,22732000.0,1.662,0.773,39140000.0,1152000.0,37988000.0,39140000.0,83127000.0,56720000.0,0.0,0.0,0.0,38773000.0,95493000.0,0.266,95493000.0,38773000.0,38096000.0,0.054,0.053,0.054,347155000.0,,347155000.0,1681472279.0,13.0,4.47,51029000.0,0.124,1.0,126749000.0,0.352,117238000.0,677000.0,181428000.0,,0.0,157390000.0,157390000.0,0.0,268269000.0,216017000.0,52252000.0,1753619279.0,28357000.0,0.0,-6761000.0,-237000.0,0.0,-6245000.0,-57498000.0,-16395000.0,92100000.0,0.0,22732000.0,22732000.0,22732000.0,0.0,0.0,0.063,88828000.0,37921000.0,100344000.0,0.0,5.051,21.121,22.01,124948000.0,0.0,4.27,1.285,1.335,0.0,108452000.0,359595000.0,359595000.0,24052000.0,,,,,2441000.0,66379000.0,1.0,410683672.0,412237000,422590000.0,0.872,498186000.0,22409000.0,15364000.0,0.0,1.208,142908000.0
52,NFLX,MRQ,2008-09-30,2008-09-30,2008-09-30,2021-10-21,-2410000.0,582999000.0,,301375000.0,281624000.0,,0.768,-34329000.0,111524000.0,111524000.0,224496000.0,20371000.0,1.45,0.795,39377000.0,1090000.0,38287000.0,39377000.0,65897000.0,56239000.0,0.0,0.0,0.0,35610000.0,91849000.0,0.269,91849000.0,35610000.0,34933000.0,0.049,0.047,0.049,324833000.0,,324833000.0,1774928218.0,15.0,4.838,26166000.0,0.062,1.0,116773000.0,0.342,122558000.0,677000.0,180405000.0,,0.0,139304000.0,139304000.0,0.0,258166000.0,207889000.0,50277000.0,1879606218.0,-32765000.0,0.0,-87452000.0,-234000.0,0.0,-86593000.0,-6667000.0,27659000.0,60495000.0,0.0,20371000.0,20371000.0,20371000.0,0.0,0.0,0.06,82699000.0,34074000.0,109277000.0,0.0,5.786,24.737,25.353,128541000.0,0.0,4.411,1.438,1.427,0.0,85720000.0,341269000.0,341269000.0,23368000.0,,,,,1942000.0,60959000.0,1.0,426076539.0,422856000,435904000.0,0.807,460441000.0,26854000.0,14562000.0,0.0,1.089,93486000.0
53,NFLX,MRQ,2008-06-30,2008-06-30,2008-06-30,2021-10-21,-814000.0,646023000.0,,359154000.0,286869000.0,,0.901,-53693000.0,144289000.0,144289000.0,230087000.0,26579000.0,1.749,0.659,39611000.0,1029000.0,38582000.0,39611000.0,67886000.0,65200000.0,0.0,0.0,0.0,36605000.0,101805000.0,0.302,101805000.0,36605000.0,35924000.0,0.061,0.06,0.061,389462000.0,,389462000.0,1439220914.0,13.0,4.043,13687000.0,0.032,1.0,107527000.0,0.318,126928000.0,681000.0,209040000.0,,0.0,169175000.0,169175000.0,0.0,256561000.0,205377000.0,51184000.0,1608209914.0,-24700000.0,0.0,4524000.0,-230000.0,0.0,6848000.0,-98928000.0,-44255000.0,67380000.0,0.0,26579000.0,26579000.0,26579000.0,0.0,0.0,0.079,73326000.0,34201000.0,109000000.0,0.0,4.129,22.568,23.277,129553000.0,0.0,3.724,1.276,1.278,0.0,65349000.0,337614000.0,337614000.0,22186000.0,,,,,351000.0,53403000.0,1.0,431817008.0,432474000,446999000.0,0.781,519095000.0,22960000.0,9345000.0,0.0,1.2,153777000.0
54,NFLX,MRQ,2008-03-31,2008-03-31,2008-03-31,2021-10-21,310000.0,585678000.0,,326162000.0,259516000.0,,0.809,-59240000.0,168989000.0,168989000.0,222805000.0,13344000.0,1.437,0.648,0.0,0.0,0.0,0.0,68375000.0,64154000.0,0.0,0.0,0.0,22970000.0,87124000.0,0.267,87124000.0,22970000.0,22547000.0,0.03,0.03,0.03,355433000.0,,355433000.0,1942786600.0,16.0,5.489,4822000.0,0.011,1.0,103378000.0,0.317,145361000.0,423000.0,44364000.0,,0.0,126506000.0,126506000.0,0.0,230245000.0,226964000.0,3281000.0,2120225600.0,-8450000.0,-6000000.0,-91343000.0,-122000.0,0.0,-90645000.0,18133000.0,83365000.0,64062000.0,0.0,13344000.0,13344000.0,13344000.0,0.0,0.0,0.041,88068000.0,15310000.0,114568000.0,0.0,5.965,30.213,32.781,86997000.0,0.0,4.95,1.729,1.774,0.0,39741000.0,326183000.0,326183000.0,20267000.0,,,,,2310000.0,68634000.0,1.0,428328404.0,439432000,453880000.0,0.742,440317000.0,20044000.0,9203000.0,0.0,1.002,99198000.0
55,NFLX,MRQ,2007-12-31,2007-12-31,2007-12-31,2021-10-21,1611000.0,678998000.0,,432423000.0,246575000.0,,0.943,-49830000.0,177439000.0,177439000.0,200050000.0,15691000.0,2.07,0.58,36475000.0,823000.0,35652000.0,36475000.0,71665000.0,60913000.0,0.0,0.0,0.0,25203000.0,86116000.0,0.285,86116000.0,25203000.0,24908000.0,0.034,0.034,0.034,429812000.0,,429812000.0,1571178462.0,14.0,4.652,21573000.0,0.047,1.0,102305000.0,0.338,128371000.0,295000.0,200758000.0,,0.0,207703000.0,207703000.0,0.0,249186000.0,208905000.0,40281000.0,1750982462.0,-2365000.0,0.0,-28565000.0,-100000.0,0.0,-23681000.0,-50087000.0,225000.0,71403000.0,0.0,15691000.0,15691000.0,15691000.0,0.0,0.0,0.052,82031000.0,20274000.0,99951000.0,0.0,4.074,26.288,26.971,113175000.0,0.0,3.803,1.453,1.481,0.0,25426000.0,302355000.0,302355000.0,18453000.0,,,,,-1742000.0,65274000.0,1.0,460438664.0,455945000,468496000.0,0.663,550627000.0,19119000.0,9217000.0,0.0,1.208,223518000.0
56,NFLX,MRQ,2007-09-30,2007-09-30,2007-09-30,2021-10-21,737000.0,624197000.0,,418318000.0,205879000.0,,0.934,-42104000.0,179804000.0,179804000.0,194453000.0,15647000.0,2.227,0.437,0.0,0.0,0.0,0.0,56321000.0,54182000.0,0.0,0.0,0.0,26794000.0,80976000.0,0.275,80976000.0,26794000.0,26498000.0,0.034,0.033,0.034,434438000.0,,434438000.0,1211706020.0,11.0,3.709,35559000.0,0.076,1.0,99519000.0,0.339,114254000.0,296000.0,142307000.0,,0.0,206377000.0,206377000.0,0.0,189759000.0,187832000.0,1927000.0,1395888020.0,-4378000.0,0.0,-34916000.0,-98000.0,0.0,-29844000.0,-52197000.0,-10708000.0,77663000.0,0.0,15647000.0,15647000.0,15647000.0,0.0,0.0,0.053,77814000.0,21705000.0,89494000.0,0.0,3.213,21.272,21.326,71616000.0,0.0,2.964,1.183,1.169,0.0,10587000.0,293972000.0,293972000.0,18112000.0,,,,,-2057000.0,62012000.0,1.0,470904252.0,465283000,476630000.0,0.632,509943000.0,19321000.0,10851000.0,0.0,1.096,230486000.0
57,NFLX,MRQ,2007-06-30,2007-06-30,2007-06-30,2021-10-21,-521000.0,612300000.0,,410570000.0,201730000.0,,0.933,-58951000.0,184182000.0,184182000.0,196693000.0,25494000.0,2.458,0.379,0.0,0.0,0.0,0.0,60522000.0,56304000.0,0.0,0.0,0.0,43398000.0,99702000.0,0.328,99702000.0,43398000.0,43100000.0,0.053,0.051,0.053,444081000.0,,444081000.0,1105099386.0,10.0,3.591,6283000.0,0.013,1.0,107000000.0,0.352,113902000.0,298000.0,147183000.0,,0.0,193770000.0,193770000.0,0.0,168219000.0,167033000.0,1186000.0,1323557386.0,-34276000.0,0.0,-27534000.0,-97000.0,0.0,-15613000.0,-83897000.0,-25213000.0,65234000.0,0.0,25494000.0,25494000.0,25494000.0,0.0,0.0,0.084,68574000.0,38426000.0,70757000.0,0.0,2.98,21.091,21.145,67355000.0,0.0,2.77,1.159,1.155,0.0,-5145000.0,303693000.0,303693000.0,18803000.0,,,,,-9200000.0,59053000.0,1.0,477818551.0,476217000,489237000.0,0.638,498398000.0,19515000.0,17606000.0,0.0,1.047,243537000.0
58,NFLX,MRQ,2007-03-31,2007-03-31,2007-03-31,2021-10-21,484000.0,625110000.0,,426273000.0,198837000.0,,0.899,-80928000.0,218458000.0,218458000.0,194972000.0,9864000.0,2.223,0.446,0.0,0.0,0.0,0.0,64234000.0,54067000.0,0.0,0.0,0.0,16565000.0,70632000.0,0.231,70632000.0,16565000.0,16565000.0,0.02,0.02,0.02,432204000.0,,432204000.0,1191578119.0,13.0,4.39,-17899000.0,-0.037,1.0,110348000.0,0.361,114137000.0,0.0,100794000.0,,0.0,169525000.0,169525000.0,0.0,192906000.0,191721000.0,1185000.0,1593324119.0,-181972000.0,0.0,766000.0,0.0,0.0,4842000.0,-249843000.0,-168812000.0,63029000.0,0.0,9864000.0,9864000.0,9864000.0,0.0,0.0,0.032,99133000.0,11215000.0,93959000.0,0.0,3.687,29.344,27.607,64452000.0,0.0,3.313,1.478,1.478,0.0,-30725000.0,305320000.0,305320000.0,15715000.0,,,,,-1273000.0,84326000.0,1.0,480951653.0,480851000,494704000.0,0.635,510973000.0,19010000.0,6701000.0,0.0,1.063,234552000.0
59,NFLX,MRQ,2006-12-31,2006-12-31,2006-12-31,2021-10-21,0.0,608779000.0,,428418000.0,180361000.0,,0.864,-63859000.0,400430000.0,400430000.0,169348000.0,14617000.0,2.215,0.47,0.0,0.0,0.0,0.0,69678000.0,50787000.0,0.0,0.0,0.0,24556000.0,75343000.0,0.272,75343000.0,24556000.0,23346000.0,0.031,0.03,0.031,414211000.0,,414211000.0,1400475067.0,17.0,5.861,23580000.0,0.049,1.0,107885000.0,0.389,104908000.0,1210000.0,-90006000.0,,0.0,0.0,0.0,0.0,194568000.0,193447000.0,1121000.0,1770355067.0,31689000.0,0.0,3566000.0,-328000.0,0.0,8890000.0,-64640000.0,0.0,87439000.0,0.0,14617000.0,14617000.0,14617000.0,0.0,0.0,0.053,88393000.0,19492000.0,93864000.0,0.0,4.274,36.249,33.282,55503000.0,0.0,3.694,1.776,1.624,0.0,-40589000.0,277233000.0,277233000.0,12653000.0,,,,,-2522000.0,77044000.0,1.0,479214442.0,479430000,492954000.0,0.578,503871000.0,18755000.0,8729000.0,0.0,1.051,234971000.0
60,NFLX,MRQ,2006-09-30,2006-09-30,2006-09-30,2021-10-21,0.0,550594000.0,,395094000.0,155500000.0,,0.812,-38811000.0,369880000.0,369880000.0,158793000.0,12781000.0,2.432,0.423,0.0,0.0,0.0,0.0,49875000.0,40344000.0,0.0,0.0,0.0,21742000.0,62086000.0,0.243,62086000.0,21742000.0,21742000.0,0.027,0.026,0.027,387003000.0,,387003000.0,1207758603.0,20.0,6.18,22651000.0,0.048,1.0,97157000.0,0.38,994000.0,0.0,17238000.0,,0.0,0.0,0.0,0.0,163591000.0,162482000.0,1109000.0,1550596603.0,27039000.0,0.0,776000.0,0.0,0.0,4699000.0,-39122000.0,0.0,61462000.0,0.0,12781000.0,12781000.0,12781000.0,0.0,0.0,0.05,80102000.0,17055000.0,81968000.0,0.0,4.007,21.407,17.783,43164000.0,0.0,3.254,1.699,1.7,0.0,-55449000.0,255950000.0,255950000.0,11929000.0,,,,,-754000.0,69315000.0,1.0,476478324.0,476567000,492415000.0,0.537,549600000.0,21406000.0,8961000.0,0.0,1.153,232612000.0
61,NFLX,MRQ,2006-06-30,2006-06-30,2006-06-30,2021-10-21,0.0,512712000.0,,370090000.0,142622000.0,,0.896,-47866000.0,342838000.0,342838000.0,150579000.0,17037000.0,2.547,0.399,0.0,0.0,0.0,0.0,49029000.0,35775000.0,0.0,0.0,0.0,27590000.0,63365000.0,0.265,63365000.0,27590000.0,27590000.0,0.041,0.036,0.041,366354000.0,,366354000.0,1389228785.0,30.0,8.3,5433000.0,0.013,1.0,88772000.0,0.371,1019000.0,0.0,23528000.0,,0.0,0.0,0.0,0.0,146358000.0,145327000.0,1031000.0,1618283785.0,113937000.0,0.0,105478000.0,0.0,0.0,108430000.0,-47792000.0,0.0,53299000.0,0.0,17037000.0,17037000.0,17037000.0,0.0,0.0,0.071,64883000.0,23889000.0,70785000.0,0.0,4.417,24.299,22.34,41607000.0,0.0,3.887,1.952,1.916,0.0,-68230000.0,239351000.0,239351000.0,12043000.0,,,,,135000.0,53804000.0,1.0,416317034.0,408681000,484225000.0,0.586,511693000.0,25532000.0,10553000.0,0.0,1.252,224763000.0
62,NFLX,MRQ,2006-03-31,2006-03-31,2006-03-31,2021-10-21,0.0,392945000.0,,255320000.0,137625000.0,,0.615,-34024000.0,229055000.0,229055000.0,148265000.0,4404000.0,1.655,0.652,0.0,0.0,0.0,0.0,47925000.0,30902000.0,0.0,0.0,0.0,7234000.0,38136000.0,0.17,38136000.0,7234000.0,7234000.0,0.011,0.01,0.011,237800000.0,,237800000.0,1391804161.0,57.0,10.1,11966000.0,0.031,1.0,75861000.0,0.338,445000.0,0.0,9212000.0,,0.0,0.0,0.0,0.0,155145000.0,154233000.0,912000.0,1605309161.0,15509000.0,0.0,3144000.0,0.0,0.0,3834000.0,-34315000.0,0.0,45990000.0,0.0,4404000.0,4404000.0,4404000.0,0.0,0.0,0.02,71079000.0,4782000.0,77996000.0,0.0,6.751,29.058,27.795,40088000.0,0.0,4.141,2.129,2.123,0.0,-85267000.0,224126000.0,224126000.0,11206000.0,,,,,2620000.0,61260000.0,1.0,387622081.0,386491000,465192000.0,0.58,392500000.0,32847000.0,2830000.0,0.0,1.016,101087000.0
63,NFLX,MRQ,2005-12-31,2005-12-31,2005-12-31,2021-10-21,0.0,364681000.0,,243691000.0,120990000.0,,0.594,-35450000.0,213505000.0,213505000.0,121156000.0,38211000.0,1.771,0.612,0.0,0.0,0.0,0.0,48533000.0,27476000.0,0.0,0.0,0.0,4356000.0,31832000.0,0.165,31832000.0,4356000.0,4410000.0,0.103,0.083,0.103,226252000.0,,226252000.0,1287907441.0,155.0,11.166,23617000.0,0.062,1.0,71844000.0,0.372,457000.0,-54000.0,13132000.0,,0.0,0.0,0.0,0.0,138429000.0,137587000.0,842000.0,1471361441.0,30370000.0,0.0,5815000.0,0.0,0.0,5815000.0,-34734000.0,0.0,59067000.0,222000.0,38211000.0,38211000.0,38211000.0,0.0,0.0,0.198,69046000.0,2798000.0,63491000.0,0.0,6.503,35.01,34.21,40213000.0,0.0,3.866,2.157,2.123,0.0,-89671000.0,193000000.0,193000000.0,9219000.0,,,,,3332000.0,60615000.0,1.0,380618259.0,380807000,471016000.0,0.507,364224000.0,34905000.0,-33801000.0,0.0,0.956,106104000.0
64,NFLX,MRQ,2005-09-30,2005-09-30,2005-09-30,2021-10-21,-222000.0,278302000.0,,191918000.0,86384000.0,,0.475,-30131000.0,183454000.0,183454000.0,115649000.0,6946000.0,1.943,0.558,0.0,0.0,0.0,0.0,34400000.0,27040000.0,0.0,0.0,0.0,7011000.0,34051000.0,0.197,34051000.0,7011000.0,6998000.0,0.019,0.016,0.019,178672000.0,,178672000.0,1220958023.0,125.0,10.89,7024000.0,0.019,1.0,57091000.0,0.331,469000.0,13000.0,-4376000.0,,0.0,0.0,0.0,0.0,99630000.0,98755000.0,875000.0,1393482023.0,10914000.0,0.0,3900000.0,0.0,0.0,3900000.0,-30141000.0,0.0,37155000.0,0.0,6946000.0,6946000.0,6946000.0,0.0,0.0,0.04,51571000.0,5520000.0,43951000.0,0.0,7.799,148.48,142.802,30415000.0,0.0,3.713,2.221,2.224,0.0,-127882000.0,172740000.0,172740000.0,8955000.0,,,,,3293000.0,43004000.0,1.0,375312588.0,375851000,462084000.0,0.46,277833000.0,0.0,52000.0,0.0,0.739,93163000.0
65,NFLX,MRQ,2005-06-30,2005-06-30,2005-06-30,2021-10-21,-222000.0,268728000.0,,182405000.0,86323000.0,,0.442,-34679000.0,172524000.0,172524000.0,117849000.0,5684000.0,1.764,0.633,0.0,0.0,0.0,0.0,33497000.0,28088000.0,0.0,0.0,0.0,5700000.0,33788000.0,0.206,33788000.0,5700000.0,5697000.0,0.016,0.013,0.016,164533000.0,,164533000.0,705968228.0,32.0,5.907,1815000.0,0.005,1.0,46178000.0,0.282,127000.0,3000.0,-7333000.0,,0.0,0.0,0.0,0.0,104195000.0,103410000.0,785000.0,873351228.0,5150000.0,0.0,3313000.0,0.0,0.0,3313000.0,-34657000.0,0.0,36494000.0,0.0,5684000.0,5684000.0,5684000.0,0.0,0.0,0.035,41724000.0,4454000.0,56211000.0,0.0,5.308,40.88,39.734,27410000.0,0.0,2.344,1.464,1.464,0.0,-134828000.0,164027000.0,164027000.0,8648000.0,,,,,3423000.0,33192000.0,1.0,372544704.0,372330000,452144000.0,0.441,268601000.0,0.0,13000.0,0.0,0.721,78995000.0
66,NFLX,MRQ,2005-03-31,2005-03-31,2005-03-31,2021-10-21,-222000.0,253582000.0,,174036000.0,79546000.0,,0.411,-38191000.0,167383000.0,167383000.0,111121000.0,-8814000.0,1.727,0.667,0.0,0.0,0.0,0.0,32463000.0,24398000.0,0.0,0.0,0.0,-8732000.0,15666000.0,0.103,15666000.0,-8732000.0,-8770000.0,-0.024,-0.024,-0.024,152113000.0,,152113000.0,397553353.0,21.0,3.563,-8748000.0,-0.024,1.0,41325000.0,0.271,507000.0,38000.0,-15084000.0,,0.0,0.0,0.0,0.0,101469000.0,100776000.0,693000.0,573546353.0,-8639000.0,0.0,365000.0,-79000.0,0.0,286000.0,-38368000.0,0.0,29443000.0,0.0,-8814000.0,-8814000.0,-8814000.0,0.0,0.0,-0.058,51108000.0,-9783000.0,52632000.0,0.0,3.771,30.884,30.392,23635000.0,0.0,1.55,1.038,1.037,0.0,-140512000.0,152446000.0,152446000.0,8566000.0,,,,,4279000.0,43237000.0,1.0,370029905.0,369712000,369712000.0,0.412,253075000.0,0.0,44000.0,0.0,0.685,73260000.0
67,NFLX,MRQ,2004-12-31,2004-12-31,2004-12-31,2021-10-21,-222000.0,251793000.0,,187346000.0,64447000.0,,0.425,-24918000.0,176061000.0,176061000.0,133696000.0,5569000.0,1.974,0.611,68000.0,68000.0,0.0,68000.0,31936000.0,22809000.0,0.0,0.0,0.0,5807000.0,28616000.0,0.207,28616000.0,5807000.0,5750000.0,0.016,0.011,0.016,156283000.0,,156283000.0,476420367.0,22.0,4.325,5317000.0,0.014,1.0,4580000.0,0.033,961000.0,57000.0,-20071000.0,,0.0,0.0,0.0,0.0,95510000.0,94910000.0,600000.0,645609367.0,6647000.0,0.0,1538000.0,-107000.0,0.0,1607000.0,-25017000.0,0.0,30235000.0,-178000.0,5569000.0,5569000.0,5569000.0,0.0,0.0,0.04,40067000.0,-35487000.0,49775000.0,0.0,4.131,29.896,29.357,18728000.0,0.0,1.761,1.29,1.28,0.0,-131698000.0,138276000.0,138276000.0,12451000.0,,,,,4182000.0,42405000.0,1.0,366525999.0,367906000,451227000.0,0.376,250832000.0,0.0,181000.0,0.0,0.682,92436000.0
68,NFLX,MRQ,2004-09-30,2004-09-30,2004-09-30,2021-10-21,-44000.0,235637000.0,,176569000.0,59068000.0,,0.396,-34921000.0,169353000.0,169353000.0,71601000.0,18925000.0,1.955,0.627,164000.0,164000.0,0.0,164000.0,26658000.0,22472000.0,0.0,0.0,0.0,18977000.0,41449000.0,0.293,41449000.0,18977000.0,18925000.0,0.051,0.041,0.051,144820000.0,,144820000.0,649511084.0,35.0,6.461,14347000.0,0.039,1.0,70043000.0,0.495,1415000.0,52000.0,-25297000.0,,0.0,0.0,0.0,0.0,90817000.0,90330000.0,487000.0,804183084.0,14370000.0,0.0,373000.0,-100000.0,0.0,273000.0,-35127000.0,0.0,49268000.0,-44000.0,18925000.0,18925000.0,18925000.0,0.0,0.0,0.134,36632000.0,33411000.0,47668000.0,0.0,5.553,43.952,43.193,13649000.0,0.0,2.203,1.821,1.823,0.0,-137267000.0,141644000.0,141644000.0,6325000.0,,,,,3660000.0,26647000.0,1.0,365063657.0,365477000,451143000.0,0.388,234222000.0,0.0,0.0,0.0,0.641,86239000.0
69,NFLX,MRQ,2004-06-30,2004-06-30,2004-06-30,2021-10-21,0.0,204193000.0,,158721000.0,45472000.0,,0.336,-25520000.0,154925000.0,154925000.0,69788000.0,2891000.0,1.938,0.675,253000.0,253000.0,0.0,253000.0,25251000.0,22918000.0,0.0,0.0,0.0,2921000.0,25839000.0,0.215,25839000.0,2921000.0,2891000.0,0.009,0.006,0.009,121906000.0,,121906000.0,1758041184.0,613.0,22.927,6446000.0,0.018,1.0,50533000.0,0.42,1868000.0,30000.0,-34255000.0,,0.0,0.0,0.0,0.0,82287000.0,81908000.0,379000.0,1859171184.0,53256000.0,0.0,2305000.0,-118000.0,0.0,2187000.0,19103000.0,44791000.0,31966000.0,0.0,2891000.0,2891000.0,2891000.0,0.0,0.0,0.024,33543000.0,16990000.0,42552000.0,0.0,15.251,695.017,514.286,11053000.0,0.0,5.143,4.994,5.019,0.0,-156192000.0,120321000.0,120321000.0,5652000.0,,,,,4134000.0,23757000.0,1.0,361505508.0,363286000,454825000.0,0.331,202325000.0,0.0,0.0,0.0,0.557,76813000.0
70,NFLX,MRQ,2004-03-31,2004-03-31,2004-03-31,2021-10-21,949000.0,191233000.0,,148958000.0,42275000.0,,0.316,-24831000.0,101490000.0,101490000.0,56627000.0,-5790000.0,1.922,0.685,360000.0,360000.0,0.0,360000.0,21496000.0,20005000.0,0.0,0.0,0.0,-5759000.0,14246000.0,0.142,14246000.0,-5759000.0,-5790000.0,-0.016,-0.016,-0.016,113525000.0,,113525000.0,1660025320.0,495.0,25.31,8969000.0,0.025,1.0,43743000.0,0.436,2322000.0,31000.0,10281000.0,,0.0,46014000.0,46014000.0,0.0,77708000.0,77500000.0,208000.0,1750731320.0,10294000.0,0.0,1819000.0,-111000.0,0.0,1708000.0,-25214000.0,-364000.0,33800000.0,0.0,-5790000.0,-5790000.0,-5790000.0,0.0,0.0,-0.058,39303000.0,4440000.0,43183000.0,0.0,15.422,565.299,443.117,10328000.0,0.0,4.874,5.556,5.553,0.0,-159083000.0,100370000.0,100370000.0,5039000.0,,,,,4435000.0,29829000.0,1.0,359177000.0,358974000,358974000.0,0.28,188911000.0,0.0,0.0,0.0,0.526,71458000.0
71,NFLX,MRQ,2003-12-31,2003-12-31,2003-12-31,2021-10-21,596000.0,176012000.0,,138946000.0,37066000.0,,0.321,-22627000.0,91166000.0,91166000.0,75114000.0,2271000.0,2.205,0.562,460000.0,416000.0,44000.0,460000.0,18324000.0,16675000.0,0.0,0.0,0.0,2315000.0,18990000.0,0.239,18990000.0,2315000.0,2271000.0,0.007,0.004,0.007,112708000.0,,112708000.0,1274226676.0,184.0,22.0,8732000.0,0.025,1.0,4238000.0,0.053,2948000.0,44000.0,19339000.0,,0.0,45297000.0,45297000.0,0.0,63304000.0,63019000.0,285000.0,1354524676.0,10724000.0,0.0,2266000.0,-115000.0,0.0,2151000.0,-22786000.0,-582000.0,31359000.0,0.0,2271000.0,2271000.0,2271000.0,0.0,0.0,0.029,24631000.0,-20393000.0,32654000.0,0.0,12.018,208.004,195.321,9772000.0,0.0,3.906,5.009,4.832,0.0,-153293000.0,79352000.0,79352000.0,4840000.0,,,,,3832000.0,17168000.0,1.0,346742466.0,351218000,472024000.0,0.226,173064000.0,0.0,0.0,0.0,0.493,75927000.0
72,NFLX,MRQ,2003-09-30,2003-09-30,2003-09-30,2021-10-21,1118000.0,158864000.0,,127602000.0,31262000.0,,0.311,-14139000.0,80854000.0,80854000.0,38648000.0,3303000.0,2.383,0.515,556000.0,371000.0,185000.0,556000.0,13771000.0,14214000.0,0.0,0.0,0.0,3390000.0,17604000.0,0.244,17604000.0,3390000.0,3303000.0,0.01,0.007,0.01,104861000.0,,104861000.0,733764020.0,292.0,16.334,7847000.0,0.023,1.0,33554000.0,0.465,3704000.0,87000.0,21307000.0,,0.0,45237000.0,45237000.0,0.0,54003000.0,53555000.0,448000.0,805586020.0,7941000.0,0.0,988000.0,-551000.0,0.0,437000.0,-14482000.0,-354000.0,21986000.0,0.0,3303000.0,3303000.0,3303000.0,0.0,0.0,0.046,22376000.0,11178000.0,28459000.0,0.0,7.682,405.428,99.881,6586000.0,0.0,2.397,3.41,3.422,0.0,-155564000.0,72202000.0,72202000.0,4738000.0,,,,,2777000.0,14861000.0,1.0,336060914.0,337204000,440440000.0,0.214,155160000.0,0.0,0.0,0.0,0.46,74047000.0
73,NFLX,MRQ,2003-06-30,2003-06-30,2003-06-30,2021-10-21,1331000.0,150065000.0,,119585000.0,30480000.0,,0.296,-19311000.0,72913000.0,72913000.0,35241000.0,3313000.0,2.321,0.531,1091000.0,835000.0,256000.0,1091000.0,12394000.0,11340000.0,0.0,0.0,0.0,3408000.0,14748000.0,0.233,14748000.0,3408000.0,3313000.0,0.01,0.007,0.01,98006000.0,,98006000.0,539891540.0,-150.0,17.06,4309000.0,0.013,1.0,27946000.0,0.442,4477000.0,95000.0,22234000.0,,0.0,45096000.0,45096000.0,0.0,52059000.0,51532000.0,527000.0,606297540.0,5201000.0,0.0,1496000.0,-261000.0,0.0,1235000.0,-19654000.0,-363000.0,23620000.0,0.0,3313000.0,3313000.0,3313000.0,0.0,0.0,0.052,17877000.0,10069000.0,28009000.0,0.0,6.186,-145.535,365.0,6108000.0,0.0,1.825,2.961,2.951,0.0,-158867000.0,63187000.0,63187000.0,4123000.0,,,,,1704000.0,12050000.0,1.0,332217830.0,331072000,431368000.0,0.191,145588000.0,0.0,0.0,0.0,0.44,68053000.0
74,NFLX,MRQ,2003-03-31,2003-03-31,2003-03-31,2021-10-21,902000.0,135629000.0,,113194000.0,22435000.0,,0.286,-6582000.0,67722000.0,67722000.0,30007000.0,-2375000.0,2.578,0.489,1316000.0,940000.0,376000.0,1316000.0,11227000.0,8762000.0,0.0,0.0,0.0,-2184000.0,6578000.0,0.118,6578000.0,-2184000.0,-2375000.0,-0.007,-0.007,-0.007,91064000.0,,91064000.0,406008492.0,-45.0,19.151,6245000.0,0.02,1.0,25662000.0,0.461,5285000.0,191000.0,20028000.0,,0.0,44304000.0,44304000.0,0.0,44565000.0,43910000.0,655000.0,465821492.0,6214000.0,0.0,1549000.0,-407000.0,0.0,1142000.0,-7755000.0,-380000.0,12827000.0,0.0,-2375000.0,-2375000.0,-2375000.0,0.0,0.0,-0.043,22044000.0,3618000.0,22218000.0,0.0,5.115,-22.619,-15.141,4848000.0,0.0,1.454,2.618,2.6,0.0,-163734000.0,55669000.0,55669000.0,4183000.0,,,,,2406000.0,15455000.0,1.0,320466874.0,318318000,318318000.0,0.175,130344000.0,0.0,0.0,0.0,0.409,69284000.0
75,NFLX,MRQ,2002-12-31,2002-12-31,2002-12-31,2021-10-21,774000.0,130530000.0,,107075000.0,23455000.0,,0.453,-9734000.0,61504000.0,61504000.0,23390000.0,-2254000.0,2.649,0.461,1691000.0,1231000.0,460000.0,1691000.0,9743000.0,8095000.0,0.0,0.0,0.0,-2103000.0,5992000.0,0.133,5992000.0,-2103000.0,-2254000.0,0.011,0.011,0.011,89356000.0,,89356000.0,189990032.0,-21.0,10.856,4685000.0,0.024,1.0,21798000.0,0.482,6094000.0,151000.0,24197000.0,,0.0,43796000.0,43796000.0,0.0,41174000.0,40426000.0,748000.0,243620032.0,5493000.0,0.0,1411000.0,-216000.0,0.0,1195000.0,-10121000.0,-408000.0,14419000.0,0.0,-2254000.0,-2254000.0,-2254000.0,0.0,0.0,-0.05,19089000.0,2709000.0,20350000.0,0.0,2.726,-11.63,-7.419,5620000.0,0.0,0.786,1.594,1.016,0.0,-159805000.0,45188000.0,45188000.0,3960000.0,,,,,2717000.0,12412000.0,1.0,309780240.0,197428000,197428000.0,0.229,124436000.0,0.0,0.0,0.0,0.63,66649000.0
76,NFLX,MRQ,2002-09-30,2002-09-30,2002-09-30,2021-10-21,603000.0,122907000.0,,101275000.0,21632000.0,,0.284,-5824000.0,55506000.0,55506000.0,21496000.0,-2850000.0,2.9,0.408,1876000.0,1482000.0,394000.0,1876000.0,7179000.0,7047000.0,0.0,0.0,0.0,-2719000.0,4328000.0,0.106,4328000.0,-2719000.0,-2850000.0,-0.009,-0.009,-0.009,87311000.0,,87311000.0,165020135.0,-14.0,15.246,5250000.0,0.017,1.0,19235000.0,0.472,6902000.0,131000.0,27458000.0,,0.0,43217000.0,43217000.0,0.0,35596000.0,34917000.0,679000.0,213800135.0,4562000.0,0.0,91000.0,-836000.0,0.0,-745000.0,-5767000.0,-467000.0,11074000.0,0.0,-2850000.0,-2850000.0,-2850000.0,0.0,0.0,-0.07,17757000.0,1478000.0,18148000.0,0.0,2.449,-8.384,-1.63,5870000.0,0.0,0.693,1.654,1.645,0.0,-156898000.0,40731000.0,40731000.0,3966000.0,,,,,2662000.0,11169000.0,1.0,308577514.0,306908000,306908000.0,0.133,116005000.0,0.0,0.0,0.0,0.378,66358000.0
77,NFLX,MRQ,2002-06-30,2002-06-30,2002-06-30,2021-10-21,-107000.0,117898000.0,,95031000.0,22867000.0,,0.606,-3477000.0,51455000.0,51455000.0,18092000.0,-13115000.0,3.15,0.36,2675000.0,1910000.0,765000.0,2675000.0,7066000.0,6255000.0,0.0,0.0,0.0,-1953000.0,4302000.0,0.118,4302000.0,-1953000.0,-13115000.0,-0.091,-0.091,-0.091,86698000.0,,86698000.0,277590397.0,-19.0,51.626,4639000.0,0.032,1.0,18268000.0,0.502,7710000.0,11162000.0,31242000.0,,0.0,42040000.0,42040000.0,0.0,31200000.0,30166000.0,1034000.0,288360397.0,34088000.0,0.0,86425000.0,-14838000.0,0.0,71587000.0,-45615000.0,-42147000.0,8116000.0,0.0,-13115000.0,-13115000.0,-13115000.0,0.0,0.0,-0.361,15642000.0,2626000.0,13371000.0,0.0,3.326,-10.223,-1.596,6727000.0,0.0,0.999,2.685,1.331,0.0,-155203000.0,36360000.0,36360000.0,3518000.0,,,,,653000.0,9692000.0,1.0,288566516.0,143024000,143024000.0,0.254,110188000.0,0.0,0.0,0.0,0.77,64865000.0
78,NFLX,MRQ,2002-03-31,2002-03-31,2002-03-31,2021-10-21,0.0,44740000.0,,19865000.0,24875000.0,,-3.171,-5798000.0,17362000.0,17362000.0,15158000.0,-4508000.0,0.675,-0.372,6592000.0,2475000.0,4117000.0,6592000.0,6287000.0,5080000.0,0.0,,0.0,-3980000.0,1100000.0,0.036,1100000.0,-3980000.0,-4508000.0,-0.157,-0.157,-0.157,-90872000.0,,-90872000.0,,,,707000.0,0.025,1.0,15369000.0,0.503,8424000.0,528000.0,-3866000.0,,0.0,0.0,0.0,0.0,33782000.0,29412000.0,4370000.0,,-460000.0,0.0,87000.0,-1254000.0,0.0,-1167000.0,-5798000.0,0.0,6505000.0,0.0,-4508000.0,-4508000.0,-4508000.0,0.0,0.0,-0.148,15268000.0,101000.0,16292000.0,0.0,,,,7426000.0,0.0,,,,0.0,-141774000.0,30527000.0,30527000.0,3181000.0,,,,,2840000.0,9247000.0,1.0,288566516.0,28658000,28658000.0,1.065,36316000.0,0.0,0.0,0.0,1.267,-9547000.0
79,NFLX,MRQ,2001-12-31,2001-12-31,2001-12-31,2021-10-21,0.0,41630000.0,,19552000.0,22078000.0,,-3.322,-3572000.0,17808000.0,17808000.0,10665000.0,-5029000.0,0.746,-0.335,6868000.0,3012000.0,3856000.0,6868000.0,4937000.0,4271000.0,0.0,,0.0,-3177000.0,1094000.0,0.051,1094000.0,-3177000.0,-5029000.0,-0.167,-0.167,-0.167,-90504000.0,,-90504000.0,,,,2749000.0,0.101,1.0,10953000.0,0.507,7917000.0,1852000.0,-3435000.0,,0.0,0.0,0.0,0.0,30304000.0,26208000.0,4096000.0,,1897000.0,0.0,26000.0,-978000.0,0.0,-952000.0,-3472000.0,0.0,6321000.0,0.0,-5029000.0,-5029000.0,-5029000.0,0.0,0.0,-0.233,12406000.0,-1453000.0,13715000.0,0.0,,,,8205000.0,0.0,,,,0.0,-137266000.0,21618000.0,21618000.0,2901000.0,,,,,1551000.0,7954000.0,1.0,,27244000,27244000.0,0.793,33713000.0,0.0,0.0,0.0,1.237,-6656000.0
80,NFLX,MRQ,2001-09-30,2001-09-30,2001-09-30,2021-10-21,,,,,,,,-2306000.0,,,9843000.0,-5554000.0,,,,,,,,4435000.0,,,0.0,-5554000.0,-1119000.0,-0.059,-1119000.0,-5554000.0,-5554000.0,-0.21,-0.21,-0.21,,,,,,,-1828000.0,-0.069,1.0,9035000.0,0.479,,0.0,,,,,,,,,,,9873000.0,0.0,10000.0,11848000.0,0.0,11858000.0,-2463000.0,0.0,478000.0,0.0,-5554000.0,-5554000.0,-5554000.0,0.0,0.0,-0.294,10801000.0,-1766000.0,,0.0,,,,,0.0,,,,,,18878000.0,18878000.0,4463000.0,,,,,1228000.0,4447000.0,1.0,,26474000,26474000.0,0.713,,,0.0,,,
81,NFLX,MRQ,2001-06-30,2001-06-30,2001-06-30,2021-10-21,,,,,,,,-2253000.0,,,11222000.0,-8001000.0,,,,,,,,6327000.0,,,0.0,-8001000.0,-1674000.0,-0.091,-1674000.0,-8001000.0,-8001000.0,-0.32,-0.32,-0.32,,,,,,,-1400000.0,-0.056,1.0,7137000.0,0.389,,0.0,,,,,,,,,,,-2715000.0,0.0,51000.0,-971000.0,0.0,-920000.0,-2648000.0,0.0,853000.0,0.0,-8001000.0,-8001000.0,-8001000.0,0.0,0.0,-0.436,11453000.0,-4316000.0,,0.0,,,,,0.0,,,,,,18359000.0,18359000.0,4896000.0,,,,,1446000.0,5121000.0,1.0,,25018000,25018000.0,0.734,,,0.0,,,
82,NFLX,MRQ,2001-03-31,2001-03-31,2001-03-31,2021-10-21,,,,,,,,-3953000.0,,,18177000.0,-20598000.0,,,,,,,,14764000.0,,,0.0,-20235000.0,-5471000.0,-0.321,-5471000.0,-20235000.0,-20598000.0,-0.876,-0.876,-0.876,,,,,,,-6758000.0,-0.287,1.0,-1120000.0,-0.066,,363000.0,,,,,,,,,,,-7819000.0,0.0,26000.0,-953000.0,0.0,-927000.0,-4087000.0,0.0,-2805000.0,0.0,-20598000.0,-20598000.0,-20598000.0,0.0,0.0,-1.208,15684000.0,-16804000.0,,0.0,,,,,0.0,,,,,,17057000.0,17057000.0,5474000.0,,,,,2053000.0,8167000.0,1.0,,23520000,23520000.0,0.725,,,0.0,,,
83,NFLX,MRQ,2000-12-31,2000-12-31,2000-12-31,2021-10-21,0.0,52488000.0,,18301000.0,34187000.0,,-3.701,,15538000.0,15538000.0,,,0.917,-0.327,7441000.0,3574000.0,3867000.0,7441000.0,2773000.0,,0.0,,0.0,,,,,,,,,,-73267000.0,,-73267000.0,,,,,,1.0,,,5582000.0,,18853000.0,,0.0,0.0,0.0,0.0,23925000.0,19956000.0,3969000.0,,,,,,,,,,,,,,,,,,,,7690000.0,,,,,9959000.0,,,,,0.0,-98648000.0,,,,,,,,,,1.0,,19796000,,,46906000.0,0.0,,0.0,2.369,-1655000.0
0,NFLX,MRT,2021-09-30,2021-09-30,2021-09-30,2021-10-21,-19835000.0,42739857000.0,40778549750.0,9415787000.0,33324070000.0,0.702,34.588,-506962000.0,7526681000.0,7526681000.0,16258268000.0,5050955000.0,1.17,1.791,15493164000.0,699473000.0,14793691000.0,15493164000.0,1182632000.0,11648046000.0,0.0,0.0,0.0,6569044000.0,18217090000.0,0.636,18217090000.0,6569044000.0,5795667000.0,11.39,11.1,11.39,15314617000.0,13281952000.0,15314617000.0,277982461282.0,42.0,15.259,151250000.0,0.342,1.0,12374700000.0,0.432,28974045000.0,773377000.0,13683049000.0,13711228000.0,0.0,0.0,0.0,0.0,27425240000.0,8049246000.0,19375994000.0,270133974282.0,-869312000.0,0.0,-479770000.0,-500000000.0,0.0,-979770000.0,-531924000.0,0.0,658212000.0,-15830000.0,5050955000.0,5050955000.0,5050955000.0,0.0,0.0,0.176,5857719000.0,6516981000.0,4754021000.0,0.0,17.639,53.482,53.586,1220114000.0,0.0,610.34,9.434,9.438,0.0,12081943000.0,28632968000.0,28632968000.0,2113351000.0,0.124,0.38,0.479,0.229,411485000.0,3744368000.0,1.0,442595888.0,442778000,454925000.0,64.667,13765812000.0,0.0,744712000.0,0.0,31.09,1366541000.0
1,NFLX,MRT,2021-06-30,2021-06-30,2021-06-30,2021-10-21,9775000.0,40970969000.0,39749221250.0,9604276000.0,31366693000.0,0.694,31.284,-449446000.0,7777530000.0,7777530000.0,15919430000.0,4391860000.0,1.226,1.955,15626017000.0,699128000.0,14926889000.0,15626017000.0,1187364000.0,11377074000.0,0.0,0.0,0.0,5776195000.0,17153269000.0,0.622,17153269000.0,5776195000.0,4996168000.0,9.91,9.65,9.91,13863871000.0,12036628500.0,13863871000.0,241355356080.0,42.0,14.071,1390148000.0,3.137,1.0,11665708000.0,0.423,27291640000.0,780027000.0,13694928000.0,13607930000.0,0.0,0.0,0.0,0.0,27107098000.0,7832888000.0,19274210000.0,234199721080.0,624572000.0,0.0,-329550000.0,-500000000.0,0.0,-829550000.0,-461944000.0,0.0,1839594000.0,76472000.0,4391860000.0,4391860000.0,4391860000.0,0.0,0.0,0.159,5589117000.0,6076591000.0,4820805000.0,0.0,16.893,53.326,53.301,1107437000.0,0.0,528.21,8.49,8.486,0.0,10632872000.0,27585138000.0,27585138000.0,2003266000.0,0.11,0.365,0.424,0.209,422764000.0,3585851000.0,1.0,443383732.0,443159000,455129000.0,62.247,13679329000.0,0.0,604308000.0,0.0,30.868,1771388000.0
2,NFLX,MRT,2021-03-31,2021-03-31,2021-03-31,2021-10-21,4137000.0,40123014000.0,38800299250.0,10107508000.0,30015506000.0,0.68,29.069,-480909000.0,8403705000.0,8403705000.0,15545129000.0,3759043000.0,1.27,2.114,15559340000.0,698788000.0,14860552000.0,15559340000.0,1140271000.0,11165657000.0,0.0,0.0,0.0,5215837000.0,16381494000.0,0.621,16381494000.0,5215837000.0,4437981000.0,8.49,8.27,8.49,12884080000.0,10904349000.0,12884080000.0,239144164853.0,46.0,14.598,2463522000.0,5.558,1.0,10846518000.0,0.411,26043991000.0,777856000.0,13272888000.0,13442862250.0,0.0,0.0,0.0,0.0,27238934000.0,7961770000.0,19277164000.0,231040741853.0,3258266000.0,0.0,239783000.0,501905000.0,0.0,741688000.0,-492667000.0,0.0,2944431000.0,64814000.0,3759043000.0,3759043000.0,3759043000.0,0.0,0.0,0.142,5259629000.0,5586889000.0,4830899000.0,0.0,17.932,61.463,61.444,1015419000.0,0.0,521.66,8.754,8.761,0.0,9279859000.0,26391647000.0,26391647000.0,1900990000.0,0.097,0.345,0.388,0.198,425391000.0,3358639000.0,1.0,442895261.0,443224000,455641000.0,59.545,14079023000.0,0.0,678938000.0,0.0,31.765,2145738000.0
3,NFLX,MRT,2020-12-31,2020-12-31,2020-12-31,2021-10-21,44398000.0,39280359000.0,37534523250.0,9761580000.0,29518779000.0,0.666,25.096,-497923000.0,8205550000.0,8205550000.0,15276319000.0,2761395000.0,1.251,2.55,16308973000.0,499878000.0,15809095000.0,16308973000.0,1117992000.0,10922622000.0,0.0,0.0,0.0,3966848000.0,14889470000.0,0.596,14889470000.0,3966848000.0,3199349000.0,6.26,6.08,6.26,11065240000.0,9785652500.0,11065240000.0,246546556676.0,62.0,16.558,1929154000.0,4.375,1.0,9719737000.0,0.389,25383950000.0,767499000.0,14194047000.0,12988868500.0,0.0,0.0,0.0,0.0,28215119000.0,7805785000.0,20409334000.0,238891814676.0,3195084000.0,0.0,235406000.0,1001905000.0,0.0,1237311000.0,-505354000.0,0.0,2427077000.0,36050000.0,2761395000.0,2761395000.0,2761395000.0,0.0,0.0,0.11,5134448000.0,4585289000.0,5085719000.0,0.0,21.589,86.511,86.379,960183000.0,0.0,540.73,9.557,9.538,0.0,7573144000.0,24996056000.0,24996056000.0,1829600000.0,0.074,0.282,0.305,0.159,415180000.0,3304848000.0,1.0,441795008.0,440922000,454208000.0,56.69,13896409000.0,0.0,437954000.0,0.0,31.517,1955795000.0
4,NFLX,MRT,2020-09-30,2020-09-30,2020-09-30,2021-10-21,-1147000.0,38622543000.0,36208361500.0,9826480000.0,28796063000.0,0.658,23.404,-457304000.0,8392391000.0,8392391000.0,14577182000.0,2806209000.0,1.238,2.738,16047133000.0,499517000.0,15547616000.0,16047133000.0,1040202000.0,10515541000.0,0.0,0.0,0.0,3590379000.0,14105920000.0,0.592,14105920000.0,3590379000.0,2842265000.0,6.36,6.2,6.36,10333323000.0,8914881750.0,10333323000.0,229161862963.0,64.0,16.246,645470000.0,1.462,1.0,9241866000.0,0.388,25067633000.0,748114000.0,13269857000.0,12529424750.0,0.0,0.0,0.0,0.0,28289220000.0,7939795000.0,20349425000.0,220520951963.0,3962559000.0,0.0,217052000.0,3210073000.0,0.0,3427125000.0,-566526000.0,0.0,1102774000.0,-814000.0,2806209000.0,2806209000.0,2806209000.0,0.0,0.0,0.118,5152307000.0,4089559000.0,5140952000.0,0.0,21.341,78.583,78.621,828118000.0,0.0,500.03,9.258,9.269,0.0,7030988000.0,23819048000.0,23819048000.0,1752040000.0,0.078,0.315,0.287,0.151,407652000.0,3400267000.0,1.0,441015443.0,441526000,455088000.0,53.947,13554910000.0,0.0,36056000.0,0.0,30.7,1886685000.0
5,NFLX,MRT,2020-06-30,2020-06-30,2020-06-30,2021-10-21,-34072000.0,37175281000.0,34288153500.0,8564139000.0,28611142000.0,0.66,21.188,-392826000.0,7153248000.0,7153248000.0,13807350000.0,2681477000.0,1.123,2.982,15794159000.0,499161000.0,15294998000.0,15794159000.0,1029261000.0,10059890000.0,0.0,0.0,0.0,3704823000.0,13764713000.0,0.608,13764713000.0,3704823000.0,2993128000.0,6.09,5.93,6.09,9334753000.0,8046927250.0,9334753000.0,209635389415.0,57.0,15.23,-1055607000.0,-2.396,1.0,8820966000.0,0.39,25155117000.0,711695000.0,13034657000.0,11321846750.0,0.0,0.0,0.0,0.0,27840528000.0,7626418000.0,20214110000.0,200117772415.0,2151841000.0,0.0,160376000.0,3210073000.0,0.0,3370449000.0,-497229000.0,0.0,-662781000.0,-58598000.0,2681477000.0,2681477000.0,2681477000.0,0.0,0.0,0.119,5066031000.0,3754935000.0,5111401000.0,0.0,21.438,74.63,74.719,751941000.0,0.0,455.04,8.844,8.86,0.0,6241012000.0,22628316000.0,22628316000.0,1678014000.0,0.078,0.333,0.327,0.164,401557000.0,3388017000.0,1.0,439780618.0,440569000,453945000.0,51.362,12020164000.0,0.0,311651000.0,0.0,27.283,937721000.0
6,NFLX,MRT,2020-03-31,2020-03-31,2020-03-31,2021-10-21,-47054000.0,35059910000.0,32537168000.0,6447781000.0,28612129000.0,0.658,19.14,-290669000.0,5151884000.0,5151884000.0,13169300000.0,2231931000.0,0.821,3.169,14669501000.0,498809000.0,14170692000.0,14669501000.0,986753000.0,9683481000.0,0.0,0.0,0.0,3133019000.0,12816500000.0,0.599,12816500000.0,3133019000.0,2458442000.0,5.08,4.94,5.08,8409294000.0,7239626000.0,8409294000.0,174512719700.0,56.0,13.616,-2538280000.0,-5.777,1.0,8233846000.0,0.385,25266889000.0,674577000.0,11456913000.0,10283558250.0,0.0,0.0,0.0,0.0,26650616000.0,7853725000.0,18796891000.0,164771896700.0,1808090000.0,0.0,93212000.0,4433172000.0,0.0,4526384000.0,-405264000.0,0.0,-2247611000.0,-65419000.0,2231931000.0,2231931000.0,2231931000.0,0.0,0.0,0.104,5130420000.0,3103426000.0,5307073000.0,0.0,19.594,73.825,73.917,650455000.0,0.0,375.5,7.698,7.708,0.0,5520816000.0,21403146000.0,21403146000.0,1626202000.0,0.069,0.308,0.305,0.146,401195000.0,3504218000.0,1.0,438806649.0,439352000,452494000.0,48.715,9793021000.0,0.0,226511000.0,0.0,22.29,-1405944000.0
7,NFLX,MRT,2019-12-31,2019-12-31,2019-12-31,2021-10-21,-23521000.0,33975712000.0,30576848500.0,6178504000.0,27797208000.0,0.659,17.319,-253035000.0,5018437000.0,5018437000.0,12440213000.0,1866916000.0,0.901,3.481,14759260000.0,0.0,14759260000.0,14759260000.0,924745000.0,9319826000.0,0.0,0.0,0.0,2688254000.0,12008080000.0,0.596,12008080000.0,2688254000.0,2062231000.0,4.26,4.13,4.26,7582157000.0,6563067000.0,7582157000.0,149795697582.0,56.0,12.475,-3140357000.0,-7.173,1.0,7716234000.0,0.383,24504567000.0,626023000.0,12356272000.0,9026456500.0,0.0,0.0,0.0,0.0,26393555000.0,6855696000.0,19537859000.0,141804969582.0,1231745000.0,0.0,72490000.0,4433172000.0,0.0,4505662000.0,-387064000.0,0.0,-2887322000.0,469000.0,1866916000.0,1866916000.0,1866916000.0,0.0,0.0,0.093,5111980000.0,2604254000.0,5087908000.0,0.0,18.702,75.957,75.955,565221000.0,0.0,323.57,7.035,7.028,0.0,4811749000.0,20156447000.0,20156447000.0,1545149000.0,0.061,0.284,0.298,0.133,405376000.0,3566831000.0,1.0,438251289.0,437799000,451765000.0,46.04,9471145000.0,0.0,195315000.0,0.0,21.634,-677192000.0
8,NFLX,MRT,2019-09-30,2019-09-30,2019-09-30,2021-10-21,-41246000.0,30941711000.0,28576520500.0,5327758000.0,25613953000.0,0.661,15.662,-184339000.0,4435018000.0,4435018000.0,11707590000.0,1413880000.0,0.734,3.509,12425746000.0,0.0,12425746000.0,12425746000.0,915506000.0,8756971000.0,0.0,0.0,0.0,2609323000.0,11366294000.0,0.602,11366294000.0,2609323000.0,2032294000.0,3.23,3.12,3.23,6861505000.0,5977219000.0,6861505000.0,124763259121.0,48.0,10.977,-2844758000.0,-6.494,1.0,7168264000.0,0.38,23234994000.0,577029000.0,8439545000.0,7424970500.0,0.0,0.0,0.0,0.0,24080206000.0,7257900000.0,16822306000.0,117173371121.0,1381157000.0,0.0,68307000.0,4267977000.0,0.0,4335725000.0,-259851000.0,0.0,-2660419000.0,-34298000.0,1413880000.0,1413880000.0,1413880000.0,0.0,0.0,0.075,4806755000.0,2361509000.0,5304671000.0,0.0,17.077,82.874,82.854,481992000.0,0.0,267.62,6.208,6.211,0.0,4224779000.0,18875854000.0,18875854000.0,1467562000.0,0.049,0.237,0.351,0.138,394024000.0,3339193000.0,1.0,437834882.0,438090000,451552000.0,43.087,7706717000.0,0.0,618414000.0,0.0,17.592,-1930142000.0
9,NFLX,MRT,2019-06-30,2019-06-30,2019-06-30,2021-10-21,-20352000.0,30171339000.0,26682650000.0,5877157000.0,24294182000.0,0.661,13.953,-186070000.0,5004247000.0,5004247000.0,11140799000.0,1151471000.0,0.848,3.942,12594135000.0,0.0,12594135000.0,12594135000.0,892777000.0,8393177000.0,0.0,0.0,0.0,1924012000.0,10317189000.0,0.585,10317189000.0,1924012000.0,1398781000.0,2.63,2.54,2.63,6105548000.0,5514256000.0,6105548000.0,167545791402.0,87.0,16.239,-3035106000.0,-6.936,1.0,6489524000.0,0.368,21945740000.0,525231000.0,8881503000.0,6300254750.0,0.0,0.0,0.0,0.0,24065791000.0,6933984000.0,17131807000.0,160589325402.0,1114211000.0,0.0,86099000.0,4267977000.0,0.0,4352973000.0,-379191000.0,0.0,-2849036000.0,-10535000.0,1151471000.0,1151471000.0,1151471000.0,0.0,0.0,0.065,4627586000.0,1861938000.0,5290395000.0,0.0,26.302,139.464,139.665,452399000.0,0.0,367.32,9.109,9.117,0.0,3559535000.0,17630323000.0,17630323000.0,1396406000.0,0.043,0.209,0.305,0.109,376078000.0,3231180000.0,1.0,437191891.0,437587000,452195000.0,40.29,8225599000.0,0.0,247310000.0,0.0,18.798,-1056827000.0
10,NFLX,MRT,2019-03-31,2019-03-31,2019-03-31,2021-10-21,-25600000.0,27218632000.0,24805699500.0,4168907000.0,23049725000.0,0.67,13.052,-186361000.0,3348557000.0,3348557000.0,10537573000.0,1265170000.0,0.608,3.773,10305023000.0,0.0,10305023000.0,10305023000.0,808692000.0,7984473000.0,0.0,0.0,0.0,1801304000.0,9785777000.0,0.589,9785777000.0,1801304000.0,1326501000.0,2.89,2.79,2.89,5703058000.0,5112019000.0,5703058000.0,162239170746.0,90.0,16.579,-3009882000.0,-6.888,1.0,6076904000.0,0.366,20888785000.0,474803000.0,6428506000.0,5060847250.0,0.0,0.0,0.0,0.0,21515574000.0,6857807000.0,14657767000.0,155673595746.0,770620000.0,0.0,91139000.0,3925981000.0,0.0,4015485000.0,-369471000.0,0.0,-2823521000.0,-51873000.0,1265170000.0,1265170000.0,1265170000.0,0.0,0.0,0.076,4459172000.0,1617732000.0,5302847000.0,0.0,27.297,123.046,123.377,434372000.0,0.0,356.56,9.37,9.377,0.0,3288885000.0,16614477000.0,16614477000.0,1312268000.0,0.051,0.247,0.356,0.108,353462000.0,3146904000.0,1.0,436598597.0,436947000,451922000.0,38.024,6329847000.0,0.0,61331000.0,0.0,14.487,-2688900000.0
11,NFLX,MRT,2018-12-31,2018-12-31,2018-12-31,2021-10-21,-19582000.0,25974400000.0,23039240750.0,9694135000.0,16280265000.0,0.686,12.033,-173946000.0,3794483000.0,3794483000.0,9967538000.0,1211242000.0,1.494,3.958,10360058000.0,0.0,10360058000.0,10360058000.0,760899000.0,7615245000.0,0.0,0.0,0.0,1646951000.0,9262196000.0,0.586,9262196000.0,1646951000.0,1226458000.0,2.78,2.68,2.78,5238765000.0,4691437000.0,5238765000.0,121991561762.0,74.0,13.171,-2854425000.0,-6.556,1.0,5826803000.0,0.369,20102327000.0,420493000.0,5950328000.0,3992368750.0,0.0,0.0,0.0,0.0,20735635000.0,6487320000.0,14248315000.0,116722509762.0,989246000.0,0.0,124502000.0,3925981000.0,0.0,4048527000.0,-339120000.0,0.0,-2680479000.0,-39682000.0,1211242000.0,1211242000.0,1211242000.0,0.0,0.0,0.077,4221577000.0,1605226000.0,5244547000.0,0.0,22.281,96.366,96.281,418281000.0,0.0,267.66,7.39,7.378,0.0,2942359000.0,15794341000.0,15794341000.0,1221814000.0,0.053,0.258,0.413,0.104,320657000.0,2999763000.0,1.0,436084995.0,435374000,451244000.0,36.278,5872073000.0,0.0,15216000.0,0.0,13.487,3206815000.0
12,NFLX,MRT,2018-09-30,2018-09-30,2018-09-30,2021-10-21,-14508000.0,23366229000.0,21298826250.0,8729981000.0,14636248000.0,0.699,11.495,-113277000.0,3067534000.0,3067534000.0,9714826000.0,1262825000.0,1.386,3.664,8336586000.0,0.0,8336586000.0,8336586000.0,716723000.0,7255181000.0,0.0,0.0,0.0,1605370000.0,8860551000.0,0.595,8860551000.0,1605370000.0,1238392000.0,2.89,2.79,2.89,5009653000.0,4277234750.0,5009653000.0,167353426346.0,104.0,18.887,-2046641000.0,-4.696,1.0,5178429000.0,0.348,18396359000.0,366978000.0,3940682000.0,3140056250.0,0.0,0.0,0.0,0.0,18356576000.0,6298240000.0,12058336000.0,162917716346.0,1332095000.0,0.0,127757000.0,3466180000.0,0.0,3592606000.0,-294603000.0,0.0,-1933364000.0,-32544000.0,1262825000.0,1262825000.0,1262825000.0,0.0,0.0,0.085,3543667000.0,1634762000.0,5054438000.0,0.0,32.521,129.011,129.457,371152000.0,0.0,374.13,10.939,10.948,0.0,2808425000.0,14893255000.0,14893255000.0,1064308000.0,0.059,0.295,0.511,0.108,280473000.0,2479359000.0,1.0,435457505.0,435809000,451919000.0,34.174,4969870000.0,0.0,-24433000.0,0.0,11.404,2431741000.0
13,NFLX,MRT,2018-06-30,2018-06-30,2018-06-30,2021-10-21,-12427000.0,22663537000.0,19695154000.0,9346889000.0,13316648000.0,0.705,10.335,-110393000.0,3906357000.0,3906357000.0,9176678000.0,989580000.0,1.537,4.04,8342067000.0,0.0,8342067000.0,8342067000.0,697740000.0,6972268000.0,0.0,0.0,0.0,1294623000.0,8266891000.0,0.596,8266891000.0,1294623000.0,975819000.0,2.27,2.19,2.27,4496600000.0,3856661750.0,4496600000.0,174086615113.0,134.0,21.058,-1772953000.0,-4.075,1.0,4702062000.0,0.339,17095733000.0,318804000.0,3923873000.0,2359907250.0,0.0,0.0,0.0,0.0,18166937000.0,6079641000.0,12087296000.0,170137908113.0,1995217000.0,0.0,132645000.0,3465868000.0,0.0,3597791000.0,76283000.0,247479000.0,-1662560000.0,-16297000.0,989580000.0,989580000.0,989580000.0,0.0,0.0,0.071,3339341000.0,1362721000.0,4989306000.0,0.0,37.837,171.929,172.436,349646000.0,0.0,391.43,12.259,12.271,0.0,2405590000.0,13878740000.0,13878740000.0,1010924000.0,0.05,0.257,0.549,0.093,242920000.0,2328417000.0,1.0,434657303.0,435097000,451552000.0,31.898,5567804000.0,0.0,-13761000.0,0.0,12.797,3267248000.0
14,NFLX,MRT,2018-03-31,2018-03-31,2018-03-31,2021-10-21,4264000.0,20152797000.0,18158575500.0,7817576000.0,12335221000.0,0.703,9.261,-143373000.0,2593666000.0,2593666000.0,8676555000.0,670831000.0,1.302,4.012,6542373000.0,0.0,6542373000.0,6542373000.0,673892000.0,6709417000.0,0.0,0.0,0.0,833826000.0,7543243000.0,0.591,7543243000.0,833826000.0,561145000.0,1.54,1.49,1.54,4020730000.0,3510636750.0,4020730000.0,131843314956.0,158.0,17.478,-1822222000.0,-4.197,1.0,4080379000.0,0.32,15941325000.0,272681000.0,2154592000.0,1650043500.0,0.0,0.0,0.0,0.0,16132067000.0,6005587000.0,10126480000.0,128166677956.0,1521653000.0,0.0,120535000.0,2988357000.0,0.0,3108765000.0,60167000.0,264966000.0,-1678849000.0,31570000.0,670831000.0,670831000.0,670831000.0,0.0,0.0,0.053,3052064000.0,1028315000.0,4902264000.0,0.0,31.876,191.057,191.786,341932000.0,0.0,295.35,10.047,10.052,0.0,2021241000.0,12756934000.0,12756934000.0,978912000.0,0.037,0.191,0.505,0.065,205716000.0,2073152000.0,1.0,433948461.0,434174000,450359000.0,29.382,4211472000.0,0.0,-109686000.0,0.0,9.7,1811989000.0
15,NFLX,MRT,2017-12-31,2017-12-31,2017-12-31,2021-10-21,-20557000.0,19012742000.0,16710150250.0,7669974000.0,11342768000.0,0.7,8.294,-173302000.0,2822795000.0,2822795000.0,8033000000.0,558929000.0,1.403,4.308,6499432000.0,0.0,6499432000.0,6499432000.0,618622000.0,6269728000.0,0.0,0.0,0.0,723525000.0,6993253000.0,0.598,6993253000.0,723525000.0,485321000.0,1.29,1.25,1.29,3581956000.0,3248875000.0,3581956000.0,86209381715.0,119.0,12.328,-1959250000.0,-4.537,1.0,3659713000.0,0.313,14681989000.0,238204000.0,2541078000.0,1031332250.0,0.0,0.0,0.0,0.0,15430786000.0,5466312000.0,9964474000.0,83067067715.0,1355219000.0,0.0,88378000.0,2988357000.0,0.0,3076990000.0,34329000.0,268040000.0,-1785948000.0,29848000.0,558929000.0,558929000.0,558929000.0,0.0,0.0,0.048,2821034000.0,838679000.0,4532596000.0,0.0,23.19,148.618,148.806,319404000.0,0.0,191.96,7.104,7.09,0.0,1731117000.0,11692713000.0,11692713000.0,953710000.0,0.033,0.172,0.702,0.062,182209000.0,1867324000.0,1.0,432731130.0,431885000,446814000.0,27.074,4330753000.0,0.0,-73608000.0,0.0,10.028,2203662000.0
16,NFLX,MRT,2017-09-30,2017-09-30,2017-09-30,2021-10-21,-25362000.0,16951540000.0,15353617250.0,6385348000.0,10566192000.0,0.709,7.695,-274775000.0,1746469000.0,1746469000.0,7434292000.0,440160000.0,1.202,4.095,4888783000.0,0.0,4888783000.0,4888783000.0,535425000.0,5949063000.0,0.0,0.0,0.0,650758000.0,6599821000.0,0.606,6599821000.0,650758000.0,444260000.0,1.02,1.0,1.02,3327361000.0,3023336000.0,3327361000.0,81215541074.0,125.0,12.306,-2129926000.0,-4.926,1.0,3450207000.0,0.317,13963091000.0,206498000.0,820086000.0,370032750.0,0.0,0.0,0.0,0.0,13624179000.0,5310677000.0,8313502000.0,78297816074.0,777311000.0,0.0,99065000.0,2405185000.0,0.0,2521519000.0,94592000.0,373924000.0,-1855151000.0,16351000.0,440160000.0,440160000.0,440160000.0,0.0,0.0,0.04,2702897000.0,747310000.0,4443529000.0,0.0,23.532,177.885,177.794,322421000.0,0.0,181.35,7.194,7.204,0.0,1545600000.0,10884499000.0,10884499000.0,932752000.0,0.029,0.146,1.759,0.06,149605000.0,1770145000.0,1.0,431749744.0,432404000,447362000.0,25.172,2988449000.0,0.0,4100000.0,0.0,6.911,1074671000.0
17,NFLX,MRT,2017-06-30,2017-06-30,2017-06-30,2021-10-21,-31368000.0,16517223000.0,14202566750.0,6700785000.0,9816438000.0,0.717,7.215,-275210000.0,1918777000.0,1918777000.0,6974156000.0,362087000.0,1.308,4.307,4836502000.0,0.0,4836502000.0,4836502000.0,505302000.0,5546891000.0,0.0,0.0,0.0,588496000.0,6135387000.0,0.602,6135387000.0,588496000.0,407150000.0,0.84,0.83,0.84,3112500000.0,2823737250.0,3112500000.0,66682335227.0,113.0,10.868,-2172695000.0,-5.036,1.0,3215672000.0,0.316,13227585000.0,181346000.0,1084418000.0,-77321750.0,0.0,246125000.0,246125000.0,0.0,13404723000.0,5122945000.0,8281778000.0,64394728227.0,527852000.0,0.0,68215000.0,2405497000.0,0.0,2503736000.0,-83624000.0,194911000.0,-1897485000.0,5225000.0,362087000.0,362087000.0,362087000.0,0.0,0.0,0.036,2570953000.0,644719000.0,4368772000.0,0.0,20.689,177.843,177.869,309831000.0,0.0,149.41,6.32,6.325,0.0,1416010000.0,10189828000.0,10189828000.0,893615000.0,0.025,0.128,-7.611,0.058,135575000.0,1677338000.0,1.0,430993429.0,431396000,446262000.0,23.621,3289638000.0,0.0,45063000.0,0.0,7.626,1577840000.0
18,NFLX,MRT,2017-03-31,2017-03-31,2017-03-31,2021-10-21,-45859000.0,14359096000.0,12971637750.0,5660330000.0,8698766000.0,0.733,6.906,-231093000.0,1077824000.0,1077824000.0,6544946000.0,337242000.0,1.153,3.829,3365431000.0,0.0,3365431000.0,3365431000.0,458693000.0,5170548000.0,0.0,0.0,0.0,605739000.0,5776287000.0,0.607,5776287000.0,605739000.0,444420000.0,0.79,0.77,0.79,2973683000.0,2649570750.0,2973683000.0,65515872561.0,108.0,11.342,-1820343000.0,-4.227,1.0,2964622000.0,0.312,12055727000.0,161319000.0,-320253000.0,-490518750.0,0.0,263405000.0,263405000.0,0.0,11385413000.0,4911229000.0,6474184000.0,63619137561.0,-527420000.0,0.0,57621000.0,1000000000.0,0.0,1100962000.0,-30088000.0,202359000.0,-1589250000.0,-9044000.0,337242000.0,337242000.0,337242000.0,0.0,0.0,0.035,2377340000.0,587282000.0,4156278000.0,0.0,21.394,188.645,187.101,275083000.0,0.0,147.81,6.69,6.693,0.0,1350410000.0,9509568000.0,9509568000.0,833832000.0,0.026,0.127,-1.235,0.064,122336000.0,1543508000.0,1.0,430411593.0,430600000,445458000.0,22.084,2303369000.0,0.0,107178000.0,0.0,5.349,749101000.0
19,NFLX,MRT,2016-12-31,2016-12-31,2016-12-31,2021-10-21,-48565000.0,13586610000.0,12197432250.0,5720291000.0,7866319000.0,0.724,6.249,-184830000.0,1467576000.0,1467576000.0,6257462000.0,186678000.0,1.247,4.07,3364311000.0,0.0,3364311000.0,3364311000.0,443472000.0,4924978000.0,0.0,0.0,0.0,410621000.0,5335599000.0,0.604,5335599000.0,410621000.0,260507000.0,0.44,0.43,0.44,2679800000.0,2485458250.0,2679800000.0,54532961847.0,133.0,10.221,-1658814000.0,-3.868,1.0,2573207000.0,0.291,11000808000.0,150114000.0,-104120000.0,-516251750.0,0.0,266206000.0,266206000.0,0.0,10906810000.0,4586657000.0,6320153000.0,53128153847.0,-341754000.0,0.0,36979000.0,1000000000.0,0.0,1091630000.0,49765000.0,235536000.0,-1473984000.0,-9165000.0,186678000.0,186678000.0,186678000.0,0.0,0.0,0.021,2193414000.0,379793000.0,3945553000.0,0.0,19.825,284.598,281.364,250395000.0,0.0,123.8,6.016,6.012,0.0,1128603000.0,8830669000.0,8830669000.0,780232000.0,0.015,0.075,-0.795,0.046,108554000.0,1413182000.0,1.0,429145023.0,428822000,438652000.0,20.593,2585802000.0,0.0,73829000.0,0.0,6.03,1133634000.0
20,NFLX,MRT,2016-09-30,2016-09-30,2016-09-30,2021-10-21,-36530000.0,12347338000.0,11351497500.0,5193893000.0,7153445000.0,0.72,5.896,-138638000.0,969158000.0,969158000.0,5624847000.0,163108000.0,1.177,3.882,2373966000.0,0.0,2373966000.0,2373966000.0,427206000.0,4557217000.0,0.0,0.0,0.0,332926000.0,4890143000.0,0.598,4890143000.0,332926000.0,190969000.0,0.38,0.37,0.38,2528966000.0,2371364750.0,2528966000.0,43233046987.0,130.0,8.841,-1300207000.0,-3.031,1.0,2551614000.0,0.312,10310073000.0,141957000.0,-969332000.0,-486105750.0,0.0,374098000.0,374098000.0,0.0,9818372000.0,4411405000.0,5406967000.0,42250886987.0,-1146279000.0,0.0,19758000.0,0.0,0.0,31700000.0,-15218000.0,120482000.0,-1161569000.0,-1192000.0,163108000.0,163108000.0,163108000.0,0.0,0.0,0.02,2265861000.0,285753000.0,3782967000.0,0.0,16.707,259.036,259.342,191876000.0,0.0,98.55,5.167,5.17,0.0,1061855000.0,8176461000.0,8176461000.0,807766000.0,0.014,0.069,-0.685,0.041,154171000.0,1458095000.0,1.0,428725388.0,428937000,438389000.0,19.062,2037265000.0,0.0,27861000.0,0.0,4.75,782488000.0
21,NFLX,MRT,2016-06-30,2016-06-30,2016-06-30,2021-10-21,-38211000.0,11593507000.0,10743729750.0,5386918000.0,6206589000.0,0.71,5.638,-146310000.0,1390925000.0,1390925000.0,5265961000.0,141023000.0,1.33,3.799,2373085000.0,0.0,2373085000.0,2373085000.0,396976000.0,4205454000.0,0.0,0.0,0.0,295834000.0,4501288000.0,0.59,4501288000.0,295834000.0,154080000.0,0.33,0.32,0.33,2415834000.0,2280952750.0,2415834000.0,39946871480.0,135.0,8.875,-1041907000.0,-2.432,1.0,2358667000.0,0.309,9092200000.0,141754000.0,-568370000.0,-175663250.0,0.0,443303000.0,443303000.0,0.0,9177673000.0,4051837000.0,5125836000.0,39179897480.0,-902947000.0,0.0,51028000.0,0.0,0.0,87815000.0,-86673000.0,60584000.0,-895597000.0,-8492000.0,141023000.0,141023000.0,141023000.0,0.0,0.0,0.018,2105309000.0,253358000.0,3482788000.0,0.0,16.218,277.826,277.212,162864000.0,0.0,91.48,5.139,5.141,0.0,1010338000.0,7624628000.0,7624628000.0,763429000.0,0.013,0.062,-1.684,0.039,118546000.0,1341880000.0,1.0,428289216.0,428483000,438154000.0,17.794,2501307000.0,0.0,13057000.0,0.0,5.838,1335081000.0
22,NFLX,MRT,2016-03-31,2016-03-31,2016-03-31,2021-10-21,-34401000.0,11262274000.0,10259068250.0,5543836000.0,5718438000.0,0.698,5.413,-164896000.0,1605244000.0,1605244000.0,4914615000.0,126603000.0,1.409,3.86,2372218000.0,0.0,2372218000.0,2372218000.0,374223000.0,3854935000.0,0.0,0.0,0.0,284854000.0,4139789000.0,0.578,4139789000.0,284854000.0,143338000.0,0.29,0.29,0.29,2317233000.0,2185013000.0,2317233000.0,44324775223.0,156.0,10.707,-1015543000.0,-2.372,1.0,2249503000.0,0.314,8518801000.0,141516000.0,-423185000.0,63731000.0,0.0,467227000.0,467227000.0,0.0,8945041000.0,3933632000.0,5011409000.0,43762743223.0,-849533000.0,0.0,70600000.0,0.0,0.0,132750000.0,-132107000.0,35282000.0,-850647000.0,471000.0,126603000.0,126603000.0,126603000.0,0.0,0.0,0.018,1991680000.0,257823000.0,3377775000.0,0.0,18.886,345.669,352.517,166254000.0,0.0,102.23,6.109,6.109,0.0,969583000.0,7164118000.0,7164118000.0,711190000.0,0.012,0.058,4.47,0.04,76920000.0,1280490000.0,1.0,428081221.0,428117000,437993000.0,16.734,2743473000.0,0.0,16735000.0,0.0,6.408,1610204000.0
23,NFLX,MRT,2015-12-31,2015-12-31,2015-12-31,2021-10-21,-43308000.0,10202871000.0,9753656250.0,5431840000.0,4771031000.0,0.695,5.221,-169206000.0,1809330000.0,1809330000.0,4591476000.0,122641000.0,1.539,3.589,2371362000.0,0.0,2371362000.0,2371362000.0,346721000.0,3547045000.0,0.0,0.0,0.0,274601000.0,3821646000.0,0.564,3821646000.0,274601000.0,141885000.0,0.29,0.28,0.29,2223426000.0,2083008250.0,2223426000.0,49169235381.0,179.0,12.866,-918645000.0,-2.157,1.0,2188035000.0,0.323,7218815000.0,132716000.0,16464000.0,293077250.0,0.0,501385000.0,501385000.0,0.0,7979445000.0,3529624000.0,4449821000.0,48884672381.0,695722000.0,0.0,77980000.0,1500000000.0,0.0,1640277000.0,-179192000.0,-8074000.0,-749439000.0,-15924000.0,122641000.0,122641000.0,122641000.0,0.0,0.0,0.018,1882209000.0,305826000.0,3042514000.0,0.0,21.986,398.6,394.414,173412000.0,0.0,114.38,7.211,7.185,0.0,941925000.0,6779511000.0,6779511000.0,650788000.0,0.013,0.059,0.937,0.041,44254000.0,1231421000.0,1.0,427388288.0,425889000,436456000.0,15.918,2984056000.0,0.0,19244000.0,0.0,7.007,1902216000.0
24,NFLX,MRT,2015-09-30,2015-09-30,2015-09-30,2021-10-21,-37890000.0,9916267000.0,8963563500.0,5569713000.0,4346554000.0,0.719,5.077,-174409000.0,2115437000.0,2115437000.0,4356443000.0,162834000.0,1.667,3.575,2400000000.0,0.0,2400000000.0,2400000000.0,329739000.0,3315746000.0,0.0,0.0,0.0,277310000.0,3593056000.0,0.558,3593056000.0,277310000.0,166670000.0,0.38,0.38,0.38,2167318000.0,1991578750.0,2167318000.0,44086866752.0,159.0,12.27,-717564000.0,-1.681,1.0,2084463000.0,0.324,6586974000.0,110640000.0,272438000.0,91993000.0,0.0,494205000.0,494205000.0,0.0,7748949000.0,3341418000.0,4407531000.0,43980738752.0,932220000.0,0.0,73559000.0,1500813000.0,0.0,1682126000.0,-189772000.0,-10758000.0,-543155000.0,-16979000.0,162834000.0,162834000.0,162834000.0,0.0,0.0,0.025,1773485000.0,310978000.0,2832329000.0,0.0,20.293,270.096,271.684,181268000.0,0.0,103.24,6.828,6.842,0.0,898747000.0,6440906000.0,6440906000.0,595805000.0,0.018,0.082,3.014,0.043,-7959000.0,1177680000.0,1.0,426004831.0,426869000,437606000.0,15.089,3329293000.0,0.0,3836000.0,0.0,7.799,2228295000.0
25,NFLX,MRT,2015-06-30,2015-06-30,2015-06-30,2021-10-21,-38120000.0,9654861000.0,8179079000.0,5600510000.0,4054351000.0,0.747,4.778,-158684000.0,2293872000.0,2293872000.0,4136879000.0,192697000.0,1.739,3.751,2400000000.0,0.0,2400000000.0,2400000000.0,301754000.0,3128487000.0,0.0,0.0,0.0,310762000.0,3439249000.0,0.563,3439249000.0,310762000.0,221969000.0,0.45,0.45,0.45,2032075000.0,1880967750.0,2032075000.0,39769399454.0,128.0,11.563,-543309000.0,-1.277,1.0,1975104000.0,0.323,6151713000.0,88793000.0,389207000.0,-149218000.0,0.0,502886000.0,502886000.0,0.0,7622786000.0,3220069000.0,4402717000.0,39824176454.0,1079628000.0,0.0,48347000.0,1500538000.0,0.0,1640034000.0,-162704000.0,-3516000.0,-384625000.0,-13077000.0,192697000.0,192697000.0,192697000.0,0.0,0.0,0.032,1627360000.0,347744000.0,2767909000.0,0.0,19.598,206.667,208.552,171396000.0,0.0,93.849,6.516,6.531,0.0,869315000.0,6111983000.0,6111983000.0,544996000.0,0.024,0.102,-2.083,0.051,5751000.0,1082364000.0,1.0,424345047.0,425340000,436097000.0,14.37,3503148000.0,0.0,29272000.0,0.0,8.236,2380441000.0
26,NFLX,MRT,2015-03-31,2015-03-31,2015-03-31,2021-10-21,-43154000.0,9240626000.0,7346819250.0,5539056000.0,3701570000.0,0.791,4.507,-152210000.0,2454777000.0,2454777000.0,3929975000.0,237380000.0,1.841,3.84,2400000000.0,0.0,2400000000.0,2400000000.0,285340000.0,2938430000.0,0.0,0.0,0.0,365755000.0,3304185000.0,0.569,3304185000.0,365755000.0,298851000.0,0.56,0.55,0.56,1909214000.0,1775375250.0,1909214000.0,24995337789.0,68.0,7.565,-299468000.0,-0.707,1.0,1877721000.0,0.323,5682800000.0,66904000.0,494200000.0,-361190500.0,0.0,502931000.0,502931000.0,0.0,7331412000.0,3008849000.0,4322563000.0,25208945789.0,1297327000.0,0.0,39012000.0,1500267000.0,0.0,1605960000.0,-143327000.0,7619000.0,-147258000.0,-18048000.0,237380000.0,237380000.0,237380000.0,0.0,0.0,0.041,1475212000.0,402509000.0,2616186000.0,0.0,13.204,106.197,106.298,145816000.0,0.0,59.527,4.341,4.342,0.0,842980000.0,5807696000.0,5807696000.0,505117000.0,0.032,0.134,-1.013,0.063,31245000.0,970095000.0,1.0,423486574.0,423624000,433809000.0,13.71,3557826000.0,0.0,61471000.0,0.0,8.399,2530207000.0
27,NFLX,MRT,2014-12-31,2014-12-31,2014-12-31,2021-10-21,-4446000.0,7042500000.0,6548689250.0,3927053000.0,3115447000.0,0.841,4.417,-144516000.0,1113608000.0,1113608000.0,3752760000.0,266799000.0,1.475,2.791,885849000.0,0.0,885849000.0,885849000.0,274586000.0,2781798000.0,0.0,0.0,0.0,399588000.0,3181386000.0,0.578,3181386000.0,399588000.0,349369000.0,0.63,0.62,0.63,1857708000.0,1667661250.0,1857708000.0,20297548530.0,51.0,6.38,-128033000.0,-0.304,1.0,1751896000.0,0.318,4939460000.0,50219000.0,-787873000.0,-590710750.0,0.0,494888000.0,494888000.0,0.0,5184792000.0,2663154000.0,2521638000.0,20580765530.0,508643000.0,0.0,60544000.0,400000000.0,0.0,541712000.0,-42866000.0,100316000.0,16483000.0,-6686000.0,266799000.0,266799000.0,266799000.0,0.0,0.0,0.048,1349248000.0,402648000.0,2318822000.0,0.0,11.079,77.14,77.463,149875000.0,0.0,48.801,3.739,3.728,0.0,819284000.0,5504656000.0,5504656000.0,472321000.0,0.041,0.16,-0.676,0.073,25898000.0,876927000.0,1.0,421724653.0,420544000,431894000.0,13.089,2103040000.0,0.0,82570000.0,0.0,5.001,1263899000.0
28,NFLX,MRT,2014-09-30,2014-09-30,2014-09-30,2021-10-21,1645000.0,6778329000.0,6141205000.0,3823482000.0,2954847000.0,0.846,4.095,-144009000.0,1183217000.0,1183217000.0,3559105000.0,231849000.0,1.5,2.93,900000000.0,0.0,900000000.0,900000000.0,252956000.0,2620230000.0,0.0,0.0,0.0,422161000.0,3042391000.0,0.586,3042391000.0,422161000.0,377857000.0,0.559,0.531,0.559,1724874000.0,1536624500.0,1724874000.0,26797620148.0,63.0,8.808,-47620000.0,-0.113,1.0,1636053000.0,0.315,4638863000.0,44304000.0,-692406000.0,-554766750.0,0.0,483602000.0,483602000.0,0.0,5053455000.0,2548655000.0,2504800000.0,27111864148.0,744161000.0,0.0,87798000.0,398923000.0,0.0,577249000.0,72897000.0,213010000.0,96389000.0,-2374000.0,231849000.0,231849000.0,231849000.0,0.0,0.0,0.045,1216163000.0,419890000.0,2225140000.0,0.0,15.718,116.938,115.303,144147000.0,0.0,64.454,5.219,5.226,0.0,735913000.0,5195158000.0,5195158000.0,444573000.0,0.038,0.151,-0.761,0.081,6302000.0,771590000.0,1.0,420637105.0,421194000,432742000.0,12.334,2139466000.0,0.0,146008000.0,0.0,5.08,1274827000.0
29,NFLX,MRT,2014-06-30,2014-06-30,2014-06-30,2021-10-21,6502000.0,6325822000.0,5671954000.0,3668380000.0,2657442000.0,0.862,3.833,-133746000.0,1214244000.0,1214244000.0,3403611000.0,204376000.0,1.571,2.93,900000000.0,0.0,900000000.0,900000000.0,241330000.0,2483842000.0,0.0,0.0,0.0,368065000.0,2851907000.0,0.583,2851907000.0,368065000.0,329811000.0,0.496,0.466,0.496,1609705000.0,1406498500.0,1609705000.0,26152262042.0,71.0,9.17,34775000.0,0.083,1.0,1488114000.0,0.304,4135137000.0,38254000.0,-458683000.0,-471357250.0,0.0,500121000.0,500121000.0,0.0,4716117000.0,2335124000.0,2380993000.0,26409712042.0,843566000.0,0.0,103482000.0,398940000.0,0.0,592382000.0,79639000.0,211159000.0,168521000.0,3024000.0,204376000.0,204376000.0,204376000.0,0.0,0.0,0.042,1121511000.0,366603000.0,1995246000.0,0.0,16.407,129.221,126.901,141715000.0,0.0,62.943,5.399,5.404,0.0,676618000.0,4891725000.0,4891725000.0,419160000.0,0.036,0.145,-0.781,0.075,-4531000.0,702351000.0,1.0,419582352.0,419974000,431441000.0,11.648,2190685000.0,0.0,125435000.0,0.0,5.216,1333256000.0
30,NFLX,MRT,2014-03-31,2014-03-31,2014-03-31,2021-10-21,4503000.0,6048106000.0,5210686250.0,3586784000.0,2461322000.0,0.887,3.531,-115007000.0,1157450000.0,1157450000.0,3249437000.0,162829000.0,1.585,3.091,900000000.0,0.0,900000000.0,900000000.0,230015000.0,2354890000.0,0.0,0.0,0.0,291542000.0,2646432000.0,0.573,2646432000.0,291542000.0,259088000.0,0.399,0.376,0.399,1478358000.0,1280477750.0,1478358000.0,20948976289.0,72.0,7.916,31433000.0,0.075,1.0,1371253000.0,0.297,3950884000.0,32454000.0,-423881000.0,-383187000.0,0.0,510793000.0,510793000.0,0.0,4569748000.0,2263653000.0,2306095000.0,21053941289.0,739399000.0,0.0,117859000.0,398956000.0,0.0,612868000.0,-19093000.0,93730000.0,146440000.0,-816000.0,162829000.0,162829000.0,162829000.0,0.0,0.0,0.035,1077133000.0,294120000.0,1978780000.0,0.0,14.241,129.301,126.04,133473000.0,0.0,50.29,4.556,4.557,0.0,605600000.0,4620690000.0,4620690000.0,397104000.0,0.031,0.127,-0.761,0.063,-21601000.0,680029000.0,1.0,418650652.0,418719000,430836000.0,11.035,2097222000.0,0.0,96259000.0,0.0,5.009,1323131000.0
31,NFLX,MRT,2013-12-31,2013-12-31,2013-12-31,2021-10-21,3575000.0,5412563000.0,4789482000.0,3058763000.0,2353800000.0,0.913,3.273,-120070000.0,604965000.0,604965000.0,3117203000.0,112403000.0,1.42,3.059,500000000.0,0.0,500000000.0,500000000.0,215767000.0,2241680000.0,0.0,0.0,0.0,200216000.0,2441896000.0,0.558,2441896000.0,200216000.0,171074000.0,0.28,0.26,0.28,1333561000.0,1114118000.0,1333561000.0,21877887490.0,109.0,8.959,-22239000.0,-0.055,1.0,1257359000.0,0.287,3797492000.0,29142000.0,-644097000.0,-280130500.0,0.0,595440000.0,595440000.0,0.0,4079002000.0,2154203000.0,1924799000.0,21816943490.0,314674000.0,0.0,124557000.0,279458000.0,0.0,476264000.0,-255968000.0,-141837000.0,97831000.0,-3453000.0,112403000.0,112403000.0,112403000.0,0.0,0.0,0.026,1029012000.0,228347000.0,1884418000.0,0.0,16.36,194.096,187.842,133605000.0,0.0,52.596,4.987,4.898,0.0,552485000.0,4374562000.0,4374562000.0,378769000.0,0.023,0.101,-0.715,0.046,-8563000.0,650243000.0,1.0,414804586.0,407385000,425327000.0,10.738,1615071000.0,0.0,58671000.0,0.0,3.964,904560000.0
32,NFLX,MRT,2013-09-30,2013-09-30,2013-09-30,2021-10-21,1570000.0,4901325000.0,4428313750.0,2849278000.0,2052047000.0,0.936,2.911,-121215000.0,439056000.0,439056000.0,3018585000.0,71879000.0,1.472,3.07,500000000.0,0.0,500000000.0,500000000.0,195823000.0,2130820000.0,0.0,0.0,0.0,138694000.0,2269514000.0,0.548,2269514000.0,138694000.0,111974000.0,0.177,0.17,0.177,1204370000.0,966896000.0,1204370000.0,18348746061.0,132.0,8.085,-78834000.0,-0.191,1.0,1125986000.0,0.272,3385901000.0,26720000.0,-358768000.0,-237230500.0,0.0,695931000.0,695931000.0,0.0,3696955000.0,1935136000.0,1761819000.0,18219424061.0,68758000.0,0.0,95147000.0,278831000.0,0.0,418168000.0,-388410000.0,-273496000.0,42381000.0,-3381000.0,71879000.0,71879000.0,71879000.0,0.0,0.0,0.017,960289000.0,165697000.0,1692880000.0,0.0,15.128,253.474,249.564,127263000.0,0.0,44.173,4.396,4.41,0.0,504064000.0,4144571000.0,4144571000.0,362780000.0,0.016,0.074,-0.585,0.033,19027000.0,597509000.0,1.0,412457451.0,413756000,426930000.0,10.017,1515424000.0,0.0,40095000.0,0.0,3.663,914142000.0
33,NFLX,MRT,2013-06-30,2013-06-30,2013-06-30,2021-10-21,-1664000.0,4480751000.0,4155190750.0,2570322000.0,1910429000.0,0.949,2.714,-114310000.0,370678000.0,370678000.0,2882323000.0,47732000.0,1.539,3.053,500000000.0,0.0,500000000.0,500000000.0,186571000.0,1983635000.0,0.0,0.0,0.0,98703000.0,2082338000.0,0.528,2082338000.0,98703000.0,74429000.0,0.12,0.114,0.12,1105622000.0,845013500.0,1105622000.0,12133383005.0,123.0,5.827,-109547000.0,-0.269,1.0,1061338000.0,0.269,3045811000.0,24274000.0,-106002000.0,-263044250.0,0.0,709432000.0,709432000.0,0.0,3375129000.0,1670264000.0,1704865000.0,11851434005.0,-31573000.0,0.0,69904000.0,278502000.0,0.0,372215000.0,-405190000.0,-300367000.0,4763000.0,-3361000.0,47732000.0,47732000.0,47732000.0,0.0,0.0,0.012,936626000.0,124712000.0,1424658000.0,0.0,10.719,248.291,251.298,127931000.0,0.0,30.156,3.005,3.115,0.0,472242000.0,3943661000.0,3943661000.0,349761000.0,0.011,0.056,-0.375,0.025,39403000.0,586865000.0,1.0,393007902.0,407344000,424130000.0,9.681,1434940000.0,0.0,26697000.0,0.0,3.523,900058000.0
34,NFLX,MRT,2013-03-31,2013-03-31,2013-03-31,2021-10-21,291000.0,4363289000.0,3904575500.0,2557100000.0,1806189000.0,0.964,2.075,-103570000.0,418051000.0,418051000.0,2765077000.0,24425000.0,1.514,4.367,700000000.0,0.0,700000000.0,700000000.0,178878000.0,1846998000.0,0.0,0.0,0.0,60187000.0,1907185000.0,0.507,1907185000.0,60187000.0,38435000.0,0.063,0.06,0.063,812919000.0,740664500.0,812919000.0,10708154327.0,178.0,5.615,-113343000.0,-0.289,1.0,998375000.0,0.265,2968179000.0,21752000.0,-11655000.0,-335105750.0,0.0,607821000.0,607821000.0,0.0,3550370000.0,1688714000.0,1861656000.0,10598445327.0,22059000.0,0.0,41582000.0,278180000.0,0.0,323139000.0,-288159000.0,-196121000.0,-9773000.0,-3148000.0,24425000.0,24425000.0,24425000.0,0.0,0.0,0.006,914626000.0,83749000.0,1457832000.0,0.0,13.038,433.918,429.206,129319000.0,0.0,27.04,2.816,2.815,0.0,442771000.0,3763452000.0,3763452000.0,338182000.0,0.006,0.033,-0.18,0.016,59959000.0,576444000.0,1.0,391954339.0,391804000,421022000.0,9.605,1395110000.0,0.0,14010000.0,0.0,3.561,868386000.0
35,NFLX,MRT,2012-12-31,2012-12-31,2012-12-31,2021-10-21,2919000.0,3967890000.0,3683868000.0,2240791000.0,1727099000.0,0.98,1.916,-88553000.0,290291000.0,290291000.0,2652058000.0,17152000.0,1.337,4.328,400000000.0,0.0,400000000.0,400000000.0,169472000.0,1702083000.0,0.0,0.0,0.0,50466000.0,1752549000.0,0.486,1752549000.0,50466000.0,30480000.0,0.044,0.041,0.044,744673000.0,703285250.0,744673000.0,5172662715.0,102.0,2.952,-66967000.0,-0.172,1.0,957224000.0,0.265,2874170000.0,19986000.0,-472497000.0,-418171000.0,0.0,457787000.0,457787000.0,0.0,3223217000.0,1675926000.0,1547291000.0,5142960715.0,-217762000.0,0.0,3660000.0,-2614000.0,0.0,5589000.0,-244740000.0,-165003000.0,21586000.0,-197000.0,17152000.0,17152000.0,17152000.0,0.0,0.0,0.005,907232000.0,49992000.0,1453315000.0,0.0,6.906,299.846,300.617,131681000.0,0.0,13.227,1.425,1.424,0.0,440082000.0,3609282000.0,3609282000.0,329008000.0,0.005,0.024,-0.121,0.014,69405000.0,578224000.0,1.0,388818717.0,388647000,412328000.0,9.287,1093720000.0,0.0,13328000.0,0.0,2.814,564865000.0
36,NFLX,MRT,2012-09-30,2012-09-30,2012-09-30,2021-10-21,3006000.0,3808833000.0,3459194500.0,2225018000.0,1583815000.0,1.023,1.844,-82859000.0,370298000.0,370298000.0,2505154000.0,44474000.0,1.392,4.313,400000000.0,0.0,400000000.0,400000000.0,155146000.0,1525527000.0,0.0,0.0,0.0,92323000.0,1617850000.0,0.457,1617850000.0,92323000.0,72411000.0,0.117,0.113,0.117,716840000.0,677819500.0,716840000.0,3021034441.0,33.0,1.867,18198000.0,0.047,1.0,1034464000.0,0.292,2702335000.0,19912000.0,-462023000.0,-357685500.0,0.0,428057000.0,428057000.0,0.0,3091993000.0,1598223000.0,1493770000.0,3023285441.0,211099000.0,0.0,203038000.0,195801000.0,0.0,402754000.0,-292529000.0,-218248000.0,101057000.0,-183000.0,44474000.0,44474000.0,44474000.0,0.0,0.0,0.013,942238000.0,92226000.0,1372396000.0,0.0,4.218,67.979,66.471,133603000.0,0.0,7.777,0.854,0.854,0.0,432185000.0,3539618000.0,3539618000.0,327652000.0,0.013,0.066,-0.258,0.026,69657000.0,614586000.0,1.0,388739862.0,388787000,411103000.0,9.104,1106498000.0,0.0,27937000.0,0.0,2.846,626795000.0
37,NFLX,MRT,2012-06-30,2012-06-30,2012-06-30,2021-10-21,961000.0,3478290000.0,2997375750.0,2137785000.0,1340505000.0,1.153,1.771,-98371000.0,402251000.0,402251000.0,2379133000.0,99259000.0,1.426,4.054,400000000.0,0.0,400000000.0,400000000.0,152790000.0,1312679000.0,0.0,0.0,0.0,173925000.0,1486604000.0,0.43,1486604000.0,173925000.0,154088000.0,0.267,0.26,0.267,688226000.0,595697500.0,688226000.0,3805995989.0,22.0,2.56,55142000.0,0.142,1.0,1077235000.0,0.312,2371443000.0,19837000.0,-394248000.0,-293818750.0,0.0,411092000.0,411092000.0,0.0,2790064000.0,1498844000.0,1291220000.0,3801987989.0,227044000.0,0.0,167527000.0,195862000.0,0.0,378954000.0,-303661000.0,-211167000.0,153513000.0,-1762000.0,99259000.0,99259000.0,99259000.0,0.0,0.0,0.029,904302000.0,172933000.0,1295170000.0,0.0,5.524,38.304,36.643,124644000.0,0.0,9.784,1.1,1.1,0.0,424510000.0,3456368000.0,3456368000.0,314611000.0,0.033,0.167,-0.592,0.05,55240000.0,589691000.0,1.0,388609417.0,388682000,411663000.0,8.893,1106847000.0,0.0,54829000.0,0.0,2.848,638941000.0
38,NFLX,MRT,2012-03-31,2012-03-31,2012-03-31,2021-10-21,1577000.0,3480459000.0,2520476500.0,2058741000.0,1421718000.0,1.331,1.709,-114691000.0,395992000.0,395992000.0,2225683000.0,161309000.0,1.423,4.246,400000000.0,0.0,400000000.0,400000000.0,150602000.0,1087979000.0,0.0,0.0,0.0,274391000.0,1362370000.0,0.406,1362370000.0,274391000.0,254257000.0,0.437,0.424,0.437,663402000.0,507149500.0,663402000.0,6267306425.0,23.0,4.6,105807000.0,0.273,1.0,1130132000.0,0.337,2381717000.0,20134000.0,-343916000.0,-200436250.0,0.0,408534000.0,408534000.0,0.0,2817057000.0,1446666000.0,1370391000.0,6375359425.0,245573000.0,0.0,123000000.0,195919000.0,0.0,352416000.0,-327956000.0,-216854000.0,220498000.0,615000.0,161309000.0,161309000.0,161309000.0,0.0,0.0,0.048,858239000.0,271893000.0,1246958000.0,0.0,9.61,39.523,37.607,128197000.0,0.0,16.434,1.9,1.901,0.0,418346000.0,3355815000.0,3355815000.0,290929000.0,0.064,0.318,-1.369,0.082,34765000.0,567310000.0,1.0,387930424.0,388192000,388192000.0,8.645,1098742000.0,0.0,92948000.0,0.0,2.83,612075000.0
39,NFLX,MRT,2011-12-31,2011-12-31,2011-12-31,2021-10-21,706000.0,3069196000.0,1922908750.0,1830857000.0,1238339000.0,1.667,1.738,-134836000.0,508053000.0,508053000.0,2039901000.0,226126000.0,1.495,3.775,400000000.0,0.0,400000000.0,400000000.0,148796000.0,839619000.0,0.0,0.0,0.0,379547000.0,1219166000.0,0.38,1219166000.0,379547000.0,359522000.0,0.611,0.594,0.611,642810000.0,410229500.0,642810000.0,3713468465.0,10.0,3.046,182876000.0,0.494,1.0,1164676000.0,0.363,1966643000.0,20025000.0,-230555000.0,-59040000.0,0.0,289758000.0,289758000.0,0.0,2426386000.0,1225055000.0,1201331000.0,3638008465.0,313554000.0,0.0,19895000.0,195977000.0,0.0,261656000.0,-265814000.0,-134652000.0,317712000.0,0.0,226126000.0,226126000.0,226126000.0,0.0,0.0,0.071,788608000.0,376068000.0,1022028000.0,0.0,5.66,16.088,16.201,136353000.0,0.0,9.899,1.135,1.143,0.0,422930000.0,3204577000.0,3204577000.0,259033000.0,0.118,0.551,-6.429,0.118,15798000.0,529575000.0,1.0,367528637.0,369929000,380583000.0,8.663,1102553000.0,0.0,133396000.0,0.0,2.98,605802000.0
40,NFLX,MRT,2011-09-30,2011-09-30,2011-09-30,2021-10-21,588000.0,1961558000.0,1401126500.0,1190113000.0,771445000.0,2.088,1.055,-148375000.0,159199000.0,159199000.0,1855536000.0,238002000.0,1.229,4.051,234659000.0,2259000.0,232400000.0,234659000.0,160929000.0,629028000.0,0.0,0.0,0.0,397161000.0,1026189000.0,0.351,1026189000.0,397161000.0,377246000.0,0.646,0.629,0.646,388352000.0,322068000.0,388352000.0,6010758584.0,15.0,5.857,200588000.0,0.545,1.0,1069388000.0,0.366,1275608000.0,19915000.0,-206556000.0,57851250.0,0.0,206573000.0,206573000.0,0.0,1573206000.0,967966000.0,605240000.0,5950780584.0,46091000.0,0.0,-165255000.0,-2027000.0,0.0,-94484000.0,-208388000.0,-63487000.0,348963000.0,0.0,238002000.0,238002000.0,238002000.0,0.0,0.0,0.081,676739000.0,392649000.0,750107000.0,0.0,15.323,25.003,25.049,143993000.0,0.0,16.181,2.035,2.036,0.0,387711000.0,2924924000.0,2924924000.0,224209000.0,0.17,0.739,6.865,0.136,-21023000.0,452530000.0,1.0,367753722.0,367983000,377090000.0,7.949,685950000.0,28743000.0,139244000.0,0.0,1.864,222147000.0
41,NFLX,MRT,2011-06-30,2011-06-30,2011-06-30,2021-10-21,884000.0,1570693000.0,1103307750.0,969444000.0,601249000.0,2.408,0.909,-150711000.0,175207000.0,175207000.0,1663388000.0,213509000.0,1.334,3.702,235185000.0,2199000.0,232986000.0,235185000.0,146937000.0,492493000.0,0.0,0.0,0.0,368977000.0,861470000.0,0.324,861470000.0,368977000.0,349032000.0,0.58,0.563,0.58,334034000.0,272973750.0,334034000.0,13881543878.0,38.0,16.114,190948000.0,0.52,1.0,992916000.0,0.374,924680000.0,19945000.0,-20718000.0,190319750.0,0.0,201200000.0,201200000.0,0.0,1236659000.0,726709000.0,509950000.0,13796257878.0,67880000.0,0.0,-176525000.0,-1971000.0,0.0,-101366000.0,-172413000.0,-28802000.0,341659000.0,0.0,213509000.0,213509000.0,213509000.0,0.0,0.0,0.08,627608000.0,365308000.0,533436000.0,0.0,41.302,64.617,64.702,136948000.0,0.0,37.527,5.194,5.189,0.0,333097000.0,2656304000.0,2656304000.0,196837000.0,0.194,0.782,1.939,0.139,-33764000.0,430771000.0,1.0,367634113.0,367290000,377363000.0,7.232,646013000.0,25883000.0,135523000.0,0.0,1.759,242735000.0
42,NFLX,MRT,2011-03-31,2011-03-31,2011-03-31,2021-10-21,590000.0,1090188000.0,884127500.0,721602000.0,368586000.0,2.7,0.747,-152882000.0,150419000.0,150419000.0,1488344000.0,188814000.0,1.472,2.954,235705000.0,2141000.0,233564000.0,235705000.0,143045000.0,388297000.0,0.0,0.0,0.0,331113000.0,719410000.0,0.301,719410000.0,331113000.0,311578000.0,0.513,0.497,0.513,275722000.0,233625250.0,275722000.0,12618042904.0,38.0,17.539,162637000.0,0.44,1.0,899169000.0,0.377,463487000.0,19535000.0,221669000.0,289960500.0,0.0,192302000.0,192302000.0,0.0,814466000.0,490318000.0,324148000.0,12576335904.0,70558000.0,0.0,-164558000.0,-1916000.0,0.0,-96030000.0,-148931000.0,-6130000.0,315519000.0,0.0,188814000.0,188814000.0,188814000.0,0.0,0.0,0.079,571633000.0,327536000.0,301009000.0,0.0,45.612,66.607,66.216,134800000.0,0.0,33.969,5.268,5.254,0.0,275080000.0,2387513000.0,2387513000.0,176835000.0,0.214,0.808,1.142,0.139,-35686000.0,394798000.0,1.0,370234466.0,369313000,379722000.0,6.465,626701000.0,22452000.0,122764000.0,0.0,1.697,231284000.0
43,NFLX,MRT,2010-12-31,2010-12-31,2010-12-31,2021-10-21,750000.0,982067000.0,773653750.0,637231000.0,344836000.0,2.795,0.789,-157738000.0,194499000.0,194499000.0,1357355000.0,160853000.0,1.64,2.385,200000000.0,0.0,200000000.0,200000000.0,127183000.0,338695000.0,0.0,0.0,0.0,287325000.0,626020000.0,0.289,626020000.0,287325000.0,267696000.0,0.437,0.423,0.437,290164000.0,201378500.0,290164000.0,9305219872.0,32.0,14.864,118663000.0,0.323,1.0,805270000.0,0.372,361979000.0,19629000.0,237010000.0,333945500.0,0.0,155888000.0,155888000.0,0.0,691903000.0,388579000.0,303324000.0,9181641872.0,60275000.0,0.0,-160483000.0,-1776000.0,0.0,-100045000.0,-116081000.0,29313000.0,276401000.0,0.0,160853000.0,160853000.0,160853000.0,0.0,0.0,0.074,521629000.0,283641000.0,222824000.0,0.0,31.643,57.081,57.437,128570000.0,0.0,25.1,4.246,4.268,0.0,237739000.0,2162625000.0,2162625000.0,163329000.0,0.208,0.799,0.86,0.133,-34218000.0,358300000.0,1.0,365802465.0,367703000,380128000.0,5.881,620088000.0,0.0,106843000.0,0.0,1.686,248652000.0
44,NFLX,MRT,2010-09-30,2010-09-30,2010-09-30,2021-10-21,1279000.0,770283000.0,698070500.0,492247000.0,278036000.0,2.881,0.526,-197110000.0,113108000.0,113108000.0,1242051000.0,144671000.0,1.577,3.012,236686000.0,2027000.0,234659000.0,236686000.0,102986000.0,303926000.0,0.0,0.0,0.0,263727000.0,567653000.0,0.282,567653000.0,263727000.0,244473000.0,0.391,0.377,0.391,191975000.0,178623250.0,191975000.0,8620230009.0,33.0,15.186,88391000.0,0.242,1.0,769194000.0,0.382,258436000.0,19254000.0,323318000.0,377172250.0,0.0,143705000.0,143705000.0,0.0,578308000.0,312107000.0,266201000.0,8490401009.0,57391000.0,7483000.0,-246542000.0,191299000.0,0.0,-16960000.0,-211150000.0,-42904000.0,285501000.0,0.0,144671000.0,144671000.0,144671000.0,0.0,0.0,0.072,510657000.0,258537000.0,170120000.0,0.0,44.227,58.688,59.247,125057000.0,0.0,23.166,4.221,4.204,0.0,190644000.0,2011245000.0,2011245000.0,150579000.0,0.207,0.81,0.699,0.131,-15581000.0,357259000.0,1.0,366507197.0,364994000,377517000.0,5.51,511847000.0,19219000.0,99802000.0,0.0,1.402,180140000.0
45,NFLX,MRT,2010-06-30,2010-06-30,2010-06-30,2021-10-21,802000.0,693972000.0,628532500.0,441218000.0,252754000.0,2.993,0.481,-212790000.0,107327000.0,107327000.0,1172856000.0,136845000.0,1.709,2.929,237156000.0,1971000.0,235185000.0,237156000.0,101419000.0,284410000.0,0.0,0.0,0.0,244518000.0,528928000.0,0.281,528928000.0,244518000.0,229535000.0,0.364,0.351,0.364,176640000.0,188680000.0,176640000.0,5836010546.0,24.0,11.034,108795000.0,0.296,1.0,708290000.0,0.377,187789000.0,14983000.0,377845000.0,329767250.0,0.0,171758000.0,171758000.0,0.0,517332000.0,258167000.0,259165000.0,5678250546.0,19856000.0,7483000.0,-327040000.0,191475000.0,0.0,-111775000.0,-189954000.0,-3380000.0,321585000.0,0.0,136845000.0,136845000.0,136845000.0,0.0,0.0,0.073,469917000.0,238373000.0,120031000.0,0.0,32.146,41.494,42.641,123292000.0,0.0,15.521,3.019,3.031,0.0,175786000.0,1881146000.0,1881146000.0,138485000.0,0.218,0.725,0.741,0.13,-5152000.0,330217000.0,1.0,365832985.0,367402000,380268000.0,5.12,506183000.0,21951000.0,92690000.0,0.0,1.378,183051000.0
46,NFLX,MRT,2010-03-31,2010-03-31,2010-03-31,2021-10-21,487000.0,648293000.0,603037750.0,379538000.0,268755000.0,2.935,0.396,-231926000.0,79861000.0,79861000.0,1127165000.0,125769000.0,1.559,3.418,237621000.0,1917000.0,235704000.0,237621000.0,100109000.0,272206000.0,0.0,0.0,0.0,219903000.0,492109000.0,0.278,492109000.0,219903000.0,209139000.0,0.326,0.314,0.326,146735000.0,225612750.0,146735000.0,4051300961.0,18.0,8.233,104709000.0,0.283,1.0,642671000.0,0.363,164997000.0,10764000.0,397609000.0,284825250.0,0.0,186469000.0,186469000.0,0.0,501558000.0,243447000.0,258111000.0,3947542961.0,-35270000.0,7483000.0,-357737000.0,191645000.0,0.0,-149669000.0,-222236000.0,-12712000.0,336635000.0,0.0,125769000.0,125769000.0,125769000.0,0.0,0.0,0.071,428858000.0,213813000.0,102703000.0,0.0,26.903,31.387,32.314,127165000.0,0.0,10.534,2.23,2.205,0.0,146196000.0,1769836000.0,1769836000.0,127741000.0,0.209,0.557,0.772,0.124,-1435000.0,300020000.0,1.0,374732855.0,370377000,383425000.0,4.778,483296000.0,18791000.0,83370000.0,0.0,1.305,136091000.0
47,NFLX,MRT,2009-12-31,2009-12-31,2009-12-31,2021-10-21,273000.0,679734000.0,598134000.0,411013000.0,268721000.0,2.792,0.503,-238976000.0,134224000.0,134224000.0,1079271000.0,115860000.0,1.807,2.413,237982000.0,1410000.0,236572000.0,237982000.0,100097000.0,257534000.0,0.0,0.0,0.0,198667000.0,456201000.0,0.273,456201000.0,198667000.0,192192000.0,0.293,0.283,0.293,199143000.0,275507000.0,199143000.0,2992831012.0,15.0,6.56,86087000.0,0.217,1.0,590998000.0,0.354,146139000.0,6475000.0,409917000.0,232184250.0,0.0,186018000.0,186018000.0,0.0,480591000.0,227436000.0,253155000.0,3010266012.0,-5657000.0,7483000.0,-289061000.0,191737000.0,0.0,-84641000.0,-246079000.0,-25621000.0,325063000.0,0.0,115860000.0,115860000.0,115860000.0,0.0,0.0,0.069,399059000.0,191939000.0,92542000.0,0.0,15.116,25.982,26.86,131653000.0,0.0,7.87,1.802,1.866,0.0,198817000.0,1670269000.0,1670269000.0,114542000.0,0.194,0.421,0.856,0.119,-65000.0,284517000.0,1.0,382498858.0,395920000,408912000.0,4.219,533595000.0,15958000.0,76332000.0,0.0,1.348,183577000.0
48,NFLX,MRT,2009-09-30,2009-09-30,2009-09-30,2021-10-21,552000.0,492131000.0,582056500.0,234962000.0,257169000.0,2.724,0.591,-193536000.0,55717000.0,55717000.0,1036631000.0,107679000.0,1.154,1.119,38282000.0,1342000.0,36940000.0,38282000.0,79123000.0,243755000.0,0.0,0.0,0.0,181647000.0,425402000.0,0.268,425402000.0,181647000.0,178952000.0,0.266,0.257,0.266,232202000.0,312510000.0,232202000.0,2601989069.0,14.0,6.117,117810000.0,0.3,1.0,548691000.0,0.346,137476000.0,2695000.0,133698000.0,175062000.0,0.0,99745000.0,99745000.0,0.0,259929000.0,203522000.0,56407000.0,2650884069.0,-55807000.0,0.0,-225585000.0,-1095000.0,0.0,-216828000.0,-150325000.0,43100000.0,311346000.0,0.0,107679000.0,107679000.0,107679000.0,0.0,0.0,0.068,372180000.0,176511000.0,93451000.0,0.0,11.416,24.618,24.796,122119000.0,0.0,6.596,1.672,1.635,0.0,193399000.0,1585322000.0,1585322000.0,105385000.0,0.185,0.345,1.038,0.115,2984000.0,271217000.0,1.0,401910082.0,393022000,405566000.0,4.034,354655000.0,22950000.0,71273000.0,0.0,0.902,31440000.0
49,NFLX,MRT,2009-06-30,2009-06-30,2009-06-30,2021-10-21,725000.0,591993000.0,604773500.0,342564000.0,249429000.0,2.486,0.801,-174943000.0,87471000.0,87471000.0,985853000.0,97909000.0,1.622,0.825,38576000.0,1275000.0,37301000.0,38576000.0,80495000.0,233686000.0,0.0,0.0,0.0,166112000.0,399798000.0,0.266,399798000.0,166112000.0,163414000.0,0.237,0.23,0.237,324371000.0,335667750.0,324371000.0,2308968747.0,14.0,5.775,118587000.0,0.293,1.0,517618000.0,0.344,133835000.0,2698000.0,198077000.0,186738750.0,0.0,167498000.0,167498000.0,0.0,267622000.0,211186000.0,56436000.0,2385228747.0,-56818000.0,0.0,-186076000.0,-1035000.0,0.0,-177766000.0,-172582000.0,2381000.0,293530000.0,0.0,97909000.0,97909000.0,97909000.0,0.0,0.0,0.065,356370000.0,161248000.0,101634000.0,0.0,7.353,24.362,24.919,120346000.0,0.0,5.906,1.586,1.591,0.0,163258000.0,1503471000.0,1503471000.0,98739000.0,0.162,0.292,0.89,0.11,3294000.0,262077000.0,1.0,403884887.0,405104000,417620000.0,3.711,458158000.0,22819000.0,65505000.0,0.0,1.131,131378000.0
50,NFLX,MRT,2009-03-31,2009-03-31,2009-03-31,2021-10-21,-447000.0,628678000.0,618281000.0,364880000.0,263798000.0,2.317,0.842,-179638000.0,115131000.0,115131000.0,946697000.0,92045000.0,1.609,0.815,38871000.0,1215000.0,37656000.0,38871000.0,80623000.0,236638000.0,0.0,0.0,0.0,149069000.0,385707000.0,0.269,385707000.0,149069000.0,146364000.0,0.219,0.213,0.219,346312000.0,351940500.0,346312000.0,2417990744.0,16.0,6.269,105970000.0,0.258,1.0,485879000.0,0.339,138660000.0,2705000.0,187045000.0,189479500.0,0.0,171358000.0,171358000.0,0.0,282366000.0,226713000.0,55653000.0,2518731744.0,-53858000.0,0.0,-118819000.0,-970000.0,0.0,-111705000.0,-227761000.0,-47112000.0,285608000.0,0.0,92045000.0,92045000.0,92045000.0,0.0,0.0,0.064,343212000.0,142667000.0,112767000.0,0.0,7.273,27.364,27.997,123817000.0,0.0,6.131,1.758,1.76,0.0,130815000.0,1432576000.0,1432576000.0,93806000.0,0.149,0.262,0.787,0.104,4182000.0,255997000.0,1.0,410790359.0,411138000,424963000.0,3.484,490018000.0,28649000.0,54319000.0,0.0,1.192,138167000.0
51,NFLX,MRT,2008-12-31,2008-12-31,2008-12-31,2021-10-21,84000.0,615424000.0,607531000.0,358925000.0,256499000.0,2.246,0.814,-189333000.0,139881000.0,139881000.0,910234000.0,83026000.0,1.662,0.773,39140000.0,1152000.0,37988000.0,39140000.0,83127000.0,242211000.0,0.0,0.0,0.0,133958000.0,376169000.0,0.276,376169000.0,133958000.0,131500000.0,0.194,0.189,0.194,347155000.0,354220750.0,347155000.0,1681472279.0,13.0,4.47,94704000.0,0.222,1.0,454427000.0,0.333,117238000.0,2458000.0,181428000.0,153809250.0,0.0,157390000.0,157390000.0,0.0,268269000.0,216017000.0,52252000.0,1753619279.0,-37558000.0,-6000000.0,-181032000.0,-823000.0,0.0,-176635000.0,-144960000.0,50374000.0,284037000.0,0.0,83026000.0,83026000.0,83026000.0,0.0,0.0,0.061,332921000.0,121506000.0,100344000.0,0.0,5.051,21.121,22.01,124948000.0,0.0,4.27,1.285,1.335,0.0,108452000.0,1364661000.0,1364661000.0,89873000.0,0.137,0.234,0.871,0.098,7044000.0,249375000.0,1.0,410683672.0,426727000,439852000.0,3.198,498186000.0,22409000.0,48474000.0,0.0,1.167,142908000.0
52,NFLX,MRT,2008-09-30,2008-09-30,2008-09-30,2021-10-21,-2410000.0,582999000.0,623424500.0,301375000.0,281624000.0,2.097,0.768,-197092000.0,111524000.0,111524000.0,877438000.0,75985000.0,1.45,0.795,39377000.0,1090000.0,38287000.0,39377000.0,65897000.0,246506000.0,0.0,0.0,0.0,120388000.0,366894000.0,0.281,366894000.0,120388000.0,118312000.0,0.174,0.171,0.174,324833000.0,374885000.0,324833000.0,1774928218.0,15.0,4.838,66248000.0,0.157,1.0,429983000.0,0.329,122558000.0,2076000.0,180405000.0,158641750.0,0.0,139304000.0,139304000.0,0.0,258166000.0,207889000.0,50277000.0,1879606218.0,-68280000.0,-6000000.0,-202836000.0,-686000.0,0.0,-194071000.0,-137549000.0,66994000.0,263340000.0,0.0,75985000.0,75985000.0,75985000.0,0.0,0.0,0.058,326124000.0,103859000.0,109277000.0,0.0,5.786,24.737,25.353,128541000.0,0.0,4.411,1.438,1.427,0.0,85720000.0,1307421000.0,1307421000.0,84274000.0,0.122,0.203,0.759,0.092,2861000.0,248270000.0,1.0,426076539.0,422856000,435904000.0,3.092,460441000.0,26854000.0,42327000.0,0.0,1.089,93486000.0
53,NFLX,MRT,2008-06-30,2008-06-30,2008-06-30,2021-10-21,-814000.0,646023000.0,633724000.0,359154000.0,286869000.0,1.988,0.901,-204867000.0,144289000.0,144289000.0,847395000.0,71261000.0,1.749,0.659,39611000.0,1029000.0,38582000.0,39611000.0,67886000.0,244449000.0,0.0,0.0,0.0,111572000.0,356021000.0,0.283,356021000.0,111572000.0,109877000.0,0.16,0.157,0.16,389462000.0,402286250.0,389462000.0,1439220914.0,13.0,4.043,75641000.0,0.175,1.0,412729000.0,0.328,126928000.0,1695000.0,209040000.0,149117250.0,0.0,169175000.0,169175000.0,0.0,256561000.0,205377000.0,51184000.0,1608209914.0,-39893000.0,-6000000.0,-150300000.0,-550000.0,0.0,-137322000.0,-183079000.0,28627000.0,280508000.0,0.0,71261000.0,71261000.0,71261000.0,0.0,0.0,0.057,321239000.0,91490000.0,109000000.0,0.0,4.129,22.568,23.277,129553000.0,0.0,3.724,1.276,1.278,0.0,65349000.0,1260124000.0,1260124000.0,79018000.0,0.112,0.177,0.748,0.089,-1138000.0,249323000.0,1.0,431817008.0,432474000,446999000.0,2.914,519095000.0,22960000.0,38616000.0,0.0,1.2,153777000.0
54,NFLX,MRT,2008-03-31,2008-03-31,2008-03-31,2021-10-21,310000.0,585678000.0,625293250.0,326162000.0,259516000.0,1.961,0.809,-210125000.0,168989000.0,168989000.0,814001000.0,70176000.0,1.437,0.648,0.0,0.0,0.0,0.0,68375000.0,235553000.0,0.0,0.0,0.0,118365000.0,353918000.0,0.289,353918000.0,118365000.0,117053000.0,0.151,0.149,0.151,355433000.0,415941000.0,355433000.0,1942786600.0,16.0,5.489,68237000.0,0.155,1.0,412202000.0,0.336,145361000.0,1312000.0,44364000.0,133653000.0,0.0,126506000.0,126506000.0,0.0,230245000.0,226964000.0,3281000.0,2120225600.0,-49469000.0,-6000000.0,-182358000.0,-417000.0,0.0,-159783000.0,-168048000.0,47669000.0,278362000.0,0.0,70176000.0,70176000.0,70176000.0,0.0,0.0,0.057,316487000.0,95715000.0,114568000.0,0.0,5.965,30.213,32.781,86997000.0,0.0,4.95,1.729,1.774,0.0,39741000.0,1226203000.0,1226203000.0,75635000.0,0.112,0.169,0.886,0.097,-10689000.0,254973000.0,1.0,428328404.0,439432000,453880000.0,2.79,440317000.0,20044000.0,46877000.0,0.0,1.002,99198000.0
55,NFLX,MRT,2007-12-31,2007-12-31,2007-12-31,2021-10-21,1611000.0,678998000.0,635151250.0,432423000.0,246575000.0,1.898,0.915,-231813000.0,177439000.0,177439000.0,786168000.0,66608000.0,2.07,0.58,36475000.0,823000.0,35652000.0,36475000.0,71665000.0,225634000.0,0.0,0.0,0.0,112113000.0,337747000.0,0.28,337747000.0,112113000.0,110925000.0,0.141,0.139,0.141,429812000.0,435133750.0,429812000.0,1571178462.0,14.0,4.652,45611000.0,0.097,1.0,419172000.0,0.348,128371000.0,1188000.0,200758000.0,147760500.0,0.0,207703000.0,207703000.0,0.0,249186000.0,208905000.0,40281000.0,1750982462.0,-222991000.0,0.0,-90249000.0,-390000.0,0.0,-64391000.0,-436024000.0,-204508000.0,277424000.0,0.0,66608000.0,66608000.0,66608000.0,0.0,0.0,0.055,327399000.0,91773000.0,99951000.0,0.0,4.074,26.288,26.971,113175000.0,0.0,3.803,1.453,1.481,0.0,25426000.0,1205340000.0,1205340000.0,70979000.0,0.105,0.153,0.759,0.093,-14272000.0,270616000.0,1.0,460438664.0,469532000,482314000.0,2.567,550627000.0,19119000.0,44317000.0,0.0,1.173,223518000.0
56,NFLX,MRT,2007-09-30,2007-09-30,2007-09-30,2021-10-21,737000.0,624197000.0,617596500.0,418318000.0,205879000.0,1.911,0.934,-245842000.0,179804000.0,179804000.0,755466000.0,65622000.0,2.227,0.437,0.0,0.0,0.0,0.0,56321000.0,215340000.0,0.0,0.0,0.0,111313000.0,326653000.0,0.277,326653000.0,111313000.0,109509000.0,0.139,0.134,0.139,434438000.0,431233500.0,434438000.0,1211706020.0,11.0,3.709,47523000.0,0.102,1.0,424752000.0,0.36,114254000.0,1804000.0,142307000.0,75069500.0,0.0,206377000.0,206377000.0,0.0,189759000.0,187832000.0,1927000.0,1395888020.0,-188937000.0,0.0,-58118000.0,-523000.0,0.0,-31725000.0,-450577000.0,-204733000.0,293365000.0,0.0,65622000.0,65622000.0,65622000.0,0.0,0.0,0.056,333914000.0,90838000.0,89494000.0,0.0,3.213,21.272,21.326,71616000.0,0.0,2.964,1.183,1.169,0.0,10587000.0,1180218000.0,1180218000.0,65283000.0,0.106,0.152,1.483,0.094,-15052000.0,282435000.0,1.0,470904252.0,465283000,476630000.0,2.537,509943000.0,19321000.0,43887000.0,0.0,1.096,230486000.0
57,NFLX,MRT,2007-06-30,2007-06-30,2007-06-30,2021-10-21,-521000.0,612300000.0,599195750.0,410570000.0,201730000.0,1.906,0.933,-242549000.0,184182000.0,184182000.0,719806000.0,62756000.0,2.458,0.379,0.0,0.0,0.0,0.0,60522000.0,201502000.0,0.0,0.0,0.0,106261000.0,307763000.0,0.269,307763000.0,106261000.0,104753000.0,0.131,0.127,0.131,444081000.0,419374750.0,444081000.0,1105099386.0,10.0,3.591,34615000.0,0.073,1.0,422390000.0,0.37,113902000.0,1508000.0,147183000.0,43802250.0,0.0,193770000.0,193770000.0,0.0,168219000.0,167033000.0,1186000.0,1323557386.0,-157520000.0,0.0,-22426000.0,-425000.0,0.0,2818000.0,-437502000.0,-194025000.0,277164000.0,0.0,62756000.0,62756000.0,62756000.0,0.0,0.0,0.055,336202000.0,86188000.0,70757000.0,0.0,2.98,21.091,21.145,67355000.0,0.0,2.77,1.159,1.155,0.0,-5145000.0,1142196000.0,1142196000.0,59100000.0,0.105,0.15,2.426,0.093,-13749000.0,289738000.0,1.0,477818551.0,476217000,489237000.0,2.398,498398000.0,19515000.0,41997000.0,0.0,1.047,243537000.0
58,NFLX,MRT,2007-03-31,2007-03-31,2007-03-31,2021-10-21,484000.0,625110000.0,574298750.0,426273000.0,198837000.0,1.877,0.899,-231464000.0,218458000.0,218458000.0,673692000.0,54299000.0,2.223,0.446,0.0,0.0,0.0,0.0,64234000.0,180973000.0,0.0,0.0,0.0,90453000.0,271426000.0,0.252,271426000.0,90453000.0,89243000.0,0.12,0.111,0.12,432204000.0,399943000.0,432204000.0,1191578119.0,13.0,4.39,33765000.0,0.07,1.0,404162000.0,0.375,114137000.0,1210000.0,100794000.0,12888500.0,0.0,169525000.0,169525000.0,0.0,192906000.0,191721000.0,1185000.0,1593324119.0,-9307000.0,0.0,110586000.0,-328000.0,0.0,126861000.0,-401397000.0,-168812000.0,265229000.0,0.0,54299000.0,54299000.0,54299000.0,0.0,0.0,0.05,332511000.0,71651000.0,93959000.0,0.0,3.687,29.344,27.607,64452000.0,0.0,3.313,1.478,1.478,0.0,-30725000.0,1077854000.0,1077854000.0,52340000.0,0.095,0.136,7.018,0.084,-4414000.0,284489000.0,1.0,480951653.0,480851000,494704000.0,2.242,510973000.0,19010000.0,34944000.0,0.0,1.063,234552000.0
59,NFLX,MRT,2006-12-31,2006-12-31,2006-12-31,2021-10-21,0.0,608779000.0,516257500.0,428418000.0,180361000.0,1.931,0.946,-184560000.0,400430000.0,400430000.0,626985000.0,48839000.0,2.215,0.47,0.0,0.0,0.0,0.0,69678000.0,157808000.0,0.0,0.0,0.0,81122000.0,238930000.0,0.24,238930000.0,81122000.0,79912000.0,0.111,0.101,0.111,414211000.0,351342000.0,414211000.0,1400475067.0,17.0,5.861,63630000.0,0.145,1.0,369675000.0,0.371,104908000.0,1210000.0,-90006000.0,-10007000.0,0.0,0.0,0.0,0.0,194568000.0,193447000.0,1121000.0,1770355067.0,188174000.0,0.0,112964000.0,-328000.0,0.0,125853000.0,-185869000.0,0.0,248190000.0,0.0,48839000.0,48839000.0,48839000.0,0.0,0.0,0.049,304457000.0,65218000.0,93864000.0,0.0,4.274,36.249,33.282,55503000.0,0.0,3.694,1.776,1.624,0.0,-40589000.0,996660000.0,996660000.0,47831000.0,0.095,0.139,-8.107,0.081,-521000.0,261423000.0,1.0,479214442.0,438039000,483525000.0,2.275,503871000.0,18755000.0,31073000.0,0.0,1.15,234971000.0
60,NFLX,MRT,2006-09-30,2006-09-30,2006-09-30,2021-10-21,0.0,550594000.0,455233000.0,395094000.0,155500000.0,2.004,0.812,-156151000.0,369880000.0,369880000.0,578793000.0,72433000.0,2.432,0.423,0.0,0.0,0.0,0.0,49875000.0,134497000.0,0.0,0.0,0.0,60922000.0,195419000.0,0.214,195419000.0,60922000.0,60976000.0,0.183,0.154,0.183,387003000.0,304352250.0,387003000.0,1207758603.0,20.0,6.18,63667000.0,0.134,1.0,333634000.0,0.366,994000.0,-54000.0,17238000.0,15777500.0,0.0,0.0,0.0,0.0,163591000.0,162482000.0,1109000.0,1550596603.0,186855000.0,0.0,115213000.0,0.0,0.0,122778000.0,-155963000.0,0.0,219818000.0,222000.0,72433000.0,72433000.0,72433000.0,0.0,0.0,0.079,285110000.0,48524000.0,81968000.0,0.0,4.007,21.407,17.783,43164000.0,0.0,3.254,1.699,1.7,0.0,-55449000.0,912427000.0,912427000.0,44397000.0,0.159,0.238,3.861,0.067,5333000.0,244994000.0,1.0,476478324.0,476567000,492415000.0,1.915,549600000.0,21406000.0,-11457000.0,0.0,1.153,232612000.0
61,NFLX,MRT,2006-06-30,2006-06-30,2006-06-30,2021-10-21,0.0,512712000.0,387160000.0,370090000.0,142622000.0,2.142,0.896,-147471000.0,342838000.0,342838000.0,535649000.0,66598000.0,2.547,0.399,0.0,0.0,0.0,0.0,49029000.0,121193000.0,0.0,0.0,0.0,46191000.0,167384000.0,0.202,167384000.0,46191000.0,46232000.0,0.174,0.144,0.174,366354000.0,252269500.0,366354000.0,1389228785.0,30.0,8.3,48040000.0,0.118,1.0,293568000.0,0.354,1019000.0,-41000.0,23528000.0,10374000.0,0.0,0.0,0.0,0.0,146358000.0,145327000.0,1031000.0,1618283785.0,170730000.0,0.0,118337000.0,0.0,0.0,121979000.0,-146982000.0,0.0,195511000.0,222000.0,66598000.0,66598000.0,66598000.0,0.0,0.0,0.08,256579000.0,36989000.0,70785000.0,0.0,4.417,24.299,22.34,41607000.0,0.0,3.887,1.952,1.916,0.0,-68230000.0,829217000.0,829217000.0,41423000.0,0.172,0.264,4.453,0.056,9380000.0,218683000.0,1.0,416317034.0,408681000,484225000.0,2.029,511693000.0,25532000.0,-20366000.0,0.0,1.252,224763000.0
62,NFLX,MRT,2006-03-31,2006-03-31,2006-03-31,2021-10-21,0.0,392945000.0,326164000.0,255320000.0,137625000.0,2.311,0.615,-134284000.0,229055000.0,229055000.0,502919000.0,55245000.0,1.655,0.652,0.0,0.0,0.0,0.0,47925000.0,113506000.0,0.0,0.0,0.0,24301000.0,137807000.0,0.183,137807000.0,24301000.0,24339000.0,0.149,0.121,0.149,237800000.0,201814250.0,237800000.0,1391804161.0,57.0,10.1,44422000.0,0.115,1.0,250974000.0,0.333,445000.0,-38000.0,9212000.0,2658750.0,0.0,0.0,0.0,0.0,155145000.0,154233000.0,912000.0,1605309161.0,61943000.0,0.0,16172000.0,0.0,0.0,16862000.0,-133847000.0,0.0,178706000.0,222000.0,55245000.0,55245000.0,55245000.0,0.0,0.0,0.073,233420000.0,17554000.0,77996000.0,0.0,6.751,29.058,27.795,40088000.0,0.0,4.141,2.129,2.123,0.0,-85267000.0,753893000.0,753893000.0,38028000.0,0.169,0.274,9.14,0.032,12668000.0,198071000.0,1.0,387622081.0,386491000,465192000.0,1.951,392500000.0,32847000.0,-30906000.0,0.0,1.016,101087000.0
63,NFLX,MRT,2005-12-31,2005-12-31,2005-12-31,2021-10-21,0.0,364681000.0,291323250.0,243691000.0,120990000.0,2.342,0.604,-133799000.0,213505000.0,213505000.0,465775000.0,42027000.0,1.771,0.612,0.0,0.0,0.0,0.0,48533000.0,107002000.0,0.0,0.0,0.0,8335000.0,115337000.0,0.169,115337000.0,8335000.0,8335000.0,0.113,0.091,0.113,226252000.0,180392500.0,226252000.0,1287907441.0,155.0,11.166,23708000.0,0.063,1.0,216438000.0,0.317,457000.0,0.0,13132000.0,-3415250.0,0.0,0.0,0.0,0.0,138429000.0,137587000.0,842000.0,1471361441.0,37795000.0,0.0,13393000.0,-79000.0,0.0,13314000.0,-133248000.0,0.0,157507000.0,222000.0,42027000.0,42027000.0,42027000.0,0.0,0.0,0.062,213449000.0,2989000.0,63491000.0,0.0,6.503,35.01,34.21,40213000.0,0.0,3.866,2.157,2.123,0.0,-89671000.0,682213000.0,682213000.0,35388000.0,0.144,0.233,-2.441,0.012,14327000.0,180048000.0,1.0,380618259.0,374696000,458626000.0,1.821,364224000.0,34905000.0,-33692000.0,0.0,0.972,106104000.0
64,NFLX,MRT,2005-09-30,2005-09-30,2005-09-30,2021-10-21,-222000.0,278302000.0,263101250.0,191918000.0,86384000.0,2.385,0.475,-127919000.0,183454000.0,183454000.0,478315000.0,9385000.0,1.943,0.558,0.0,0.0,0.0,0.0,34400000.0,102335000.0,0.0,0.0,0.0,9786000.0,112121000.0,0.179,112121000.0,9786000.0,9675000.0,0.026,0.016,0.026,178672000.0,162900250.0,178672000.0,1220958023.0,125.0,10.89,5408000.0,0.014,1.0,149174000.0,0.238,469000.0,111000.0,-4376000.0,-11716000.0,0.0,0.0,0.0,0.0,99630000.0,98755000.0,875000.0,1393482023.0,14072000.0,0.0,9116000.0,-186000.0,0.0,9106000.0,-128183000.0,0.0,133327000.0,-178000.0,9385000.0,9385000.0,9385000.0,0.0,0.0,0.015,184470000.0,-35296000.0,43951000.0,0.0,7.799,148.48,142.802,30415000.0,0.0,3.713,2.221,2.224,0.0,-127882000.0,627489000.0,627489000.0,38620000.0,0.036,0.058,-0.835,0.016,15177000.0,161838000.0,1.0,375312588.0,375851000,462084000.0,1.67,277833000.0,0.0,290000.0,0.0,0.739,93163000.0
65,NFLX,MRT,2005-06-30,2005-06-30,2005-06-30,2021-10-21,-222000.0,268728000.0,252435000.0,182405000.0,86323000.0,2.363,0.442,-132709000.0,172524000.0,172524000.0,434267000.0,21364000.0,1.764,0.633,0.0,0.0,0.0,0.0,33497000.0,97767000.0,0.0,0.0,0.0,21752000.0,119519000.0,0.2,119519000.0,21752000.0,21602000.0,0.059,0.041,0.059,164533000.0,154437250.0,164533000.0,705968228.0,32.0,5.907,12731000.0,0.034,1.0,162126000.0,0.272,127000.0,150000.0,-7333000.0,-16946250.0,0.0,0.0,0.0,0.0,104195000.0,103410000.0,785000.0,873351228.0,17528000.0,0.0,5589000.0,-286000.0,0.0,5479000.0,-133169000.0,0.0,145440000.0,-222000.0,21364000.0,21364000.0,21364000.0,0.0,0.0,0.036,169531000.0,-7405000.0,56211000.0,0.0,5.308,40.88,39.734,27410000.0,0.0,2.344,1.464,1.464,0.0,-134828000.0,596393000.0,596393000.0,35990000.0,0.085,0.138,-1.284,0.036,15544000.0,145481000.0,1.0,372544704.0,372330000,452144000.0,1.602,268601000.0,0.0,238000.0,0.0,0.721,78995000.0
66,NFLX,MRT,2005-03-31,2005-03-31,2005-03-31,2021-10-21,-222000.0,253582000.0,236301250.0,174036000.0,79546000.0,2.339,0.411,-123550000.0,167383000.0,167383000.0,386206000.0,18571000.0,1.727,0.667,0.0,0.0,0.0,0.0,32463000.0,92597000.0,0.0,0.0,0.0,18973000.0,111570000.0,0.202,111570000.0,18973000.0,18796000.0,0.051,0.034,0.051,152113000.0,143780500.0,152113000.0,397553353.0,21.0,3.563,17362000.0,0.047,1.0,166481000.0,0.301,507000.0,177000.0,-15084000.0,-23676750.0,0.0,0.0,0.0,0.0,101469000.0,100776000.0,693000.0,573546353.0,65634000.0,0.0,4581000.0,-404000.0,0.0,4353000.0,-79409000.0,44791000.0,140912000.0,-222000.0,18571000.0,18571000.0,18571000.0,0.0,0.0,0.034,161350000.0,5131000.0,52632000.0,0.0,3.771,30.884,30.392,23635000.0,0.0,1.55,1.038,1.037,0.0,-140512000.0,552687000.0,552687000.0,32994000.0,0.079,0.129,-0.801,0.034,16255000.0,136046000.0,1.0,370029905.0,369712000,369712000.0,1.495,253075000.0,0.0,225000.0,0.0,0.685,73260000.0
67,NFLX,MRT,2004-12-31,2004-12-31,2004-12-31,2021-10-21,-222000.0,251793000.0,220714000.0,187346000.0,64447000.0,2.268,0.429,-110190000.0,176061000.0,176061000.0,331712000.0,21595000.0,1.974,0.611,68000.0,68000.0,0.0,68000.0,31936000.0,88204000.0,0.0,0.0,0.0,21946000.0,110150000.0,0.22,110150000.0,21946000.0,21776000.0,0.06,0.047,0.06,156283000.0,134133500.0,156283000.0,476420367.0,22.0,4.325,35079000.0,0.096,1.0,168899000.0,0.337,961000.0,170000.0,-20071000.0,-17335500.0,0.0,0.0,0.0,0.0,95510000.0,94910000.0,600000.0,645609367.0,84567000.0,0.0,6035000.0,-436000.0,0.0,5775000.0,-66255000.0,44427000.0,145269000.0,-222000.0,21595000.0,21595000.0,21595000.0,0.0,0.0,0.043,149545000.0,19354000.0,49775000.0,0.0,4.131,29.896,29.357,18728000.0,0.0,1.761,1.29,1.28,0.0,-131698000.0,500611000.0,500611000.0,29467000.0,0.098,0.161,-1.266,0.044,16411000.0,122638000.0,1.0,366525999.0,363916000,452991000.0,1.376,250832000.0,0.0,181000.0,0.0,0.689,92436000.0
68,NFLX,MRT,2004-09-30,2004-09-30,2004-09-30,2021-10-21,-44000.0,235637000.0,201768750.0,176569000.0,59068000.0,2.189,0.396,-107899000.0,169353000.0,169353000.0,273130000.0,18297000.0,1.955,0.627,164000.0,164000.0,0.0,164000.0,26658000.0,82070000.0,0.0,0.0,0.0,18454000.0,100524000.0,0.228,100524000.0,18454000.0,18297000.0,0.051,0.036,0.051,144820000.0,123239750.0,144820000.0,649511084.0,35.0,6.461,38494000.0,0.105,1.0,168557000.0,0.382,1415000.0,157000.0,-25297000.0,-7483000.0,0.0,0.0,0.0,0.0,90817000.0,90330000.0,487000.0,804183084.0,88644000.0,0.0,6763000.0,-444000.0,0.0,6319000.0,-64024000.0,43845000.0,146393000.0,-44000.0,18297000.0,18297000.0,18297000.0,0.0,0.0,0.041,134109000.0,34448000.0,47668000.0,0.0,5.553,43.952,43.193,13649000.0,0.0,2.203,1.821,1.823,0.0,-137267000.0,441687000.0,441687000.0,21856000.0,0.091,0.148,-2.466,0.042,16061000.0,97401000.0,1.0,365063657.0,365477000,451143000.0,1.209,234222000.0,0.0,0.0,0.0,0.641,86239000.0
69,NFLX,MRT,2004-06-30,2004-06-30,2004-06-30,2021-10-21,0.0,204193000.0,182575500.0,158721000.0,45472000.0,2.039,0.336,-87117000.0,154925000.0,154925000.0,240177000.0,2675000.0,1.938,0.675,253000.0,253000.0,0.0,253000.0,25251000.0,73812000.0,0.0,0.0,0.0,2867000.0,76679000.0,0.206,76679000.0,2867000.0,2675000.0,0.01,0.001,0.01,121906000.0,113250000.0,121906000.0,1758041184.0,613.0,22.927,31994000.0,0.088,1.0,132068000.0,0.355,1868000.0,192000.0,-34255000.0,4168000.0,0.0,0.0,0.0,0.0,82287000.0,81908000.0,379000.0,1859171184.0,82215000.0,0.0,7378000.0,-895000.0,0.0,6483000.0,-43379000.0,43491000.0,119111000.0,0.0,2675000.0,2675000.0,2675000.0,0.0,0.0,0.007,119853000.0,12215000.0,42552000.0,0.0,15.251,695.017,514.286,11053000.0,0.0,5.143,4.994,5.019,0.0,-156192000.0,372245000.0,372245000.0,20269000.0,0.015,0.024,0.688,0.008,15178000.0,85615000.0,1.0,361505508.0,363286000,454825000.0,1.025,202325000.0,0.0,0.0,0.0,0.557,76813000.0
70,NFLX,MRT,2004-03-31,2004-03-31,2004-03-31,2021-10-21,949000.0,191233000.0,169043500.0,148958000.0,42275000.0,1.864,0.316,-80908000.0,101490000.0,101490000.0,205630000.0,3097000.0,1.922,0.685,360000.0,360000.0,0.0,360000.0,21496000.0,62234000.0,0.0,0.0,0.0,3354000.0,65588000.0,0.208,65588000.0,3354000.0,3097000.0,0.011,0.003,0.011,113525000.0,107275000.0,113525000.0,1660025320.0,495.0,25.31,29857000.0,0.083,1.0,109481000.0,0.347,2322000.0,257000.0,10281000.0,18290250.0,0.0,46014000.0,46014000.0,0.0,77708000.0,77500000.0,208000.0,1750731320.0,34160000.0,0.0,6569000.0,-1038000.0,0.0,5531000.0,-82136000.0,-1663000.0,110765000.0,0.0,3097000.0,3097000.0,3097000.0,0.0,0.0,0.01,104187000.0,5294000.0,43183000.0,0.0,15.422,565.299,443.117,10328000.0,0.0,4.874,5.556,5.553,0.0,-159083000.0,315111000.0,315111000.0,18740000.0,0.018,0.029,0.183,0.011,12748000.0,73908000.0,1.0,359177000.0,358974000,358974000.0,0.878,188911000.0,0.0,0.0,0.0,0.526,71458000.0
71,NFLX,MRT,2003-12-31,2003-12-31,2003-12-31,2021-10-21,596000.0,176012000.0,155142500.0,138946000.0,37066000.0,1.743,0.337,-62659000.0,91166000.0,91166000.0,179010000.0,6512000.0,2.205,0.562,460000.0,416000.0,44000.0,460000.0,18324000.0,50991000.0,0.0,0.0,0.0,6929000.0,57920000.0,0.214,57920000.0,6929000.0,6512000.0,0.02,0.014,0.02,112708000.0,101659750.0,112708000.0,1274226676.0,184.0,22.0,27133000.0,0.081,1.0,91400000.0,0.338,2948000.0,417000.0,19339000.0,20727000.0,0.0,45297000.0,45297000.0,0.0,63304000.0,63019000.0,285000.0,1354524676.0,30080000.0,0.0,6299000.0,-1334000.0,0.0,4965000.0,-64677000.0,-1679000.0,89792000.0,0.0,6512000.0,6512000.0,6512000.0,0.0,0.0,0.024,86928000.0,4472000.0,32654000.0,0.0,12.018,208.004,195.321,9772000.0,0.0,3.906,5.009,4.832,0.0,-153293000.0,270410000.0,270410000.0,17884000.0,0.042,0.064,0.334,0.026,10719000.0,59534000.0,1.0,346742466.0,334502000,440188000.0,0.808,173064000.0,0.0,0.0,0.0,0.517,75927000.0
72,NFLX,MRT,2003-09-30,2003-09-30,2003-09-30,2021-10-21,1118000.0,158864000.0,143772000.0,127602000.0,31262000.0,1.643,0.311,-49766000.0,80854000.0,80854000.0,127286000.0,1987000.0,2.383,0.515,556000.0,371000.0,185000.0,556000.0,13771000.0,42411000.0,0.0,0.0,0.0,2511000.0,44922000.0,0.19,44922000.0,2511000.0,1987000.0,0.024,0.019,0.024,104861000.0,95821750.0,104861000.0,733764020.0,292.0,16.334,23086000.0,0.068,1.0,108960000.0,0.461,3704000.0,524000.0,21307000.0,21941500.0,0.0,45237000.0,45237000.0,0.0,54003000.0,53555000.0,448000.0,805586020.0,24849000.0,0.0,5444000.0,-1435000.0,0.0,4009000.0,-52012000.0,-1505000.0,72852000.0,0.0,1987000.0,1987000.0,1987000.0,0.0,0.0,0.008,81386000.0,27574000.0,28459000.0,0.0,7.682,405.428,99.881,6586000.0,0.0,2.397,3.41,3.422,0.0,-155564000.0,236246000.0,236246000.0,17004000.0,0.014,0.021,0.114,0.011,9604000.0,54778000.0,1.0,336060914.0,337204000,440440000.0,0.701,155160000.0,0.0,0.0,0.0,0.46,74047000.0
73,NFLX,MRT,2003-06-30,2003-06-30,2003-06-30,2021-10-21,1331000.0,150065000.0,134782750.0,119585000.0,30480000.0,1.519,0.296,-41451000.0,72913000.0,72913000.0,110134000.0,-4166000.0,2.321,0.531,1091000.0,835000.0,256000.0,1091000.0,12394000.0,35244000.0,0.0,0.0,0.0,-3598000.0,31646000.0,0.155,31646000.0,-3598000.0,-4166000.0,0.005,0.002,0.005,98006000.0,91434250.0,98006000.0,539891540.0,-150.0,17.06,20489000.0,0.062,1.0,94641000.0,0.462,4477000.0,568000.0,22234000.0,23479250.0,0.0,45096000.0,45096000.0,0.0,52059000.0,51532000.0,527000.0,606297540.0,21470000.0,0.0,4547000.0,-1720000.0,0.0,2827000.0,-43297000.0,-1618000.0,61940000.0,0.0,-4166000.0,-4166000.0,-4166000.0,0.0,0.0,-0.02,76767000.0,17874000.0,28009000.0,0.0,6.186,-145.535,365.0,6108000.0,0.0,1.825,2.961,2.951,0.0,-158867000.0,204775000.0,204775000.0,16232000.0,-0.031,-0.046,-0.153,-0.018,9489000.0,51086000.0,1.0,332217830.0,331072000,431368000.0,0.619,145588000.0,0.0,0.0,0.0,0.44,68053000.0
74,NFLX,MRT,2003-03-31,2003-03-31,2003-03-31,2021-10-21,902000.0,135629000.0,126741000.0,113194000.0,22435000.0,1.404,0.286,-25617000.0,67722000.0,67722000.0,92985000.0,-20594000.0,2.578,0.489,1316000.0,940000.0,376000.0,1316000.0,11227000.0,30159000.0,0.0,0.0,0.0,-8959000.0,21200000.0,0.119,21200000.0,-8959000.0,-20594000.0,-0.096,-0.096,-0.096,91064000.0,88607250.0,91064000.0,406008492.0,-45.0,19.151,20819000.0,0.065,1.0,84963000.0,0.477,5285000.0,11635000.0,20028000.0,25731250.0,0.0,44304000.0,44304000.0,0.0,44565000.0,43910000.0,655000.0,465821492.0,50357000.0,0.0,89476000.0,-16297000.0,0.0,73179000.0,-69258000.0,-43402000.0,46436000.0,0.0,-20594000.0,-20594000.0,-20594000.0,0.0,0.0,-0.116,74532000.0,10431000.0,22218000.0,0.0,5.115,-22.619,-15.141,4848000.0,0.0,1.454,2.618,2.6,0.0,-163734000.0,177948000.0,177948000.0,15627000.0,-0.162,-0.232,-0.348,-0.05,8438000.0,48728000.0,1.0,320466874.0,318318000,318318000.0,0.559,130344000.0,0.0,0.0,0.0,0.409,69284000.0
75,NFLX,MRT,2002-12-31,2002-12-31,2002-12-31,2021-10-21,774000.0,130530000.0,104018750.0,107075000.0,23455000.0,1.469,0.453,-24833000.0,61504000.0,61504000.0,78136000.0,-20948000.0,2.649,0.461,1691000.0,1231000.0,460000.0,1691000.0,9743000.0,26477000.0,0.0,0.0,0.0,-8976000.0,17501000.0,0.115,17501000.0,-8976000.0,-20948000.0,-0.106,-0.106,-0.106,89356000.0,43123250.0,89356000.0,189990032.0,-21.0,10.856,15281000.0,0.077,1.0,74670000.0,0.489,6094000.0,11972000.0,24197000.0,19757750.0,0.0,43796000.0,43796000.0,0.0,41174000.0,40426000.0,748000.0,243620032.0,43683000.0,0.0,88014000.0,-17144000.0,0.0,70870000.0,-67301000.0,-43022000.0,40114000.0,0.0,-20948000.0,-20948000.0,-20948000.0,0.0,0.0,-0.137,65977000.0,8693000.0,20350000.0,0.0,2.726,-11.63,-7.419,5620000.0,0.0,0.786,1.594,1.016,0.0,-159805000.0,152806000.0,152806000.0,14625000.0,-0.201,-0.486,-0.454,-0.059,8872000.0,42520000.0,1.0,309780240.0,197428000,197428000.0,0.774,124436000.0,0.0,0.0,0.0,0.63,66649000.0
76,NFLX,MRT,2002-09-30,2002-09-30,2002-09-30,2021-10-21,603000.0,122907000.0,81793750.0,101275000.0,21632000.0,1.58,0.284,-18671000.0,55506000.0,55506000.0,65411000.0,-25502000.0,2.9,0.408,1876000.0,1482000.0,394000.0,1876000.0,7179000.0,22653000.0,0.0,0.0,0.0,-11829000.0,10824000.0,0.084,10824000.0,-11829000.0,-25502000.0,-0.425,-0.425,-0.425,87311000.0,-1841750.0,87311000.0,165020135.0,-14.0,15.246,13345000.0,0.043,1.0,63825000.0,0.494,6902000.0,13673000.0,27458000.0,12849750.0,0.0,43217000.0,43217000.0,0.0,35596000.0,34917000.0,679000.0,213800135.0,40087000.0,0.0,86629000.0,-17906000.0,0.0,68723000.0,-60652000.0,-42614000.0,32016000.0,0.0,-25502000.0,-25502000.0,-25502000.0,0.0,0.0,-0.197,61073000.0,2752000.0,18148000.0,0.0,2.449,-8.384,-1.63,5870000.0,0.0,0.693,1.654,1.645,0.0,-156898000.0,129236000.0,129236000.0,13566000.0,-0.312,13.847,-0.921,-0.092,7706000.0,38062000.0,1.0,308577514.0,306908000,306908000.0,0.421,116005000.0,0.0,0.0,0.0,0.378,66358000.0
77,NFLX,MRT,2002-06-30,2002-06-30,2002-06-30,2021-10-21,-107000.0,117898000.0,,95031000.0,22867000.0,,0.606,-15153000.0,51455000.0,51455000.0,53758000.0,-28206000.0,3.15,0.36,2675000.0,1910000.0,765000.0,2675000.0,7066000.0,20041000.0,0.0,0.0,0.0,-14664000.0,5377000.0,0.05,5377000.0,-14664000.0,-28206000.0,-0.626,-0.626,-0.626,86698000.0,,86698000.0,277590397.0,-19.0,51.626,6267000.0,0.044,1.0,53625000.0,0.499,7710000.0,13542000.0,31242000.0,,0.0,42040000.0,42040000.0,0.0,31200000.0,30166000.0,1034000.0,288360397.0,45398000.0,0.0,86548000.0,-5222000.0,0.0,81326000.0,-57348000.0,-42147000.0,21420000.0,0.0,-28206000.0,-28206000.0,-28206000.0,0.0,0.0,-0.263,54117000.0,-492000.0,13371000.0,0.0,3.326,-10.223,-1.596,6727000.0,0.0,0.999,2.685,1.331,0.0,-155203000.0,107383000.0,107383000.0,14063000.0,,,,-0.137,6272000.0,31340000.0,1.0,288566516.0,143024000,143024000.0,0.751,110188000.0,0.0,0.0,0.0,0.77,64865000.0
78,NFLX,MRT,2002-03-31,2002-03-31,2002-03-31,2021-10-21,0.0,44740000.0,,19865000.0,24875000.0,,-3.171,-13929000.0,17362000.0,17362000.0,46888000.0,-23092000.0,0.675,-0.372,6592000.0,2475000.0,4117000.0,6592000.0,6287000.0,20113000.0,0.0,,0.0,-20712000.0,-599000.0,-0.007,-599000.0,-20712000.0,-23092000.0,-0.854,-0.854,-0.854,-90872000.0,,-90872000.0,,,,228000.0,0.008,1.0,42494000.0,0.475,8424000.0,2380000.0,-3866000.0,,0.0,0.0,0.0,0.0,33782000.0,29412000.0,4370000.0,,8595000.0,0.0,174000.0,8645000.0,0.0,8819000.0,-14381000.0,0.0,14157000.0,0.0,-23092000.0,-23092000.0,-23092000.0,0.0,0.0,-0.258,49928000.0,-7434000.0,16292000.0,0.0,,,,7426000.0,0.0,,,,0.0,-141774000.0,89382000.0,89382000.0,15441000.0,,,,-0.232,7065000.0,26769000.0,1.0,288566516.0,28658000,28658000.0,3.119,36316000.0,0.0,0.0,0.0,1.267,-9547000.0
79,NFLX,MRT,2001-12-31,2001-12-31,2001-12-31,2021-10-21,0.0,41630000.0,47059000.0,19552000.0,22078000.0,1.613,-3.54,-12084000.0,17808000.0,17808000.0,49907000.0,-39182000.0,0.746,-0.335,6868000.0,3012000.0,3856000.0,6868000.0,4937000.0,29797000.0,0.0,,0.0,-37330000.0,-7533000.0,-0.099,-7533000.0,-37330000.0,-39182000.0,-1.533,-1.533,-1.533,-90504000.0,-81885500.0,-90504000.0,,,,-7237000.0,-0.283,1.0,26005000.0,0.343,7917000.0,1852000.0,-3435000.0,7709000.0,0.0,0.0,0.0,0.0,30304000.0,26208000.0,4096000.0,,1236000.0,0.0,113000.0,8946000.0,0.0,9059000.0,-12670000.0,0.0,4847000.0,0.0,-39182000.0,-39182000.0,-39182000.0,0.0,0.0,-0.516,50344000.0,-24339000.0,13715000.0,0.0,,,,8205000.0,0.0,,,,0.0,-137266000.0,75912000.0,75912000.0,17734000.0,-0.833,0.478,-4.842,-0.492,6278000.0,25689000.0,1.0,,25564000,25564000.0,2.969,33713000.0,0.0,0.0,0.0,1.319,-6656000.0
80,NFLX,MRT,2001-09-30,2001-09-30,2001-09-30,2021-10-21,,,,,,,,,,,,,,,,,,,,,,,0.0,,,,,,,,,,,,,,,,,,1.0,,,,,,,,,,,,,,,,,,,,,,,,,,,,,,,,,,,,,,,,,,,,,,,,,,,,,,1.0,,26474000,,,,,,,,
81,NFLX,MRT,2001-06-30,2001-06-30,2001-06-30,2021-10-21,,,,,,,,,,,,,,,,,,,,,,,0.0,,,,,,,,,,,,,,,,,,1.0,,,,,,,,,,,,,,,,,,,,,,,,,,,,,,,,,,,,,,,,,,,,,,,,,,,,,,1.0,,25018000,,,,,,,,
82,NFLX,MRT,2001-03-31,2001-03-31,2001-03-31,2021-10-21,,,,,,,,,,,,,,,,,,,,,,,0.0,,,,,,,,,,,,,,,,,,1.0,,,,,,,,,,,,,,,,,,,,,,,,,,,,,,,,,,,,,,,,,,,,,,,,,,,,,,1.0,,23520000,,,,,,,,
83,NFLX,MRT,2000-12-31,2000-12-31,2000-12-31,2021-10-21,0.0,52488000.0,,18301000.0,34187000.0,,-3.701,-30105000.0,15538000.0,15538000.0,24861000.0,-57363000.0,0.917,-0.327,7441000.0,3574000.0,3867000.0,7441000.0,2773000.0,19832000.0,0.0,,0.0,-55912000.0,-36080000.0,-1.005,-36080000.0,-55912000.0,-57363000.0,-2.898,-2.898,-2.898,-73267000.0,,-73267000.0,,,,-52811000.0,-2.668,1.0,11033000.0,0.307,5582000.0,1451000.0,18853000.0,,0.0,0.0,0.0,0.0,23925000.0,19956000.0,3969000.0,,697000.0,0.0,281000.0,-1917000.0,0.0,48375000.0,-24972000.0,6322000.0,-22706000.0,0.0,-57363000.0,-57363000.0,-57363000.0,0.0,0.0,-1.598,58343000.0,-47310000.0,7690000.0,0.0,,,,9959000.0,0.0,,,,0.0,-98648000.0,35894000.0,35894000.0,16823000.0,,,,-1.558,9401000.0,32717000.0,1.0,,19796000,19796000.0,1.813,46906000.0,0.0,0.0,0.0,2.369,-1655000.0
84,NFLX,MRT,1999-12-31,1999-12-31,1999-12-31,2021-10-21,,,,,,,,-13161000.0,,,4373000.0,-29845000.0,,,,,,,,4066000.0,,,0.0,-29107000.0,-25041000.0,-5.002,-25041000.0,-29107000.0,-29845000.0,-1.529,-1.529,-1.529,,,,,,,-29690000.0,-1.521,1.0,633000.0,0.126,,738000.0,,,,,,,,,,,13137000.0,0.0,357000.0,3553000.0,0.0,49408000.0,-19742000.0,-6322000.0,-16529000.0,0.0,-29845000.0,-29845000.0,-29845000.0,0.0,0.0,-5.962,28218000.0,-27585000.0,,0.0,,,,,0.0,,,,,,5006000.0,5006000.0,7413000.0,,,,-5.814,4742000.0,16063000.0,1.0,,19516000,19516000.0,0.257,,,0.0,,,
