None,ticker,dimension,calendardate,datekey,reportperiod,lastupdated,accoci,assets,assetsavg,assetsc,assetsnc,assetturnover,bvps,capex,cashneq,cashnequsd,cor,consolinc,currentratio,de,debt,debtc,debtnc,debtusd,deferredrev,depamor,deposits,divyield,dps,ebit,ebitda,ebitdamargin,ebitdausd,ebitusd,ebt,eps,epsdil,epsusd,equity,equityavg,equityusd,ev,evebit,evebitda,fcf,fcfps,fxusd,gp,grossmargin,intangibles,intexp,invcap,invcapavg,inventory,investments,investmentsc,investmentsnc,liabilities,liabilitiesc,liabilitiesnc,marketcap,ncf,ncfbus,ncfcommon,ncfdebt,ncfdiv,ncff,ncfi,ncfinv,ncfo,ncfx,netinc,netinccmn,netinccmnusd,netincdis,netincnci,netmargin,opex,opinc,payables,payoutratio,pb,pe,pe1,ppnenet,prefdivis,price,ps,ps1,receivables,retearn,revenue,revenueusd,rnd,roa,roe,roic,ros,sbcomp,sgna,sharefactor,sharesbas,shareswa,shareswadil,sps,tangibles,taxassets,taxexp,taxliabilities,tbvps,workingcapital
0,KG,MRY,2009-12-31,2009-12-31,2009-12-31,2019-05-24,0.0,3328590000.0,3485649750.0,1129843000.0,2198747000.0,0.51,9.544,-38778000.0,545312000.0,545312000.0,622764000.0,91953000.0,2.274,0.405,428228000.0,89212000.0,339016000.0,428228000.0,0.0,214493000.0,0.0,0.0,0.0,238812000.0,453305000.0,0.255,453305000.0,238812000.0,150589000.0,0.38,0.37,0.38,2369307000.0,2300587500.0,2369307000.0,3198420088.0,13.0,7.056,391951000.0,1.579,1.0,1153736000.0,0.649,1261752000.0,88223000.0,1452858000.0,1901807250.0,182291000.0,249966000.0,31358000.0,218608000.0,959283000.0,496896000.0,462387000.0,3045934088.0,-394900000.0,14570000.0,-1705000.0,-920847000.0,0.0,-922552000.0,94219000.0,129064000.0,430729000.0,2704000.0,91953000.0,91953000.0,91953000.0,0.0,0.0,0.052,917382000.0,236354000.0,86692000.0,0.0,1.286,33.125,32.289,391839000.0,0.0,12.27,1.715,1.715,210256000.0,963620000.0,1776500000.0,1776500000.0,98652000.0,0.026,0.04,0.126,0.134,35923000.0,548560000.0,1.0,248242387.0,248242387.0,,7.156,2066838000.0,363928000.0,58636000.0,0.0,8.326,632947000.0
1,KG,MRY,2008-12-31,2008-12-31,2008-12-31,2019-05-24,-28287000.0,4228580000.0,3654289500.0,1669264000.0,2559316000.0,0.428,9.063,-57455000.0,940212000.0,940212000.0,394825000.0,-342036000.0,1.657,0.893,1321915000.0,444277000.0,877638000.0,1321915000.0,0.0,151477000.0,0.0,0.0,0.0,-194525000.0,-43048000.0,-0.028,-43048000.0,-194525000.0,-216156000.0,-1.4,-1.4,-1.4,2233799000.0,2547117750.0,2233799000.0,1786117291.0,-9.0,-41.491,433936000.0,1.761,1.0,1170236000.0,0.748,1384767000.0,21631000.0,2218395000.0,1788320750.0,258303000.0,360800000.0,6952000.0,353848000.0,1994781000.0,1007121000.0,987660000.0,2617568291.0,920203000.0,-1024761000.0,-2002000.0,586924000.0,0.0,584922000.0,-156110000.0,927905000.0,491391000.0,0.0,-342036000.0,-342036000.0,-342036000.0,0.0,0.0,-0.219,1390645000.0,-220409000.0,140908000.0,0.0,1.172,-7.653,-7.586,417259000.0,0.0,10.62,1.673,1.673,245070000.0,871021000.0,1565061000.0,1565061000.0,743673000.0,-0.094,-0.134,-0.109,-0.124,34514000.0,447402000.0,1.0,246475357.0,246475357.0,,6.35,2843813000.0,358629000.0,125880000.0,10448000.0,11.538,662143000.0
2,KG,MRY,2007-12-31,2007-12-31,2007-12-31,2019-05-24,1957000.0,3426822000.0,3379227500.0,1819654000.0,1607168000.0,0.632,10.272,-49602000.0,20009000.0,20009000.0,566534000.0,175232000.0,4.016,0.365,400000000.0,0.0,400000000.0,400000000.0,0.0,174348000.0,0.0,0.0,0.0,257914000.0,432262000.0,0.202,432262000.0,257914000.0,238120000.0,0.72,0.72,0.72,2510757000.0,2467005750.0,2510757000.0,2878070878.0,11.0,6.658,623047000.0,2.549,1.0,1570348000.0,0.735,910124000.0,19794000.0,2443604000.0,2231140750.0,110308000.0,1346115000.0,1346115000.0,0.0,916065000.0,453085000.0,462980000.0,2503013878.0,-93768000.0,37750000.0,11361000.0,-1527000.0,0.0,9834000.0,-776251000.0,-454795000.0,672649000.0,0.0,175232000.0,175232000.0,175232000.0,237000.0,0.0,0.082,1343320000.0,227028000.0,76481000.0,0.0,0.997,14.284,14.222,257093000.0,0.0,10.24,1.171,1.171,183664000.0,1225360000.0,2136882000.0,2136882000.0,184735000.0,0.052,0.071,0.116,0.121,27652000.0,691034000.0,1.0,244434949.0,244434949.0,,8.742,2516698000.0,464013000.0,62888000.0,0.0,10.296,1366569000.0
3,KG,MRY,2006-12-31,2006-12-31,2006-12-31,2019-05-24,-282000.0,3329531000.0,3243495750.0,1673473000.0,1656058000.0,0.613,9.414,-45816000.0,113777000.0,113777000.0,419808000.0,288949000.0,2.709,0.455,400000000.0,0.0,400000000.0,400000000.0,0.0,147549000.0,0.0,0.0,0.0,434536000.0,582085000.0,0.293,582085000.0,434536000.0,424679000.0,1.19,1.19,1.19,2288606000.0,2178473500.0,2288606000.0,4136615085.0,10.0,7.107,419811000.0,1.727,1.0,1568692000.0,0.789,972543000.0,9857000.0,2025415000.0,1851042250.0,215458000.0,901763000.0,890185000.0,11578000.0,1040925000.0,617796000.0,423129000.0,3870412085.0,83763000.0,-37750000.0,7822000.0,46629000.0,0.0,54451000.0,-436315000.0,-395522000.0,465627000.0,0.0,288949000.0,288949000.0,288949000.0,-367000.0,0.0,0.145,1166146000.0,402546000.0,77158000.0,0.0,1.691,13.395,13.378,307036000.0,0.0,15.92,1.946,1.946,265467000.0,1043902000.0,1988500000.0,1988500000.0,253596000.0,0.089,0.133,0.235,0.219,24718000.0,713965000.0,1.0,243116337.0,243116337.0,,8.179,2356988000.0,353545000.0,135730000.0,30501000.0,9.695,1055677000.0
4,KG,MRY,2005-12-31,2005-12-31,2005-12-31,2019-05-24,4987000.0,2965242000.0,2969435250.0,1247789000.0,1717453000.0,0.597,8.162,-53290000.0,160414000.0,160414000.0,322985000.0,117833000.0,1.284,0.503,345000000.0,345000000.0,0.0,345000000.0,0.0,147049000.0,0.0,0.0,0.0,191249000.0,338298000.0,0.191,338298000.0,191249000.0,179318000.0,0.49,0.48,0.49,1973422000.0,1972869000.0,1973422000.0,4225524328.0,22.0,12.491,466218000.0,1.928,1.0,1449896000.0,0.818,1088346000.0,11931000.0,1090022000.0,1015821000.0,228063000.0,513165000.0,494663000.0,18502000.0,991820000.0,971460000.0,20360000.0,4091154328.0,-162642000.0,0.0,857000.0,0.0,0.0,857000.0,-683007000.0,-338780000.0,519508000.0,0.0,117833000.0,117833000.0,117833000.0,-1203000.0,0.0,0.066,1269817000.0,180079000.0,84539000.0,0.0,2.073,34.72,34.531,302474000.0,0.0,16.92,2.308,2.308,223581000.0,754953000.0,1772881000.0,1772881000.0,262726000.0,0.04,0.06,0.188,0.108,1978000.0,636483000.0,1.0,241793991.0,241793991.0,,7.332,1876896000.0,312809000.0,61485000.0,22301000.0,7.762,276329000.0
5,KG,MRY,2004-12-31,2004-12-31,2004-12-31,2019-05-24,1023000.0,2924156000.0,3062843000.0,1127063000.0,1797093000.0,0.426,7.654,-55141000.0,290386000.0,290386000.0,352938000.0,-160288000.0,1.636,0.582,345000000.0,0.0,345000000.0,345000000.0,0.0,162115000.0,0.0,0.0,0.0,-155112000.0,7003000.0,0.005,7003000.0,-155112000.0,-167700000.0,-0.66,-0.21,-0.66,1848790000.0,1926640500.0,1848790000.0,3103793866.0,-20.0,443.209,215951000.0,0.894,1.0,951426000.0,0.729,1407113000.0,12588000.0,882727000.0,873697500.0,274412000.0,165928000.0,165928000.0,0.0,1075366000.0,688930000.0,386436000.0,2995338866.0,149528000.0,-36000000.0,4677000.0,-97000.0,0.0,4580000.0,-126144000.0,-46505000.0,271092000.0,0.0,-160288000.0,-160288000.0,-160288000.0,109666000.0,0.0,-0.123,992690000.0,-41264000.0,92920000.0,0.0,1.62,-18.687,-18.788,280731000.0,0.0,12.4,2.296,2.296,180963000.0,637120000.0,1304364000.0,1304364000.0,84239000.0,-0.052,-0.083,-0.178,-0.119,0.0,595441000.0,1.0,241559586.0,241559586.0,,5.4,1517043000.0,246910000.0,-7412000.0,0.0,6.28,438133000.0
6,KG,MRY,2003-12-31,2003-12-31,2003-12-31,2019-05-24,1113000.0,3201530000.0,3054029500.0,969852000.0,2231678000.0,0.489,8.313,-51201000.0,280022000.0,280022000.0,385841000.0,91954000.0,1.332,0.597,345097000.0,97000.0,345000000.0,345097000.0,0.0,113745000.0,0.0,0.0,0.0,171234000.0,284979000.0,0.191,284979000.0,171234000.0,157838000.0,0.38,0.4,0.38,2004491000.0,1955818250.0,2004491000.0,3785321096.0,22.0,13.283,386103000.0,1.601,1.0,1106948000.0,0.742,1673847000.0,13396000.0,864668000.0,838958000.0,260886000.0,0.0,0.0,0.0,1197039000.0,728090000.0,468949000.0,3679809096.0,-26597000.0,-1000243000.0,4053000.0,-1510000.0,0.0,2543000.0,-466444000.0,656089000.0,437304000.0,0.0,91954000.0,91954000.0,91954000.0,5489000.0,0.0,0.062,954996000.0,151952000.0,81648000.0,0.0,1.836,40.018,40.158,257659000.0,0.0,15.26,2.465,2.465,246417000.0,797408000.0,1492789000.0,1492789000.0,238078000.0,0.03,0.047,0.204,0.115,0.0,490582000.0,1.0,241140832.0,241140832.0,,6.191,1527683000.0,167633000.0,65884000.0,79641000.0,6.335,241762000.0
7,KG,MRY,2002-12-31,2002-12-31,2002-12-31,2019-05-24,45000.0,2750660000.0,2664311000.0,1261702000.0,1488958000.0,0.408,8.021,-73587000.0,588225000.0,588225000.0,291257000.0,182401000.0,3.41,0.424,346393000.0,1300000.0,345093000.0,346393000.0,0.0,51377000.0,0.0,0.0,0.0,272853000.0,324230000.0,0.298,324230000.0,272853000.0,260434000.0,0.75,0.69,0.75,1931183000.0,1955207500.0,1931183000.0,3756357295.0,14.0,11.585,353593000.0,1.469,1.0,796767000.0,0.732,1232313000.0,12419000.0,906551000.0,993601750.0,167153000.0,227263000.0,227263000.0,0.0,819477000.0,369964000.0,449513000.0,4138509295.0,-286377000.0,0.0,-161872000.0,-6211000.0,0.0,-168083000.0,-463003000.0,-183004000.0,427180000.0,0.0,182401000.0,182401000.0,182401000.0,-11928000.0,0.0,0.168,521724000.0,275043000.0,49889000.0,0.0,2.143,22.689,22.92,217114000.0,0.0,17.19,3.804,3.804,159987000.0,729241000.0,1088024000.0,1088024000.0,40184000.0,0.068,0.093,0.275,0.251,2206000.0,357408000.0,1.0,240750977.0,240750977.0,,4.519,1518347000.0,106168000.0,78033000.0,54843000.0,6.307,891738000.0
8,KG,MRY,2001-12-31,2001-12-31,2001-12-31,2019-05-24,0.0,2506611000.0,1702734500.0,1237559000.0,1269052000.0,0.512,7.769,-40167000.0,874602000.0,874602000.0,186564000.0,217936000.0,8.172,0.314,347754000.0,1357000.0,346397000.0,347754000.0,0.0,47966000.0,0.0,0.0,0.0,360106000.0,408072000.0,0.468,408072000.0,360106000.0,347422000.0,0.94,0.93,0.94,1908284000.0,1308596250.0,1908284000.0,10426398391.0,29.0,25.55,239393000.0,0.975,1.0,685698000.0,0.786,1037795000.0,12684000.0,790525000.0,480385250.0,111578000.0,49880000.0,49880000.0,0.0,598327000.0,151443000.0,446884000.0,10348493391.0,798207000.0,0.0,684435000.0,217313000.0,0.0,901330000.0,-382683000.0,-60794000.0,279560000.0,0.0,217936000.0,217936000.0,217936000.0,0.0,0.0,0.25,319432000.0,366266000.0,22870000.0,0.0,5.423,47.484,44.819,164116000.0,0.0,42.13,11.864,11.864,161864000.0,546721000.0,872262000.0,872262000.0,26507000.0,0.128,0.167,0.75,0.413,15659000.0,240880000.0,1.0,245632409.0,245632409.0,,3.551,1468816000.0,31556000.0,129486000.0,44739000.0,5.98,1086116000.0
9,KG,MRY,2000-12-31,2000-12-31,2000-12-31,2019-05-24,0.0,1282395000.0,1028755000.0,317243000.0,965152000.0,0.603,5.851,-25149000.0,76395000.0,76395000.0,171271000.0,64509000.0,3.019,0.298,97909000.0,1527000.0,96382000.0,97909000.0,0.0,41942000.0,0.0,0.0,0.0,177815000.0,219757000.0,0.354,219757000.0,177815000.0,140841000.0,0.3,0.29,0.3,987733000.0,612537500.0,987733000.0,6725875302.0,38.0,30.606,156224000.0,0.925,1.0,448972000.0,0.724,790324000.0,36974000.0,408503000.0,479321250.0,65089000.0,0.0,0.0,0.0,294662000.0,105082000.0,189580000.0,6544491302.0,-55328000.0,0.0,387768000.0,-468033000.0,0.0,-82884000.0,-153817000.0,77820000.0,181373000.0,0.0,64509000.0,64509000.0,64509000.0,0.0,0.0,0.104,264244000.0,184728000.0,25010000.0,0.0,6.626,101.451,129.219,128521000.0,0.0,38.766,10.551,10.551,120702000.0,328785000.0,620243000.0,620243000.0,24791000.0,0.063,0.105,0.371,0.287,45295000.0,132868000.0,1.0,168821611.0,168821611.0,,3.674,492071000.0,26733000.0,76332000.0,16989000.0,2.915,212161000.0
10,KG,MRY,1999-12-31,1999-12-31,1999-12-31,2019-05-24,-94000.0,1181806000.0,842074250.0,377933000.0,803873000.0,0.609,10.263,-13219000.0,131723000.0,131723000.0,143828000.0,99937000.0,3.31,1.387,563696000.0,14502000.0,549194000.0,563696000.0,0.0,33864000.0,0.0,0.0,0.0,216458000.0,250322000.0,0.488,250322000.0,216458000.0,161087000.0,0.48,0.65,0.48,495012000.0,213090750.0,495012000.0,1940269220.0,9.0,7.751,135087000.0,2.801,1.0,368637000.0,0.719,621356000.0,55371000.0,878257000.0,754412500.0,44997000.0,113812000.0,80229000.0,33583000.0,686794000.0,114166000.0,572628000.0,1352069220.0,3077000.0,0.0,5744000.0,33225000.0,0.0,35523000.0,-180752000.0,-67320000.0,148306000.0,0.0,99937000.0,99937000.0,99937000.0,0.0,0.0,0.195,158742000.0,209895000.0,28942000.0,0.0,2.731,13.529,58.399,122268000.0,0.0,28.031,2.638,2.638,91821000.0,266895000.0,512465000.0,512465000.0,17659000.0,0.119,0.469,0.287,0.422,3107000.0,107219000.0,1.0,48234233.0,48234233.0,,10.625,560450000.0,18198000.0,61150000.0,26998000.0,11.619,263767000.0
11,KG,MRY,1998-12-31,1998-12-31,1998-12-31,2019-05-24,0.0,668171000.0,388066250.0,75610000.0,592561000.0,0.759,3.16,-83765000.0,1159000.0,1159000.0,92933000.0,79487000.0,1.698,5.587,519000000.0,10250000.0,508750000.0,519000000.0,0.0,15566000.0,0.0,0.0,0.0,131230000.0,146796000.0,0.499,146796000.0,131230000.0,116364000.0,0.53,0.51,0.53,101436000.0,80693000.0,101436000.0,430766834.0,3.0,2.934,-41735000.0,-1.3,1.0,201488000.0,0.684,480583000.0,14866000.0,660906000.0,382931750.0,26556000.0,0.0,0.0,0.0,566735000.0,44523000.0,522212000.0,282254834.0,75974000.0,55000000.0,48841000.0,370042000.0,0.0,416651000.0,-382707000.0,-8371000.0,42030000.0,0.0,79487000.0,79487000.0,79487000.0,-18768000.0,0.0,0.27,96377000.0,105111000.0,12594000.0,0.0,2.783,3.551,16.588,93981000.0,0.0,8.792,0.959,0.959,39070000.0,35460000.0,294421000.0,294421000.0,10866000.0,0.205,0.985,0.343,0.446,353000.0,59445000.0,1.0,32104730.0,32104730.0,,9.171,187588000.0,6675000.0,36877000.0,11250000.0,5.843,31087000.0
12,KG,MRY,1997-12-31,1997-12-31,1997-12-31,2019-05-24,0.0,104863000.0,72071000.0,22812000.0,82051000.0,0.665,,-1379000.0,69000.0,69000.0,13034000.0,6612000.0,0.982,2.575,55152000.0,9000000.0,46152000.0,55152000.0,0.0,2395000.0,0.0,,0.0,13367000.0,15762000.0,0.329,15762000.0,13367000.0,10580000.0,0.17,0.17,0.17,29334000.0,22513500.0,29334000.0,,,,3637000.0,,1.0,34875000.0,0.728,62783000.0,2787000.0,73927000.0,57493000.0,10850000.0,0.0,0.0,0.0,75529000.0,23236000.0,52293000.0,,-1323000.0,0.0,7297000.0,39242000.0,0.0,47638000.0,-53977000.0,203000.0,5016000.0,0.0,6612000.0,6612000.0,6612000.0,0.0,0.0,0.138,21518000.0,13357000.0,5871000.0,0.0,,,,17170000.0,0.0,,,,6890000.0,14550000.0,47909000.0,47909000.0,0.0,0.092,0.294,0.232,0.279,0.0,19123000.0,1.0,,,,,42080000.0,2013000.0,3968000.0,5866000.0,,-424000.0
13,KG,MRY,1996-12-31,1996-12-31,1996-12-31,2019-05-24,-16000.0,39279000.0,,13885000.0,25394000.0,,,-969000.0,1392000.0,1392000.0,8782000.0,-240000.0,2.263,1.503,18011000.0,4031000.0,13980000.0,18011000.0,0.0,982000.0,0.0,,0.0,925000.0,1907000.0,0.093,1907000.0,925000.0,-347000.0,-0.02,-0.02,-0.02,15693000.0,,15693000.0,,,,-7238000.0,,1.0,11675000.0,0.571,8703000.0,1272000.0,41059000.0,,6097000.0,209000.0,209000.0,0.0,23586000.0,6136000.0,17450000.0,,-9176000.0,0.0,2844000.0,-3626000.0,0.0,-781000.0,-2126000.0,1817000.0,-6269000.0,0.0,-240000.0,-240000.0,-240000.0,0.0,0.0,-0.012,12510000.0,-835000.0,844000.0,0.0,,,,16691000.0,0.0,,,,1628000.0,7938000.0,20457000.0,20457000.0,0.0,,,,0.045,0.0,12106000.0,1.0,,,,,30576000.0,1151000.0,-107000.0,3470000.0,,7749000.0
14,KG,MRY,1995-12-31,1995-12-31,1995-12-31,2019-05-24,,,,,,,,-1672000.0,,,12130000.0,9862000.0,,,,,,,,1777000.0,,,0.0,16926000.0,18703000.0,0.735,18703000.0,16926000.0,14920000.0,0.75,0.7,0.75,,,,,,,-4257000.0,,1.0,13311000.0,0.523,,2006000.0,,,,,,,,,,,9540000.0,32000000.0,-100000.0,-17356000.0,0.0,-18143000.0,30268000.0,0.0,-2585000.0,0.0,9862000.0,9862000.0,9862000.0,0.0,0.0,0.388,-3087000.0,16398000.0,,0.0,,,,,0.0,,,,,,25441000.0,25441000.0,0.0,,,,0.665,0.0,8605000.0,,,,,,,,5058000.0,,,
0,KG,MRQ,2010-09-30,2010-09-30,2010-09-30,2019-05-24,0.0,3217580000.0,,1228280000.0,1989300000.0,,9.799,-5519000.0,697520000.0,697520000.0,132651000.0,39220000.0,4.08,0.315,350223000.0,3647000.0,346576000.0,350223000.0,0.0,0.0,0.0,0.0,0.0,68887000.0,68887000.0,0.184,68887000.0,68887000.0,61594000.0,0.16,0.16,0.16,2446528000.0,,2446528000.0,2258818426.0,13.0,5.72,85230000.0,0.341,1.0,241895000.0,0.646,1169493000.0,7293000.0,1399720000.0,,198382000.0,156256000.0,919000.0,155337000.0,771052000.0,301070000.0,469982000.0,2486639426.0,124458000.0,7500000.0,760000.0,-165000.0,0.0,571000.0,27550000.0,28035000.0,90749000.0,5588000.0,39220000.0,39220000.0,39220000.0,0.0,0.0,0.105,173171000.0,68724000.0,92085000.0,0.0,1.016,29.628,29.294,368173000.0,0.0,9.96,1.588,1.588,215876000.0,,374546000.0,374546000.0,25666000.0,,,,,0.0,115488000.0,1.0,249662593.0,249662593.0,,1.5,2048087000.0,325912000.0,22374000.0,0.0,8.203,927210000.0
1,KG,MRQ,2010-06-30,2010-06-30,2010-06-30,2019-05-24,0.0,3168224000.0,,1110787000.0,2057437000.0,,9.588,-9344000.0,573062000.0,573062000.0,119027000.0,17988000.0,3.625,0.324,345241000.0,3506000.0,341735000.0,345241000.0,0.0,0.0,0.0,0.0,0.0,37349000.0,37349000.0,0.101,37349000.0,37349000.0,29870000.0,0.07,0.07,0.07,2393456000.0,,2393456000.0,1763253810.0,9.0,4.236,41332000.0,0.166,1.0,251876000.0,0.679,1186145000.0,7479000.0,1447829000.0,,195614000.0,187145000.0,17368000.0,169777000.0,774768000.0,306429000.0,468339000.0,1894669810.0,101299000.0,20000000.0,221000.0,-4178000.0,0.0,-5031000.0,60928000.0,51050000.0,50676000.0,-5274000.0,17988000.0,17988000.0,17988000.0,0.0,0.0,0.048,223758000.0,28118000.0,74176000.0,0.0,0.792,21.729,21.686,377298000.0,0.0,7.59,1.145,1.145,209585000.0,,370903000.0,370903000.0,33174000.0,,,,,0.0,131829000.0,1.0,249627116.0,249627116.0,,1.486,1982079000.0,345414000.0,11882000.0,0.0,7.94,804358000.0
2,KG,MRQ,2010-03-31,2010-03-31,2010-03-31,2019-05-24,0.0,3174760000.0,,1043429000.0,2131331000.0,,9.544,-7720000.0,471763000.0,471763000.0,127054000.0,4469000.0,3.087,0.339,340347000.0,3369000.0,336978000.0,340347000.0,0.0,0.0,0.0,0.0,0.0,26799000.0,26799000.0,0.07,26799000.0,26799000.0,18063000.0,0.02,0.02,0.02,2371528000.0,,2371528000.0,2804952565.0,11.0,5.92,-9521000.0,-0.038,1.0,253801000.0,0.666,1222874000.0,8736000.0,1482454000.0,,188644000.0,233388000.0,28603000.0,204785000.0,803232000.0,338016000.0,465216000.0,2922036565.0,-73549000.0,20000000.0,742000.0,-92554000.0,0.0,-95717000.0,28583000.0,16810000.0,-1801000.0,-4614000.0,4469000.0,4469000.0,4469000.0,0.0,0.0,0.012,226336000.0,27465000.0,89794000.0,0.0,1.232,27.272,26.727,381370000.0,0.0,11.76,1.691,1.691,207062000.0,,380855000.0,380855000.0,28324000.0,,,,,0.0,140475000.0,1.0,248472497.0,248472497.0,,1.533,1951886000.0,354282000.0,13594000.0,0.0,7.856,705413000.0
3,KG,MRQ,2009-12-31,2009-12-31,2009-12-31,2019-05-24,0.0,3328590000.0,,1129843000.0,2198747000.0,,9.544,-9507000.0,545312000.0,545312000.0,152935000.0,22252000.0,2.274,0.405,428228000.0,89212000.0,339016000.0,428228000.0,0.0,214493000.0,0.0,0.0,0.0,47369000.0,261862000.0,0.596,261862000.0,47369000.0,32059000.0,0.09,0.09,0.09,2369307000.0,,2369307000.0,3198420088.0,13.0,7.056,159058000.0,0.641,1.0,286171000.0,0.652,1261752000.0,15310000.0,1452858000.0,,182291000.0,249966000.0,31358000.0,218608000.0,959283000.0,496896000.0,462387000.0,3045934088.0,65344000.0,25008000.0,-3447000.0,-209105000.0,0.0,-208998000.0,106608000.0,90591000.0,168565000.0,-831000.0,22252000.0,22252000.0,22252000.0,0.0,0.0,0.051,233906000.0,52265000.0,86692000.0,0.0,1.286,33.125,32.289,391839000.0,0.0,12.27,1.715,1.715,210256000.0,963620000.0,439106000.0,439106000.0,27554000.0,,,,,35923000.0,146920000.0,1.0,248242387.0,248242387.0,,1.769,2066838000.0,363928000.0,9807000.0,0.0,8.326,632947000.0
4,KG,MRQ,2009-09-30,2009-09-30,2009-09-30,2019-05-24,0.0,3470293000.0,,1168204000.0,2302089000.0,,9.412,-10439000.0,479968000.0,479968000.0,162797000.0,42488000.0,2.231,0.486,632454000.0,126550000.0,505904000.0,632454000.0,0.0,0.0,0.0,0.0,0.0,90242000.0,90242000.0,0.195,90242000.0,90242000.0,68024000.0,0.17,0.17,0.17,2335408000.0,,2335408000.0,2980012591.0,-9.0,-16.33,134159000.0,0.541,1.0,300552000.0,0.649,1275597000.0,22218000.0,1823559000.0,,207650000.0,333588000.0,41554000.0,292034000.0,1134885000.0,523623000.0,611262000.0,2672431591.0,37776000.0,25144000.0,456000.0,-125202000.0,0.0,-125177000.0,14173000.0,6250000.0,144598000.0,4182000.0,42488000.0,42488000.0,42488000.0,0.0,0.0,0.092,213384000.0,87168000.0,87111000.0,0.0,1.144,-5.555,-5.467,401162000.0,0.0,10.77,1.586,1.586,227030000.0,,463349000.0,463349000.0,22640000.0,,,,,0.0,135742000.0,1.0,248136638.0,248136638.0,,1.867,2194696000.0,362645000.0,25536000.0,0.0,8.845,644581000.0
5,KG,MRQ,2009-06-30,2009-06-30,2009-06-30,2019-05-24,0.0,3498530000.0,,1175696000.0,2322834000.0,,9.189,-11940000.0,442192000.0,442192000.0,156093000.0,37935000.0,2.261,0.535,749773000.0,164708000.0,585065000.0,749773000.0,0.0,0.0,0.0,0.0,0.0,94875000.0,94875000.0,0.213,94875000.0,94875000.0,67283000.0,0.16,0.15,0.16,2278463000.0,,2278463000.0,2845602198.0,-10.0,-19.921,94292000.0,0.38,1.0,288895000.0,0.649,1276015000.0,27592000.0,2010113000.0,,224077000.0,336649000.0,42483000.0,294166000.0,1220067000.0,519983000.0,700084000.0,2387908198.0,5399000.0,34133000.0,1250000.0,-152071000.0,0.0,-151944000.0,37244000.0,24223000.0,106232000.0,13867000.0,37935000.0,37935000.0,37935000.0,0.0,0.0,0.085,199114000.0,89781000.0,61325000.0,0.0,1.048,-5.413,-5.35,405778000.0,0.0,9.63,1.483,1.483,209266000.0,,444988000.0,444988000.0,21202000.0,,,,,0.0,123575000.0,1.0,247965545.0,247965545.0,,1.795,2222515000.0,386386000.0,29348000.0,0.0,8.963,655713000.0
6,KG,MRQ,2009-03-31,2009-03-31,2009-03-31,2019-05-24,0.0,3645186000.0,,1211923000.0,2433263000.0,,9.003,-6892000.0,436793000.0,436793000.0,150939000.0,-10722000.0,2.576,0.643,894487000.0,56498000.0,837989000.0,894487000.0,0.0,0.0,0.0,0.0,0.0,6326000.0,6326000.0,0.015,6326000.0,6326000.0,-16777000.0,-0.04,-0.04,-0.04,2219172000.0,,2219172000.0,2209976115.0,-7.0,-12.929,4442000.0,0.018,1.0,278118000.0,0.648,1311794000.0,23103000.0,2320699000.0,,256106000.0,348355000.0,14306000.0,334049000.0,1426014000.0,470387000.0,955627000.0,1742689115.0,-503419000.0,-69707000.0,36000.0,-434469000.0,0.0,-436433000.0,-63806000.0,8000000.0,11334000.0,-14514000.0,-10722000.0,-10722000.0,-10722000.0,0.0,0.0,-0.025,270978000.0,7140000.0,97286000.0,0.0,0.785,-3.976,-3.95,410489000.0,0.0,7.07,1.116,1.116,227710000.0,,429057000.0,429057000.0,27256000.0,,,,,0.0,142323000.0,1.0,246490681.0,246490681.0,,1.741,2333392000.0,401264000.0,-6055000.0,0.0,9.466,741536000.0
7,KG,MRQ,2008-12-31,2008-12-31,2008-12-31,2019-05-24,-28287000.0,4228580000.0,,1669264000.0,2559316000.0,,9.063,-22322000.0,940212000.0,940212000.0,99714000.0,-550825000.0,1.657,0.893,1321915000.0,444277000.0,877638000.0,1321915000.0,0.0,151477000.0,0.0,0.0,0.0,-525410000.0,-373933000.0,-1.075,-373933000.0,-525410000.0,-531470000.0,-2.26,-2.25,-2.26,2233799000.0,,2233799000.0,1786117291.0,-9.0,-41.491,119185000.0,0.484,1.0,248018000.0,0.713,1384767000.0,6060000.0,2218395000.0,,258303000.0,360800000.0,6952000.0,353848000.0,1994781000.0,1007121000.0,987660000.0,2617568291.0,-291239000.0,-1024718000.0,-2349000.0,586924000.0,0.0,586947000.0,-1019693000.0,21250000.0,141507000.0,0.0,-550825000.0,-550825000.0,-550825000.0,0.0,0.0,-1.584,770163000.0,-522145000.0,140908000.0,0.0,1.172,-7.653,-7.586,417259000.0,0.0,10.62,1.673,1.673,245070000.0,871021000.0,347732000.0,347732000.0,627148000.0,,,,,34514000.0,106293000.0,1.0,246475357.0,246475357.0,,1.411,2843813000.0,358629000.0,19355000.0,10448000.0,11.538,662143000.0
8,KG,MRQ,2008-09-30,2008-09-30,2008-09-30,2019-05-24,0.0,3511755000.0,,1700104000.0,1811651000.0,,11.087,-2260000.0,1231451000.0,1231451000.0,101465000.0,82472000.0,5.345,0.285,400000000.0,0.0,400000000.0,400000000.0,0.0,0.0,0.0,0.0,0.0,129886000.0,129886000.0,0.334,129886000.0,129886000.0,124586000.0,0.34,0.34,0.34,2732863000.0,,2732863000.0,1665823849.0,4.0,2.933,109397000.0,0.444,1.0,286980000.0,0.739,784622000.0,5300000.0,1577600000.0,,92391000.0,416530000.0,72618000.0,343912000.0,778892000.0,318082000.0,460810000.0,2361372849.0,135902000.0,-1000.0,86000.0,0.0,0.0,-176000.0,24421000.0,27775000.0,111657000.0,0.0,82472000.0,82472000.0,82472000.0,0.0,0.0,0.212,164180000.0,122800000.0,68900000.0,0.0,0.864,9.683,9.58,257166000.0,0.0,9.58,1.349,1.349,168597000.0,,388445000.0,388445000.0,33855000.0,,,,,0.0,99278000.0,1.0,246489859.0,246489859.0,,1.576,2727133000.0,437069000.0,42114000.0,22674000.0,11.064,1382022000.0
9,KG,MRQ,2008-06-30,2008-06-30,2008-06-30,2019-05-24,0.0,3457454000.0,,1601905000.0,1855549000.0,,10.683,-12972000.0,1095549000.0,1095549000.0,102185000.0,40761000.0,4.439,0.312,400000000.0,0.0,400000000.0,400000000.0,0.0,0.0,0.0,0.0,0.0,66793000.0,66793000.0,0.168,66793000.0,66793000.0,61502000.0,0.17,0.17,0.17,2634597000.0,,2634597000.0,2155521254.0,12.0,5.991,125023000.0,0.507,1.0,294666000.0,0.743,803671000.0,5291000.0,1597324000.0,,104899000.0,433112000.0,99030000.0,334082000.0,822857000.0,360910000.0,461947000.0,2582103254.0,268967000.0,-8000.0,207000.0,0.0,0.0,-1241000.0,132213000.0,151425000.0,137995000.0,0.0,40761000.0,40761000.0,40761000.0,0.0,0.0,0.103,237011000.0,57655000.0,65197000.0,0.0,0.98,21.366,21.367,264439000.0,0.0,10.47,1.354,1.354,169040000.0,,396851000.0,396851000.0,54162000.0,,,,,0.0,111973000.0,1.0,246619222.0,246619222.0,,1.609,2653783000.0,458871000.0,20741000.0,17149000.0,10.761,1240995000.0
10,KG,MRQ,2008-03-31,2008-03-31,2008-03-31,2019-05-24,0.0,3419369000.0,,1850773000.0,1568596000.0,,10.515,-19901000.0,826582000.0,826582000.0,91461000.0,85556000.0,5.004,0.322,400000000.0,0.0,400000000.0,400000000.0,0.0,0.0,0.0,0.0,0.0,134206000.0,134206000.0,0.311,134206000.0,134206000.0,129226000.0,0.35,0.35,0.35,2587212000.0,,2587212000.0,2520630994.0,12.0,6.463,80331000.0,0.326,1.0,340572000.0,0.788,862997000.0,4980000.0,1759964000.0,,110561000.0,590696000.0,590696000.0,0.0,832157000.0,369826000.0,462331000.0,2140639994.0,806573000.0,-34000.0,54000.0,0.0,0.0,-608000.0,706949000.0,727455000.0,100232000.0,0.0,85556000.0,85556000.0,85556000.0,0.0,0.0,0.198,219291000.0,121281000.0,59342000.0,0.0,0.827,14.776,14.746,264789000.0,0.0,8.7,1.043,1.043,186787000.0,,432033000.0,432033000.0,28508000.0,,,,,0.0,129858000.0,1.0,246050574.0,246050574.0,,1.756,2556372000.0,447819000.0,43670000.0,17180000.0,10.39,1480947000.0
11,KG,MRQ,2007-12-31,2007-12-31,2007-12-31,2019-05-24,1957000.0,3426822000.0,,1819654000.0,1607168000.0,,10.272,-12933000.0,20009000.0,20009000.0,131789000.0,35072000.0,4.016,0.365,400000000.0,0.0,400000000.0,400000000.0,0.0,174348000.0,0.0,0.0,0.0,62774000.0,237122000.0,0.445,237122000.0,62774000.0,48650000.0,0.14,0.15,0.14,2510757000.0,,2510757000.0,2878070878.0,11.0,6.658,232721000.0,0.952,1.0,401483000.0,0.753,910124000.0,14124000.0,2443604000.0,,110308000.0,1346115000.0,1346115000.0,0.0,916065000.0,453085000.0,462980000.0,2503013878.0,-4934000.0,296664000.0,65000.0,0.0,0.0,65000.0,-250653000.0,-293104000.0,245654000.0,0.0,35072000.0,35072000.0,35072000.0,11000.0,0.0,0.066,352494000.0,48989000.0,76481000.0,0.0,0.997,14.284,14.222,257093000.0,0.0,10.24,1.171,1.171,183664000.0,1225360000.0,533272000.0,533272000.0,76920000.0,,,,,27652000.0,164257000.0,1.0,244434949.0,244434949.0,,2.182,2516698000.0,464013000.0,13578000.0,0.0,10.296,1366569000.0
12,KG,MRQ,2007-09-30,2007-09-30,2007-09-30,2019-05-24,0.0,3378273000.0,,1655284000.0,1722989000.0,,10.065,-18578000.0,24943000.0,24943000.0,197761000.0,-40538000.0,3.653,0.374,400000000.0,0.0,400000000.0,400000000.0,0.0,0.0,0.0,0.0,0.0,-78329000.0,-78329000.0,-0.144,-78329000.0,-78329000.0,-80121000.0,-0.17,-0.17,-0.17,2458548000.0,,2458548000.0,3208145201.0,13.0,8.155,155695000.0,0.637,1.0,347093000.0,0.637,961471000.0,1792000.0,2338769000.0,,148763000.0,1054149000.0,1054149000.0,0.0,919725000.0,453090000.0,466635000.0,2862850201.0,-29762000.0,-172000.0,1532000.0,96000.0,0.0,1628000.0,-205663000.0,-183878000.0,174273000.0,0.0,-40538000.0,-40538000.0,-40538000.0,11000.0,0.0,-0.074,425220000.0,-78127000.0,59033000.0,0.0,1.164,16.163,16.055,250203000.0,0.0,11.72,1.353,1.353,264805000.0,,544854000.0,544854000.0,35089000.0,,,,,0.0,185257000.0,1.0,244270495.0,244270495.0,,2.231,2416802000.0,456326000.0,-39583000.0,0.0,9.894,1202194000.0
13,KG,MRQ,2007-06-30,2007-06-30,2007-06-30,2019-05-24,0.0,3378345000.0,,1512422000.0,1865923000.0,,10.215,-6309000.0,54705000.0,54705000.0,125530000.0,64785000.0,3.591,0.357,400000000.0,0.0,400000000.0,400000000.0,0.0,0.0,0.0,0.0,0.0,97032000.0,97032000.0,0.179,97032000.0,97032000.0,95179000.0,0.27,0.26,0.27,2489011000.0,,2489011000.0,5325142860.0,12.0,8.816,138329000.0,0.568,1.0,417196000.0,0.769,1131749000.0,1853000.0,2170778000.0,,185382000.0,879235000.0,867998000.0,11237000.0,889334000.0,421113000.0,468221000.0,4985353860.0,-5506000.0,-5941000.0,7153000.0,-1623000.0,0.0,5588000.0,-155732000.0,-109793000.0,144638000.0,0.0,64785000.0,64785000.0,64785000.0,74000.0,0.0,0.119,328885000.0,88311000.0,70188000.0,0.0,2.003,16.183,16.11,241937000.0,0.0,20.46,2.416,2.416,261057000.0,,542726000.0,542726000.0,40455000.0,,,,,0.0,173208000.0,1.0,243663434.0,243663434.0,,2.227,2246596000.0,371111000.0,30394000.0,0.0,9.22,1091309000.0
14,KG,MRQ,2007-03-31,2007-03-31,2007-03-31,2019-05-24,0.0,3333470000.0,,1399314000.0,1934156000.0,,9.908,-11782000.0,60211000.0,60211000.0,111454000.0,115913000.0,3.01,0.383,400000000.0,0.0,400000000.0,400000000.0,0.0,0.0,0.0,0.0,0.0,176437000.0,176437000.0,0.342,176437000.0,176437000.0,174412000.0,0.48,0.48,0.48,2409707000.0,,2409707000.0,5069962555.0,10.0,7.456,96302000.0,0.396,1.0,404576000.0,0.784,1236896000.0,2025000.0,1971412000.0,,207885000.0,768705000.0,758205000.0,10500000.0,923763000.0,464951000.0,458812000.0,4783739555.0,-53566000.0,-252801000.0,2611000.0,0.0,0.0,2553000.0,-164203000.0,131980000.0,108084000.0,0.0,115913000.0,115913000.0,115913000.0,141000.0,0.0,0.225,236721000.0,167855000.0,67061000.0,0.0,1.985,13.506,13.473,306662000.0,0.0,19.67,2.368,2.368,263542000.0,,516030000.0,516030000.0,32271000.0,,,,,0.0,168312000.0,1.0,243199774.0,243199774.0,,2.122,2096574000.0,341438000.0,58499000.0,44215000.0,8.621,934363000.0
15,KG,MRQ,2006-12-31,2006-12-31,2006-12-31,2019-05-24,-282000.0,3329531000.0,,1673473000.0,1656058000.0,,9.414,-14596000.0,113777000.0,113777000.0,113883000.0,36964000.0,2.709,0.455,400000000.0,0.0,400000000.0,400000000.0,0.0,147549000.0,0.0,0.0,0.0,50695000.0,198244000.0,0.387,198244000.0,50695000.0,48763000.0,0.15,0.15,0.15,2288606000.0,,2288606000.0,4136615085.0,10.0,7.107,153774000.0,0.633,1.0,399031000.0,0.778,972543000.0,1932000.0,2025415000.0,,215458000.0,901763000.0,890185000.0,11578000.0,1040925000.0,617796000.0,423129000.0,3870412085.0,-24277000.0,-37750000.0,978000.0,-4151000.0,0.0,-3598000.0,-189049000.0,-110640000.0,168370000.0,0.0,36964000.0,36964000.0,36964000.0,130000.0,0.0,0.072,356902000.0,42129000.0,77158000.0,0.0,1.691,13.395,13.378,307036000.0,0.0,15.92,1.946,1.946,265467000.0,1043902000.0,512914000.0,512914000.0,40665000.0,,,,,24718000.0,231870000.0,1.0,243116337.0,243116337.0,,2.11,2356988000.0,353545000.0,11799000.0,30501000.0,9.695,1055677000.0
16,KG,MRQ,2006-09-30,2006-09-30,2006-09-30,2019-05-24,0.0,3247544000.0,,1531624000.0,1715920000.0,,9.24,-10817000.0,138054000.0,138054000.0,106473000.0,90405000.0,2.653,0.446,404257000.0,4257000.0,400000000.0,404257000.0,0.0,0.0,0.0,0.0,0.0,132319000.0,132319000.0,0.269,132319000.0,132319000.0,130425000.0,0.37,0.37,0.37,2246271000.0,,2246271000.0,4520323274.0,19.0,11.604,115996000.0,0.477,1.0,385233000.0,0.783,1045980000.0,1894000.0,1890388000.0,,186770000.0,793053000.0,779545000.0,13508000.0,1001273000.0,577379000.0,423894000.0,4139947274.0,114173000.0,0.0,146000.0,-127000.0,0.0,47000.0,-12687000.0,-917000.0,126813000.0,0.0,90405000.0,90405000.0,90405000.0,-555000.0,0.0,0.184,262048000.0,123185000.0,80810000.0,0.0,1.843,26.301,26.2,303822000.0,0.0,17.03,2.18,2.18,255746000.0,,491706000.0,491706000.0,63419000.0,,,,,0.0,157594000.0,1.0,243097315.0,243097315.0,,2.023,2201564000.0,327651000.0,40020000.0,20617000.0,9.056,954245000.0
17,KG,MRQ,2006-06-30,2006-06-30,2006-06-30,2019-05-24,0.0,3179761000.0,,1435238000.0,1744523000.0,,8.862,-11635000.0,23881000.0,23881000.0,107048000.0,110903000.0,2.337,0.481,404257000.0,4257000.0,400000000.0,404257000.0,0.0,0.0,0.0,0.0,0.0,172967000.0,172967000.0,0.346,172967000.0,172967000.0,169920000.0,0.46,0.46,0.46,2146567000.0,,2146567000.0,4369236776.0,14.0,9.724,164401000.0,0.679,1.0,392597000.0,0.786,1068167000.0,3047000.0,1877904000.0,,206076000.0,789979000.0,778628000.0,11351000.0,1033194000.0,614066000.0,419128000.0,4117534776.0,-304417000.0,0.0,230000.0,-175133000.0,0.0,-174780000.0,-305673000.0,-292474000.0,176036000.0,0.0,110903000.0,110903000.0,110903000.0,-100000.0,0.0,0.222,227606000.0,164991000.0,70040000.0,0.0,1.918,21.802,21.795,302513000.0,0.0,17.0,2.139,2.139,262956000.0,,499645000.0,499645000.0,34630000.0,,,,,0.0,154158000.0,1.0,242207928.0,242207928.0,,2.063,2111594000.0,345813000.0,59017000.0,55834000.0,8.718,821172000.0
18,KG,MRQ,2006-03-31,2006-03-31,2006-03-31,2019-05-24,0.0,3217147000.0,,1457655000.0,1759492000.0,,8.396,-8768000.0,328298000.0,328298000.0,92404000.0,50677000.0,1.906,0.583,580000000.0,180000000.0,400000000.0,580000000.0,0.0,0.0,0.0,0.0,0.0,78555000.0,78555000.0,0.162,78555000.0,78555000.0,75571000.0,0.21,0.21,0.21,2032450000.0,,2032450000.0,4360467777.0,27.0,14.195,-14360000.0,-0.059,1.0,391831000.0,0.809,1093547000.0,2984000.0,1610462000.0,,217256000.0,501648000.0,486154000.0,15494000.0,1184697000.0,764840000.0,419857000.0,4175881777.0,298284000.0,0.0,6468000.0,226040000.0,0.0,232782000.0,71094000.0,8509000.0,-5592000.0,0.0,50677000.0,50677000.0,50677000.0,158000.0,0.0,0.105,319590000.0,72241000.0,69369000.0,0.0,2.055,42.414,43.125,302162000.0,0.0,17.25,2.211,2.211,268336000.0,,484235000.0,484235000.0,114882000.0,,,,,0.0,170343000.0,1.0,242080103.0,242080103.0,,2.0,2123600000.0,341299000.0,24894000.0,74959000.0,8.772,692815000.0
19,KG,MRQ,2005-12-31,2005-12-31,2005-12-31,2019-05-24,4987000.0,2965242000.0,,1247789000.0,1717453000.0,,8.162,-20957000.0,160414000.0,160414000.0,67308000.0,-94576000.0,1.284,0.503,345000000.0,345000000.0,0.0,345000000.0,0.0,147049000.0,0.0,0.0,0.0,-141338000.0,5711000.0,0.013,5711000.0,-141338000.0,-144393000.0,-0.39,-0.4,-0.39,1973422000.0,,1973422000.0,4225524328.0,22.0,12.491,93728000.0,0.388,1.0,355977000.0,0.841,1088346000.0,3055000.0,1090022000.0,,228063000.0,513165000.0,494663000.0,18502000.0,991820000.0,971460000.0,20360000.0,4091154328.0,-50216000.0,0.0,175000.0,0.0,0.0,175000.0,-165076000.0,63274000.0,114685000.0,0.0,-94576000.0,-94576000.0,-94576000.0,415000.0,0.0,-0.223,503633000.0,-147656000.0,84539000.0,0.0,2.073,34.72,34.531,302474000.0,0.0,16.92,2.308,2.308,223581000.0,754953000.0,423285000.0,423285000.0,209705000.0,,,,,1978000.0,164086000.0,1.0,241793991.0,241793991.0,,1.751,1876896000.0,312809000.0,-49817000.0,22301000.0,7.762,276329000.0
20,KG,MRQ,2005-09-30,2005-09-30,2005-09-30,2019-05-24,0.0,3097335000.0,,1445107000.0,1652228000.0,,8.529,-12407000.0,210630000.0,210630000.0,92257000.0,121857000.0,2.172,0.502,345000000.0,0.0,345000000.0,345000000.0,0.0,0.0,0.0,0.0,0.0,192102000.0,192102000.0,0.371,192102000.0,192102000.0,188966000.0,0.5,0.5,0.5,2061877000.0,,2061877000.0,3366967239.0,9.0,6.482,75648000.0,0.313,1.0,425775000.0,0.822,1189691000.0,3136000.0,1376792000.0,,218739000.0,570991000.0,570991000.0,0.0,1035458000.0,665222000.0,370236000.0,3717933239.0,53114000.0,0.0,595000.0,0.0,0.0,595000.0,-35536000.0,-13034000.0,88055000.0,0.0,121857000.0,121857000.0,121857000.0,787000.0,0.0,0.235,238428000.0,187347000.0,58088000.0,0.0,1.803,16.369,16.538,288740000.0,0.0,15.38,2.197,2.197,251985000.0,,518032000.0,518032000.0,24049000.0,,,,,0.0,182450000.0,1.0,241738182.0,241738182.0,,2.143,1907644000.0,270079000.0,67109000.0,64802000.0,7.891,779885000.0
21,KG,MRQ,2005-06-30,2005-06-30,2005-06-30,2019-05-24,0.0,2964711000.0,,1301460000.0,1663251000.0,,8.018,-10852000.0,695966000.0,695966000.0,91204000.0,20497000.0,1.988,0.53,345000000.0,0.0,345000000.0,345000000.0,0.0,0.0,0.0,0.0,0.0,30807000.0,30807000.0,0.067,30807000.0,30807000.0,27768000.0,0.08,0.08,0.08,1938097000.0,,1938097000.0,2450244561.0,17.0,8.026,282413000.0,1.168,1.0,371735000.0,0.803,1213358000.0,3039000.0,745602000.0,,222995000.0,7471000.0,7471000.0,0.0,1026614000.0,654785000.0,371829000.0,2518833561.0,-21458000.0,0.0,31000.0,0.0,0.0,31000.0,-314754000.0,-238435000.0,293265000.0,0.0,20497000.0,20497000.0,20497000.0,545000.0,0.0,0.044,342900000.0,28835000.0,62190000.0,0.0,1.3,25.896,26.05,284615000.0,0.0,10.42,1.606,1.606,195031000.0,,462939000.0,462939000.0,17500000.0,,,,,0.0,159165000.0,1.0,241730668.0,241730668.0,,1.915,1751353000.0,261030000.0,7271000.0,57048000.0,7.245,646675000.0
22,KG,MRQ,2005-03-31,2005-03-31,2005-03-31,2019-05-24,0.0,2850453000.0,,1070264000.0,1780189000.0,,7.935,-9074000.0,413589000.0,413589000.0,72216000.0,70055000.0,1.918,0.486,345000000.0,0.0,345000000.0,345000000.0,0.0,0.0,0.0,0.0,0.0,109678000.0,109678000.0,0.298,109678000.0,109678000.0,106977000.0,0.29,0.29,0.29,1918080000.0,,1918080000.0,1913907897.0,36.0,8.868,14429000.0,0.06,1.0,296409000.0,0.804,1372849000.0,2701000.0,850868000.0,,255408000.0,8534000.0,8534000.0,0.0,932373000.0,558147000.0,374226000.0,2008723897.0,-144082000.0,0.0,56000.0,0.0,0.0,56000.0,-167641000.0,-150585000.0,23503000.0,0.0,70055000.0,70055000.0,70055000.0,-2950000.0,0.0,0.19,184856000.0,111553000.0,44028000.0,0.0,1.047,145.087,138.5,281222000.0,0.0,8.31,1.454,1.454,206170000.0,,368625000.0,368625000.0,11472000.0,,,,,0.0,130782000.0,1.0,241723694.0,241723694.0,,1.525,1477604000.0,222286000.0,36922000.0,14367000.0,6.113,512117000.0
23,KG,MRQ,2004-12-31,2004-12-31,2004-12-31,2019-05-24,1023000.0,2924156000.0,,1127063000.0,1797093000.0,,7.654,-13225000.0,290386000.0,290386000.0,86851000.0,14728000.0,1.636,0.582,345000000.0,0.0,345000000.0,345000000.0,0.0,162115000.0,0.0,0.0,0.0,24758000.0,186873000.0,0.545,186873000.0,24758000.0,21688000.0,0.06,0.51,0.06,1848790000.0,,1848790000.0,3103793866.0,-20.0,443.209,99574000.0,0.412,1.0,255768000.0,0.747,1407113000.0,3070000.0,882727000.0,,274412000.0,165928000.0,165928000.0,0.0,1075366000.0,688930000.0,386436000.0,2995338866.0,92963000.0,0.0,457000.0,0.0,0.0,457000.0,-9542000.0,-972000.0,112799000.0,0.0,14728000.0,14728000.0,14728000.0,271000.0,0.0,0.043,232880000.0,22888000.0,92920000.0,0.0,1.62,-18.687,-18.788,280731000.0,0.0,12.4,2.296,2.296,180963000.0,637120000.0,342619000.0,342619000.0,17314000.0,,,,,0.0,152744000.0,1.0,241559586.0,241559586.0,,1.418,1517043000.0,246910000.0,6960000.0,0.0,6.28,438133000.0
24,KG,MRQ,2004-09-30,2004-09-30,2004-09-30,2019-05-24,,,,,,,,-13454000.0,,,97422000.0,-8014000.0,,,,,,,,0.0,,0.0,0.0,-22064000.0,-22064000.0,-0.056,-22064000.0,-22064000.0,-25211000.0,-0.03,-0.03,-0.03,,,,2992676457.0,-22.0,-138.865,128891000.0,0.534,1.0,297262000.0,0.753,,3147000.0,,,,,,,,,,2884221457.0,95811000.0,0.0,1896000.0,0.0,0.0,1896000.0,-53059000.0,-45533000.0,142345000.0,0.0,-8014000.0,-8014000.0,-8014000.0,4375000.0,0.0,-0.02,308915000.0,-11653000.0,,0.0,,-19.796,-19.9,,0.0,11.94,2.172,2.172,,,394684000.0,394684000.0,33425000.0,,,,,0.0,139898000.0,1.0,241559586.0,241559586.0,,1.634,,,-17197000.0,,,
25,KG,MRQ,2004-06-30,2004-06-30,2004-06-30,2019-05-24,0.0,2963394000.0,,973945000.0,1989449000.0,,7.747,-15877000.0,236545000.0,236545000.0,85124000.0,-62924000.0,1.459,0.585,345000000.0,0.0,345000000.0,345000000.0,0.0,0.0,0.0,0.0,0.0,-58672000.0,-58672000.0,-0.213,-58672000.0,-58672000.0,-61938000.0,-0.26,-0.26,-0.26,1869900000.0,,1869900000.0,2807542651.0,47.0,16.171,-60247000.0,-0.25,1.0,190487000.0,0.691,1582001000.0,3266000.0,822386000.0,,236855000.0,0.0,0.0,0.0,1093494000.0,667462000.0,426032000.0,2763837651.0,-54519000.0,0.0,1378000.0,-4000.0,0.0,1374000.0,-14855000.0,-248000.0,-44370000.0,0.0,-62924000.0,-62924000.0,-62924000.0,-1359000.0,0.0,-0.228,250329000.0,-59842000.0,61125000.0,0.0,1.478,-88.242,-88.077,273468000.0,0.0,11.45,2.035,2.035,255697000.0,,275611000.0,275611000.0,17478000.0,,,,,0.0,191653000.0,1.0,241383201.0,241383201.0,,1.142,1381393000.0,236868000.0,986000.0,26182000.0,5.723,306483000.0
26,KG,MRQ,2004-03-31,2004-03-31,2004-03-31,2019-05-24,0.0,2949586000.0,,928098000.0,2021488000.0,,8.005,-12585000.0,308736000.0,308736000.0,83541000.0,-104076000.0,1.576,0.527,352441000.0,7441000.0,345000000.0,352441000.0,0.0,0.0,0.0,0.0,0.0,-99132000.0,-99132000.0,-0.34,-99132000.0,-99132000.0,-102237000.0,-0.43,-0.43,-0.43,1932135000.0,,1932135000.0,4129483365.0,59.0,22.436,47733000.0,0.198,1.0,207909000.0,0.713,1619600000.0,3105000.0,784825000.0,,251193000.0,0.0,0.0,0.0,1017451000.0,588866000.0,428585000.0,4064408365.0,15273000.0,-36000000.0,946000.0,-93000.0,0.0,853000.0,-48688000.0,248000.0,60318000.0,0.0,-104076000.0,-104076000.0,-104076000.0,106378000.0,0.0,-0.357,200565000.0,7344000.0,49306000.0,0.0,2.104,-1191.21,-842.0,263216000.0,0.0,16.84,2.804,2.804,193002000.0,,291450000.0,291450000.0,16023000.0,,,,,0.0,111146000.0,1.0,241354416.0,241354416.0,,1.208,1329986000.0,189804000.0,1839000.0,51530000.0,5.511,339232000.0
27,KG,MRQ,2003-12-31,2003-12-31,2003-12-31,2019-05-24,1113000.0,3201530000.0,,969852000.0,2231678000.0,,8.313,-17671000.0,280022000.0,280022000.0,124798000.0,29314000.0,1.332,0.597,345097000.0,97000.0,345000000.0,345097000.0,0.0,113745000.0,0.0,0.0,0.0,44572000.0,158317000.0,0.433,158317000.0,44572000.0,41314000.0,0.12,0.14,0.12,2004491000.0,,2004491000.0,3785321096.0,22.0,13.283,53563000.0,0.222,1.0,241187000.0,0.659,1673847000.0,3258000.0,864668000.0,,260886000.0,0.0,0.0,0.0,1197039000.0,728090000.0,468949000.0,3679809096.0,443124000.0,-13310000.0,498000.0,-1172000.0,0.0,-674000.0,374979000.0,420227000.0,71234000.0,0.0,29314000.0,29314000.0,29314000.0,1505000.0,0.0,0.08,189333000.0,51854000.0,81648000.0,0.0,1.836,40.018,40.158,257659000.0,0.0,15.26,2.465,2.465,246417000.0,797408000.0,365985000.0,365985000.0,15591000.0,,,,,0.0,123264000.0,1.0,241140832.0,241140832.0,,1.518,1527683000.0,167633000.0,12000000.0,79641000.0,6.335,241762000.0
28,KG,MRQ,2003-09-30,2003-09-30,2003-09-30,2019-05-24,0.0,3109805000.0,,837439000.0,2272366000.0,,8.297,-8756000.0,240757000.0,240757000.0,89990000.0,106365000.0,1.368,0.555,346269000.0,1176000.0,345093000.0,346269000.0,0.0,0.0,0.0,0.0,0.0,173104000.0,173104000.0,0.407,173104000.0,173104000.0,169435000.0,0.44,0.44,0.44,2000122000.0,,2000122000.0,3999695749.0,75.0,38.118,154514000.0,0.641,1.0,334823000.0,0.788,1912454000.0,3669000.0,690673000.0,,251728000.0,0.0,0.0,0.0,1109683000.0,612190000.0,497493000.0,3652140749.0,-5238000.0,10961000.0,790000.0,-125028000.0,0.0,-124238000.0,-43377000.0,2481000.0,163270000.0,0.0,106365000.0,106365000.0,106365000.0,3113000.0,0.0,0.25,168945000.0,165878000.0,55729000.0,0.0,1.826,112.046,108.214,247155000.0,0.0,15.15,2.682,2.682,229305000.0,,424813000.0,424813000.0,8758000.0,,,,,0.0,133573000.0,1.0,241065396.0,241065396.0,,1.762,1197351000.0,110803000.0,63070000.0,62255000.0,4.967,225249000.0
29,KG,MRQ,2003-06-30,2003-06-30,2003-06-30,2019-05-24,0.0,3059314000.0,,707677000.0,2351637000.0,,7.861,-11944000.0,123742000.0,123742000.0,91644000.0,-35015000.0,1.541,0.616,471297000.0,1204000.0,470093000.0,471297000.0,0.0,0.0,0.0,0.0,0.0,-48233000.0,-48233000.0,-0.131,-48233000.0,-48233000.0,-51668000.0,-0.15,-0.15,-0.15,1892585000.0,,1892585000.0,3171332421.0,187.0,46.379,111431000.0,0.463,1.0,275371000.0,0.75,1893253000.0,3435000.0,1054509000.0,,252584000.0,0.0,0.0,0.0,1166729000.0,459107000.0,707622000.0,3553484421.0,-515163000.0,-760212000.0,901000.0,124954000.0,0.0,125855000.0,-769439000.0,2476000.0,123375000.0,0.0,-35015000.0,-35015000.0,-35015000.0,-1485000.0,0.0,-0.095,334920000.0,-59549000.0,49980000.0,0.0,1.878,339.235,295.2,245166000.0,0.0,14.76,2.836,2.836,196046000.0,,367015000.0,367015000.0,186093000.0,,,,,0.0,128190000.0,1.0,240750977.0,240750977.0,,1.524,1166061000.0,123032000.0,-16653000.0,16060000.0,4.843,248570000.0
30,KG,MRQ,2003-03-31,2003-03-31,2003-03-31,2019-05-24,0.0,2845469000.0,,1192898000.0,1652571000.0,,8.0,-12830000.0,638905000.0,638905000.0,79441000.0,-7193000.0,2.715,0.477,346343000.0,1250000.0,345093000.0,346343000.0,0.0,0.0,0.0,0.0,0.0,4517000.0,4517000.0,0.013,4517000.0,4517000.0,1483000.0,-0.03,-0.03,-0.03,1926075000.0,,1926075000.0,2490007156.0,15.0,11.712,66595000.0,0.277,1.0,258980000.0,0.765,1367550000.0,3034000.0,745982000.0,,209239000.0,0.0,0.0,0.0,919394000.0,439375000.0,480019000.0,2872159156.0,50680000.0,-237682000.0,1864000.0,-264000.0,0.0,1600000.0,-28607000.0,230905000.0,79425000.0,0.0,-7193000.0,-7193000.0,-7193000.0,2783000.0,0.0,-0.021,262058000.0,-3078000.0,38750000.0,0.0,1.491,27.647,27.114,240715000.0,0.0,11.93,2.458,2.458,201422000.0,,338421000.0,338421000.0,27636000.0,,,,,0.0,105815000.0,1.0,240750977.0,240750977.0,,1.406,1477919000.0,126499000.0,8676000.0,133902000.0,6.139,753523000.0
31,KG,MRQ,2002-12-31,2002-12-31,2002-12-31,2019-05-24,45000.0,2750660000.0,,1261702000.0,1488958000.0,,8.021,-24816000.0,588225000.0,588225000.0,124359000.0,-31562000.0,3.41,0.424,346393000.0,1300000.0,345093000.0,346393000.0,0.0,51377000.0,0.0,0.0,0.0,-75837000.0,-24460000.0,-0.106,-24460000.0,-75837000.0,-79228000.0,-0.12,-0.18,-0.12,1931183000.0,,1931183000.0,3756357295.0,14.0,11.585,76812000.0,0.319,1.0,107362000.0,0.463,1232313000.0,3391000.0,906551000.0,,167153000.0,227263000.0,227263000.0,0.0,819477000.0,369964000.0,449513000.0,4138509295.0,-140309000.0,0.0,-10478000.0,-1154000.0,0.0,-11632000.0,-147834000.0,-32548000.0,101628000.0,0.0,-31562000.0,-31562000.0,-31562000.0,-11928000.0,0.0,-0.136,191971000.0,-84609000.0,49889000.0,0.0,2.143,22.689,22.92,217114000.0,0.0,17.19,3.804,3.804,159987000.0,729241000.0,231721000.0,231721000.0,21405000.0,,,,,2206000.0,90177000.0,1.0,240750977.0,240750977.0,,0.962,1518347000.0,106168000.0,-47666000.0,54843000.0,6.307,891738000.0
32,KG,MRQ,2002-09-30,2002-09-30,2002-09-30,2019-05-24,0.0,2667626000.0,,1299447000.0,1368179000.0,,8.089,-15555000.0,728534000.0,728534000.0,63562000.0,84245000.0,5.293,0.353,346382000.0,1289000.0,345093000.0,346382000.0,0.0,0.0,0.0,0.0,0.0,136554000.0,136554000.0,0.433,136554000.0,136554000.0,133411000.0,0.35,0.35,0.35,1971276000.0,,1971276000.0,4276581234.0,10.0,8.758,161342000.0,0.662,1.0,252143000.0,0.799,1122341000.0,3143000.0,917622000.0,,137994000.0,190292000.0,190292000.0,0.0,696350000.0,245511000.0,450839000.0,4428144234.0,230535000.0,0.0,-74220000.0,-80000.0,0.0,-74300000.0,127938000.0,143473000.0,176897000.0,0.0,84245000.0,84245000.0,84245000.0,0.0,0.0,0.267,122176000.0,129967000.0,18191000.0,0.0,2.246,16.437,16.369,192629000.0,0.0,18.17,3.987,3.987,182945000.0,,315705000.0,315705000.0,6448000.0,,,,,0.0,100125000.0,1.0,243706342.0,243706342.0,,1.295,1545285000.0,52073000.0,49166000.0,74364000.0,6.341,1053936000.0
33,KG,MRQ,2002-06-30,2002-06-30,2002-06-30,2019-05-24,0.0,2619298000.0,,1250961000.0,1368337000.0,,7.809,-26746000.0,497999000.0,497999000.0,55228000.0,58398000.0,5.394,0.353,346436000.0,1343000.0,345093000.0,346436000.0,0.0,0.0,0.0,0.0,0.0,96000000.0,96000000.0,0.34,96000000.0,96000000.0,92865000.0,0.24,0.24,0.24,1936585000.0,,1936585000.0,5167666392.0,13.0,11.403,37728000.0,0.152,1.0,227305000.0,0.805,1135100000.0,3135000.0,1100738000.0,,148873000.0,333765000.0,333765000.0,0.0,682713000.0,231897000.0,450816000.0,5517797392.0,-198573000.0,0.0,-79356000.0,-4808000.0,0.0,-84164000.0,-178883000.0,-36175000.0,64474000.0,0.0,58398000.0,58398000.0,58398000.0,0.0,0.0,0.207,109881000.0,117424000.0,39632000.0,0.0,2.849,22.373,21.602,181622000.0,0.0,22.25,5.383,5.383,219844000.0,,282533000.0,282533000.0,6688000.0,,,,,0.0,88641000.0,1.0,247990894.0,247990894.0,,1.139,1484198000.0,37130000.0,34467000.0,47126000.0,5.985,1019064000.0
34,KG,MRQ,2002-03-31,2002-03-31,2002-03-31,2019-05-24,0.0,2619660000.0,,1358000000.0,1261660000.0,,8.068,-6470000.0,696572000.0,696572000.0,48108000.0,71320000.0,7.024,0.322,346441000.0,1348000.0,345093000.0,346441000.0,0.0,0.0,0.0,0.0,0.0,116136000.0,116136000.0,0.45,116136000.0,116136000.0,113386000.0,0.29,0.29,0.29,1981786000.0,,1981786000.0,8677495639.0,22.0,19.259,77711000.0,0.316,1.0,209957000.0,0.814,1026704000.0,2750000.0,1049496000.0,,130527000.0,307634000.0,307634000.0,0.0,637874000.0,193329000.0,444545000.0,8599590639.0,-178030000.0,0.0,2182000.0,-169000.0,0.0,2013000.0,-264224000.0,-257754000.0,84181000.0,0.0,71320000.0,71320000.0,71320000.0,0.0,0.0,0.276,97696000.0,112261000.0,21170000.0,0.0,4.339,35.089,33.663,167669000.0,0.0,35.01,9.062,9.062,182011000.0,,258065000.0,258065000.0,5643000.0,,,,,0.0,78465000.0,1.0,245632409.0,245632409.0,,1.051,1592956000.0,31556000.0,42066000.0,85814000.0,6.485,1164671000.0
35,KG,MRQ,2001-12-31,2001-12-31,2001-12-31,2019-05-24,0.0,2506611000.0,,1237559000.0,1269052000.0,,7.769,-19945000.0,874602000.0,874602000.0,55397000.0,55443000.0,8.172,0.314,347754000.0,1357000.0,346397000.0,347754000.0,0.0,47966000.0,0.0,0.0,0.0,91673000.0,139639000.0,0.549,139639000.0,91673000.0,87938000.0,0.23,0.23,0.23,1908284000.0,,1908284000.0,10426398391.0,29.0,25.55,8992000.0,0.037,1.0,198950000.0,0.782,1037795000.0,3735000.0,790525000.0,,111578000.0,49880000.0,49880000.0,0.0,598327000.0,151443000.0,446884000.0,10348493391.0,854616000.0,0.0,662746000.0,217697000.0,0.0,881418000.0,-55739000.0,-35794000.0,28937000.0,0.0,55443000.0,55443000.0,55443000.0,0.0,0.0,0.218,87417000.0,111533000.0,22870000.0,0.0,5.423,47.484,44.819,164116000.0,0.0,42.13,11.864,11.864,161864000.0,546721000.0,254347000.0,254347000.0,5575000.0,,,,,15659000.0,68557000.0,1.0,245632409.0,245632409.0,,1.035,1468816000.0,31556000.0,32495000.0,44739000.0,5.98,1086116000.0
36,KG,MRQ,2001-09-30,2001-09-30,2001-09-30,2019-05-24,0.0,1524113000.0,,271358000.0,1252755000.0,,5.134,-6064000.0,19986000.0,19986000.0,49407000.0,61471000.0,1.644,0.295,97891000.0,1509000.0,96382000.0,97891000.0,0.0,0.0,0.0,0.0,0.0,101398000.0,101398000.0,0.441,101398000.0,101398000.0,98040000.0,0.27,0.27,0.27,1177053000.0,,1177053000.0,9461844952.0,27.0,23.998,70366000.0,0.307,1.0,180682000.0,0.785,1047965000.0,3358000.0,389033000.0,,96972000.0,0.0,0.0,0.0,347060000.0,165020000.0,182040000.0,9618072952.0,-234143000.0,0.0,3408000.0,-115000.0,0.0,1979000.0,-312552000.0,-20000000.0,76430000.0,0.0,61471000.0,61471000.0,61471000.0,0.0,0.0,0.267,85006000.0,95676000.0,17104000.0,0.0,8.171,45.402,44.628,138977000.0,0.0,41.95,12.114,12.114,131533000.0,,230089000.0,230089000.0,7417000.0,,,,,0.0,61625000.0,1.0,229274683.0,229274683.0,,1.004,476148000.0,16862000.0,36569000.0,56263000.0,2.077,106338000.0
37,KG,MRQ,2001-06-30,2001-06-30,2001-06-30,2019-05-24,0.0,1422774000.0,,469787000.0,952987000.0,,6.471,-7160000.0,254129000.0,254129000.0,44344000.0,56848000.0,3.659,0.283,97901000.0,1519000.0,96382000.0,97901000.0,0.0,0.0,0.0,0.0,0.0,93390000.0,93390000.0,0.452,93390000.0,93390000.0,90666000.0,0.25,0.25,0.25,1109218000.0,,1109218000.0,6839240859.0,28.0,23.693,71266000.0,0.416,1.0,162165000.0,0.785,771347000.0,2724000.0,366818000.0,,86916000.0,0.0,0.0,0.0,313556000.0,128381000.0,185175000.0,6910422859.0,85041000.0,0.0,12540000.0,-154000.0,0.0,12341000.0,-5726000.0,0.0,78426000.0,0.0,56848000.0,56848000.0,56848000.0,0.0,0.0,0.275,76360000.0,85805000.0,20671000.0,0.0,6.23,53.445,70.724,135722000.0,0.0,40.313,9.474,9.474,106044000.0,,206509000.0,206509000.0,9500000.0,,,,,0.0,55439000.0,1.0,171420917.0,171420917.0,,1.205,651427000.0,16862000.0,33818000.0,21560000.0,3.8,341406000.0
38,KG,MRQ,2001-03-31,2001-03-31,2001-03-31,2019-05-24,0.0,1357440000.0,,399462000.0,957978000.0,,6.159,-6998000.0,169088000.0,169088000.0,37416000.0,44174000.0,3.057,0.305,97906000.0,1524000.0,96382000.0,97906000.0,0.0,0.0,0.0,0.0,0.0,73645000.0,73645000.0,0.406,73645000.0,73645000.0,70778000.0,0.19,0.19,0.19,1039830000.0,,1039830000.0,5341007992.0,25.0,21.227,88769000.0,0.526,1.0,143901000.0,0.794,780429000.0,2867000.0,375165000.0,,80590000.0,0.0,0.0,0.0,317610000.0,130664000.0,186946000.0,5159623992.0,92693000.0,0.0,5741000.0,-115000.0,0.0,5592000.0,-8666000.0,-5000000.0,95767000.0,0.0,44174000.0,44174000.0,44174000.0,0.0,0.0,0.244,70649000.0,73252000.0,14959000.0,0.0,4.962,52.177,69.46,132395000.0,0.0,30.563,7.743,7.743,116381000.0,,181317000.0,181317000.0,4015000.0,,,,,0.0,55259000.0,1.0,168821611.0,168821611.0,,1.074,577011000.0,26733000.0,26604000.0,42217000.0,3.418,268798000.0
39,KG,MRQ,2000-12-31,2000-12-31,2000-12-31,2019-05-24,0.0,1282395000.0,,317243000.0,965152000.0,,5.851,-12033000.0,76395000.0,76395000.0,37528000.0,49349000.0,3.019,0.298,97909000.0,1527000.0,96382000.0,97909000.0,0.0,41942000.0,0.0,0.0,0.0,83894000.0,125836000.0,0.715,125836000.0,83894000.0,80760000.0,0.23,0.22,0.23,987733000.0,,987733000.0,6725875302.0,38.0,30.606,76486000.0,0.453,1.0,138536000.0,0.787,790324000.0,3134000.0,408503000.0,,65089000.0,0.0,0.0,0.0,294662000.0,105082000.0,189580000.0,6544491302.0,68348000.0,0.0,124611000.0,-92542000.0,0.0,32069000.0,-52240000.0,-37278000.0,88519000.0,0.0,49349000.0,49349000.0,49349000.0,0.0,0.0,0.28,52048000.0,86488000.0,25010000.0,0.0,6.626,101.451,129.219,128521000.0,0.0,38.766,10.551,10.551,120702000.0,328785000.0,176064000.0,176064000.0,9091000.0,,,,,45295000.0,37708000.0,1.0,168821611.0,168821611.0,,1.043,492071000.0,26733000.0,31411000.0,16989000.0,2.915,212161000.0
40,KG,MRQ,2000-09-30,2000-09-30,2000-09-30,2019-05-24,0.0,1124748000.0,,193139000.0,931609000.0,,8.421,-4054000.0,8047000.0,8047000.0,65782000.0,-21071000.0,1.723,0.449,189431000.0,2891000.0,186540000.0,189431000.0,0.0,0.0,0.0,0.0,0.0,-4206000.0,-4206000.0,-0.025,-4206000.0,-4206000.0,-13890000.0,-0.1,-0.1,-0.1,775981000.0,,775981000.0,2526376534.0,17.0,13.732,19545000.0,0.212,1.0,99760000.0,0.603,799390000.0,9684000.0,394630000.0,,50521000.0,0.0,0.0,0.0,348767000.0,112112000.0,236655000.0,2310979534.0,-226205000.0,0.0,2583000.0,-101989000.0,0.0,-99406000.0,-150398000.0,53626000.0,23599000.0,0.0,-21071000.0,-21071000.0,-21071000.0,0.0,0.0,-0.127,97442000.0,2318000.0,32786000.0,0.0,2.978,56.636,313.477,117021000.0,0.0,25.078,3.886,3.886,102990000.0,,165542000.0,165542000.0,6019000.0,,,,,0.0,31159000.0,1.0,92150970.0,92150970.0,,1.796,325358000.0,16709000.0,7181000.0,16545000.0,3.531,81027000.0
41,KG,MRQ,2000-06-30,2000-06-30,2000-06-30,2019-05-24,0.0,902219000.0,,246167000.0,656052000.0,,7.983,-3912000.0,73554000.0,73554000.0,37586000.0,26435000.0,2.588,0.893,288951000.0,1411000.0,287540000.0,288951000.0,0.0,0.0,0.0,0.0,0.0,56341000.0,56341000.0,0.393,56341000.0,56341000.0,46217000.0,0.12,0.12,0.12,476607000.0,,476607000.0,2447774225.0,11.0,9.69,31275000.0,0.524,1.0,105856000.0,0.738,545939000.0,10124000.0,476553000.0,,60101000.0,0.0,0.0,0.0,425612000.0,95124000.0,330488000.0,1964606225.0,65619000.0,0.0,255485000.0,-201872000.0,0.0,52303000.0,-21871000.0,-14095000.0,35187000.0,0.0,26435000.0,26435000.0,26435000.0,0.0,0.0,0.184,47825000.0,58031000.0,36564000.0,0.0,4.122,21.166,86.596,98794000.0,0.0,32.906,3.4,3.4,89535000.0,,143442000.0,143442000.0,6016000.0,,,,,0.0,30803000.0,1.0,59702988.0,59702988.0,,2.403,356280000.0,14522000.0,19782000.0,13744000.0,5.968,151043000.0
42,KG,MRQ,2000-03-31,2000-03-31,2000-03-31,2019-05-24,0.0,805658000.0,,135892000.0,669766000.0,,3.778,-5150000.0,7491000.0,7491000.0,30375000.0,9796000.0,1.373,2.84,490659000.0,11870000.0,478789000.0,490659000.0,0.0,0.0,0.0,0.0,0.0,41786000.0,41786000.0,0.309,41786000.0,41786000.0,27754000.0,0.06,0.06,0.06,209829000.0,,209829000.0,1428564093.0,7.0,6.209,28918000.0,0.521,1.0,104820000.0,0.775,552248000.0,14032000.0,637599000.0,,49734000.0,0.0,0.0,0.0,595829000.0,98979000.0,496850000.0,874859093.0,36910000.0,0.0,5089000.0,-71630000.0,0.0,-67850000.0,70692000.0,75567000.0,34068000.0,0.0,9796000.0,9796000.0,9796000.0,0.0,0.0,0.072,66929000.0,37891000.0,26525000.0,0.0,4.169,10.995,37.5,97782000.0,0.0,15.75,1.685,1.685,59415000.0,,135195000.0,135195000.0,3665000.0,,,,,0.0,33198000.0,1.0,55546468.0,55546468.0,,2.434,253410000.0,14522000.0,17958000.0,19924000.0,4.562,36913000.0
43,KG,MRQ,1999-12-31,1999-12-31,1999-12-31,2019-05-24,-94000.0,1181806000.0,,377933000.0,803873000.0,,10.263,-6076000.0,131723000.0,131723000.0,51345000.0,25644000.0,3.31,1.387,563696000.0,14502000.0,549194000.0,563696000.0,0.0,33864000.0,0.0,0.0,0.0,56199000.0,90063000.0,0.598,90063000.0,56199000.0,41426000.0,0.0,0.18,0.0,495012000.0,,495012000.0,1940269220.0,9.0,7.751,57317000.0,1.188,1.0,99193000.0,0.659,621356000.0,14773000.0,878257000.0,,44997000.0,113812000.0,80229000.0,33583000.0,686794000.0,114166000.0,572628000.0,1352069220.0,-45159000.0,91650000.0,8030000.0,-38100000.0,2957000.0,-30726000.0,-77826000.0,-63167000.0,63393000.0,0.0,25644000.0,25644000.0,25644000.0,0.0,0.0,0.17,43115000.0,56078000.0,28942000.0,,2.731,13.529,58.399,122268000.0,0.0,28.031,2.638,2.638,91821000.0,266895000.0,150538000.0,150538000.0,10084000.0,,,,,3107000.0,32109000.0,1.0,48234233.0,48234233.0,,3.121,560450000.0,18198000.0,15782000.0,26998000.0,11.619,263767000.0
44,KG,MRQ,1999-09-30,1999-09-30,1999-09-30,2019-05-24,0.0,809196000.0,,137044000.0,672152000.0,,4.129,-3498000.0,10917000.0,10917000.0,42581000.0,30944000.0,1.778,5.104,599117000.0,11682000.0,587435000.0,599117000.0,0.0,0.0,0.0,0.0,0.0,64427000.0,64427000.0,0.433,64427000.0,64427000.0,49891000.0,0.2,0.2,0.2,132565000.0,,132565000.0,895024360.0,4.0,3.85,66931000.0,2.085,1.0,106076000.0,0.714,557002000.0,14536000.0,763322000.0,,42474000.0,0.0,0.0,0.0,676631000.0,77072000.0,599559000.0,374574360.0,46249000.0,-91650000.0,809000.0,74082000.0,-2957000.0,72101000.0,-96281000.0,-1153000.0,70429000.0,0.0,30944000.0,30944000.0,30944000.0,0.0,0.0,0.208,44262000.0,61814000.0,21905000.0,0.0,2.826,3.267,17.949,94968000.0,0.0,11.667,0.777,0.777,75582000.0,66422000.0,148657000.0,148657000.0,3013000.0,,,,,0.0,29859000.0,1.0,32106282.0,32106282.0,,4.63,252194000.0,5717000.0,18947000.0,11685000.0,7.855,59972000.0
45,KG,MRQ,1999-06-30,1999-06-30,1999-06-30,2019-05-24,0.0,695213000.0,,108992000.0,586221000.0,,3.655,-1823000.0,4454000.0,4454000.0,24712000.0,13183000.0,2.133,4.924,524904000.0,10402000.0,514502000.0,524904000.0,0.0,0.0,0.0,0.0,0.0,33801000.0,33801000.0,0.398,33801000.0,33801000.0,20458000.0,0.16,0.16,0.16,117353000.0,,117353000.0,799287698.0,5.0,4.357,6113000.0,0.19,1.0,60227000.0,0.709,470704000.0,13343000.0,693851000.0,,39298000.0,0.0,0.0,0.0,577860000.0,51108000.0,526752000.0,276906698.0,-2394000.0,0.0,-211000.0,-296000.0,0.0,-507000.0,-9823000.0,-8000000.0,7936000.0,0.0,13183000.0,13183000.0,13183000.0,0.0,0.0,0.155,27243000.0,32984000.0,9139000.0,0.0,2.36,3.043,14.375,94591000.0,0.0,8.625,0.725,0.725,55419000.0,51343000.0,84939000.0,84939000.0,4312000.0,,,,,0.0,16402000.0,1.0,32105050.0,32105050.0,,2.646,224509000.0,5717000.0,7275000.0,8142000.0,6.993,57884000.0
46,KG,MRQ,1999-03-31,1999-03-31,1999-03-31,2019-05-24,0.0,682082000.0,,90565000.0,591517000.0,,3.346,-1822000.0,2484000.0,2484000.0,17139000.0,8803000.0,1.944,5.349,524865000.0,9124000.0,515741000.0,524865000.0,0.0,0.0,0.0,0.0,0.0,27139000.0,27139000.0,0.402,27139000.0,27139000.0,14420000.0,0.16,0.16,0.16,107433000.0,,107433000.0,817870395.0,5.0,4.972,4726000.0,0.147,1.0,50430000.0,0.746,475650000.0,12719000.0,682220000.0,,36553000.0,0.0,0.0,0.0,574649000.0,46593000.0,528056000.0,296969395.0,4381000.0,0.0,-2884000.0,-2461000.0,0.0,-5345000.0,3178000.0,5000000.0,6548000.0,0.0,8803000.0,8803000.0,8803000.0,0.0,0.0,0.13,23269000.0,27161000.0,12526000.0,0.0,2.764,3.526,13.806,94313000.0,0.0,9.25,0.881,0.881,42667000.0,41453000.0,67569000.0,67569000.0,2907000.0,,,,,0.0,13920000.0,1.0,32104730.0,32104730.0,,2.105,206432000.0,5717000.0,5617000.0,10776000.0,6.43,43972000.0
47,KG,MRQ,1998-12-31,1998-12-31,1998-12-31,2019-05-24,0.0,668171000.0,,75610000.0,592561000.0,,3.16,-6012000.0,1159000.0,1159000.0,51000000.0,61714000.0,1.698,5.587,519000000.0,10250000.0,508750000.0,519000000.0,0.0,15566000.0,0.0,0.0,0.0,91545000.0,107111000.0,0.591,107111000.0,91545000.0,87408000.0,0.13,0.11,0.13,101436000.0,,101436000.0,430766834.0,3.0,2.934,37399000.0,1.165,1.0,130091000.0,0.718,480583000.0,4137000.0,660906000.0,,26556000.0,0.0,0.0,0.0,566735000.0,44523000.0,522212000.0,282254834.0,73055000.0,111559000.0,-2125000.0,283506000.0,0.0,278074000.0,-248430000.0,-8371000.0,43411000.0,0.0,61714000.0,61714000.0,61714000.0,-18768000.0,0.0,0.341,64831000.0,65260000.0,12594000.0,0.0,2.783,3.551,16.588,93981000.0,0.0,8.792,0.959,0.959,39070000.0,35460000.0,181091000.0,181091000.0,10866000.0,,,,,353000.0,34405000.0,1.0,32104730.0,32104730.0,,5.641,187588000.0,6675000.0,25694000.0,11250000.0,5.843,31087000.0
48,KG,MRQ,1998-09-30,1998-09-30,1998-09-30,2019-05-24,0.0,290683000.0,,72764000.0,217919000.0,,3.062,-2251000.0,2988000.0,2988000.0,20521000.0,7310000.0,1.569,1.957,151500000.0,8243000.0,143257000.0,151500000.0,0.0,0.0,0.0,0.0,0.0,15389000.0,15389000.0,0.32,15389000.0,15389000.0,11810000.0,0.15,0.15,0.15,98299000.0,,98299000.0,292335893.0,7.0,6.315,-3251000.0,-0.101,1.0,27568000.0,0.573,119334000.0,3579000.0,273497000.0,,28253000.0,0.0,0.0,0.0,192384000.0,46364000.0,146020000.0,147146893.0,-42505000.0,-56559000.0,-93000.0,-39182000.0,0.0,-39276000.0,-2229000.0,0.0,-1000000.0,0.0,7310000.0,7310000.0,7310000.0,0.0,0.0,0.152,12219000.0,15349000.0,17791000.0,0.0,1.497,7.421,8.814,91702000.0,0.0,4.583,1.155,1.155,37273000.0,32323000.0,48089000.0,48089000.0,0.0,,,,,0.0,9627000.0,1.0,32104730.0,32104730.0,,1.498,171349000.0,2013000.0,4500000.0,9519000.0,5.337,26400000.0
49,KG,MRQ,1998-06-30,1998-06-30,1998-06-30,2019-05-24,0.0,325651000.0,,107138000.0,218513000.0,,2.801,-1860000.0,45493000.0,45493000.0,14048000.0,6388000.0,1.929,2.633,190682000.0,12958000.0,177724000.0,190682000.0,0.0,0.0,0.0,0.0,0.0,14868000.0,14868000.0,0.369,14868000.0,14868000.0,10421000.0,0.23,0.23,0.23,89625000.0,,89625000.0,345391760.0,11.0,10.088,3123000.0,0.098,1.0,26216000.0,0.651,120596000.0,4447000.0,294704000.0,,32904000.0,0.0,0.0,0.0,236026000.0,55540000.0,180486000.0,149333760.0,45489000.0,0.0,51661000.0,-5381000.0,0.0,47353000.0,-6847000.0,0.0,4983000.0,0.0,6388000.0,6388000.0,6388000.0,0.0,0.0,0.159,11404000.0,14812000.0,23105000.0,0.0,1.666,10.539,10.853,90803000.0,0.0,4.667,1.622,1.622,24812000.0,25013000.0,40264000.0,40264000.0,0.0,,,,,0.0,8581000.0,1.0,32000000.0,32000000.0,,1.258,205055000.0,2013000.0,4033000.0,8757000.0,6.408,51598000.0
50,KG,MRQ,1998-03-31,1998-03-31,1998-03-31,2019-05-24,0.0,267760000.0,,51244000.0,216516000.0,,,-73642000.0,4000.0,4000.0,7364000.0,4075000.0,1.155,7.014,196062000.0,8856000.0,187206000.0,196062000.0,0.0,0.0,0.0,,0.0,9428000.0,9428000.0,0.377,9428000.0,9428000.0,6725000.0,0.15,0.15,0.15,33412000.0,,33412000.0,,,,-79006000.0,,1.0,17613000.0,0.705,116819000.0,2703000.0,302620000.0,,26040.0,0.0,0.0,0.0,234348000.0,44379000.0,189969000.0,,-65000.0,0.0,-602000.0,131099000.0,0.0,130500000.0,-125201000.0,0.0,-5364000.0,0.0,4075000.0,4075000.0,4075000.0,0.0,0.0,0.163,7923000.0,9690000.0,20735000.0,0.0,,,,90157000.0,0.0,,,,19901000.0,18625000.0,24977000.0,24977000.0,0.0,,,,,0.0,6832000.0,1.0,,,,,150941000.0,2013000.0,2650000.0,7100000.0,,6865000.0
51,KG,MRQ,1997-12-31,1997-12-31,1997-12-31,2019-05-24,0.0,104863000.0,,22812000.0,82051000.0,,,903000.0,69000.0,69000.0,3489000.0,2056000.0,0.982,2.575,55152000.0,9000000.0,46152000.0,55152000.0,0.0,2395000.0,0.0,,0.0,4210000.0,6605000.0,0.469,6605000.0,4210000.0,3185000.0,-0.01,-0.01,-0.01,29334000.0,,29334000.0,,,,618000.0,,1.0,10603000.0,0.752,62783000.0,1025000.0,73927000.0,,10850000.0,0.0,0.0,0.0,75529000.0,23236000.0,52293000.0,,34000.0,0.0,-710000.0,23053000.0,0.0,21811000.0,-21492000.0,203000.0,-285000.0,0.0,2056000.0,2056000.0,2056000.0,0.0,0.0,0.146,6360000.0,4243000.0,5871000.0,0.0,,,,17170000.0,0.0,,,,6890000.0,14550000.0,14092000.0,14092000.0,0.0,,,,,0.0,5597000.0,1.0,,,,,42080000.0,2013000.0,1129000.0,5866000.0,,-424000.0
52,KG,MRQ,1997-09-30,1997-09-30,1997-09-30,2019-05-24,,,,,,,,-1786000.0,,,3757000.0,1650000.0,,,,,,,,0.0,,,0.0,3336000.0,3336000.0,0.262,3336000.0,3336000.0,2740000.0,0.06,0.06,0.06,,,,,,,-714000.0,,1.0,8978000.0,0.705,,596000.0,,,,,,,,,,,35000.0,0.0,761000.0,-506000.0,0.0,794000.0,-1831000.0,0.0,1072000.0,0.0,1650000.0,1650000.0,1650000.0,0.0,0.0,0.13,5681000.0,3297000.0,,0.0,,,,,0.0,,,,,,12735000.0,12735000.0,0.0,,,,,0.0,5121000.0,1.0,,,,,,,1090000.0,,,
53,KG,MRQ,1997-06-30,1997-06-30,1997-06-30,2019-05-24,,,,,,,,-276000.0,,,3153000.0,1984000.0,,,,,,,,-423000.0,,,0.0,3885000.0,3462000.0,0.287,3462000.0,3885000.0,3163000.0,0.07,0.07,0.07,,,,,,,3138000.0,,1.0,8913000.0,0.739,,722000.0,,,,,,,,,,,-4082000.0,0.0,-761000.0,-1833000.0,0.0,-2102000.0,-5394000.0,-203000.0,3414000.0,0.0,1984000.0,1984000.0,1984000.0,0.0,0.0,0.164,5002000.0,3911000.0,,0.0,,,,,0.0,,,,,,12066000.0,12066000.0,0.0,,,,,0.0,4352000.0,1.0,,,,,,,1179000.0,,,
54,KG,MRQ,1997-03-31,1997-03-31,1997-03-31,2019-05-24,0.0,104863000.0,,22812000.0,82051000.0,,,-220000.0,69000.0,69000.0,2063000.0,921000.0,0.982,2.575,57289000.0,9000000.0,48289000.0,57289000.0,0.0,423000.0,0.0,,0.0,1941000.0,2364000.0,0.269,2364000.0,1941000.0,1491000.0,0.04,0.04,0.04,29334000.0,,29334000.0,,,,595000.0,,1.0,6723000.0,0.765,62783000.0,450000.0,76064000.0,,10850000.0,0.0,0.0,0.0,75529000.0,23236000.0,52293000.0,,2690000.0,0.0,8007000.0,18528000.0,0.0,27135000.0,-25260000.0,203000.0,815000.0,0.0,921000.0,921000.0,921000.0,0.0,0.0,0.105,4750000.0,1973000.0,5871000.0,0.0,,,,17170000.0,0.0,,,,6890000.0,14550000.0,8786000.0,8786000.0,0.0,,,,,0.0,4394000.0,1.0,,,,,42080000.0,2013000.0,570000.0,5866000.0,,-424000.0
55,KG,MRQ,1996-12-31,1996-12-31,1996-12-31,2019-05-24,-16000.0,39279000.0,,13885000.0,25394000.0,,,,1392000.0,1392000.0,,,2.263,1.503,18011000.0,4031000.0,13980000.0,18011000.0,0.0,,0.0,,0.0,,,,,,,,,,15693000.0,,15693000.0,,,,,,1.0,,,8703000.0,,41059000.0,,6097000.0,209000.0,209000.0,0.0,23586000.0,6136000.0,17450000.0,,,,,,,,,,,,,,,,,,,,844000.0,,,,,16691000.0,,,,,1628000.0,7938000.0,,,,,,,,,,1.0,,,,,30576000.0,1151000.0,,3470000.0,,7749000.0
0,KG,MRT,2010-09-30,2010-09-30,2010-09-30,2019-05-24,0.0,3217580000.0,3222288500.0,1228280000.0,1989300000.0,0.486,9.799,-32090000.0,697520000.0,697520000.0,531667000.0,83929000.0,4.08,0.315,350223000.0,3647000.0,346576000.0,350223000.0,0.0,214493000.0,0.0,0.0,0.0,180404000.0,394897000.0,0.252,394897000.0,180404000.0,141586000.0,0.34,0.34,0.34,2446528000.0,2395204750.0,2446528000.0,2258818426.0,13.0,5.72,276099000.0,1.106,1.0,1033743000.0,0.66,1169493000.0,38818000.0,1399720000.0,1445715250.0,198382000.0,156256000.0,919000.0,155337000.0,771052000.0,301070000.0,469982000.0,2486639426.0,217552000.0,72508000.0,-1724000.0,-306002000.0,0.0,-309175000.0,223669000.0,186486000.0,308189000.0,-5131000.0,83929000.0,83929000.0,83929000.0,0.0,0.0,0.054,857171000.0,176572000.0,92085000.0,0.0,1.016,29.628,29.294,368173000.0,0.0,9.96,1.588,1.588,215876000.0,,1565410000.0,1565410000.0,114718000.0,0.026,0.035,0.125,0.115,35923000.0,534712000.0,1.0,249662593.0,249662593.0,,6.27,2048087000.0,325912000.0,57657000.0,0.0,8.203,927210000.0
1,KG,MRT,2010-06-30,2010-06-30,2010-06-30,2019-05-24,0.0,3168224000.0,3285466750.0,1110787000.0,2057437000.0,0.503,9.588,-37010000.0,573062000.0,573062000.0,561813000.0,87197000.0,3.625,0.324,345241000.0,3506000.0,341735000.0,345241000.0,0.0,214493000.0,0.0,0.0,0.0,201759000.0,416252000.0,0.252,416252000.0,201759000.0,148016000.0,0.35,0.35,0.35,2393456000.0,2367424750.0,2393456000.0,1763253810.0,9.0,4.236,325028000.0,1.302,1.0,1092400000.0,0.66,1186145000.0,53743000.0,1447829000.0,1551675000.0,195614000.0,187145000.0,17368000.0,169777000.0,774768000.0,306429000.0,468339000.0,1894669810.0,130870000.0,90152000.0,-2028000.0,-431039000.0,0.0,-434923000.0,210292000.0,164701000.0,362038000.0,-6537000.0,87197000.0,87197000.0,87197000.0,0.0,0.0,0.053,897384000.0,195016000.0,74176000.0,0.0,0.792,21.729,21.686,377298000.0,0.0,7.59,1.145,1.145,209585000.0,,1654213000.0,1654213000.0,111692000.0,0.027,0.037,0.13,0.122,35923000.0,554966000.0,1.0,249627116.0,249627116.0,,6.627,1982079000.0,345414000.0,60819000.0,0.0,7.94,804358000.0
2,KG,MRT,2010-03-31,2010-03-31,2010-03-31,2019-05-24,0.0,3174760000.0,3368043250.0,1043429000.0,2131331000.0,0.513,9.544,-39606000.0,471763000.0,471763000.0,598879000.0,107144000.0,3.087,0.339,340347000.0,3369000.0,336978000.0,340347000.0,0.0,214493000.0,0.0,0.0,0.0,259285000.0,473778000.0,0.274,473778000.0,259285000.0,185429000.0,0.44,0.43,0.44,2371528000.0,2338676500.0,2371528000.0,2804952565.0,11.0,5.92,377988000.0,1.521,1.0,1129419000.0,0.653,1222874000.0,73856000.0,1482454000.0,1692246000.0,188644000.0,233388000.0,28603000.0,204785000.0,803232000.0,338016000.0,465216000.0,2922036565.0,34970000.0,104285000.0,-999000.0,-578932000.0,0.0,-581836000.0,186608000.0,137874000.0,417594000.0,12604000.0,107144000.0,107144000.0,107144000.0,0.0,0.0,0.062,872740000.0,256679000.0,89794000.0,0.0,1.232,27.272,26.727,381370000.0,0.0,11.76,1.691,1.691,207062000.0,,1728298000.0,1728298000.0,99720000.0,0.032,0.046,0.153,0.15,35923000.0,546712000.0,1.0,248472497.0,248472497.0,,6.956,1951886000.0,354282000.0,78285000.0,0.0,7.856,705413000.0
3,KG,MRT,2009-12-31,2009-12-31,2009-12-31,2019-05-24,0.0,3328590000.0,3485649750.0,1129843000.0,2198747000.0,0.51,9.544,-38778000.0,545312000.0,545312000.0,622764000.0,91953000.0,2.274,0.405,428228000.0,89212000.0,339016000.0,428228000.0,0.0,214493000.0,0.0,0.0,0.0,238812000.0,453305000.0,0.255,453305000.0,238812000.0,150589000.0,0.38,0.37,0.38,2369307000.0,2300587500.0,2369307000.0,3198420088.0,13.0,7.056,391951000.0,1.579,1.0,1153736000.0,0.649,1261752000.0,88223000.0,1452858000.0,1901807250.0,182291000.0,249966000.0,31358000.0,218608000.0,959283000.0,496896000.0,462387000.0,3045934088.0,-394900000.0,14570000.0,-1705000.0,-920847000.0,0.0,-922552000.0,94219000.0,129064000.0,430729000.0,2704000.0,91953000.0,91953000.0,91953000.0,0.0,0.0,0.052,917382000.0,236354000.0,86692000.0,0.0,1.286,33.125,32.289,391839000.0,0.0,12.27,1.715,1.715,210256000.0,963620000.0,1776500000.0,1776500000.0,98652000.0,0.026,0.04,0.126,0.134,35923000.0,548560000.0,1.0,248242387.0,248242387.0,,7.156,2066838000.0,363928000.0,58636000.0,0.0,8.326,632947000.0
4,KG,MRT,2009-09-30,2009-09-30,2009-09-30,2019-05-24,0.0,3470293000.0,3710647250.0,1168204000.0,2302089000.0,0.454,9.412,-51593000.0,479968000.0,479968000.0,569543000.0,-481124000.0,2.231,0.486,632454000.0,126550000.0,505904000.0,632454000.0,0.0,151477000.0,0.0,0.0,0.0,-333967000.0,-182490000.0,-0.108,-182490000.0,-333967000.0,-412940000.0,-1.97,-1.97,-1.97,2335408000.0,2266710500.0,2335408000.0,2980012591.0,-9.0,-16.33,352078000.0,1.419,1.0,1115583000.0,0.662,1275597000.0,78973000.0,1823559000.0,2093191500.0,207650000.0,333588000.0,41554000.0,292034000.0,1134885000.0,523623000.0,611262000.0,2672431591.0,-751483000.0,-1035148000.0,-607000.0,-124818000.0,0.0,-126607000.0,-1032082000.0,59723000.0,403671000.0,3535000.0,-481124000.0,-481124000.0,-481124000.0,0.0,0.0,-0.286,1453639000.0,-338056000.0,87111000.0,0.0,1.144,-5.555,-5.467,401162000.0,0.0,10.77,1.586,1.586,227030000.0,,1685126000.0,1685126000.0,698246000.0,-0.13,-0.212,-0.16,-0.198,34514000.0,507933000.0,1.0,248136638.0,248136638.0,,6.791,2194696000.0,362645000.0,68184000.0,0.0,8.845,644581000.0
5,KG,MRT,2009-06-30,2009-06-30,2009-06-30,2019-05-24,0.0,3498530000.0,3721012750.0,1175696000.0,2322834000.0,0.433,9.189,-43414000.0,442192000.0,442192000.0,508211000.0,-441140000.0,2.261,0.535,749773000.0,164708000.0,585065000.0,749773000.0,0.0,151477000.0,0.0,0.0,0.0,-294323000.0,-142846000.0,-0.089,-142846000.0,-294323000.0,-356378000.0,-1.8,-1.8,-1.8,2278463000.0,2366074250.0,2278463000.0,2845602198.0,-10.0,-19.921,327316000.0,1.32,1.0,1102011000.0,0.684,1276015000.0,62055000.0,2010113000.0,2031701750.0,224077000.0,336649000.0,42483000.0,294166000.0,1220067000.0,519983000.0,700084000.0,2387908198.0,-653357000.0,-1060293000.0,-977000.0,384000.0,0.0,-1606000.0,-1021834000.0,81248000.0,370730000.0,-647000.0,-441140000.0,-441140000.0,-441140000.0,0.0,0.0,-0.274,1404435000.0,-302424000.0,61325000.0,0.0,1.048,-5.413,-5.35,405778000.0,0.0,9.63,1.483,1.483,209266000.0,,1610222000.0,1610222000.0,709461000.0,-0.119,-0.186,-0.145,-0.183,34514000.0,471469000.0,1.0,247965545.0,247965545.0,,6.494,2222515000.0,386386000.0,84762000.0,0.0,8.963,655713000.0
6,KG,MRT,2009-03-31,2009-03-31,2009-03-31,2019-05-24,0.0,3645186000.0,3710743750.0,1211923000.0,2433263000.0,0.421,9.003,-44446000.0,436793000.0,436793000.0,454303000.0,-438314000.0,2.576,0.643,894487000.0,56498000.0,837989000.0,894487000.0,0.0,151477000.0,0.0,0.0,0.0,-322405000.0,-170928000.0,-0.109,-170928000.0,-322405000.0,-362159000.0,-1.79,-1.78,-1.79,2219172000.0,2455107750.0,2219172000.0,2209976115.0,-7.0,-12.929,358047000.0,1.453,1.0,1107782000.0,0.709,1311794000.0,39754000.0,2320699000.0,1928504500.0,256106000.0,348355000.0,14306000.0,334049000.0,1426014000.0,470387000.0,955627000.0,1742689115.0,-389789000.0,-1094434000.0,-2020000.0,152455000.0,0.0,149097000.0,-926865000.0,208450000.0,402493000.0,-14514000.0,-438314000.0,-438314000.0,-438314000.0,0.0,0.0,-0.281,1442332000.0,-334550000.0,97286000.0,0.0,0.785,-3.976,-3.95,410489000.0,0.0,7.07,1.116,1.116,227710000.0,,1562085000.0,1562085000.0,742421000.0,-0.118,-0.179,-0.167,-0.206,34514000.0,459867000.0,1.0,246490681.0,246490681.0,,6.337,2333392000.0,401264000.0,76155000.0,0.0,9.466,741536000.0
7,KG,MRT,2008-12-31,2008-12-31,2008-12-31,2019-05-24,-28287000.0,4228580000.0,3654289500.0,1669264000.0,2559316000.0,0.428,9.063,-57455000.0,940212000.0,940212000.0,394825000.0,-342036000.0,1.657,0.893,1321915000.0,444277000.0,877638000.0,1321915000.0,0.0,151477000.0,0.0,0.0,0.0,-194525000.0,-43048000.0,-0.028,-43048000.0,-194525000.0,-216156000.0,-1.4,-1.4,-1.4,2233799000.0,2547117750.0,2233799000.0,1786117291.0,-9.0,-41.491,433936000.0,1.761,1.0,1170236000.0,0.748,1384767000.0,21631000.0,2218395000.0,1788320750.0,258303000.0,360800000.0,6952000.0,353848000.0,1994781000.0,1007121000.0,987660000.0,2617568291.0,920203000.0,-1024761000.0,-2002000.0,586924000.0,0.0,584922000.0,-156110000.0,927905000.0,491391000.0,0.0,-342036000.0,-342036000.0,-342036000.0,0.0,0.0,-0.219,1390645000.0,-220409000.0,140908000.0,0.0,1.172,-7.653,-7.586,417259000.0,0.0,10.62,1.673,1.673,245070000.0,871021000.0,1565061000.0,1565061000.0,743673000.0,-0.094,-0.134,-0.109,-0.124,34514000.0,447402000.0,1.0,246475357.0,246475357.0,,6.35,2843813000.0,358629000.0,125880000.0,10448000.0,11.538,662143000.0
8,KG,MRT,2008-09-30,2008-09-30,2008-09-30,2019-05-24,0.0,3511755000.0,3453850000.0,1700104000.0,1811651000.0,0.507,11.087,-48066000.0,1231451000.0,1231451000.0,426900000.0,243861000.0,5.345,0.285,400000000.0,0.0,400000000.0,400000000.0,0.0,174348000.0,0.0,0.0,0.0,393659000.0,568007000.0,0.324,568007000.0,393659000.0,363964000.0,1.0,1.01,1.0,2732863000.0,2616357250.0,2732863000.0,1665823849.0,4.0,2.933,547472000.0,2.221,1.0,1323701000.0,0.756,784622000.0,29695000.0,1577600000.0,1844623000.0,92391000.0,416530000.0,72618000.0,343912000.0,778892000.0,318082000.0,460810000.0,2361372849.0,1206508000.0,296621000.0,412000.0,0.0,0.0,-1960000.0,612930000.0,613551000.0,595538000.0,0.0,243861000.0,243861000.0,243861000.0,11000.0,0.0,0.139,972976000.0,350725000.0,68900000.0,0.0,0.864,9.683,9.58,257166000.0,0.0,9.58,1.349,1.349,168597000.0,,1750601000.0,1750601000.0,193445000.0,0.071,0.093,0.213,0.225,27652000.0,505366000.0,1.0,246489859.0,246489859.0,,7.102,2727133000.0,437069000.0,120103000.0,22674000.0,11.064,1382022000.0
9,KG,MRT,2008-06-30,2008-06-30,2008-06-30,2019-05-24,0.0,3457454000.0,3420479500.0,1601905000.0,1855549000.0,0.558,10.683,-64384000.0,1095549000.0,1095549000.0,523196000.0,120851000.0,4.439,0.312,400000000.0,0.0,400000000.0,400000000.0,0.0,174348000.0,0.0,0.0,0.0,185444000.0,359792000.0,0.189,359792000.0,185444000.0,159257000.0,0.49,0.5,0.49,2634597000.0,2547778500.0,2634597000.0,2155521254.0,12.0,5.991,593770000.0,2.408,1.0,1383814000.0,0.726,803671000.0,26187000.0,1597324000.0,2034915250.0,104899000.0,433112000.0,99030000.0,334082000.0,822857000.0,360910000.0,461947000.0,2582103254.0,1040844000.0,296450000.0,1858000.0,96000.0,0.0,-156000.0,382846000.0,401898000.0,658154000.0,0.0,120851000.0,120851000.0,120851000.0,22000.0,0.0,0.063,1234016000.0,149798000.0,65197000.0,0.0,0.98,21.366,21.367,264439000.0,0.0,10.47,1.354,1.354,169040000.0,,1907010000.0,1907010000.0,194679000.0,0.035,0.047,0.091,0.097,27652000.0,591345000.0,1.0,246619222.0,246619222.0,,7.733,2653783000.0,458871000.0,38406000.0,17149000.0,10.761,1240995000.0
10,KG,MRT,2008-03-31,2008-03-31,2008-03-31,2019-05-24,0.0,3419369000.0,3400702250.0,1850773000.0,1568596000.0,0.604,10.515,-57721000.0,826582000.0,826582000.0,546541000.0,144875000.0,5.004,0.322,400000000.0,0.0,400000000.0,400000000.0,0.0,174348000.0,0.0,0.0,0.0,215683000.0,390031000.0,0.19,390031000.0,215683000.0,192934000.0,0.59,0.59,0.59,2587212000.0,2511382000.0,2587212000.0,2520630994.0,12.0,6.463,607076000.0,2.467,1.0,1506344000.0,0.734,862997000.0,22749000.0,1759964000.0,2178278750.0,110561000.0,590696000.0,590696000.0,0.0,832157000.0,369826000.0,462331000.0,2140639994.0,766371000.0,290517000.0,8804000.0,-1527000.0,0.0,6673000.0,94901000.0,140680000.0,664797000.0,0.0,144875000.0,144875000.0,144875000.0,96000.0,0.0,0.071,1325890000.0,180454000.0,59342000.0,0.0,0.827,14.776,14.746,264789000.0,0.0,8.7,1.043,1.043,186787000.0,,2052885000.0,2052885000.0,180972000.0,0.043,0.058,0.099,0.105,27652000.0,652580000.0,1.0,246050574.0,246050574.0,,8.343,2556372000.0,447819000.0,48059000.0,17180000.0,10.39,1480947000.0
11,KG,MRT,2007-12-31,2007-12-31,2007-12-31,2019-05-24,1957000.0,3426822000.0,3379227500.0,1819654000.0,1607168000.0,0.632,10.272,-49602000.0,20009000.0,20009000.0,566534000.0,175232000.0,4.016,0.365,400000000.0,0.0,400000000.0,400000000.0,0.0,174348000.0,0.0,0.0,0.0,257914000.0,432262000.0,0.202,432262000.0,257914000.0,238120000.0,0.72,0.72,0.72,2510757000.0,2467005750.0,2510757000.0,2878070878.0,11.0,6.658,623047000.0,2.549,1.0,1570348000.0,0.735,910124000.0,19794000.0,2443604000.0,2231140750.0,110308000.0,1346115000.0,1346115000.0,0.0,916065000.0,453085000.0,462980000.0,2503013878.0,-93768000.0,37750000.0,11361000.0,-1527000.0,0.0,9834000.0,-776251000.0,-454795000.0,672649000.0,0.0,175232000.0,175232000.0,175232000.0,237000.0,0.0,0.082,1343320000.0,227028000.0,76481000.0,0.0,0.997,14.284,14.222,257093000.0,0.0,10.24,1.171,1.171,183664000.0,1225360000.0,2136882000.0,2136882000.0,184735000.0,0.052,0.071,0.116,0.121,27652000.0,691034000.0,1.0,244434949.0,244434949.0,,8.742,2516698000.0,464013000.0,62888000.0,0.0,10.296,1366569000.0
12,KG,MRT,2007-09-30,2007-09-30,2007-09-30,2019-05-24,0.0,3378273000.0,3354904750.0,1655284000.0,1722989000.0,0.631,10.065,-51265000.0,24943000.0,24943000.0,548628000.0,177124000.0,3.653,0.374,400000000.0,0.0,400000000.0,400000000.0,0.0,147549000.0,0.0,0.0,0.0,245835000.0,393384000.0,0.186,393384000.0,245835000.0,238233000.0,0.73,0.72,0.73,2458548000.0,2411468000.0,2458548000.0,3208145201.0,13.0,8.155,544100000.0,2.227,1.0,1567896000.0,0.741,961471000.0,7602000.0,2338769000.0,2126593500.0,148763000.0,1054149000.0,1054149000.0,0.0,919725000.0,453090000.0,466635000.0,2862850201.0,-113111000.0,-296664000.0,12274000.0,-5678000.0,0.0,6171000.0,-714647000.0,-272331000.0,595365000.0,0.0,177124000.0,177124000.0,177124000.0,356000.0,0.0,0.084,1347728000.0,220168000.0,59033000.0,0.0,1.164,16.163,16.055,250203000.0,0.0,11.72,1.353,1.353,264805000.0,,2116524000.0,2116524000.0,148480000.0,0.053,0.073,0.116,0.116,24718000.0,758647000.0,1.0,244270495.0,244270495.0,,8.665,2416802000.0,456326000.0,61109000.0,0.0,9.894,1202194000.0
13,KG,MRT,2007-06-30,2007-06-30,2007-06-30,2019-05-24,0.0,3378345000.0,3322222500.0,1512422000.0,1865923000.0,0.621,10.215,-43504000.0,54705000.0,54705000.0,457340000.0,308067000.0,3.591,0.357,400000000.0,0.0,400000000.0,400000000.0,0.0,147549000.0,0.0,0.0,0.0,456483000.0,604032000.0,0.293,604032000.0,456483000.0,448779000.0,1.27,1.26,1.27,2489011000.0,2358398750.0,2489011000.0,5325142860.0,12.0,8.816,504401000.0,2.07,1.0,1606036000.0,0.778,1131749000.0,7704000.0,2170778000.0,2014498250.0,185382000.0,879235000.0,867998000.0,11237000.0,889334000.0,421113000.0,468221000.0,4985353860.0,30824000.0,-296492000.0,10888000.0,-5901000.0,0.0,4590000.0,-521671000.0,-89370000.0,547905000.0,0.0,308067000.0,308067000.0,308067000.0,-210000.0,0.0,0.149,1184556000.0,421480000.0,70188000.0,0.0,2.003,16.183,16.11,241937000.0,0.0,20.46,2.416,2.416,261057000.0,,2063376000.0,2063376000.0,176810000.0,0.093,0.131,0.227,0.221,24718000.0,730984000.0,1.0,243663434.0,243663434.0,,8.468,2246596000.0,371111000.0,140712000.0,0.0,9.22,1091309000.0
14,KG,MRT,2007-03-31,2007-03-31,2007-03-31,2019-05-24,0.0,3333470000.0,3272576500.0,1399314000.0,1934156000.0,0.617,9.908,-48830000.0,60211000.0,60211000.0,438858000.0,354185000.0,3.01,0.383,400000000.0,0.0,400000000.0,400000000.0,0.0,147549000.0,0.0,0.0,0.0,532418000.0,679967000.0,0.337,679967000.0,532418000.0,523520000.0,1.46,1.46,1.46,2409707000.0,2272787750.0,2409707000.0,5069962555.0,10.0,7.456,530473000.0,2.181,1.0,1581437000.0,0.783,1236896000.0,8898000.0,1971412000.0,1941279750.0,207885000.0,768705000.0,758205000.0,10500000.0,923763000.0,464951000.0,458812000.0,4783739555.0,-268087000.0,-290551000.0,3965000.0,-179411000.0,0.0,-175778000.0,-671612000.0,-272051000.0,579303000.0,0.0,354185000.0,354185000.0,354185000.0,-384000.0,0.0,0.175,1083277000.0,498160000.0,67061000.0,0.0,1.985,13.506,13.473,306662000.0,0.0,19.67,2.368,2.368,263542000.0,,2020295000.0,2020295000.0,170985000.0,0.108,0.156,0.274,0.264,24718000.0,711934000.0,1.0,243199774.0,243199774.0,,8.307,2096574000.0,341438000.0,169335000.0,44215000.0,8.621,934363000.0
15,KG,MRT,2006-12-31,2006-12-31,2006-12-31,2019-05-24,-282000.0,3329531000.0,3243495750.0,1673473000.0,1656058000.0,0.613,9.414,-45816000.0,113777000.0,113777000.0,419808000.0,288949000.0,2.709,0.455,400000000.0,0.0,400000000.0,400000000.0,0.0,147549000.0,0.0,0.0,0.0,434536000.0,582085000.0,0.293,582085000.0,434536000.0,424679000.0,1.19,1.19,1.19,2288606000.0,2178473500.0,2288606000.0,4136615085.0,10.0,7.107,419811000.0,1.727,1.0,1568692000.0,0.789,972543000.0,9857000.0,2025415000.0,1851042250.0,215458000.0,901763000.0,890185000.0,11578000.0,1040925000.0,617796000.0,423129000.0,3870412085.0,83763000.0,-37750000.0,7822000.0,46629000.0,0.0,54451000.0,-436315000.0,-395522000.0,465627000.0,0.0,288949000.0,288949000.0,288949000.0,-367000.0,0.0,0.145,1166146000.0,402546000.0,77158000.0,0.0,1.691,13.395,13.378,307036000.0,0.0,15.92,1.946,1.946,265467000.0,1043902000.0,1988500000.0,1988500000.0,253596000.0,0.089,0.133,0.235,0.219,24718000.0,713965000.0,1.0,243116337.0,243116337.0,,8.179,2356988000.0,353545000.0,135730000.0,30501000.0,9.695,1055677000.0
16,KG,MRT,2006-09-30,2006-09-30,2006-09-30,2019-05-24,0.0,3247544000.0,3152423500.0,1531624000.0,1715920000.0,0.602,9.24,-52177000.0,138054000.0,138054000.0,373233000.0,157409000.0,2.653,0.446,404257000.0,4257000.0,400000000.0,404257000.0,0.0,147049000.0,0.0,0.0,0.0,242503000.0,389552000.0,0.205,389552000.0,242503000.0,231523000.0,0.65,0.64,0.65,2246271000.0,2099677500.0,2246271000.0,4520323274.0,19.0,11.604,359765000.0,1.48,1.0,1525638000.0,0.803,1045980000.0,10980000.0,1890388000.0,1617194000.0,186770000.0,793053000.0,779545000.0,13508000.0,1001273000.0,577379000.0,423894000.0,4139947274.0,57824000.0,0.0,7019000.0,50780000.0,0.0,58224000.0,-412342000.0,-221608000.0,411942000.0,0.0,157409000.0,157409000.0,157409000.0,-82000.0,0.0,0.083,1312877000.0,212761000.0,80810000.0,0.0,1.843,26.301,26.2,303822000.0,0.0,17.03,2.18,2.18,255746000.0,,1898871000.0,1898871000.0,422636000.0,0.05,0.075,0.15,0.128,1978000.0,646181000.0,1.0,243097315.0,243097315.0,,7.811,2201564000.0,327651000.0,74114000.0,20617000.0,9.056,954245000.0
17,KG,MRT,2006-06-30,2006-06-30,2006-06-30,2019-05-24,0.0,3179761000.0,3114871250.0,1435238000.0,1744523000.0,0.618,8.862,-53767000.0,23881000.0,23881000.0,359017000.0,188861000.0,2.337,0.481,404257000.0,4257000.0,400000000.0,404257000.0,0.0,147049000.0,0.0,0.0,0.0,302286000.0,449335000.0,0.233,449335000.0,302286000.0,290064000.0,0.78,0.77,0.78,2146567000.0,2053579000.0,2146567000.0,4369236776.0,14.0,9.724,319417000.0,1.319,1.0,1566180000.0,0.814,1068167000.0,12222000.0,1877904000.0,1488795000.0,206076000.0,789979000.0,778628000.0,11351000.0,1033194000.0,614066000.0,419128000.0,4117534776.0,-3235000.0,0.0,7468000.0,50907000.0,0.0,58772000.0,-435191000.0,-233725000.0,373184000.0,0.0,188861000.0,188861000.0,188861000.0,1260000.0,0.0,0.098,1289257000.0,276923000.0,70040000.0,0.0,1.918,21.802,21.795,302513000.0,0.0,17.0,2.139,2.139,262956000.0,,1925197000.0,1925197000.0,383266000.0,0.061,0.092,0.203,0.157,1978000.0,671037000.0,1.0,242207928.0,242207928.0,,7.949,2111594000.0,345813000.0,101203000.0,55834000.0,8.718,821172000.0
18,KG,MRT,2006-03-31,2006-03-31,2006-03-31,2019-05-24,0.0,3217147000.0,3061108750.0,1457655000.0,1759492000.0,0.617,8.396,-52984000.0,328298000.0,328298000.0,343173000.0,98455000.0,1.906,0.583,580000000.0,180000000.0,400000000.0,580000000.0,0.0,147049000.0,0.0,0.0,0.0,160126000.0,307175000.0,0.163,307175000.0,160126000.0,147912000.0,0.4,0.39,0.4,2032450000.0,2001461500.0,2032450000.0,4360467777.0,27.0,14.195,437429000.0,1.807,1.0,1545318000.0,0.818,1093547000.0,12214000.0,1610462000.0,1205719500.0,217256000.0,501648000.0,486154000.0,15494000.0,1184697000.0,764840000.0,419857000.0,4175881777.0,279724000.0,0.0,7269000.0,226040000.0,0.0,233583000.0,-444272000.0,-179686000.0,490413000.0,0.0,98455000.0,98455000.0,98455000.0,1905000.0,0.0,0.052,1404551000.0,140767000.0,69369000.0,0.0,2.055,42.414,43.125,302162000.0,0.0,17.25,2.211,2.211,268336000.0,,1888491000.0,1888491000.0,366136000.0,0.032,0.049,0.133,0.085,1978000.0,676044000.0,1.0,242080103.0,242080103.0,,7.801,2123600000.0,341299000.0,49457000.0,74959000.0,8.772,692815000.0
19,KG,MRT,2005-12-31,2005-12-31,2005-12-31,2019-05-24,4987000.0,2965242000.0,2969435250.0,1247789000.0,1717453000.0,0.597,8.162,-53290000.0,160414000.0,160414000.0,322985000.0,117833000.0,1.284,0.503,345000000.0,345000000.0,0.0,345000000.0,0.0,147049000.0,0.0,0.0,0.0,191249000.0,338298000.0,0.191,338298000.0,191249000.0,179318000.0,0.49,0.48,0.49,1973422000.0,1972869000.0,1973422000.0,4225524328.0,22.0,12.491,466218000.0,1.928,1.0,1449896000.0,0.818,1088346000.0,11931000.0,1090022000.0,1015821000.0,228063000.0,513165000.0,494663000.0,18502000.0,991820000.0,971460000.0,20360000.0,4091154328.0,-162642000.0,0.0,857000.0,0.0,0.0,857000.0,-683007000.0,-338780000.0,519508000.0,0.0,117833000.0,117833000.0,117833000.0,-1203000.0,0.0,0.066,1269817000.0,180079000.0,84539000.0,0.0,2.073,34.72,34.531,302474000.0,0.0,16.92,2.308,2.308,223581000.0,754953000.0,1772881000.0,1772881000.0,262726000.0,0.04,0.06,0.188,0.108,1978000.0,636483000.0,1.0,241793991.0,241793991.0,,7.332,1876896000.0,312809000.0,61485000.0,22301000.0,7.762,276329000.0
20,KG,MRT,2005-09-30,2005-09-30,2005-09-30,2019-05-24,0.0,3097335000.0,2959163750.0,1445107000.0,1652228000.0,0.572,8.529,-45558000.0,210630000.0,210630000.0,342528000.0,227137000.0,2.172,0.502,345000000.0,0.0,345000000.0,345000000.0,0.0,162115000.0,0.0,0.0,0.0,357345000.0,519460000.0,0.307,519460000.0,357345000.0,345399000.0,0.93,1.38,0.93,2061877000.0,1941711000.0,2061877000.0,3366967239.0,9.0,6.482,472064000.0,1.953,1.0,1349687000.0,0.798,1189691000.0,11946000.0,1376792000.0,963997250.0,218739000.0,570991000.0,570991000.0,0.0,1035458000.0,665222000.0,370236000.0,3717933239.0,-19463000.0,0.0,1139000.0,0.0,0.0,1139000.0,-527473000.0,-403026000.0,517622000.0,0.0,227137000.0,227137000.0,227137000.0,-1347000.0,0.0,0.134,999064000.0,350623000.0,58088000.0,0.0,1.803,16.369,16.538,288740000.0,0.0,15.38,2.197,2.197,251985000.0,,1692215000.0,1692215000.0,70335000.0,0.077,0.117,0.371,0.211,0.0,625141000.0,1.0,241738182.0,241738182.0,,7.0,1907644000.0,270079000.0,118262000.0,64802000.0,7.891,779885000.0
21,KG,MRT,2005-06-30,2005-06-30,2005-06-30,2019-05-24,0.0,2964711000.0,2964052500.0,1301460000.0,1663251000.0,0.529,8.018,-46605000.0,695966000.0,695966000.0,347693000.0,97266000.0,1.988,0.53,345000000.0,0.0,345000000.0,345000000.0,0.0,162115000.0,0.0,0.0,0.0,143179000.0,305294000.0,0.195,305294000.0,143179000.0,131222000.0,0.4,0.85,0.4,1938097000.0,1903998500.0,1938097000.0,2450244561.0,17.0,8.026,525307000.0,2.173,1.0,1221174000.0,0.778,1213358000.0,11957000.0,745602000.0,783994000.0,222995000.0,7471000.0,7471000.0,0.0,1026614000.0,654785000.0,371829000.0,2518833561.0,23234000.0,0.0,2440000.0,0.0,0.0,2440000.0,-544996000.0,-435525000.0,571912000.0,0.0,97266000.0,97266000.0,97266000.0,2241000.0,0.0,0.062,1069551000.0,151623000.0,62190000.0,0.0,1.3,25.896,26.05,284615000.0,0.0,10.42,1.606,1.606,195031000.0,,1568867000.0,1568867000.0,79711000.0,0.033,0.051,0.183,0.091,0.0,582589000.0,1.0,241730668.0,241730668.0,,6.49,1751353000.0,261030000.0,33956000.0,57048000.0,7.245,646675000.0
22,KG,MRT,2005-03-31,2005-03-31,2005-03-31,2019-05-24,0.0,2850453000.0,2900019500.0,1070264000.0,1780189000.0,0.476,7.935,-51630000.0,413589000.0,413589000.0,341613000.0,13845000.0,1.918,0.486,345000000.0,0.0,345000000.0,345000000.0,0.0,162115000.0,0.0,0.0,0.0,53700000.0,215815000.0,0.156,215815000.0,53700000.0,41516000.0,0.06,0.51,0.06,1918080000.0,1925107500.0,1918080000.0,1913907897.0,36.0,8.868,182647000.0,0.756,1.0,1039926000.0,0.753,1372849000.0,12184000.0,850868000.0,817846500.0,255408000.0,8534000.0,8534000.0,0.0,932373000.0,558147000.0,374226000.0,2008723897.0,-9827000.0,0.0,3787000.0,-4000.0,0.0,3783000.0,-245097000.0,-197338000.0,234277000.0,0.0,13845000.0,13845000.0,13845000.0,337000.0,0.0,0.01,976980000.0,62946000.0,44028000.0,0.0,1.047,145.087,138.5,281222000.0,0.0,8.31,1.454,1.454,206170000.0,,1381539000.0,1381539000.0,79689000.0,0.005,0.007,0.066,0.039,0.0,615077000.0,1.0,241723694.0,241723694.0,,5.715,1477604000.0,222286000.0,27671000.0,14367000.0,6.113,512117000.0
23,KG,MRT,2004-12-31,2004-12-31,2004-12-31,2019-05-24,1023000.0,2924156000.0,3062843000.0,1127063000.0,1797093000.0,0.426,7.654,-55141000.0,290386000.0,290386000.0,352938000.0,-160288000.0,1.636,0.582,345000000.0,0.0,345000000.0,345000000.0,0.0,162115000.0,0.0,0.0,0.0,-155112000.0,7003000.0,0.005,7003000.0,-155112000.0,-167700000.0,-0.66,-0.21,-0.66,1848790000.0,1926640500.0,1848790000.0,3103793866.0,-20.0,443.209,215951000.0,0.894,1.0,951426000.0,0.729,1407113000.0,12588000.0,882727000.0,873697500.0,274412000.0,165928000.0,165928000.0,0.0,1075366000.0,688930000.0,386436000.0,2995338866.0,149528000.0,-36000000.0,4677000.0,-97000.0,0.0,4580000.0,-126144000.0,-46505000.0,271092000.0,0.0,-160288000.0,-160288000.0,-160288000.0,109666000.0,0.0,-0.123,992690000.0,-41264000.0,92920000.0,0.0,1.62,-18.687,-18.788,280731000.0,0.0,12.4,2.296,2.296,180963000.0,637120000.0,1304364000.0,1304364000.0,84239000.0,-0.052,-0.083,-0.178,-0.119,0.0,595441000.0,1.0,241559586.0,241559586.0,,5.4,1517043000.0,246910000.0,-7412000.0,0.0,6.28,438133000.0
24,KG,MRT,2004-09-30,2004-09-30,2004-09-30,2019-05-24,,,,,,,,-59587000.0,,,390885000.0,-145700000.0,,,,,,,,113745000.0,,0.0,0.0,-135296000.0,-21551000.0,-0.016,-21551000.0,-135296000.0,-148072000.0,-0.6,-0.58,-0.6,,,,2992676457.0,-22.0,-138.865,169940000.0,0.704,1.0,936845000.0,0.706,,12776000.0,,,,,,,,,,2884221457.0,499689000.0,-49310000.0,4718000.0,-1269000.0,0.0,3449000.0,258377000.0,374694000.0,229527000.0,0.0,-145700000.0,-145700000.0,-145700000.0,110899000.0,0.0,-0.11,949142000.0,-12297000.0,,0.0,,-19.796,-19.9,,0.0,11.94,2.172,2.172,,,1327730000.0,1327730000.0,82517000.0,,,,-0.102,0.0,565961000.0,1.0,241559586.0,241559586.0,,5.496,,,-2372000.0,,,
25,KG,MRT,2004-06-30,2004-06-30,2004-06-30,2019-05-24,0.0,2963394000.0,3056078750.0,973945000.0,1989449000.0,0.444,7.747,-54889000.0,236545000.0,236545000.0,383453000.0,-31321000.0,1.459,0.585,345000000.0,0.0,345000000.0,345000000.0,0.0,113745000.0,0.0,0.0,0.0,59872000.0,173617000.0,0.128,173617000.0,59872000.0,46574000.0,-0.13,-0.11,-0.13,1869900000.0,1951662000.0,1869900000.0,2807542651.0,47.0,16.171,195563000.0,0.81,1.0,974406000.0,0.718,1582001000.0,13298000.0,822386000.0,790638000.0,236855000.0,0.0,0.0,0.0,1093494000.0,667462000.0,426032000.0,2763837651.0,398640000.0,-38349000.0,3612000.0,-126297000.0,0.0,-122685000.0,268059000.0,422708000.0,250452000.0,0.0,-31321000.0,-31321000.0,-31321000.0,109637000.0,0.0,-0.023,809172000.0,165234000.0,61125000.0,0.0,1.478,-88.242,-88.077,273468000.0,0.0,11.45,2.035,2.035,255697000.0,,1357859000.0,1357859000.0,57850000.0,-0.01,-0.016,0.076,0.044,0.0,559636000.0,1.0,241383201.0,241383201.0,,5.625,1381393000.0,236868000.0,77895000.0,26182000.0,5.723,306483000.0
26,KG,MRT,2004-03-31,2004-03-31,2004-03-31,2019-05-24,0.0,2949586000.0,3080058750.0,928098000.0,2021488000.0,0.471,8.005,-50956000.0,308736000.0,308736000.0,389973000.0,-3412000.0,1.576,0.527,352441000.0,7441000.0,345000000.0,352441000.0,0.0,113745000.0,0.0,0.0,0.0,70311000.0,184056000.0,0.127,184056000.0,70311000.0,56844000.0,-0.02,0.0,-0.02,1932135000.0,1957333250.0,1932135000.0,4129483365.0,59.0,22.436,367241000.0,1.522,1.0,1059290000.0,0.731,1619600000.0,13467000.0,784825000.0,848668750.0,251193000.0,0.0,0.0,0.0,1017451000.0,588866000.0,428585000.0,4064408365.0,-62004000.0,-798561000.0,3135000.0,-1339000.0,0.0,1796000.0,-486525000.0,425432000.0,418197000.0,0.0,-3412000.0,-3412000.0,-3412000.0,109511000.0,0.0,-0.002,893763000.0,165527000.0,49306000.0,0.0,2.104,-1191.21,-842.0,263216000.0,0.0,16.84,2.804,2.804,193002000.0,,1449263000.0,1449263000.0,226465000.0,-0.001,-0.002,0.083,0.049,0.0,496173000.0,1.0,241354416.0,241354416.0,,6.005,1329986000.0,189804000.0,60256000.0,51530000.0,5.511,339232000.0
27,KG,MRT,2003-12-31,2003-12-31,2003-12-31,2019-05-24,1113000.0,3201530000.0,3054029500.0,969852000.0,2231678000.0,0.489,8.313,-51201000.0,280022000.0,280022000.0,385841000.0,91954000.0,1.332,0.597,345097000.0,97000.0,345000000.0,345097000.0,0.0,113745000.0,0.0,0.0,0.0,171234000.0,284979000.0,0.191,284979000.0,171234000.0,157838000.0,0.38,0.4,0.38,2004491000.0,1955818250.0,2004491000.0,3785321096.0,22.0,13.283,386103000.0,1.601,1.0,1106948000.0,0.742,1673847000.0,13396000.0,864668000.0,838958000.0,260886000.0,0.0,0.0,0.0,1197039000.0,728090000.0,468949000.0,3679809096.0,-26597000.0,-1000243000.0,4053000.0,-1510000.0,0.0,2543000.0,-466444000.0,656089000.0,437304000.0,0.0,91954000.0,91954000.0,91954000.0,5489000.0,0.0,0.062,954996000.0,151952000.0,81648000.0,0.0,1.836,40.018,40.158,257659000.0,0.0,15.26,2.465,2.465,246417000.0,797408000.0,1492789000.0,1492789000.0,238078000.0,0.03,0.047,0.204,0.115,0.0,490582000.0,1.0,241140832.0,241140832.0,,6.191,1527683000.0,167633000.0,65884000.0,79641000.0,6.335,241762000.0
28,KG,MRT,2003-09-30,2003-09-30,2003-09-30,2019-05-24,0.0,3109805000.0,2941312000.0,837439000.0,2272366000.0,0.463,8.297,-58346000.0,240757000.0,240757000.0,385434000.0,32595000.0,1.368,0.555,346269000.0,1176000.0,345093000.0,346269000.0,0.0,51377000.0,0.0,0.0,0.0,53551000.0,104928000.0,0.077,104928000.0,53551000.0,40022000.0,0.14,0.08,0.14,2000122000.0,1937491250.0,2000122000.0,3999695749.0,75.0,38.118,409352000.0,1.698,1.0,976536000.0,0.717,1912454000.0,13529000.0,690673000.0,849428750.0,251728000.0,0.0,0.0,0.0,1109683000.0,612190000.0,497493000.0,3652140749.0,-610030000.0,-986933000.0,-6923000.0,-1492000.0,0.0,-8415000.0,-989257000.0,203314000.0,467698000.0,0.0,32595000.0,32595000.0,32595000.0,-7517000.0,0.0,0.024,957894000.0,18642000.0,55729000.0,0.0,1.826,112.046,108.214,247155000.0,0.0,15.15,2.682,2.682,229305000.0,,1361970000.0,1361970000.0,243892000.0,0.011,0.017,0.063,0.039,2206000.0,457755000.0,1.0,241065396.0,241065396.0,,5.65,1197351000.0,110803000.0,7427000.0,62255000.0,4.967,225249000.0
29,KG,MRT,2003-06-30,2003-06-30,2003-06-30,2019-05-24,0.0,3059314000.0,2830767250.0,707677000.0,2351637000.0,0.443,7.861,-65145000.0,123742000.0,123742000.0,359006000.0,10475000.0,1.541,0.616,471297000.0,1204000.0,470093000.0,471297000.0,0.0,51377000.0,0.0,0.0,0.0,17001000.0,68378000.0,0.055,68378000.0,17001000.0,3998000.0,0.05,-0.01,0.05,1892585000.0,1930279750.0,1892585000.0,3171332421.0,187.0,46.379,416180000.0,1.729,1.0,893856000.0,0.713,1893253000.0,13003000.0,1054509000.0,906166000.0,252584000.0,0.0,0.0,0.0,1166729000.0,459107000.0,707622000.0,3553484421.0,-374257000.0,-997894000.0,-81933000.0,123456000.0,0.0,41523000.0,-817942000.0,344306000.0,481325000.0,0.0,10475000.0,10475000.0,10475000.0,-10630000.0,0.0,0.008,911125000.0,-17269000.0,49980000.0,0.0,1.878,339.235,295.2,245166000.0,0.0,14.76,2.836,2.836,196046000.0,,1252862000.0,1252862000.0,241582000.0,0.004,0.005,0.019,0.014,2206000.0,424307000.0,1.0,240750977.0,240750977.0,,5.204,1166061000.0,123032000.0,-6477000.0,16060000.0,4.843,248570000.0
30,KG,MRT,2003-03-31,2003-03-31,2003-03-31,2019-05-24,0.0,2845469000.0,2720763250.0,1192898000.0,1652571000.0,0.429,8.0,-79947000.0,638905000.0,638905000.0,322590000.0,103888000.0,2.715,0.477,346343000.0,1250000.0,345093000.0,346343000.0,0.0,51377000.0,0.0,0.0,0.0,161234000.0,212611000.0,0.182,212611000.0,161234000.0,148531000.0,0.44,0.38,0.44,1926075000.0,1941279750.0,1926075000.0,2490007156.0,15.0,11.712,342477000.0,1.423,1.0,845790000.0,0.724,1367550000.0,12703000.0,745982000.0,917723250.0,209239000.0,0.0,0.0,0.0,919394000.0,439375000.0,480019000.0,2872159156.0,-57667000.0,-237682000.0,-162190000.0,-6306000.0,0.0,-168496000.0,-227386000.0,305655000.0,422424000.0,0.0,103888000.0,103888000.0,103888000.0,-9145000.0,0.0,0.089,686086000.0,159704000.0,38750000.0,0.0,1.491,27.647,27.114,240715000.0,0.0,11.93,2.458,2.458,201422000.0,,1168380000.0,1168380000.0,62177000.0,0.038,0.054,0.176,0.138,2206000.0,384758000.0,1.0,240750977.0,240750977.0,,4.853,1477919000.0,126499000.0,44643000.0,133902000.0,6.139,753523000.0
31,KG,MRT,2002-12-31,2002-12-31,2002-12-31,2019-05-24,45000.0,2750660000.0,2664311000.0,1261702000.0,1488958000.0,0.408,8.021,-73587000.0,588225000.0,588225000.0,291257000.0,182401000.0,3.41,0.424,346393000.0,1300000.0,345093000.0,346393000.0,0.0,51377000.0,0.0,0.0,0.0,272853000.0,324230000.0,0.298,324230000.0,272853000.0,260434000.0,0.75,0.69,0.75,1931183000.0,1955207500.0,1931183000.0,3756357295.0,14.0,11.585,353593000.0,1.469,1.0,796767000.0,0.732,1232313000.0,12419000.0,906551000.0,993601750.0,167153000.0,227263000.0,227263000.0,0.0,819477000.0,369964000.0,449513000.0,4138509295.0,-286377000.0,0.0,-161872000.0,-6211000.0,0.0,-168083000.0,-463003000.0,-183004000.0,427180000.0,0.0,182401000.0,182401000.0,182401000.0,-11928000.0,0.0,0.168,521724000.0,275043000.0,49889000.0,0.0,2.143,22.689,22.92,217114000.0,0.0,17.19,3.804,3.804,159987000.0,729241000.0,1088024000.0,1088024000.0,40184000.0,0.068,0.093,0.275,0.251,2206000.0,357408000.0,1.0,240750977.0,240750977.0,,4.519,1518347000.0,106168000.0,78033000.0,54843000.0,6.307,891738000.0
32,KG,MRT,2002-09-30,2002-09-30,2002-09-30,2019-05-24,0.0,2667626000.0,2603298750.0,1299447000.0,1368179000.0,0.427,8.089,-68716000.0,728534000.0,728534000.0,222295000.0,269406000.0,5.293,0.353,346382000.0,1289000.0,345093000.0,346382000.0,0.0,47966000.0,0.0,0.0,0.0,440363000.0,488329000.0,0.44,488329000.0,440363000.0,427600000.0,1.11,1.11,1.11,1971276000.0,1949482750.0,1971276000.0,4276581234.0,10.0,8.758,285773000.0,1.173,1.0,888355000.0,0.8,1122341000.0,12763000.0,917622000.0,964595250.0,137994000.0,190292000.0,190292000.0,0.0,696350000.0,245511000.0,450839000.0,4428144234.0,708548000.0,0.0,511352000.0,212640000.0,0.0,724967000.0,-370908000.0,-186250000.0,354489000.0,0.0,269406000.0,269406000.0,269406000.0,0.0,0.0,0.243,417170000.0,471185000.0,18191000.0,0.0,2.246,16.437,16.369,192629000.0,0.0,18.17,3.987,3.987,182945000.0,,1110650000.0,1110650000.0,24354000.0,0.103,0.138,0.457,0.396,15659000.0,335788000.0,1.0,243706342.0,243706342.0,,4.557,1545285000.0,52073000.0,158194000.0,74364000.0,6.341,1053936000.0
33,KG,MRT,2002-06-30,2002-06-30,2002-06-30,2019-05-24,0.0,2619298000.0,2317420500.0,1250961000.0,1368337000.0,0.442,7.809,-59225000.0,497999000.0,497999000.0,208140000.0,246632000.0,5.394,0.353,346436000.0,1343000.0,345093000.0,346436000.0,0.0,47966000.0,0.0,0.0,0.0,405207000.0,453173000.0,0.442,453173000.0,405207000.0,392229000.0,1.03,1.03,1.03,1936585000.0,1750927000.0,1936585000.0,5167666392.0,13.0,11.403,194797000.0,0.786,1.0,816894000.0,0.797,1135100000.0,12978000.0,1100738000.0,832448000.0,148873000.0,333765000.0,333765000.0,0.0,682713000.0,231897000.0,450816000.0,5517797392.0,243870000.0,0.0,588980000.0,212605000.0,0.0,801246000.0,-811398000.0,-349723000.0,254022000.0,0.0,246632000.0,246632000.0,246632000.0,0.0,0.0,0.241,380000000.0,436894000.0,39632000.0,0.0,2.849,22.373,21.602,181622000.0,0.0,22.25,5.383,5.383,219844000.0,,1025034000.0,1025034000.0,25323000.0,0.106,0.141,0.487,0.395,15659000.0,297288000.0,1.0,247990894.0,247990894.0,,4.133,1484198000.0,37130000.0,145597000.0,47126000.0,5.985,1019064000.0
34,KG,MRT,2002-03-31,2002-03-31,2002-03-31,2019-05-24,0.0,2619660000.0,2018289500.0,1358000000.0,1261660000.0,0.47,8.068,-39639000.0,696572000.0,696572000.0,197256000.0,245082000.0,7.024,0.322,346441000.0,1348000.0,345093000.0,346441000.0,0.0,47966000.0,0.0,0.0,0.0,402597000.0,450563000.0,0.475,450563000.0,402597000.0,390030000.0,1.04,1.04,1.04,1981786000.0,1544085250.0,1981786000.0,8677495639.0,22.0,19.259,228335000.0,0.93,1.0,751754000.0,0.792,1026704000.0,12567000.0,1049496000.0,648968000.0,130527000.0,307634000.0,307634000.0,0.0,637874000.0,193329000.0,444545000.0,8599590639.0,527484000.0,0.0,680876000.0,217259000.0,0.0,897751000.0,-638241000.0,-313548000.0,267974000.0,0.0,245082000.0,245082000.0,245082000.0,0.0,0.0,0.258,346479000.0,405275000.0,21170000.0,0.0,4.339,35.089,33.663,167669000.0,0.0,35.01,9.062,9.062,182011000.0,,949010000.0,949010000.0,28135000.0,0.121,0.159,0.62,0.424,15659000.0,264086000.0,1.0,245632409.0,245632409.0,,3.864,1592956000.0,31556000.0,144948000.0,85814000.0,6.485,1164671000.0
35,KG,MRT,2001-12-31,2001-12-31,2001-12-31,2019-05-24,0.0,2506611000.0,1702734500.0,1237559000.0,1269052000.0,0.512,7.769,-40167000.0,874602000.0,874602000.0,186564000.0,217936000.0,8.172,0.314,347754000.0,1357000.0,346397000.0,347754000.0,0.0,47966000.0,0.0,0.0,0.0,360106000.0,408072000.0,0.468,408072000.0,360106000.0,347422000.0,0.94,0.93,0.94,1908284000.0,1308596250.0,1908284000.0,10426398391.0,29.0,25.55,239393000.0,0.975,1.0,685698000.0,0.786,1037795000.0,12684000.0,790525000.0,480385250.0,111578000.0,49880000.0,49880000.0,0.0,598327000.0,151443000.0,446884000.0,10348493391.0,798207000.0,0.0,684435000.0,217313000.0,0.0,901330000.0,-382683000.0,-60794000.0,279560000.0,0.0,217936000.0,217936000.0,217936000.0,0.0,0.0,0.25,319432000.0,366266000.0,22870000.0,0.0,5.423,47.484,44.819,164116000.0,0.0,42.13,11.864,11.864,161864000.0,546721000.0,872262000.0,872262000.0,26507000.0,0.128,0.167,0.75,0.413,15659000.0,240880000.0,1.0,245632409.0,245632409.0,,3.551,1468816000.0,31556000.0,129486000.0,44739000.0,5.98,1086116000.0
36,KG,MRT,2001-09-30,2001-09-30,2001-09-30,2019-05-24,0.0,1524113000.0,1396680500.0,271358000.0,1252755000.0,0.568,5.134,-32255000.0,19986000.0,19986000.0,168695000.0,211842000.0,1.644,0.295,97891000.0,1509000.0,96382000.0,97891000.0,0.0,41942000.0,0.0,0.0,0.0,352327000.0,394269000.0,0.497,394269000.0,352327000.0,340244000.0,0.94,0.93,0.94,1177053000.0,1078458500.0,1177053000.0,9461844952.0,27.0,23.998,306887000.0,1.339,1.0,625284000.0,0.788,1047965000.0,12083000.0,389033000.0,384879750.0,96972000.0,0.0,0.0,0.0,347060000.0,165020000.0,182040000.0,9618072952.0,11939000.0,0.0,146300000.0,-92926000.0,0.0,51981000.0,-379184000.0,-62278000.0,339142000.0,0.0,211842000.0,211842000.0,211842000.0,0.0,0.0,0.267,284063000.0,341221000.0,17104000.0,0.0,8.171,45.402,44.628,138977000.0,0.0,41.95,12.114,12.114,131533000.0,,793979000.0,793979000.0,30023000.0,0.152,0.196,0.915,0.444,45295000.0,210031000.0,1.0,229274683.0,229274683.0,,3.463,476148000.0,16862000.0,128402000.0,56263000.0,2.077,106338000.0
37,KG,MRT,2001-06-30,2001-06-30,2001-06-30,2019-05-24,0.0,1422774000.0,1296839250.0,469787000.0,952987000.0,0.562,6.471,-30245000.0,254129000.0,254129000.0,185070000.0,129300000.0,3.659,0.283,97901000.0,1519000.0,96382000.0,97901000.0,0.0,41942000.0,0.0,0.0,0.0,246723000.0,288665000.0,0.396,288665000.0,246723000.0,228314000.0,0.57,0.56,0.57,1109218000.0,978190500.0,1109218000.0,6839240859.0,28.0,23.693,256066000.0,1.494,1.0,544362000.0,0.746,771347000.0,18409000.0,366818000.0,386279000.0,86916000.0,0.0,0.0,0.0,313556000.0,128381000.0,185175000.0,6910422859.0,19877000.0,0.0,145475000.0,-194800000.0,0.0,-49404000.0,-217030000.0,11348000.0,286311000.0,0.0,129300000.0,129300000.0,129300000.0,0.0,0.0,0.177,296499000.0,247863000.0,20671000.0,0.0,6.23,53.445,70.724,135722000.0,0.0,40.313,9.474,9.474,106044000.0,,729432000.0,729432000.0,28625000.0,0.1,0.132,0.639,0.338,45295000.0,179565000.0,1.0,171420917.0,171420917.0,,4.255,651427000.0,16862000.0,99014000.0,21560000.0,3.8,341406000.0
38,KG,MRT,2001-03-31,2001-03-31,2001-03-31,2019-05-24,0.0,1357440000.0,1166700500.0,399462000.0,957978000.0,0.571,6.159,-26997000.0,169088000.0,169088000.0,178312000.0,98887000.0,3.057,0.305,97906000.0,1524000.0,96382000.0,97906000.0,0.0,41942000.0,0.0,0.0,0.0,209674000.0,251616000.0,0.378,251616000.0,209674000.0,183865000.0,0.44,0.43,0.44,1039830000.0,820037750.0,1039830000.0,5341007992.0,25.0,21.227,216075000.0,1.28,1.0,488053000.0,0.732,780429000.0,25809000.0,375165000.0,413712750.0,80590000.0,0.0,0.0,0.0,317610000.0,130664000.0,186946000.0,5159623992.0,455000.0,0.0,388420000.0,-396518000.0,0.0,-9442000.0,-233175000.0,-2747000.0,243072000.0,0.0,98887000.0,98887000.0,98887000.0,0.0,0.0,0.148,267964000.0,220089000.0,14959000.0,0.0,4.962,52.177,69.46,132395000.0,0.0,30.563,7.743,7.743,116381000.0,,666365000.0,666365000.0,25141000.0,0.085,0.121,0.507,0.315,45295000.0,154929000.0,1.0,168821611.0,168821611.0,,3.947,577011000.0,26733000.0,84978000.0,42217000.0,3.418,268798000.0
39,KG,MRT,2000-12-31,2000-12-31,2000-12-31,2019-05-24,0.0,1282395000.0,1028755000.0,317243000.0,965152000.0,0.603,5.851,-25149000.0,76395000.0,76395000.0,171271000.0,64509000.0,3.019,0.298,97909000.0,1527000.0,96382000.0,97909000.0,0.0,41942000.0,0.0,0.0,0.0,177815000.0,219757000.0,0.354,219757000.0,177815000.0,140841000.0,0.3,0.29,0.3,987733000.0,612537500.0,987733000.0,6725875302.0,38.0,30.606,156224000.0,0.925,1.0,448972000.0,0.724,790324000.0,36974000.0,408503000.0,479321250.0,65089000.0,0.0,0.0,0.0,294662000.0,105082000.0,189580000.0,6544491302.0,-55328000.0,0.0,387768000.0,-468033000.0,0.0,-82884000.0,-153817000.0,77820000.0,181373000.0,0.0,64509000.0,64509000.0,64509000.0,0.0,0.0,0.104,264244000.0,184728000.0,25010000.0,0.0,6.626,101.451,129.219,128521000.0,0.0,38.766,10.551,10.551,120702000.0,328785000.0,620243000.0,620243000.0,24791000.0,0.063,0.105,0.371,0.287,45295000.0,132868000.0,1.0,168821611.0,168821611.0,,3.674,492071000.0,26733000.0,76332000.0,16989000.0,2.915,212161000.0
40,KG,MRT,2000-09-30,2000-09-30,2000-09-30,2019-05-24,0.0,1124748000.0,1003607750.0,193139000.0,931609000.0,0.593,8.421,-19192000.0,8047000.0,8047000.0,185088000.0,40804000.0,1.723,0.449,189431000.0,2891000.0,186540000.0,189431000.0,0.0,33864000.0,0.0,0.0,0.0,150120000.0,183984000.0,0.309,183984000.0,150120000.0,101507000.0,0.08,0.26,0.08,775981000.0,489357250.0,775981000.0,2526376534.0,17.0,13.732,137055000.0,1.487,1.0,409629000.0,0.689,799390000.0,48613000.0,394630000.0,596759750.0,50521000.0,0.0,0.0,0.0,348767000.0,112112000.0,236655000.0,2310979534.0,-168835000.0,91650000.0,271187000.0,-413591000.0,2957000.0,-145679000.0,-179403000.0,51931000.0,156247000.0,0.0,40804000.0,40804000.0,40804000.0,0.0,0.0,0.069,255311000.0,154318000.0,32786000.0,0.0,2.978,56.636,313.477,117021000.0,0.0,25.078,3.886,3.886,102990000.0,,594717000.0,594717000.0,25784000.0,0.041,0.083,0.252,0.252,3107000.0,127269000.0,1.0,92150970.0,92150970.0,,6.454,325358000.0,16709000.0,60703000.0,16545000.0,3.531,81027000.0
41,KG,MRT,2000-06-30,2000-06-30,2000-06-30,2019-05-24,0.0,902219000.0,924719750.0,246167000.0,656052000.0,0.625,7.983,-18636000.0,73554000.0,73554000.0,161887000.0,92819000.0,2.588,0.893,288951000.0,1411000.0,287540000.0,288951000.0,0.0,33864000.0,0.0,0.0,0.0,218753000.0,252617000.0,0.437,252617000.0,218753000.0,165288000.0,0.38,0.56,0.38,476607000.0,328503250.0,476607000.0,2447774225.0,11.0,9.69,184441000.0,3.089,1.0,415945000.0,0.72,545939000.0,53465000.0,476553000.0,688932750.0,60101000.0,0.0,0.0,0.0,425612000.0,95124000.0,330488000.0,1964606225.0,103619000.0,0.0,269413000.0,-237520000.0,0.0,25828000.0,-125286000.0,-2848000.0,203077000.0,0.0,92819000.0,92819000.0,92819000.0,0.0,0.0,0.161,202131000.0,213814000.0,36564000.0,0.0,4.122,21.166,86.596,98794000.0,0.0,32.906,3.4,3.4,89535000.0,,577832000.0,577832000.0,22778000.0,0.1,0.283,0.318,0.379,3107000.0,125969000.0,1.0,59702988.0,59702988.0,,9.678,356280000.0,14522000.0,72469000.0,13744000.0,5.968,151043000.0
42,KG,MRT,2000-03-31,2000-03-31,2000-03-31,2019-05-24,0.0,805658000.0,872968250.0,135892000.0,669766000.0,0.595,3.778,-16547000.0,7491000.0,7491000.0,149013000.0,79567000.0,1.373,2.84,490659000.0,11870000.0,478789000.0,490659000.0,0.0,33864000.0,0.0,0.0,0.0,196213000.0,230077000.0,0.443,230077000.0,196213000.0,139529000.0,0.42,0.6,0.42,209829000.0,238689750.0,209829000.0,1428564093.0,7.0,6.209,159279000.0,2.867,1.0,370316000.0,0.713,552248000.0,56684000.0,637599000.0,743257250.0,49734000.0,0.0,0.0,0.0,595829000.0,98979000.0,496850000.0,874859093.0,35606000.0,0.0,13717000.0,-35944000.0,0.0,-26982000.0,-113238000.0,3247000.0,175826000.0,0.0,79567000.0,79567000.0,79567000.0,0.0,0.0,0.153,181549000.0,188767000.0,26525000.0,0.0,4.169,10.995,37.5,97782000.0,0.0,15.75,1.685,1.685,59415000.0,,519329000.0,519329000.0,21074000.0,0.091,0.333,0.264,0.378,3107000.0,111568000.0,1.0,55546468.0,55546468.0,,9.349,253410000.0,14522000.0,59962000.0,19924000.0,4.562,36913000.0
43,KG,MRT,1999-12-31,1999-12-31,1999-12-31,2019-05-24,-94000.0,1181806000.0,842074250.0,377933000.0,803873000.0,0.609,10.263,-13219000.0,131723000.0,131723000.0,143828000.0,99937000.0,3.31,1.387,563696000.0,14502000.0,549194000.0,563696000.0,0.0,33864000.0,0.0,0.0,0.0,216458000.0,250322000.0,0.488,250322000.0,216458000.0,161087000.0,0.48,0.65,0.48,495012000.0,213090750.0,495012000.0,1940269220.0,9.0,7.751,135087000.0,2.801,1.0,368637000.0,0.719,621356000.0,55371000.0,878257000.0,754412500.0,44997000.0,113812000.0,80229000.0,33583000.0,686794000.0,114166000.0,572628000.0,1352069220.0,3077000.0,0.0,5744000.0,33225000.0,0.0,35523000.0,-180752000.0,-67320000.0,148306000.0,0.0,99937000.0,99937000.0,99937000.0,0.0,0.0,0.195,158742000.0,209895000.0,28942000.0,0.0,2.731,13.529,58.399,122268000.0,0.0,28.031,2.638,2.638,91821000.0,266895000.0,512465000.0,512465000.0,17659000.0,0.119,0.469,0.287,0.422,3107000.0,107219000.0,1.0,48234233.0,48234233.0,,10.625,560450000.0,18198000.0,61150000.0,26998000.0,11.619,263767000.0
44,KG,MRT,1999-09-30,1999-09-30,1999-09-30,2019-05-24,0.0,809196000.0,713665500.0,137044000.0,672152000.0,0.676,4.129,-13155000.0,10917000.0,10917000.0,135432000.0,114644000.0,1.778,5.104,599117000.0,11682000.0,587435000.0,599117000.0,0.0,15566000.0,0.0,0.0,0.0,216912000.0,232478000.0,0.482,232478000.0,216912000.0,172177000.0,0.65,0.63,0.65,132565000.0,114696750.0,132565000.0,895024360.0,4.0,3.85,115169000.0,3.587,1.0,346824000.0,0.719,557002000.0,44735000.0,763322000.0,700074750.0,42474000.0,0.0,0.0,0.0,676631000.0,77072000.0,599559000.0,374574360.0,121291000.0,19909000.0,-4411000.0,354831000.0,-2957000.0,344323000.0,-351356000.0,-12524000.0,128324000.0,0.0,114644000.0,114644000.0,114644000.0,-18768000.0,0.0,0.238,159605000.0,187219000.0,21905000.0,0.0,2.826,3.267,17.949,94968000.0,0.0,11.667,0.777,0.777,75582000.0,66422000.0,482256000.0,482256000.0,21098000.0,0.161,1.0,0.31,0.45,353000.0,94586000.0,1.0,32106282.0,32106282.0,,15.021,252194000.0,5717000.0,57533000.0,11685000.0,7.855,59972000.0
45,KG,MRT,1999-06-30,1999-06-30,1999-06-30,2019-05-24,0.0,695213000.0,584037250.0,108992000.0,586221000.0,0.654,3.655,-11908000.0,4454000.0,4454000.0,113372000.0,91010000.0,2.133,4.924,524904000.0,10402000.0,514502000.0,524904000.0,0.0,15566000.0,0.0,0.0,0.0,167874000.0,183440000.0,0.481,183440000.0,167874000.0,134096000.0,0.6,0.58,0.6,117353000.0,106130250.0,117353000.0,799287698.0,5.0,4.357,44987000.0,1.401,1.0,268316000.0,0.703,470704000.0,33778000.0,693851000.0,577618500.0,39298000.0,0.0,0.0,0.0,577860000.0,51108000.0,526752000.0,276906698.0,32537000.0,55000000.0,-5313000.0,241567000.0,0.0,232946000.0,-257304000.0,-11371000.0,56895000.0,0.0,91010000.0,91010000.0,91010000.0,-18768000.0,0.0,0.238,127562000.0,140754000.0,9139000.0,0.0,2.36,3.043,14.375,94591000.0,0.0,8.625,0.725,0.725,55419000.0,51343000.0,381688000.0,381688000.0,18085000.0,0.156,0.858,0.291,0.44,353000.0,74354000.0,1.0,32105050.0,32105050.0,,11.889,224509000.0,5717000.0,43086000.0,8142000.0,6.993,57884000.0
46,KG,MRT,1999-03-31,1999-03-31,1999-03-31,2019-05-24,0.0,682082000.0,491646750.0,90565000.0,591517000.0,0.685,3.346,-11945000.0,2484000.0,2484000.0,102708000.0,84215000.0,1.944,5.349,524865000.0,9124000.0,515741000.0,524865000.0,0.0,15566000.0,0.0,0.0,0.0,148941000.0,164507000.0,0.488,164507000.0,148941000.0,124059000.0,0.67,0.65,0.67,107433000.0,99198250.0,107433000.0,817870395.0,5.0,4.972,41997000.0,1.308,1.0,234305000.0,0.695,475650000.0,24882000.0,682220000.0,477831750.0,36553000.0,0.0,0.0,0.0,574649000.0,46593000.0,528056000.0,296969395.0,80420000.0,55000000.0,46559000.0,236482000.0,0.0,280806000.0,-254328000.0,-3371000.0,53942000.0,0.0,84215000.0,84215000.0,84215000.0,-18768000.0,0.0,0.25,111723000.0,122582000.0,12526000.0,0.0,2.764,3.526,13.806,94313000.0,0.0,9.25,0.881,0.881,42667000.0,41453000.0,337013000.0,337013000.0,13773000.0,0.171,0.849,0.312,0.442,353000.0,66533000.0,1.0,32104730.0,32104730.0,,10.497,206432000.0,5717000.0,39844000.0,10776000.0,6.43,43972000.0
47,KG,MRT,1998-12-31,1998-12-31,1998-12-31,2019-05-24,0.0,668171000.0,388066250.0,75610000.0,592561000.0,0.759,3.16,-83765000.0,1159000.0,1159000.0,92933000.0,79487000.0,1.698,5.587,519000000.0,10250000.0,508750000.0,519000000.0,0.0,15566000.0,0.0,0.0,0.0,131230000.0,146796000.0,0.499,146796000.0,131230000.0,116364000.0,0.53,0.51,0.53,101436000.0,80693000.0,101436000.0,430766834.0,3.0,2.934,-41735000.0,-1.3,1.0,201488000.0,0.684,480583000.0,14866000.0,660906000.0,382931750.0,26556000.0,0.0,0.0,0.0,566735000.0,44523000.0,522212000.0,282254834.0,75974000.0,55000000.0,48841000.0,370042000.0,0.0,416651000.0,-382707000.0,-8371000.0,42030000.0,0.0,79487000.0,79487000.0,79487000.0,-18768000.0,0.0,0.27,96377000.0,105111000.0,12594000.0,0.0,2.783,3.551,16.588,93981000.0,0.0,8.792,0.959,0.959,39070000.0,35460000.0,294421000.0,294421000.0,10866000.0,0.205,0.985,0.343,0.446,353000.0,59445000.0,1.0,32104730.0,32104730.0,,9.171,187588000.0,6675000.0,36877000.0,11250000.0,5.843,31087000.0
48,KG,MRT,1998-09-30,1998-09-30,1998-09-30,2019-05-24,0.0,290683000.0,247239250.0,72764000.0,217919000.0,0.515,3.062,-76850000.0,2988000.0,2988000.0,45422000.0,19829000.0,1.569,1.957,151500000.0,8243000.0,143257000.0,151500000.0,0.0,2395000.0,0.0,0.0,0.0,43895000.0,46290000.0,0.363,46290000.0,43895000.0,32141000.0,0.52,0.52,0.52,98299000.0,62667500.0,98299000.0,292335893.0,7.0,6.315,-78516000.0,-2.446,1.0,82000000.0,0.644,119334000.0,11754000.0,273497000.0,236187000.0,28253000.0,0.0,0.0,0.0,192384000.0,46364000.0,146020000.0,147146893.0,2953000.0,-56559000.0,50256000.0,109589000.0,0.0,160388000.0,-155769000.0,203000.0,-1666000.0,0.0,19829000.0,19829000.0,19829000.0,0.0,0.0,0.156,37906000.0,44094000.0,17791000.0,0.0,1.497,7.421,8.814,91702000.0,0.0,4.583,1.155,1.155,37273000.0,32323000.0,127422000.0,127422000.0,0.0,0.08,0.316,0.186,0.344,0.0,30637000.0,1.0,32104730.0,32104730.0,,3.969,171349000.0,2013000.0,12312000.0,9519000.0,5.337,26400000.0
49,KG,MRT,1998-06-30,1998-06-30,1998-06-30,2019-05-24,0.0,325651000.0,,107138000.0,218513000.0,,2.801,-76385000.0,45493000.0,45493000.0,28658000.0,14169000.0,1.929,2.633,190682000.0,12958000.0,177724000.0,190682000.0,0.0,2395000.0,0.0,0.0,0.0,31842000.0,34237000.0,0.372,34237000.0,31842000.0,23071000.0,0.43,0.43,0.43,89625000.0,,89625000.0,345391760.0,11.0,10.088,-75979000.0,-2.374,1.0,63410000.0,0.689,120596000.0,8771000.0,294704000.0,,32904000.0,0.0,0.0,0.0,236026000.0,55540000.0,180486000.0,149333760.0,45493000.0,0.0,51110000.0,148265000.0,0.0,200458000.0,-155371000.0,203000.0,406000.0,0.0,14169000.0,14169000.0,14169000.0,0.0,0.0,0.154,31368000.0,32042000.0,23105000.0,0.0,1.666,10.539,10.853,90803000.0,0.0,4.667,1.622,1.622,24812000.0,25013000.0,92068000.0,92068000.0,0.0,,,,0.346,0.0,26131000.0,1.0,32000000.0,32000000.0,,2.877,205055000.0,2013000.0,8902000.0,8757000.0,6.408,51598000.0
50,KG,MRT,1998-03-31,1998-03-31,1998-03-31,2019-05-24,0.0,267760000.0,186311500.0,51244000.0,216516000.0,0.343,,-74801000.0,4000.0,4000.0,17763000.0,9765000.0,1.155,7.014,196062000.0,8856000.0,187206000.0,196062000.0,0.0,1972000.0,0.0,,0.0,20859000.0,22831000.0,0.357,22831000.0,20859000.0,15813000.0,0.27,0.27,0.27,33412000.0,31373000.0,33412000.0,,,,-75964000.0,,1.0,46107000.0,0.722,116819000.0,5046000.0,302620000.0,189342000.0,26040.0,0.0,0.0,0.0,234348000.0,44379000.0,189969000.0,,-4078000.0,0.0,-1312000.0,151813000.0,0.0,151003000.0,-153918000.0,0.0,-1163000.0,0.0,9765000.0,9765000.0,9765000.0,0.0,0.0,0.153,24966000.0,21141000.0,20735000.0,0.0,,,,90157000.0,0.0,,,,19901000.0,18625000.0,63870000.0,63870000.0,0.0,0.052,0.311,0.11,0.327,0.0,21902000.0,1.0,,,,,150941000.0,2013000.0,6048000.0,7100000.0,,6865000.0
51,KG,MRT,1997-12-31,1997-12-31,1997-12-31,2019-05-24,0.0,104863000.0,72071000.0,22812000.0,82051000.0,0.665,,-1379000.0,69000.0,69000.0,13034000.0,6612000.0,0.982,2.575,55152000.0,9000000.0,46152000.0,55152000.0,0.0,2395000.0,0.0,,0.0,13367000.0,15762000.0,0.329,15762000.0,13367000.0,10580000.0,0.17,0.17,0.17,29334000.0,22513500.0,29334000.0,,,,3637000.0,,1.0,34875000.0,0.728,62783000.0,2787000.0,73927000.0,57493000.0,10850000.0,0.0,0.0,0.0,75529000.0,23236000.0,52293000.0,,-1323000.0,0.0,7297000.0,39242000.0,0.0,47638000.0,-53977000.0,203000.0,5016000.0,0.0,6612000.0,6612000.0,6612000.0,0.0,0.0,0.138,21518000.0,13357000.0,5871000.0,0.0,,,,17170000.0,0.0,,,,6890000.0,14550000.0,47909000.0,47909000.0,0.0,0.092,0.294,0.232,0.279,0.0,19123000.0,1.0,,,,,42080000.0,2013000.0,3968000.0,5866000.0,,-424000.0
52,KG,MRT,1997-09-30,1997-09-30,1997-09-30,2019-05-24,,,,,,,,,,,,,,,,,,,,,,,0.0,,,,,,,,,,,,,,,,,,1.0,,,,,,,,,,,,,,,,,,,,,,,,,,,,,,,,,,,,,,,,,,,,,,,,,,,,,,1.0,,,,,,,,,,
53,KG,MRT,1997-06-30,1997-06-30,1997-06-30,2019-05-24,,,,,,,,,,,,,,,,,,,,,,,0.0,,,,,,,,,,,,,,,,,,1.0,,,,,,,,,,,,,,,,,,,,,,,,,,,,,,,,,,,,,,,,,,,,,,,,,,,,,,1.0,,,,,,,,,,
54,KG,MRT,1997-03-31,1997-03-31,1997-03-31,2019-05-24,0.0,104863000.0,,22812000.0,82051000.0,,,,69000.0,69000.0,,,0.982,2.575,57289000.0,9000000.0,48289000.0,57289000.0,0.0,,0.0,,0.0,,,,,,,,,,29334000.0,,29334000.0,,,,,,1.0,,,62783000.0,,76064000.0,,10850000.0,0.0,0.0,0.0,75529000.0,23236000.0,52293000.0,,,,,,,,,,,,,,,,,,,,5871000.0,,,,,17170000.0,,,,,6890000.0,14550000.0,,,,,,,,,,1.0,,,,,42080000.0,2013000.0,,5866000.0,,-424000.0
55,KG,MRT,1996-12-31,1996-12-31,1996-12-31,2019-05-24,-16000.0,39279000.0,,13885000.0,25394000.0,,,-969000.0,1392000.0,1392000.0,8782000.0,-240000.0,2.263,1.503,18011000.0,4031000.0,13980000.0,18011000.0,0.0,982000.0,0.0,,0.0,925000.0,1907000.0,0.093,1907000.0,925000.0,-347000.0,-0.02,-0.02,-0.02,15693000.0,,15693000.0,,,,-7238000.0,,1.0,11675000.0,0.571,8703000.0,1272000.0,41059000.0,,6097000.0,209000.0,209000.0,0.0,23586000.0,6136000.0,17450000.0,,-9176000.0,0.0,2844000.0,-3626000.0,0.0,-781000.0,-2126000.0,1817000.0,-6269000.0,0.0,-240000.0,-240000.0,-240000.0,0.0,0.0,-0.012,12510000.0,-835000.0,844000.0,0.0,,,,16691000.0,0.0,,,,1628000.0,7938000.0,20457000.0,20457000.0,0.0,,,,0.045,0.0,12106000.0,1.0,,,,,30576000.0,1151000.0,-107000.0,3470000.0,,7749000.0
56,KG,MRT,1995-12-31,1995-12-31,1995-12-31,2019-05-24,,,,,,,,-1672000.0,,,12130000.0,9862000.0,,,,,,,,1777000.0,,,0.0,16926000.0,18703000.0,0.735,18703000.0,16926000.0,14920000.0,0.75,0.7,0.75,,,,,,,-4257000.0,,1.0,13311000.0,0.523,,2006000.0,,,,,,,,,,,9540000.0,32000000.0,-100000.0,-17356000.0,0.0,-18143000.0,30268000.0,0.0,-2585000.0,0.0,9862000.0,9862000.0,9862000.0,0.0,0.0,0.388,-3087000.0,16398000.0,,0.0,,,,,0.0,,,,,,25441000.0,25441000.0,0.0,,,,0.665,0.0,8605000.0,,,,,,,,5058000.0,,,
