None,ticker,dimension,calendardate,datekey,reportperiod,lastupdated,accoci,assets,assetsavg,assetsc,assetsnc,assetturnover,bvps,capex,cashneq,cashnequsd,cor,consolinc,currentratio,de,debt,debtc,debtnc,debtusd,deferredrev,depamor,deposits,divyield,dps,ebit,ebitda,ebitdamargin,ebitdausd,ebitusd,ebt,eps,epsdil,epsusd,equity,equityavg,equityusd,ev,evebit,evebitda,fcf,fcfps,fxusd,gp,grossmargin,intangibles,intexp,invcap,invcapavg,inventory,investments,investmentsc,investmentsnc,liabilities,liabilitiesc,liabilitiesnc,marketcap,ncf,ncfbus,ncfcommon,ncfdebt,ncfdiv,ncff,ncfi,ncfinv,ncfo,ncfx,netinc,netinccmn,netinccmnusd,netincdis,netincnci,netmargin,opex,opinc,payables,payoutratio,pb,pe,pe1,ppnenet,prefdivis,price,ps,ps1,receivables,retearn,revenue,revenueusd,rnd,roa,roe,roic,ros,sbcomp,sgna,sharefactor,sharesbas,shareswa,shareswadil,sps,tangibles,taxassets,taxexp,taxliabilities,tbvps,workingcapital
0,PTV,MRY,2009-12-31,2009-12-31,2009-12-31,2019-04-23,3000000.0,3574000000.0,3664000000.0,832000000.0,2742000000.0,0.917,7.464,-111000000.0,46000000.0,46000000.0,2241000000.0,324000000.0,1.995,2.612,1275000000.0,5000000.0,1270000000.0,1275000000.0,0.0,184000000.0,0.0,0.0,0.0,594000000.0,778000000.0,0.232,778000000.0,594000000.0,500000000.0,2.45,2.42,2.45,985000000.0,879250000.0,985000000.0,4365119127.0,7.0,5.611,50000000.0,0.379,1.0,1119000000.0,0.333,1507000000.0,94000000.0,2879000000.0,2923500000.0,390000000.0,0.0,0.0,0.0,2573000000.0,417000000.0,2156000000.0,3194119127.0,-34000000.0,-20000000.0,6000000.0,-70000000.0,0.0,-66000000.0,-129000000.0,0.0,161000000.0,0.0,323000000.0,323000000.0,323000000.0,0.0,1000000.0,0.096,540000000.0,579000000.0,144000000.0,0.0,3.243,9.889,9.853,1172000000.0,0.0,24.14,0.951,0.948,328000000.0,1981000000.0,3360000000.0,3360000000.0,0.0,0.088,0.367,0.203,0.177,16000000.0,349000000.0,1.0,132316451.0,131967907.0,133471047.0,25.461,2067000000.0,53000000.0,177000000.0,85000000.0,15.663,415000000.0
1,PTV,MRY,2008-12-31,2008-12-31,2008-12-31,2019-04-23,-9000000.0,3761000000.0,3851750000.0,797000000.0,2964000000.0,0.926,5.125,-136000000.0,80000000.0,80000000.0,2638000000.0,217000000.0,2.358,4.581,1345000000.0,0.0,1345000000.0,1345000000.0,0.0,182000000.0,0.0,0.0,0.0,441000000.0,623000000.0,0.175,623000000.0,441000000.0,335000000.0,1.65,1.63,1.65,671000000.0,1184000000.0,671000000.0,4657049878.0,11.0,7.475,214000000.0,1.635,1.0,929000000.0,0.26,1524000000.0,106000000.0,3164000000.0,3290000000.0,391000000.0,0.0,0.0,0.0,3074000000.0,338000000.0,2736000000.0,3269049878.0,-15000000.0,0.0,6000000.0,-230000000.0,0.0,-226000000.0,-137000000.0,0.0,350000000.0,-2000000.0,216000000.0,216000000.0,216000000.0,0.0,1000000.0,0.061,485000000.0,444000000.0,115000000.0,0.0,4.872,15.134,15.079,1209000000.0,0.0,24.88,0.916,0.913,311000000.0,1658000000.0,3567000000.0,3567000000.0,0.0,0.056,0.182,0.134,0.124,16000000.0,281000000.0,1.0,131392680.0,130925861.0,132473458.0,27.244,2237000000.0,161000000.0,119000000.0,14000000.0,17.086,459000000.0
2,PTV,MRY,2007-12-31,2007-12-31,2007-12-31,2019-04-23,34000000.0,3765000000.0,3455250000.0,797000000.0,2968000000.0,0.941,9.365,-151000000.0,95000000.0,95000000.0,2325000000.0,246000000.0,1.733,2.071,1574000000.0,0.0,1574000000.0,1574000000.0,0.0,166000000.0,0.0,0.0,0.0,473000000.0,639000000.0,0.196,639000000.0,473000000.0,377000000.0,1.86,1.84,1.86,1226000000.0,1000250000.0,1226000000.0,5071770785.0,11.0,7.937,286000000.0,2.185,1.0,928000000.0,0.285,1546000000.0,96000000.0,3238000000.0,2973750000.0,369000000.0,0.0,0.0,0.0,2539000000.0,460000000.0,2079000000.0,3474770785.0,-86000000.0,-1013000000.0,-89000000.0,699000000.0,0.0,638000000.0,-1164000000.0,0.0,437000000.0,3000000.0,244000000.0,244000000.0,244000000.0,0.0,2000000.0,0.075,459000000.0,469000000.0,162000000.0,0.0,2.834,14.241,14.317,1264000000.0,0.0,26.63,1.068,1.072,273000000.0,1402000000.0,3253000000.0,3253000000.0,0.0,0.071,0.244,0.159,0.145,9000000.0,286000000.0,1.0,130483319.0,130912229.0,132869555.0,24.849,2219000000.0,46000000.0,133000000.0,277000000.0,16.95,337000000.0
3,PTV,MRY,2006-12-31,2006-12-31,2006-12-31,2019-04-23,10000000.0,2758000000.0,2786500000.0,838000000.0,1920000000.0,1.047,6.187,-78000000.0,181000000.0,181000000.0,2027000000.0,274000000.0,1.54,2.233,869000000.0,98000000.0,771000000.0,869000000.0,0.0,145000000.0,0.0,0.0,0.0,461000000.0,606000000.0,0.208,606000000.0,461000000.0,388000000.0,1.99,1.96,1.99,853000000.0,828000000.0,853000000.0,5496205379.0,12.0,9.07,294000000.0,2.133,1.0,890000000.0,0.305,763000000.0,73000000.0,2139000000.0,2211500000.0,296000000.0,0.0,0.0,0.0,1905000000.0,544000000.0,1361000000.0,4749205379.0,9000000.0,3000000.0,-296000000.0,0.0,0.0,-294000000.0,-75000000.0,0.0,372000000.0,6000000.0,274000000.0,274000000.0,274000000.0,3000000.0,0.0,0.094,466000000.0,424000000.0,152000000.0,0.0,5.568,17.333,17.935,1093000000.0,0.0,35.69,1.628,1.687,323000000.0,1157000000.0,2917000000.0,2917000000.0,0.0,0.098,0.331,0.208,0.158,5000000.0,316000000.0,1.0,133068237.0,137865929.0,139704381.0,21.158,1995000000.0,26000000.0,114000000.0,148000000.0,14.471,294000000.0
4,PTV,MRY,2005-12-31,2005-12-31,2005-12-31,2019-04-23,34000000.0,2820000000.0,3267750000.0,820000000.0,2000000000.0,0.843,5.571,-143000000.0,172000000.0,172000000.0,2035000000.0,54000000.0,1.798,2.439,872000000.0,3000000.0,869000000.0,872000000.0,0.0,146000000.0,0.0,0.0,0.0,217000000.0,363000000.0,0.132,363000000.0,217000000.0,135000000.0,0.37,0.36,0.37,820000000.0,922500000.0,820000000.0,4355242324.0,20.0,11.998,123000000.0,0.836,1.0,721000000.0,0.262,787000000.0,82000000.0,2277000000.0,2651750000.0,289000000.0,0.0,0.0,0.0,2000000000.0,456000000.0,1544000000.0,3152242324.0,-50000000.0,426000000.0,-136000000.0,-468000000.0,0.0,-595000000.0,283000000.0,0.0,266000000.0,-4000000.0,54000000.0,54000000.0,54000000.0,89000000.0,0.0,0.02,421000000.0,300000000.0,179000000.0,0.0,3.844,58.375,59.459,1141000000.0,0.0,22.0,1.144,1.175,319000000.0,883000000.0,2756000000.0,2756000000.0,0.0,0.017,0.059,0.082,0.079,0.0,259000000.0,1.0,143283742.0,147182776.0,148849418.0,18.725,2033000000.0,0.0,81000000.0,136000000.0,13.813,364000000.0
5,PTV,MRY,2004-12-31,2004-12-31,2004-12-31,2019-04-23,-889000000.0,3741000000.0,3683500000.0,1592000000.0,2149000000.0,0.691,7.158,-100000000.0,222000000.0,222000000.0,1795000000.0,155000000.0,1.537,2.454,1340000000.0,471000000.0,869000000.0,1340000000.0,0.0,139000000.0,0.0,0.0,0.0,318000000.0,457000000.0,0.18,457000000.0,318000000.0,233000000.0,1.02,1.01,1.02,1083000000.0,993500000.0,1083000000.0,4913775201.0,15.0,10.752,266000000.0,1.758,1.0,749000000.0,0.294,732000000.0,85000000.0,3091000000.0,3321750000.0,311000000.0,0.0,0.0,0.0,2658000000.0,1036000000.0,1622000000.0,3753775201.0,82000000.0,2000000.0,-197000000.0,0.0,0.0,-197000000.0,-91000000.0,0.0,366000000.0,4000000.0,155000000.0,155000000.0,155000000.0,-17000000.0,0.0,0.061,452000000.0,297000000.0,183000000.0,0.0,3.466,24.218,24.794,1137000000.0,0.0,25.29,1.476,1.504,278000000.0,829000000.0,2544000000.0,2544000000.0,0.0,0.042,0.156,0.096,0.125,0.0,229000000.0,1.0,148429229.0,151289798.0,153763156.0,16.815,3009000000.0,0.0,78000000.0,246000000.0,19.889,556000000.0
6,PTV,MRY,2003-12-31,2003-12-31,2003-12-31,2019-04-23,-941000000.0,3706000000.0,3559750000.0,982000000.0,2724000000.0,0.668,6.718,-112000000.0,140000000.0,140000000.0,1615000000.0,183000000.0,2.072,2.493,1341000000.0,5000000.0,1336000000.0,1341000000.0,0.0,135000000.0,0.0,0.0,0.0,374000000.0,509000000.0,0.214,509000000.0,374000000.0,291000000.0,1.16,1.14,1.16,1061000000.0,1012750000.0,1061000000.0,4744077538.0,13.0,9.32,224000000.0,1.418,1.0,764000000.0,0.321,941000000.0,83000000.0,3492000000.0,3203250000.0,399000000.0,0.0,0.0,0.0,2645000000.0,474000000.0,2171000000.0,3758077538.0,13000000.0,-82000000.0,-67000000.0,-65000000.0,0.0,-134000000.0,-194000000.0,0.0,336000000.0,5000000.0,183000000.0,183000000.0,183000000.0,-19000000.0,0.0,0.077,343000000.0,421000000.0,198000000.0,0.0,3.542,20.536,20.603,1522000000.0,0.0,23.9,1.58,1.587,346000000.0,674000000.0,2379000000.0,2379000000.0,0.0,0.051,0.181,0.117,0.157,0.0,204000000.0,1.0,157241738.0,157932323.0,160143600.0,15.063,2765000000.0,46000000.0,108000000.0,228000000.0,17.507,508000000.0
7,PTV,MRY,2002-12-31,2002-12-31,2002-12-31,2019-04-23,-975000000.0,3412000000.0,3714750000.0,904000000.0,2508000000.0,0.775,5.655,-126000000.0,127000000.0,127000000.0,1967000000.0,148000000.0,1.804,2.804,1237000000.0,13000000.0,1224000000.0,1237000000.0,0.0,158000000.0,0.0,0.0,0.0,390000000.0,548000000.0,0.19,548000000.0,390000000.0,294000000.0,0.93,0.92,0.93,897000000.0,1279750000.0,897000000.0,4540172060.0,12.0,8.285,258000000.0,1.627,1.0,913000000.0,0.317,906000000.0,96000000.0,3115000000.0,3472500000.0,368000000.0,0.0,0.0,0.0,2515000000.0,501000000.0,2014000000.0,3464172060.0,86000000.0,-118000000.0,-29000000.0,-28000000.0,0.0,-57000000.0,-244000000.0,0.0,384000000.0,3000000.0,148000000.0,148000000.0,148000000.0,0.0,0.0,0.051,450000000.0,463000000.0,217000000.0,0.0,3.862,23.407,23.505,1366000000.0,0.0,21.86,1.203,1.204,329000000.0,491000000.0,2880000000.0,2880000000.0,0.0,0.04,0.116,0.112,0.135,0.0,296000000.0,1.0,158470817.0,158618274.0,160613075.0,18.157,2506000000.0,23000000.0,146000000.0,151000000.0,15.799,403000000.0
8,PTV,MRY,2001-12-31,2001-12-31,2001-12-31,2019-04-23,-54000000.0,4060000000.0,4056000000.0,740000000.0,3320000000.0,0.693,10.634,-145000000.0,41000000.0,41000000.0,1950000000.0,193000000.0,1.612,1.404,1218000000.0,7000000.0,1211000000.0,1218000000.0,0.0,177000000.0,0.0,0.0,0.0,418000000.0,595000000.0,0.212,595000000.0,418000000.0,311000000.0,1.21,1.2,1.21,1689000000.0,1615750000.0,1689000000.0,4039687908.0,10.0,6.789,226000000.0,1.423,1.0,862000000.0,0.307,908000000.0,107000000.0,3870000000.0,3926250000.0,332000000.0,0.0,0.0,0.0,2371000000.0,459000000.0,1912000000.0,2827687908.0,15000000.0,143000000.0,16000000.0,-355000000.0,0.0,-354000000.0,-1000000.0,1000000.0,371000000.0,-1000000.0,193000000.0,193000000.0,193000000.0,-28000000.0,0.0,0.069,471000000.0,391000000.0,201000000.0,0.0,1.674,14.651,14.669,1273000000.0,0.0,17.75,1.006,1.003,259000000.0,343000000.0,2812000000.0,2812000000.0,0.0,0.048,0.119,0.106,0.149,0.0,288000000.0,1.0,159306361.0,158833296.0,159527170.0,17.704,3152000000.0,65000000.0,118000000.0,604000000.0,19.845,281000000.0
9,PTV,MRY,2000-12-31,2000-12-31,2000-12-31,2019-04-23,3000000.0,4223000000.0,4387750000.0,900000000.0,3323000000.0,0.696,9.516,-135000000.0,26000000.0,26000000.0,2235000000.0,247000000.0,1.758,1.744,1573000000.0,13000000.0,1560000000.0,1573000000.0,0.0,185000000.0,0.0,0.0,0.0,472000000.0,657000000.0,0.215,657000000.0,472000000.0,338000000.0,1.53,1.53,1.53,1539000000.0,1508000000.0,1539000000.0,3603451997.0,8.0,5.485,155000000.0,0.958,1.0,817000000.0,0.268,940000000.0,134000000.0,4318000000.0,4519750000.0,401000000.0,0.0,0.0,0.0,2684000000.0,512000000.0,2172000000.0,1955451997.0,14000000.0,439000000.0,-85000000.0,-493000000.0,0.0,-578000000.0,302000000.0,-2000000.0,290000000.0,0.0,247000000.0,247000000.0,247000000.0,-134000000.0,0.0,0.081,476000000.0,341000000.0,233000000.0,0.0,1.271,7.917,8.088,1231000000.0,0.0,12.375,0.641,0.656,275000000.0,151000000.0,3052000000.0,3052000000.0,0.0,0.056,0.164,0.104,0.155,0.0,247000000.0,1.0,158016323.0,161722021.0,161778740.0,18.872,3283000000.0,109000000.0,91000000.0,486000000.0,20.3,388000000.0
10,PTV,MRY,1999-12-31,1999-12-31,1999-12-31,2019-04-23,-24000000.0,4588000000.0,4581500000.0,866000000.0,3722000000.0,0.661,8.064,-173000000.0,12000000.0,12000000.0,2162000000.0,-344000000.0,0.981,2.399,2066000000.0,325000000.0,1741000000.0,2066000000.0,0.0,184000000.0,0.0,0.0,0.0,-245000000.0,-61000000.0,-0.02,-61000000.0,-245000000.0,-391000000.0,-2.05,-2.05,-2.05,1350000000.0,1385750000.0,1350000000.0,3749960979.0,-15.0,-61.475,-204000000.0,-1.219,1.0,866000000.0,0.286,981000000.0,146000000.0,4778000000.0,4427750000.0,429000000.0,0.0,0.0,0.0,3238000000.0,883000000.0,2355000000.0,1788960979.0,5000000.0,-818000000.0,0.0,2524000000.0,0.0,1030000000.0,-994000000.0,-3000000.0,-31000000.0,0.0,-344000000.0,-344000000.0,-344000000.0,193000000.0,0.0,-0.114,879000000.0,-13000000.0,265000000.0,0.0,1.325,-5.2,-5.183,1396000000.0,0.0,10.625,0.591,0.587,279000000.0,-96000000.0,3028000000.0,3028000000.0,0.0,-0.075,-0.248,-0.055,-0.081,0.0,368000000.0,1.0,168372798.0,167405315.0,167663438.0,18.088,3607000000.0,120000000.0,-47000000.0,351000000.0,21.547,-17000000.0
11,PTV,MRY,1998-12-31,1998-12-31,1998-12-31,2019-04-23,0.0,4798000000.0,,917000000.0,3881000000.0,,10.54,-194000000.0,7000000.0,7000000.0,2032000000.0,139000000.0,0.803,1.702,1907000000.0,595000000.0,1312000000.0,1907000000.0,0.0,175000000.0,0.0,,0.0,339000000.0,514000000.0,0.174,514000000.0,339000000.0,206000000.0,0.83,0.83,0.83,1776000000.0,,1776000000.0,,,,383000000.0,2.273,1.0,925000000.0,0.313,1052000000.0,133000000.0,4504000000.0,,412000000.0,0.0,0.0,0.0,3022000000.0,1142000000.0,1880000000.0,,-4000000.0,-282000000.0,0.0,-11000000.0,0.0,-67000000.0,-514000000.0,-38000000.0,577000000.0,0.0,139000000.0,139000000.0,139000000.0,-57000000.0,0.0,0.047,642000000.0,283000000.0,255000000.0,0.0,,,,1556000000.0,0.0,,,,336000000.0,,2957000000.0,2957000000.0,0.0,,,,0.115,0.0,432000000.0,1.0,,168505573.0,168834531.0,17.548,3746000000.0,21000000.0,67000000.0,304000000.0,22.231,-225000000.0
12,PTV,MRY,1997-12-31,1997-12-31,1997-12-31,2019-04-23,,,,,,,,-229000000.0,,,1779000000.0,89000000.0,,,,,,,,163000000.0,,,0.0,288000000.0,451000000.0,0.176,451000000.0,288000000.0,164000000.0,0.52,0.52,0.52,,,,,,,176000000.0,1.034,1.0,784000000.0,0.306,,124000000.0,,,,,,,,,,,-11000000.0,-369000000.0,0.0,-92000000.0,0.0,239000000.0,-654000000.0,-56000000.0,405000000.0,-1000000.0,89000000.0,89000000.0,89000000.0,-21000000.0,0.0,0.035,484000000.0,300000000.0,,0.0,,,,,0.0,,,,,,2563000000.0,2563000000.0,34000000.0,,,,0.112,0.0,287000000.0,1.0,,170264731.0,170801636.0,15.053,,,75000000.0,,,
13,PTV,MRY,1996-12-31,1996-12-31,1996-12-31,2019-04-23,,,,,,,,-216000000.0,,,1417000000.0,134000000.0,,,,,,,,131000000.0,,,0.0,303000000.0,434000000.0,0.218,434000000.0,303000000.0,201000000.0,0.79,0.79,0.79,,,,,,,47000000.0,,1.0,570000000.0,0.287,,102000000.0,,,,,,,,,,,-8000000.0,-346000000.0,0.0,-23000000.0,0.0,399000000.0,-669000000.0,-107000000.0,263000000.0,-1000000.0,134000000.0,134000000.0,134000000.0,-71000000.0,0.0,0.067,385000000.0,185000000.0,,0.0,,,,,0.0,,,,,,1987000000.0,1987000000.0,22000000.0,,,,0.152,0.0,232000000.0,,,,,,,,67000000.0,,,
0,PTV,MRQ,2010-09-30,2010-09-30,2010-09-30,2019-04-23,7000000.0,3959000000.0,,1059000000.0,2900000000.0,,9.293,-35000000.0,52000000.0,52000000.0,696000000.0,82000000.0,1.783,2.191,1435000000.0,165000000.0,1270000000.0,1435000000.0,0.0,49000000.0,0.0,0.0,0.0,119000000.0,168000000.0,0.178,168000000.0,119000000.0,94000000.0,0.6,0.6,0.6,1236000000.0,,1236000000.0,5867873663.0,13.0,9.027,100000000.0,0.752,1.0,248000000.0,0.263,1604000000.0,25000000.0,3144000000.0,,482000000.0,0.0,0.0,0.0,2708000000.0,594000000.0,2114000000.0,4385873663.0,9000000.0,-3000000.0,1000000.0,-90000000.0,0.0,-89000000.0,-39000000.0,0.0,135000000.0,2000000.0,81000000.0,81000000.0,81000000.0,0.0,1000000.0,0.086,131000000.0,117000000.0,190000000.0,0.0,3.548,17.335,17.358,1234000000.0,0.0,32.98,1.236,1.236,477000000.0,2185000000.0,944000000.0,944000000.0,0.0,,,,,2000000.0,84000000.0,1.0,132985860.0,132998767.0,134366631.0,7.098,2355000000.0,34000000.0,13000000.0,143000000.0,17.707,465000000.0
1,PTV,MRQ,2010-06-30,2010-06-30,2010-06-30,2019-04-23,-2000000.0,3982000000.0,,1080000000.0,2902000000.0,,8.517,-36000000.0,43000000.0,43000000.0,699000000.0,75000000.0,1.565,2.505,1525000000.0,255000000.0,1270000000.0,1525000000.0,0.0,50000000.0,0.0,0.0,0.0,141000000.0,191000000.0,0.196,191000000.0,141000000.0,116000000.0,0.57,0.56,0.57,1132000000.0,,1132000000.0,5030949376.0,10.0,7.291,45000000.0,0.339,1.0,274000000.0,0.282,1607000000.0,25000000.0,3167000000.0,,489000000.0,0.0,0.0,0.0,2836000000.0,690000000.0,2146000000.0,3700949376.0,-192000000.0,-200000000.0,2000000.0,-40000000.0,0.0,-38000000.0,-234000000.0,0.0,81000000.0,-1000000.0,75000000.0,75000000.0,75000000.0,0.0,0.0,0.077,133000000.0,141000000.0,196000000.0,0.0,3.269,13.913,13.787,1237000000.0,0.0,27.85,1.075,1.075,512000000.0,2104000000.0,973000000.0,973000000.0,0.0,,,,,5000000.0,83000000.0,1.0,132888667.0,132913791.0,134083053.0,7.321,2375000000.0,19000000.0,41000000.0,121000000.0,17.869,390000000.0
2,PTV,MRQ,2010-03-31,2010-03-31,2010-03-31,2019-04-23,7000000.0,3916000000.0,,1182000000.0,2734000000.0,,7.898,-29000000.0,235000000.0,235000000.0,560000000.0,48000000.0,2.173,2.727,1565000000.0,135000000.0,1430000000.0,1565000000.0,0.0,46000000.0,0.0,0.0,0.0,102000000.0,148000000.0,0.19,148000000.0,102000000.0,78000000.0,0.36,0.36,0.36,1047000000.0,,1047000000.0,4561254649.0,9.0,6.535,9000000.0,0.068,1.0,217000000.0,0.279,1503000000.0,24000000.0,3199000000.0,,469000000.0,0.0,0.0,0.0,2855000000.0,544000000.0,2311000000.0,3332254649.0,189000000.0,0.0,0.0,180000000.0,0.0,180000000.0,-29000000.0,0.0,38000000.0,0.0,48000000.0,48000000.0,48000000.0,0.0,0.0,0.062,115000000.0,102000000.0,176000000.0,0.0,3.183,12.296,12.283,1170000000.0,0.0,25.18,0.989,0.99,427000000.0,2029000000.0,777000000.0,777000000.0,0.0,,,,,4000000.0,69000000.0,1.0,132337357.0,132569709.0,133811094.0,5.861,2413000000.0,34000000.0,30000000.0,104000000.0,18.202,638000000.0
3,PTV,MRQ,2009-12-31,2009-12-31,2009-12-31,2019-04-23,3000000.0,3574000000.0,,832000000.0,2742000000.0,,7.446,-33000000.0,46000000.0,46000000.0,620000000.0,49000000.0,1.995,2.612,1275000000.0,5000000.0,1270000000.0,1275000000.0,0.0,46000000.0,0.0,0.0,0.0,97000000.0,143000000.0,0.167,143000000.0,97000000.0,73000000.0,0.37,0.36,0.37,985000000.0,,985000000.0,4365119127.0,7.0,5.611,-63000000.0,-0.476,1.0,234000000.0,0.274,1507000000.0,24000000.0,2879000000.0,,390000000.0,0.0,0.0,0.0,2573000000.0,417000000.0,2156000000.0,3194119127.0,-58000000.0,0.0,4000000.0,0.0,0.0,5000000.0,-33000000.0,0.0,-30000000.0,0.0,49000000.0,49000000.0,49000000.0,0.0,0.0,0.057,138000000.0,96000000.0,144000000.0,0.0,3.243,9.889,9.853,1172000000.0,0.0,24.14,0.951,0.948,328000000.0,1981000000.0,854000000.0,854000000.0,0.0,,,,,3000000.0,86000000.0,1.0,132316451.0,132290575.0,135426306.0,6.455,2067000000.0,53000000.0,24000000.0,85000000.0,15.625,415000000.0
4,PTV,MRQ,2009-09-30,2009-09-30,2009-09-30,2019-04-23,-2000000.0,3563000000.0,,775000000.0,2788000000.0,,7.214,-29000000.0,104000000.0,104000000.0,562000000.0,95000000.0,1.895,2.726,1275000000.0,0.0,1275000000.0,1275000000.0,0.0,46000000.0,0.0,0.0,0.0,162000000.0,208000000.0,0.248,208000000.0,162000000.0,139000000.0,0.72,0.7,0.72,952000000.0,,952000000.0,4555665743.0,8.0,5.871,-53000000.0,-0.402,1.0,277000000.0,0.33,1508000000.0,23000000.0,2817000000.0,,375000000.0,0.0,0.0,0.0,2595000000.0,409000000.0,2186000000.0,3437665743.0,-123000000.0,0.0,1000000.0,-70000000.0,0.0,-71000000.0,-28000000.0,0.0,-24000000.0,0.0,94000000.0,94000000.0,94000000.0,0.0,1000000.0,0.112,129000000.0,148000000.0,147000000.0,0.0,3.611,10.776,10.764,1181000000.0,0.0,26.05,1.014,1.014,275000000.0,1900000000.0,839000000.0,839000000.0,0.0,,,,,3000000.0,83000000.0,1.0,131964136.0,131972681.0,133193283.0,6.357,2055000000.0,38000000.0,45000000.0,23000000.0,15.571,366000000.0
5,PTV,MRQ,2009-06-30,2009-06-30,2009-06-30,2019-04-23,-3000000.0,3799000000.0,,925000000.0,2874000000.0,,6.465,-26000000.0,227000000.0,227000000.0,601000000.0,80000000.0,2.131,3.435,1345000000.0,0.0,1345000000.0,1345000000.0,0.0,46000000.0,0.0,0.0,0.0,153000000.0,199000000.0,0.221,199000000.0,153000000.0,129000000.0,0.6,0.6,0.6,853000000.0,,853000000.0,4055956451.0,8.0,5.665,73000000.0,0.553,1.0,300000000.0,0.333,1513000000.0,24000000.0,2970000000.0,,375000000.0,0.0,0.0,0.0,2930000000.0,434000000.0,2496000000.0,2862956451.0,75000000.0,0.0,1000000.0,0.0,0.0,1000000.0,-26000000.0,0.0,99000000.0,1000000.0,80000000.0,80000000.0,80000000.0,1000000.0,0.0,0.089,147000000.0,153000000.0,158000000.0,0.0,3.356,10.298,10.333,1191000000.0,0.0,21.7,0.824,0.824,291000000.0,1813000000.0,901000000.0,901000000.0,0.0,,,,,7000000.0,100000000.0,1.0,131933477.0,131931203.0,132472333.0,6.829,2286000000.0,116000000.0,49000000.0,40000000.0,17.327,491000000.0
6,PTV,MRQ,2009-03-31,2009-03-31,2009-03-31,2019-04-23,-19000000.0,3720000000.0,,822000000.0,2898000000.0,,5.52,-23000000.0,152000000.0,152000000.0,495000000.0,77000000.0,2.222,4.095,1345000000.0,0.0,1345000000.0,1345000000.0,0.0,46000000.0,0.0,0.0,0.0,145000000.0,191000000.0,0.249,191000000.0,145000000.0,122000000.0,0.58,0.58,0.58,727000000.0,,727000000.0,3183975793.0,6.0,4.621,93000000.0,0.706,1.0,271000000.0,0.354,1515000000.0,23000000.0,3028000000.0,,377000000.0,0.0,0.0,0.0,2977000000.0,370000000.0,2607000000.0,1918975793.0,72000000.0,-20000000.0,0.0,0.0,0.0,-1000000.0,-42000000.0,0.0,116000000.0,-1000000.0,77000000.0,77000000.0,77000000.0,0.0,0.0,0.101,126000000.0,145000000.0,128000000.0,0.0,2.64,7.409,7.406,1200000000.0,0.0,14.59,0.544,0.545,244000000.0,1717000000.0,766000000.0,766000000.0,0.0,,,,,3000000.0,80000000.0,1.0,131526785.0,131708127.0,132485534.0,5.816,2205000000.0,149000000.0,45000000.0,51000000.0,16.742,452000000.0
7,PTV,MRQ,2008-12-31,2008-12-31,2008-12-31,2019-04-23,-9000000.0,3761000000.0,,797000000.0,2964000000.0,,5.106,-27000000.0,80000000.0,80000000.0,625000000.0,68000000.0,2.358,4.581,1345000000.0,0.0,1345000000.0,1345000000.0,0.0,44000000.0,0.0,0.0,0.0,134000000.0,178000000.0,0.202,178000000.0,134000000.0,107000000.0,0.52,0.51,0.52,671000000.0,,671000000.0,4657049878.0,11.0,7.475,119000000.0,0.906,1.0,258000000.0,0.292,1524000000.0,27000000.0,3164000000.0,,391000000.0,0.0,0.0,0.0,3074000000.0,338000000.0,2736000000.0,3269049878.0,43000000.0,0.0,6000000.0,-80000000.0,0.0,-74000000.0,-28000000.0,0.0,146000000.0,-1000000.0,68000000.0,68000000.0,68000000.0,0.0,0.0,0.077,124000000.0,134000000.0,115000000.0,0.0,4.872,15.134,15.079,1209000000.0,0.0,24.88,0.916,0.913,311000000.0,1658000000.0,883000000.0,883000000.0,0.0,,,,,4000000.0,73000000.0,1.0,131392680.0,131416550.0,133742020.0,6.719,2237000000.0,161000000.0,39000000.0,14000000.0,17.022,459000000.0
8,PTV,MRQ,2008-09-30,2008-09-30,2008-09-30,2019-04-23,30000000.0,3860000000.0,,835000000.0,3025000000.0,,10.809,-23000000.0,37000000.0,37000000.0,711000000.0,54000000.0,1.807,1.728,1425000000.0,0.0,1425000000.0,1425000000.0,0.0,46000000.0,0.0,0.0,0.0,102000000.0,148000000.0,0.16,148000000.0,102000000.0,77000000.0,0.4,0.4,0.4,1415000000.0,,1415000000.0,4752704617.0,11.0,7.83,117000000.0,0.894,1.0,214000000.0,0.231,1534000000.0,25000000.0,3252000000.0,,450000000.0,0.0,0.0,0.0,2445000000.0,462000000.0,1983000000.0,3250704617.0,-16000000.0,0.0,0.0,-130000000.0,0.0,-130000000.0,-23000000.0,0.0,140000000.0,-3000000.0,53000000.0,53000000.0,53000000.0,0.0,1000000.0,0.057,112000000.0,102000000.0,192000000.0,0.0,2.297,15.78,15.815,1236000000.0,0.0,24.83,0.913,0.913,300000000.0,1557000000.0,925000000.0,925000000.0,0.0,,,,,3000000.0,67000000.0,1.0,130918430.0,130907540.0,132098844.0,7.066,2326000000.0,37000000.0,24000000.0,325000000.0,17.768,373000000.0
9,PTV,MRQ,2008-06-30,2008-06-30,2008-06-30,2019-04-23,43000000.0,3942000000.0,,904000000.0,3038000000.0,,10.435,-39000000.0,53000000.0,53000000.0,704000000.0,61000000.0,1.872,1.888,1555000000.0,0.0,1555000000.0,1555000000.0,0.0,46000000.0,0.0,0.0,0.0,126000000.0,172000000.0,0.181,172000000.0,126000000.0,99000000.0,0.47,0.46,0.47,1365000000.0,,1365000000.0,4279574318.0,10.0,6.825,1000000.0,0.008,1.0,247000000.0,0.26,1544000000.0,27000000.0,3417000000.0,,436000000.0,0.0,0.0,0.0,2577000000.0,483000000.0,2094000000.0,2776574318.0,1000000.0,0.0,1000000.0,0.0,0.0,0.0,-40000000.0,0.0,40000000.0,1000000.0,61000000.0,61000000.0,61000000.0,3000000.0,0.0,0.064,118000000.0,129000000.0,199000000.0,0.0,2.034,13.097,13.025,1262000000.0,0.0,21.23,0.792,0.792,358000000.0,1504000000.0,951000000.0,951000000.0,0.0,,,,,4000000.0,70000000.0,1.0,130785413.0,130809701.0,131980485.0,7.27,2398000000.0,44000000.0,38000000.0,311000000.0,18.332,421000000.0
10,PTV,MRQ,2008-03-31,2008-03-31,2008-03-31,2019-04-23,36000000.0,3844000000.0,,829000000.0,3015000000.0,,9.84,-47000000.0,52000000.0,52000000.0,598000000.0,34000000.0,1.72,1.991,1555000000.0,1000000.0,1554000000.0,1555000000.0,0.0,46000000.0,0.0,0.0,0.0,79000000.0,125000000.0,0.155,125000000.0,79000000.0,52000000.0,0.26,0.26,0.26,1285000000.0,,1285000000.0,4896754356.0,11.0,7.86,-23000000.0,-0.176,1.0,210000000.0,0.26,1538000000.0,27000000.0,3327000000.0,,434000000.0,0.0,0.0,0.0,2559000000.0,482000000.0,2077000000.0,3417754356.0,-43000000.0,0.0,-1000000.0,-20000000.0,0.0,-22000000.0,-46000000.0,0.0,24000000.0,1000000.0,34000000.0,34000000.0,34000000.0,1000000.0,0.0,0.042,131000000.0,79000000.0,204000000.0,0.0,2.66,15.465,15.509,1270000000.0,0.0,26.21,1.01,1.011,285000000.0,1443000000.0,808000000.0,808000000.0,0.0,,,,,5000000.0,71000000.0,1.0,130398869.0,130593232.0,132107033.0,6.187,2306000000.0,44000000.0,18000000.0,295000000.0,17.658,347000000.0
11,PTV,MRQ,2007-12-31,2007-12-31,2007-12-31,2019-04-23,34000000.0,3765000000.0,,797000000.0,2968000000.0,,9.394,-48000000.0,95000000.0,95000000.0,640000000.0,60000000.0,1.733,2.071,1574000000.0,0.0,1574000000.0,1574000000.0,0.0,46000000.0,0.0,0.0,0.0,116000000.0,162000000.0,0.185,162000000.0,116000000.0,87000000.0,0.44,0.44,0.44,1226000000.0,,1226000000.0,5071770785.0,11.0,7.937,113000000.0,0.866,1.0,236000000.0,0.269,1546000000.0,29000000.0,3238000000.0,,369000000.0,0.0,0.0,0.0,2539000000.0,460000000.0,2079000000.0,3474770785.0,26000000.0,9000000.0,-1000000.0,-92000000.0,0.0,-97000000.0,-39000000.0,0.0,161000000.0,1000000.0,58000000.0,58000000.0,58000000.0,1000000.0,2000000.0,0.066,120000000.0,116000000.0,162000000.0,0.0,2.834,14.241,14.317,1264000000.0,0.0,26.63,1.068,1.072,273000000.0,1402000000.0,876000000.0,876000000.0,0.0,,,,,2000000.0,71000000.0,1.0,130483319.0,130512878.0,133100075.0,6.712,2219000000.0,46000000.0,29000000.0,277000000.0,17.002,337000000.0
12,PTV,MRQ,2007-09-30,2007-09-30,2007-09-30,2019-04-23,30000000.0,3686000000.0,,809000000.0,2877000000.0,,7.692,-51000000.0,69000000.0,69000000.0,626000000.0,59000000.0,1.621,2.668,1666000000.0,0.0,1666000000.0,1666000000.0,0.0,45000000.0,0.0,0.0,0.0,123000000.0,168000000.0,0.193,168000000.0,123000000.0,94000000.0,0.46,0.45,0.46,1005000000.0,,1005000000.0,5369480741.0,12.0,8.745,32000000.0,0.245,1.0,246000000.0,0.282,1534000000.0,29000000.0,3250000000.0,,412000000.0,0.0,0.0,0.0,2681000000.0,499000000.0,2182000000.0,3746480741.0,-7000000.0,-2000000.0,-6000000.0,-33000000.0,0.0,-38000000.0,-53000000.0,0.0,83000000.0,1000000.0,59000000.0,59000000.0,59000000.0,0.0,0.0,0.068,124000000.0,122000000.0,181000000.0,0.0,3.728,15.742,15.747,1281000000.0,0.0,28.66,1.203,1.202,296000000.0,1343000000.0,872000000.0,872000000.0,0.0,,,,,3000000.0,76000000.0,1.0,130721589.0,130648291.0,132197719.0,6.674,2152000000.0,0.0,35000000.0,182000000.0,16.472,310000000.0
13,PTV,MRQ,2007-06-30,2007-06-30,2007-06-30,2019-04-23,26000000.0,3678000000.0,,815000000.0,2863000000.0,,7.188,-28000000.0,76000000.0,76000000.0,588000000.0,70000000.0,1.601,2.921,1699000000.0,0.0,1699000000.0,1699000000.0,0.0,39000000.0,0.0,0.0,0.0,129000000.0,168000000.0,0.203,168000000.0,129000000.0,109000000.0,0.53,0.53,0.53,938000000.0,,938000000.0,4902936289.0,10.0,7.934,123000000.0,0.943,1.0,240000000.0,0.29,1526000000.0,20000000.0,3266000000.0,,386000000.0,0.0,0.0,0.0,2740000000.0,509000000.0,2231000000.0,4157936289.0,-49000000.0,-1021000000.0,6000000.0,824000000.0,0.0,848000000.0,-1049000000.0,0.0,151000000.0,1000000.0,70000000.0,70000000.0,70000000.0,-1000000.0,0.0,0.085,112000000.0,128000000.0,195000000.0,0.0,4.433,14.797,15.186,1275000000.0,0.0,31.89,1.39,1.391,319000000.0,1284000000.0,828000000.0,828000000.0,0.0,,,,,2000000.0,73000000.0,1.0,130383703.0,130496123.0,132285645.0,6.345,2152000000.0,0.0,39000000.0,185000000.0,16.491,306000000.0
14,PTV,MRQ,2007-03-31,2007-03-31,2007-03-31,2019-04-23,8000000.0,2692000000.0,,789000000.0,1903000000.0,,6.317,-24000000.0,125000000.0,125000000.0,471000000.0,57000000.0,1.472,2.236,870000000.0,99000000.0,771000000.0,870000000.0,0.0,36000000.0,0.0,0.0,0.0,105000000.0,141000000.0,0.208,141000000.0,105000000.0,87000000.0,0.43,0.43,0.43,832000000.0,,832000000.0,5171440637.0,11.0,8.436,18000000.0,0.137,1.0,206000000.0,0.304,760000000.0,18000000.0,2141000000.0,,342000000.0,0.0,0.0,0.0,1860000000.0,536000000.0,1324000000.0,4483440637.0,-56000000.0,1000000.0,-88000000.0,0.0,0.0,-75000000.0,-23000000.0,0.0,42000000.0,0.0,57000000.0,57000000.0,57000000.0,0.0,0.0,0.084,103000000.0,103000000.0,142000000.0,0.0,5.389,16.012,16.3,1084000000.0,0.0,33.74,1.539,1.525,290000000.0,1214000000.0,677000000.0,677000000.0,0.0,,,,,2000000.0,66000000.0,1.0,132882058.0,131706830.0,133538777.0,5.14,1932000000.0,0.0,30000000.0,172000000.0,14.669,253000000.0
15,PTV,MRQ,2006-12-31,2006-12-31,2006-12-31,2019-04-23,10000000.0,2758000000.0,,838000000.0,1920000000.0,,6.398,-33000000.0,181000000.0,181000000.0,516000000.0,52000000.0,1.54,2.233,869000000.0,98000000.0,771000000.0,869000000.0,0.0,35000000.0,0.0,0.0,0.0,102000000.0,137000000.0,0.186,137000000.0,102000000.0,83000000.0,0.4,0.39,0.4,853000000.0,,853000000.0,5496205379.0,12.0,9.07,97000000.0,0.728,1.0,222000000.0,0.301,763000000.0,19000000.0,2139000000.0,,296000000.0,0.0,0.0,0.0,1905000000.0,544000000.0,1361000000.0,4749205379.0,58000000.0,1000000.0,-40000000.0,0.0,0.0,-40000000.0,-34000000.0,0.0,130000000.0,2000000.0,52000000.0,52000000.0,52000000.0,1000000.0,0.0,0.07,122000000.0,100000000.0,152000000.0,0.0,5.568,17.333,17.935,1093000000.0,0.0,35.69,1.628,1.687,323000000.0,1157000000.0,738000000.0,738000000.0,0.0,,,,,-2000000.0,83000000.0,1.0,133068237.0,133329884.0,135120366.0,5.535,1995000000.0,26000000.0,31000000.0,148000000.0,14.963,294000000.0
16,PTV,MRQ,2006-09-30,2006-09-30,2006-09-30,2019-04-23,-1113000000.0,2768000000.0,,827000000.0,1941000000.0,,5.714,-15000000.0,123000000.0,123000000.0,518000000.0,102000000.0,1.441,2.558,870000000.0,99000000.0,771000000.0,870000000.0,0.0,38000000.0,0.0,0.0,0.0,134000000.0,172000000.0,0.23,172000000.0,134000000.0,116000000.0,0.74,0.73,0.74,778000000.0,,778000000.0,4643414251.0,11.0,7.897,109000000.0,0.801,1.0,231000000.0,0.308,778000000.0,18000000.0,2163000000.0,,345000000.0,0.0,0.0,0.0,1990000000.0,574000000.0,1416000000.0,3921414251.0,-28000000.0,1000000.0,-140000000.0,0.0,0.0,-138000000.0,-15000000.0,0.0,124000000.0,1000000.0,102000000.0,102000000.0,102000000.0,2000000.0,0.0,0.136,128000000.0,103000000.0,172000000.0,0.0,5.04,15.258,15.446,1095000000.0,0.0,28.42,1.343,1.325,323000000.0,1105000000.0,749000000.0,749000000.0,0.0,,,,,3000000.0,90000000.0,1.0,137980797.0,136161990.0,138083567.0,5.501,1990000000.0,0.0,14000000.0,153000000.0,14.615,253000000.0
17,PTV,MRQ,2006-06-30,2006-06-30,2006-06-30,2019-04-23,-1087000000.0,2810000000.0,,850000000.0,1960000000.0,,5.975,-13000000.0,151000000.0,151000000.0,511000000.0,69000000.0,1.635,2.361,873000000.0,102000000.0,771000000.0,873000000.0,0.0,37000000.0,0.0,0.0,0.0,126000000.0,163000000.0,0.217,163000000.0,126000000.0,108000000.0,0.5,0.49,0.5,836000000.0,,836000000.0,4200457303.0,11.0,7.837,63000000.0,0.45,1.0,239000000.0,0.319,780000000.0,18000000.0,2232000000.0,,326000000.0,0.0,0.0,0.0,1974000000.0,520000000.0,1454000000.0,3493457303.0,-14000000.0,0.0,-82000000.0,0.0,0.0,-79000000.0,-13000000.0,0.0,76000000.0,2000000.0,69000000.0,69000000.0,69000000.0,0.0,0.0,0.092,115000000.0,124000000.0,165000000.0,0.0,4.179,18.008,18.199,1112000000.0,0.0,24.75,1.219,1.208,331000000.0,1003000000.0,750000000.0,750000000.0,0.0,,,,,1000000.0,77000000.0,1.0,141149790.0,139927613.0,141436816.0,5.36,2030000000.0,0.0,39000000.0,152000000.0,14.508,330000000.0
18,PTV,MRQ,2006-03-31,2006-03-31,2006-03-31,2019-04-23,-1088000000.0,2810000000.0,,833000000.0,1977000000.0,,5.947,-17000000.0,165000000.0,165000000.0,482000000.0,51000000.0,1.937,2.325,872000000.0,3000000.0,869000000.0,872000000.0,0.0,35000000.0,0.0,0.0,0.0,99000000.0,134000000.0,0.197,134000000.0,99000000.0,81000000.0,0.36,0.35,0.36,845000000.0,,845000000.0,4191758563.0,16.0,10.274,25000000.0,0.176,1.0,198000000.0,0.291,775000000.0,18000000.0,2312000000.0,,330000000.0,0.0,0.0,0.0,1965000000.0,430000000.0,1535000000.0,3491758563.0,-7000000.0,1000000.0,-34000000.0,0.0,0.0,-37000000.0,-13000000.0,0.0,42000000.0,1000000.0,51000000.0,51000000.0,51000000.0,0.0,0.0,0.075,101000000.0,97000000.0,160000000.0,0.0,4.132,42.069,42.31,1133000000.0,0.0,24.54,1.237,1.235,299000000.0,934000000.0,680000000.0,680000000.0,0.0,,,,,3000000.0,66000000.0,1.0,142288450.0,142097788.0,143733696.0,4.785,2035000000.0,0.0,30000000.0,143000000.0,14.321,403000000.0
19,PTV,MRQ,2005-12-31,2005-12-31,2005-12-31,2019-04-23,34000000.0,2820000000.0,,820000000.0,2000000000.0,,5.723,-25000000.0,172000000.0,172000000.0,540000000.0,35000000.0,1.798,2.439,872000000.0,3000000.0,869000000.0,872000000.0,0.0,38000000.0,0.0,0.0,0.0,81000000.0,119000000.0,0.161,119000000.0,81000000.0,59000000.0,0.24,0.23,0.24,820000000.0,,820000000.0,4355242324.0,20.0,11.998,10000000.0,0.07,1.0,201000000.0,0.271,787000000.0,22000000.0,2277000000.0,,289000000.0,0.0,0.0,0.0,2000000000.0,456000000.0,1544000000.0,3152242324.0,62000000.0,524000000.0,-28000000.0,-441000000.0,0.0,-470000000.0,497000000.0,0.0,35000000.0,0.0,35000000.0,35000000.0,35000000.0,8000000.0,0.0,0.047,115000000.0,86000000.0,179000000.0,0.0,3.844,58.375,59.459,1141000000.0,0.0,22.0,1.144,1.175,319000000.0,883000000.0,741000000.0,741000000.0,0.0,,,,,0.0,73000000.0,1.0,143283742.0,143272042.0,144449912.0,5.172,2033000000.0,0.0,24000000.0,136000000.0,14.19,364000000.0
20,PTV,MRQ,2005-09-30,2005-09-30,2005-09-30,2019-04-23,-1002000000.0,3464000000.0,,1439000000.0,2025000000.0,,6.014,-43000000.0,110000000.0,110000000.0,507000000.0,39000000.0,1.485,2.901,1313000000.0,302000000.0,1011000000.0,1313000000.0,0.0,37000000.0,0.0,0.0,0.0,83000000.0,120000000.0,0.173,120000000.0,83000000.0,63000000.0,0.26,0.26,0.26,888000000.0,,888000000.0,3735922991.0,17.0,10.152,24000000.0,0.163,1.0,188000000.0,0.271,797000000.0,20000000.0,2901000000.0,,331000000.0,0.0,0.0,0.0,2576000000.0,969000000.0,1607000000.0,2623922991.0,39000000.0,0.0,-119000000.0,131000000.0,0.0,12000000.0,-40000000.0,0.0,67000000.0,0.0,39000000.0,39000000.0,39000000.0,3000000.0,0.0,0.056,103000000.0,85000000.0,189000000.0,0.0,2.955,39.756,39.818,1154000000.0,0.0,17.52,0.98,0.966,297000000.0,848000000.0,695000000.0,695000000.0,0.0,,,,,0.0,63000000.0,1.0,149767294.0,147645904.0,149017216.0,4.707,2667000000.0,0.0,24000000.0,248000000.0,18.063,470000000.0
21,PTV,MRQ,2005-06-30,2005-06-30,2005-06-30,2019-04-23,-1004000000.0,3369000000.0,,1341000000.0,2028000000.0,,6.449,-37000000.0,71000000.0,71000000.0,525000000.0,-42000000.0,1.454,2.498,1183000000.0,303000000.0,880000000.0,1183000000.0,0.0,36000000.0,0.0,0.0,0.0,-1000000.0,35000000.0,0.05,35000000.0,-1000000.0,-21000000.0,-0.28,-0.28,-0.28,963000000.0,,963000000.0,4337377336.0,17.0,11.121,1000000.0,0.007,1.0,182000000.0,0.257,799000000.0,20000000.0,2760000000.0,,360000000.0,0.0,0.0,0.0,2406000000.0,922000000.0,1484000000.0,3220377336.0,16000000.0,0.0,7000000.0,11000000.0,0.0,17000000.0,-37000000.0,0.0,38000000.0,-2000000.0,-42000000.0,-42000000.0,-42000000.0,79000000.0,0.0,-0.059,105000000.0,77000000.0,175000000.0,0.0,3.344,38.8,38.536,1154000000.0,0.0,21.58,1.222,1.223,201000000.0,809000000.0,707000000.0,707000000.0,0.0,,,,,0.0,66000000.0,1.0,149229719.0,149329245.0,151208648.0,4.735,2570000000.0,0.0,21000000.0,230000000.0,17.21,419000000.0
22,PTV,MRQ,2005-03-31,2005-03-31,2005-03-31,2019-04-23,-981000000.0,3418000000.0,,890000000.0,2528000000.0,,6.843,-38000000.0,55000000.0,55000000.0,463000000.0,22000000.0,1.024,2.354,1172000000.0,303000000.0,869000000.0,1172000000.0,0.0,35000000.0,0.0,0.0,0.0,54000000.0,89000000.0,0.145,89000000.0,54000000.0,34000000.0,0.15,0.15,0.15,1019000000.0,,1019000000.0,4597145717.0,13.0,9.597,88000000.0,0.591,1.0,150000000.0,0.245,997000000.0,20000000.0,2669000000.0,,459000000.0,0.0,0.0,0.0,2399000000.0,869000000.0,1530000000.0,3478145717.0,-167000000.0,-98000000.0,4000000.0,-169000000.0,0.0,-154000000.0,-137000000.0,0.0,126000000.0,-2000000.0,22000000.0,22000000.0,22000000.0,-1000000.0,0.0,0.036,98000000.0,52000000.0,276000000.0,0.0,3.413,19.651,19.788,1455000000.0,0.0,23.35,1.347,1.347,310000000.0,851000000.0,613000000.0,613000000.0,0.0,,,,,0.0,57000000.0,1.0,148956990.0,148904379.0,151118207.0,4.117,2421000000.0,0.0,12000000.0,227000000.0,16.259,21000000.0
23,PTV,MRQ,2004-12-31,2004-12-31,2004-12-31,2019-04-23,-889000000.0,3741000000.0,,1592000000.0,2149000000.0,,7.275,-32000000.0,222000000.0,222000000.0,483000000.0,47000000.0,1.537,2.454,1340000000.0,471000000.0,869000000.0,1340000000.0,0.0,34000000.0,0.0,0.0,0.0,90000000.0,124000000.0,0.187,124000000.0,90000000.0,69000000.0,0.31,0.31,0.31,1083000000.0,,1083000000.0,4913775201.0,15.0,10.752,21000000.0,0.141,1.0,180000000.0,0.271,732000000.0,21000000.0,3091000000.0,,311000000.0,0.0,0.0,0.0,2658000000.0,1036000000.0,1622000000.0,3753775201.0,41000000.0,2000000.0,9000000.0,0.0,0.0,9000000.0,-25000000.0,0.0,53000000.0,4000000.0,47000000.0,47000000.0,47000000.0,-5000000.0,0.0,0.071,99000000.0,81000000.0,183000000.0,0.0,3.466,24.218,24.794,1137000000.0,0.0,25.29,1.476,1.504,278000000.0,829000000.0,663000000.0,663000000.0,0.0,,,,,0.0,56000000.0,1.0,148429229.0,148858343.0,151330060.0,4.454,3009000000.0,0.0,22000000.0,246000000.0,20.214,556000000.0
24,PTV,MRQ,2004-09-30,2004-09-30,2004-09-30,2019-04-23,-946000000.0,3702000000.0,,1061000000.0,2641000000.0,,6.469,-31000000.0,181000000.0,181000000.0,464000000.0,56000000.0,1.871,2.832,1341000000.0,5000000.0,1336000000.0,1341000000.0,0.0,36000000.0,0.0,0.0,0.0,106000000.0,142000000.0,0.218,142000000.0,106000000.0,84000000.0,0.38,0.37,0.38,966000000.0,,966000000.0,4715247987.0,,,113000000.0,0.757,1.0,188000000.0,0.288,933000000.0,22000000.0,3362000000.0,,415000000.0,0.0,0.0,0.0,2736000000.0,567000000.0,2169000000.0,3494247987.0,62000000.0,0.0,-54000000.0,0.0,0.0,-53000000.0,-30000000.0,0.0,144000000.0,1000000.0,56000000.0,56000000.0,56000000.0,-7000000.0,0.0,0.086,89000000.0,99000000.0,244000000.0,0.0,3.617,,,1434000000.0,0.0,23.25,1.633,1.622,391000000.0,782000000.0,652000000.0,652000000.0,0.0,,,,,0.0,55000000.0,1.0,150290236.0,149323411.0,151745436.0,4.366,2769000000.0,0.0,28000000.0,258000000.0,18.544,494000000.0
25,PTV,MRQ,2004-06-30,2004-06-30,2004-06-30,2019-04-23,-959000000.0,3625000000.0,,977000000.0,2648000000.0,,6.247,-18000000.0,119000000.0,119000000.0,453000000.0,52000000.0,1.919,2.82,1340000000.0,4000000.0,1336000000.0,1340000000.0,0.0,24000000.0,0.0,0.0,0.0,100000000.0,124000000.0,0.19,124000000.0,100000000.0,79000000.0,0.34,0.33,0.34,949000000.0,,949000000.0,5034353718.0,,,68000000.0,0.448,1.0,201000000.0,0.307,925000000.0,21000000.0,3412000000.0,,398000000.0,0.0,0.0,0.0,2676000000.0,509000000.0,2167000000.0,3820353718.0,-7000000.0,0.0,-75000000.0,1000000.0,0.0,-75000000.0,-18000000.0,0.0,86000000.0,0.0,52000000.0,52000000.0,52000000.0,-5000000.0,0.0,0.08,106000000.0,95000000.0,224000000.0,0.0,4.026,,,1454000000.0,0.0,24.94,1.675,1.661,384000000.0,726000000.0,654000000.0,654000000.0,0.0,,,,,0.0,62000000.0,1.0,153181785.0,151913718.0,154445044.0,4.305,2700000000.0,0.0,27000000.0,232000000.0,17.773,468000000.0
26,PTV,MRQ,2004-03-31,2004-03-31,2004-03-31,2019-04-23,-952000000.0,3666000000.0,,991000000.0,2675000000.0,,6.302,-19000000.0,126000000.0,126000000.0,552000000.0,,1.895,2.756,1340000000.0,4000000.0,1336000000.0,1340000000.0,0.0,45000000.0,0.0,0.0,0.0,,,,,,,,,,976000000.0,,976000000.0,4623270564.0,,,64000000.0,0.413,1.0,223000000.0,0.288,935000000.0,25000000.0,3422000000.0,,426000000.0,0.0,0.0,0.0,2690000000.0,523000000.0,2167000000.0,3422270564.0,-14000000.0,0.0,-77000000.0,-1000000.0,0.0,-78000000.0,-18000000.0,0.0,83000000.0,-1000000.0,,,,,,,198000000.0,25000000.0,223000000.0,,3.506,,,1476000000.0,,22.25,1.404,1.414,346000000.0,674000000.0,775000000.0,775000000.0,,,,,,0.0,81000000.0,1.0,153809913.0,154865139.0,157270657.0,5.004,2731000000.0,0.0,,217000000.0,17.635,468000000.0
27,PTV,MRQ,2003-12-31,2003-12-31,2003-12-31,2019-04-23,-941000000.0,3706000000.0,,982000000.0,2724000000.0,,6.758,-31000000.0,140000000.0,140000000.0,-14000000.0,54000000.0,2.072,2.493,1341000000.0,5000000.0,1336000000.0,1341000000.0,0.0,13000000.0,0.0,0.0,0.0,94000000.0,107000000.0,1.814,107000000.0,94000000.0,82000000.0,0.34,0.34,0.34,1061000000.0,,1061000000.0,4744077538.0,13.0,9.32,30000000.0,0.191,1.0,73000000.0,1.237,941000000.0,12000000.0,3492000000.0,,399000000.0,0.0,0.0,0.0,2645000000.0,474000000.0,2171000000.0,3758077538.0,-46000000.0,-62000000.0,-20000000.0,3000000.0,0.0,-19000000.0,-91000000.0,0.0,61000000.0,3000000.0,54000000.0,54000000.0,54000000.0,-19000000.0,0.0,0.915,-11000000.0,84000000.0,198000000.0,0.0,3.542,20.536,20.603,1522000000.0,0.0,23.9,1.58,1.587,346000000.0,674000000.0,59000000.0,59000000.0,0.0,,,,,0.0,-29000000.0,1.0,157241738.0,156988304.0,159539379.0,0.376,2765000000.0,46000000.0,28000000.0,228000000.0,17.613,508000000.0
28,PTV,MRQ,2003-09-30,2003-09-30,2003-09-30,2019-04-23,-943000000.0,3537000000.0,,1023000000.0,2514000000.0,,6.496,-30000000.0,186000000.0,186000000.0,550000000.0,26000000.0,1.847,2.464,1172000000.0,4000000.0,1168000000.0,1172000000.0,0.0,41000000.0,0.0,0.0,0.0,66000000.0,107000000.0,0.135,107000000.0,66000000.0,43000000.0,0.17,0.16,0.17,1021000000.0,,1021000000.0,4235030865.0,11.0,7.469,90000000.0,0.573,1.0,243000000.0,0.306,913000000.0,23000000.0,3056000000.0,,426000000.0,0.0,0.0,0.0,2516000000.0,554000000.0,1962000000.0,3194030865.0,18000000.0,-22000000.0,-11000000.0,-39000000.0,0.0,-50000000.0,-53000000.0,0.0,120000000.0,1000000.0,26000000.0,26000000.0,26000000.0,0.0,0.0,0.033,121000000.0,122000000.0,207000000.0,0.0,3.128,16.99,17.186,1348000000.0,0.0,20.28,1.031,1.029,329000000.0,620000000.0,793000000.0,793000000.0,0.0,,,,,0.0,80000000.0,1.0,157496591.0,157181437.0,159173696.0,5.045,2624000000.0,0.0,17000000.0,186000000.0,16.694,469000000.0
29,PTV,MRQ,2003-06-30,2003-06-30,2003-06-30,2019-04-23,-939000000.0,3525000000.0,,1016000000.0,2509000000.0,,6.356,-24000000.0,168000000.0,168000000.0,571000000.0,59000000.0,1.973,2.497,1209000000.0,6000000.0,1203000000.0,1209000000.0,0.0,41000000.0,0.0,0.0,0.0,119000000.0,160000000.0,0.198,160000000.0,119000000.0,95000000.0,0.37,0.37,0.37,1008000000.0,,1008000000.0,4219056411.0,9.0,6.816,75000000.0,0.473,1.0,239000000.0,0.295,907000000.0,24000000.0,3144000000.0,,420000000.0,0.0,0.0,0.0,2517000000.0,515000000.0,2002000000.0,3143056411.0,34000000.0,2000000.0,-41000000.0,-2000000.0,0.0,-43000000.0,-23000000.0,0.0,99000000.0,1000000.0,59000000.0,59000000.0,59000000.0,0.0,0.0,0.073,119000000.0,120000000.0,246000000.0,0.0,3.118,14.222,14.283,1358000000.0,0.0,19.71,1.037,1.031,335000000.0,594000000.0,810000000.0,810000000.0,0.0,,,,,0.0,79000000.0,1.0,159465064.0,158583933.0,160620273.0,5.108,2618000000.0,0.0,36000000.0,168000000.0,16.509,501000000.0
30,PTV,MRQ,2003-03-31,2003-03-31,2003-03-31,2019-04-23,-965000000.0,3471000000.0,,969000000.0,2502000000.0,,6.044,-27000000.0,134000000.0,134000000.0,508000000.0,44000000.0,1.882,2.612,1210000000.0,5000000.0,1205000000.0,1210000000.0,0.0,40000000.0,0.0,0.0,0.0,95000000.0,135000000.0,0.188,135000000.0,95000000.0,71000000.0,0.27,0.27,0.27,961000000.0,,961000000.0,4340701274.0,9.0,6.979,29000000.0,0.182,1.0,209000000.0,0.291,911000000.0,24000000.0,3121000000.0,,416000000.0,0.0,0.0,0.0,2510000000.0,515000000.0,1995000000.0,3230701274.0,7000000.0,0.0,5000000.0,-27000000.0,0.0,-22000000.0,-27000000.0,0.0,56000000.0,0.0,44000000.0,44000000.0,44000000.0,0.0,0.0,0.061,114000000.0,95000000.0,241000000.0,0.0,3.362,14.553,14.604,1353000000.0,0.0,20.3,1.095,1.094,331000000.0,535000000.0,717000000.0,717000000.0,0.0,,,,,0.0,74000000.0,1.0,159147846.0,159010563.0,161281258.0,4.509,2560000000.0,0.0,27000000.0,151000000.0,16.1,454000000.0
31,PTV,MRQ,2002-12-31,2002-12-31,2002-12-31,2019-04-23,-975000000.0,3412000000.0,,904000000.0,2508000000.0,,5.657,-39000000.0,127000000.0,127000000.0,536000000.0,59000000.0,1.804,2.804,1237000000.0,13000000.0,1224000000.0,1237000000.0,0.0,42000000.0,0.0,0.0,0.0,123000000.0,165000000.0,0.212,165000000.0,123000000.0,98000000.0,0.37,0.36,0.37,897000000.0,,897000000.0,4540172060.0,12.0,8.285,39000000.0,0.246,1.0,242000000.0,0.311,906000000.0,25000000.0,3115000000.0,,368000000.0,0.0,0.0,0.0,2515000000.0,501000000.0,2014000000.0,3464172060.0,-6000000.0,-33000000.0,4000000.0,-15000000.0,0.0,-11000000.0,-75000000.0,0.0,78000000.0,2000000.0,59000000.0,59000000.0,59000000.0,0.0,0.0,0.076,119000000.0,123000000.0,217000000.0,0.0,3.862,23.407,23.505,1366000000.0,0.0,21.86,1.203,1.204,329000000.0,491000000.0,778000000.0,778000000.0,0.0,,,,,0.0,76000000.0,1.0,158470817.0,158577639.0,160555244.0,4.906,2506000000.0,23000000.0,39000000.0,151000000.0,15.803,403000000.0
32,PTV,MRQ,2002-09-30,2002-09-30,2002-09-30,2019-04-23,-943000000.0,3293000000.0,,885000000.0,2408000000.0,,5.457,-34000000.0,133000000.0,133000000.0,499000000.0,59000000.0,1.722,2.811,1209000000.0,5000000.0,1204000000.0,1209000000.0,0.0,37000000.0,0.0,0.0,0.0,122000000.0,159000000.0,0.219,159000000.0,122000000.0,98000000.0,0.37,0.37,0.37,864000000.0,,864000000.0,3777080964.0,10.0,7.1,97000000.0,0.613,1.0,228000000.0,0.314,896000000.0,24000000.0,2959000000.0,,382000000.0,0.0,0.0,0.0,2429000000.0,514000000.0,1915000000.0,2607080964.0,94000000.0,2000000.0,-4000000.0,-2000000.0,0.0,-6000000.0,-30000000.0,0.0,131000000.0,-1000000.0,59000000.0,59000000.0,59000000.0,0.0,0.0,0.081,106000000.0,122000000.0,209000000.0,0.0,3.017,19.312,19.353,1287000000.0,0.0,16.45,0.927,0.926,302000000.0,432000000.0,727000000.0,727000000.0,0.0,,,,,0.0,70000000.0,1.0,158485165.0,158316017.0,160060429.0,4.592,2397000000.0,23000000.0,39000000.0,87000000.0,15.141,371000000.0
33,PTV,MRQ,2002-06-30,2002-06-30,2002-06-30,2019-04-23,-24000000.0,4143000000.0,,807000000.0,3336000000.0,,10.902,-26000000.0,39000000.0,39000000.0,494000000.0,60000000.0,1.62,1.402,1209000000.0,5000000.0,1204000000.0,1209000000.0,0.0,39000000.0,0.0,0.0,0.0,124000000.0,163000000.0,0.224,163000000.0,124000000.0,100000000.0,0.38,0.38,0.38,1725000000.0,,1725000000.0,4932740259.0,14.0,9.504,78000000.0,0.493,1.0,234000000.0,0.321,882000000.0,24000000.0,3933000000.0,,361000000.0,0.0,0.0,0.0,2418000000.0,498000000.0,1920000000.0,3763740259.0,-7000000.0,-75000000.0,-4000000.0,-8000000.0,0.0,-12000000.0,-101000000.0,0.0,104000000.0,2000000.0,60000000.0,60000000.0,60000000.0,0.0,0.0,0.082,109000000.0,125000000.0,207000000.0,0.0,2.182,31.105,31.316,1289000000.0,0.0,23.8,1.354,1.355,316000000.0,373000000.0,728000000.0,728000000.0,0.0,,,,,0.0,74000000.0,1.0,158140347.0,158230119.0,160538835.0,4.601,3261000000.0,0.0,40000000.0,607000000.0,20.609,309000000.0
34,PTV,MRQ,2002-03-31,2002-03-31,2002-03-31,2019-04-23,-58000000.0,4011000000.0,,766000000.0,3245000000.0,,10.258,-27000000.0,46000000.0,46000000.0,438000000.0,-30000000.0,1.616,1.456,1215000000.0,4000000.0,1211000000.0,1215000000.0,0.0,40000000.0,0.0,0.0,0.0,21000000.0,61000000.0,0.094,61000000.0,21000000.0,-2000000.0,-0.19,-0.19,-0.19,1633000000.0,,1633000000.0,4401313347.0,12.0,8.336,44000000.0,0.276,1.0,209000000.0,0.323,823000000.0,23000000.0,3883000000.0,,350000000.0,0.0,0.0,0.0,2378000000.0,474000000.0,1904000000.0,3189313347.0,5000000.0,-12000000.0,-25000000.0,-3000000.0,0.0,-28000000.0,-38000000.0,0.0,71000000.0,0.0,-30000000.0,-30000000.0,-30000000.0,0.0,0.0,-0.046,116000000.0,93000000.0,188000000.0,0.0,1.953,24.533,24.716,1267000000.0,0.0,20.02,1.148,1.147,275000000.0,313000000.0,647000000.0,647000000.0,0.0,,,,,0.0,76000000.0,1.0,159306361.0,159194198.0,160919836.0,4.064,3188000000.0,0.0,28000000.0,587000000.0,20.026,292000000.0
35,PTV,MRQ,2001-12-31,2001-12-31,2001-12-31,2019-04-23,-54000000.0,4060000000.0,,740000000.0,3320000000.0,,10.603,-47000000.0,41000000.0,41000000.0,476000000.0,46000000.0,1.612,1.404,1218000000.0,7000000.0,1211000000.0,1218000000.0,0.0,45000000.0,0.0,0.0,0.0,104000000.0,149000000.0,0.21,149000000.0,104000000.0,79000000.0,0.29,0.28,0.29,1689000000.0,,1689000000.0,4039687908.0,10.0,6.789,40000000.0,0.251,1.0,234000000.0,0.33,908000000.0,25000000.0,3870000000.0,,332000000.0,0.0,0.0,0.0,2371000000.0,459000000.0,1912000000.0,2827687908.0,20000000.0,6000000.0,4000000.0,-15000000.0,0.0,-26000000.0,-41000000.0,1000000.0,87000000.0,0.0,46000000.0,46000000.0,46000000.0,0.0,0.0,0.065,131000000.0,103000000.0,201000000.0,0.0,1.674,14.651,14.669,1273000000.0,0.0,17.75,1.006,1.003,259000000.0,343000000.0,710000000.0,710000000.0,0.0,,,,,0.0,82000000.0,1.0,159306361.0,159288870.0,160446178.0,4.457,3152000000.0,65000000.0,33000000.0,604000000.0,19.788,281000000.0
36,PTV,MRQ,2001-09-30,2001-09-30,2001-09-30,2019-04-23,-51000000.0,4058000000.0,,743000000.0,3315000000.0,,10.335,-34000000.0,21000000.0,21000000.0,475000000.0,45000000.0,1.423,1.47,1233000000.0,9000000.0,1224000000.0,1233000000.0,0.0,44000000.0,0.0,0.0,0.0,102000000.0,146000000.0,0.21,146000000.0,102000000.0,77000000.0,0.28,0.28,0.28,1643000000.0,,1643000000.0,3593428193.0,10.0,6.557,90000000.0,0.566,1.0,219000000.0,0.316,921000000.0,25000000.0,3827000000.0,,377000000.0,0.0,0.0,0.0,2415000000.0,522000000.0,1893000000.0,2303428193.0,6000000.0,-8000000.0,4000000.0,-80000000.0,0.0,-76000000.0,-42000000.0,0.0,124000000.0,0.0,45000000.0,45000000.0,45000000.0,0.0,0.0,0.065,116000000.0,103000000.0,247000000.0,0.0,1.402,14.957,14.938,1268000000.0,0.0,14.49,0.817,0.817,260000000.0,298000000.0,694000000.0,694000000.0,0.0,,,,,0.0,72000000.0,1.0,158966749.0,158978933.0,159881752.0,4.365,3137000000.0,0.0,32000000.0,522000000.0,19.732,221000000.0
37,PTV,MRQ,2001-06-30,2001-06-30,2001-06-30,2019-04-23,-55000000.0,4006000000.0,,736000000.0,3270000000.0,,10.02,-34000000.0,23000000.0,23000000.0,510000000.0,69000000.0,1.533,1.519,1313000000.0,11000000.0,1302000000.0,1313000000.0,0.0,43000000.0,0.0,0.0,0.0,129000000.0,172000000.0,0.236,172000000.0,129000000.0,101000000.0,0.43,0.43,0.43,1590000000.0,,1590000000.0,3557898183.0,10.0,6.493,71000000.0,0.447,1.0,218000000.0,0.299,922000000.0,28000000.0,3894000000.0,,379000000.0,0.0,0.0,0.0,2416000000.0,480000000.0,1936000000.0,2126898183.0,1000000.0,74000000.0,4000000.0,-149000000.0,0.0,-145000000.0,41000000.0,0.0,105000000.0,0.0,69000000.0,69000000.0,69000000.0,-24000000.0,0.0,0.095,113000000.0,105000000.0,235000000.0,0.0,1.338,14.469,14.409,1253000000.0,0.0,13.4,0.733,0.733,253000000.0,253000000.0,728000000.0,728000000.0,0.0,,,,,0.0,69000000.0,1.0,158723745.0,158689891.0,159250514.0,4.588,3084000000.0,0.0,32000000.0,497000000.0,19.434,256000000.0
38,PTV,MRQ,2001-03-31,2001-03-31,2001-03-31,2019-04-23,-31000000.0,4100000000.0,,780000000.0,3320000000.0,,9.731,-30000000.0,31000000.0,31000000.0,489000000.0,33000000.0,1.608,1.661,1462000000.0,19000000.0,1443000000.0,1462000000.0,0.0,45000000.0,0.0,0.0,0.0,83000000.0,128000000.0,0.188,128000000.0,83000000.0,54000000.0,0.2,0.2,0.2,1541000000.0,,1541000000.0,3466078821.0,10.0,6.64,25000000.0,0.158,1.0,191000000.0,0.281,932000000.0,29000000.0,4114000000.0,,390000000.0,0.0,0.0,0.0,2559000000.0,485000000.0,2074000000.0,1919078821.0,-12000000.0,71000000.0,4000000.0,-111000000.0,0.0,-107000000.0,41000000.0,0.0,55000000.0,-1000000.0,33000000.0,33000000.0,33000000.0,-4000000.0,0.0,0.049,111000000.0,80000000.0,218000000.0,0.0,1.245,16.402,16.365,1256000000.0,0.0,12.11,0.641,0.641,261000000.0,184000000.0,680000000.0,680000000.0,0.0,,,,,0.0,65000000.0,1.0,158470588.0,158360957.0,158644054.0,4.294,3168000000.0,9000000.0,21000000.0,489000000.0,20.005,295000000.0
39,PTV,MRQ,2000-12-31,2000-12-31,2000-12-31,2019-04-23,3000000.0,4223000000.0,,900000000.0,3323000000.0,,9.714,-33000000.0,26000000.0,26000000.0,562000000.0,7000000.0,1.758,1.744,1573000000.0,13000000.0,1560000000.0,1573000000.0,0.0,49000000.0,0.0,0.0,0.0,53000000.0,102000000.0,0.142,102000000.0,53000000.0,20000000.0,0.06,0.06,0.06,1539000000.0,,1539000000.0,3603451997.0,8.0,5.485,104000000.0,0.656,1.0,155000000.0,0.216,940000000.0,33000000.0,4318000000.0,,401000000.0,0.0,0.0,0.0,2684000000.0,512000000.0,2172000000.0,1955451997.0,3000000.0,-1000000.0,0.0,-99000000.0,0.0,-99000000.0,-35000000.0,-2000000.0,137000000.0,0.0,7000000.0,7000000.0,7000000.0,0.0,0.0,0.01,100000000.0,55000000.0,233000000.0,0.0,1.271,7.917,8.088,1231000000.0,0.0,12.375,0.641,0.656,275000000.0,151000000.0,717000000.0,717000000.0,0.0,,,,,0.0,-2000000.0,1.0,158016323.0,158430505.0,158511578.0,4.526,3283000000.0,109000000.0,13000000.0,486000000.0,20.722,388000000.0
40,PTV,MRQ,2000-09-30,2000-09-30,2000-09-30,2019-04-23,-24000000.0,4437000000.0,,895000000.0,3542000000.0,,9.513,-29000000.0,23000000.0,23000000.0,549000000.0,38000000.0,1.499,1.948,1671000000.0,14000000.0,1657000000.0,1671000000.0,0.0,46000000.0,0.0,0.0,0.0,100000000.0,146000000.0,0.188,146000000.0,100000000.0,66000000.0,0.24,0.24,0.24,1505000000.0,,1505000000.0,3566771039.0,23.0,10.679,112000000.0,0.708,1.0,228000000.0,0.293,941000000.0,34000000.0,4547000000.0,,432000000.0,0.0,0.0,0.0,2932000000.0,597000000.0,2335000000.0,1816771039.0,13000000.0,2000000.0,-12000000.0,-88000000.0,0.0,-100000000.0,-28000000.0,0.0,141000000.0,0.0,38000000.0,38000000.0,38000000.0,0.0,0.0,0.049,128000000.0,100000000.0,224000000.0,0.0,1.207,53.434,48.641,1341000000.0,0.0,11.188,0.567,0.552,301000000.0,144000000.0,777000000.0,777000000.0,0.0,,,,,0.0,82000000.0,1.0,162392942.0,158205758.0,158256470.0,4.911,3496000000.0,55000000.0,28000000.0,447000000.0,22.098,298000000.0
41,PTV,MRQ,2000-06-30,2000-06-30,2000-06-30,2019-04-23,-15000000.0,4466000000.0,,918000000.0,3548000000.0,,9.113,-35000000.0,10000000.0,10000000.0,585000000.0,39000000.0,1.577,2.02,1760000000.0,20000000.0,1740000000.0,1760000000.0,0.0,45000000.0,0.0,0.0,0.0,101000000.0,146000000.0,0.178,146000000.0,101000000.0,68000000.0,0.24,0.24,0.24,1479000000.0,,1479000000.0,2999498756.0,23.0,9.614,-21000000.0,-0.129,1.0,235000000.0,0.287,953000000.0,33000000.0,4681000000.0,,441000000.0,0.0,0.0,0.0,2987000000.0,582000000.0,2405000000.0,1330498756.0,-1000000.0,0.0,-61000000.0,80000000.0,0.0,19000000.0,-35000000.0,0.0,14000000.0,1000000.0,39000000.0,39000000.0,39000000.0,0.0,0.0,0.048,133000000.0,102000000.0,219000000.0,0.0,0.9,166.312,157.5,1364000000.0,0.0,7.875,0.418,0.402,345000000.0,106000000.0,820000000.0,820000000.0,0.0,,,,,0.0,90000000.0,1.0,168952223.0,162303344.0,162351787.0,5.052,3513000000.0,41000000.0,29000000.0,430000000.0,21.645,336000000.0
42,PTV,MRQ,2000-03-31,2000-03-31,2000-03-31,2019-04-23,-11000000.0,4425000000.0,,872000000.0,3553000000.0,,8.996,-38000000.0,11000000.0,11000000.0,539000000.0,163000000.0,1.458,1.932,1680000000.0,25000000.0,1655000000.0,1680000000.0,0.0,45000000.0,0.0,0.0,0.0,218000000.0,263000000.0,0.356,263000000.0,218000000.0,184000000.0,0.97,0.97,0.97,1509000000.0,,1509000000.0,3544118373.0,25.0,11.075,-40000000.0,-0.238,1.0,199000000.0,0.27,963000000.0,34000000.0,4533000000.0,,450000000.0,0.0,0.0,0.0,2916000000.0,598000000.0,2318000000.0,1490118373.0,-1000000.0,438000000.0,-12000000.0,-386000000.0,0.0,-398000000.0,400000000.0,0.0,-2000000.0,-1000000.0,163000000.0,163000000.0,163000000.0,-134000000.0,0.0,0.221,115000000.0,84000000.0,213000000.0,0.0,0.987,62.088,62.054,1369000000.0,0.0,8.688,0.481,0.47,309000000.0,67000000.0,738000000.0,738000000.0,0.0,,,,,0.0,77000000.0,1.0,171524417.0,167747692.0,167794941.0,4.399,3462000000.0,11000000.0,21000000.0,409000000.0,20.638,274000000.0
43,PTV,MRQ,1999-12-31,1999-12-31,1999-12-31,2019-04-23,-24000000.0,4588000000.0,,866000000.0,3722000000.0,,8.023,-59000000.0,12000000.0,12000000.0,712000000.0,-206000000.0,0.981,2.399,2066000000.0,325000000.0,1741000000.0,2066000000.0,0.0,43000000.0,0.0,0.0,0.0,-264000000.0,-221000000.0,-0.254,-221000000.0,-264000000.0,-304000000.0,-1.22,-1.22,-1.22,1350000000.0,,1350000000.0,3749960979.0,-15.0,-61.475,-97000000.0,-0.576,1.0,158000000.0,0.182,981000000.0,40000000.0,4778000000.0,,429000000.0,0.0,0.0,0.0,3238000000.0,883000000.0,2355000000.0,1788960979.0,-12000000.0,-24000000.0,0.0,801000000.0,0.0,117000000.0,-89000000.0,-3000000.0,-38000000.0,-2000000.0,-206000000.0,-206000000.0,-206000000.0,38000000.0,0.0,-0.237,384000000.0,-226000000.0,265000000.0,0.0,1.325,-5.2,-5.183,1396000000.0,0.0,10.625,0.591,0.587,279000000.0,-96000000.0,870000000.0,870000000.0,0.0,,,,,0.0,47000000.0,1.0,168372798.0,168276050.0,168278405.0,5.17,3607000000.0,120000000.0,-98000000.0,351000000.0,21.435,-17000000.0
44,PTV,MRQ,1999-09-30,1999-09-30,1999-09-30,2019-04-23,0.0,4581000000.0,,2017000000.0,2564000000.0,,8.259,-39000000.0,24000000.0,24000000.0,526000000.0,12000000.0,1.78,2.312,1985000000.0,457000000.0,1528000000.0,1985000000.0,0.0,47000000.0,0.0,,0.0,77000000.0,124000000.0,0.164,124000000.0,77000000.0,39000000.0,0.06,0.06,0.06,1383000000.0,,1383000000.0,,,,13000000.0,0.078,1.0,228000000.0,0.302,1024000000.0,38000000.0,4385000000.0,,453000000.0,16000000.0,16000000.0,0.0,3198000000.0,1133000000.0,2065000000.0,,6000000.0,3000000.0,0.0,-7000000.0,0.0,-7000000.0,-39000000.0,0.0,52000000.0,0.0,12000000.0,12000000.0,12000000.0,-8000000.0,0.0,0.016,159000000.0,69000000.0,249000000.0,0.0,,,,1528000000.0,0.0,,,,324000000.0,,754000000.0,754000000.0,0.0,,,,,0.0,113000000.0,1.0,168372798.0,167459483.0,167725321.0,4.503,3557000000.0,56000000.0,27000000.0,335000000.0,21.241,884000000.0
45,PTV,MRQ,1999-06-30,1999-06-30,1999-06-30,2019-04-23,0.0,4486000000.0,,1946000000.0,2540000000.0,,8.018,-46000000.0,18000000.0,18000000.0,480000000.0,55000000.0,1.836,2.348,1861000000.0,367000000.0,1494000000.0,1861000000.0,0.0,46000000.0,0.0,,0.0,108000000.0,154000000.0,0.209,154000000.0,108000000.0,76000000.0,0.33,0.33,0.33,1340000000.0,,1340000000.0,,,,-121000000.0,-0.724,1.0,258000000.0,0.35,1028000000.0,32000000.0,4241000000.0,,447000000.0,16000000.0,16000000.0,0.0,3146000000.0,1060000000.0,2086000000.0,,-19000000.0,-800000000.0,0.0,1757000000.0,0.0,902000000.0,-816000000.0,0.0,-75000000.0,0.0,55000000.0,55000000.0,55000000.0,-9000000.0,0.0,0.075,159000000.0,99000000.0,257000000.0,0.0,,,,1495000000.0,0.0,,,,912000000.0,,738000000.0,738000000.0,0.0,,,,,0.0,110000000.0,1.0,,167119483.0,167501881.0,4.416,3458000000.0,53000000.0,21000000.0,394000000.0,20.692,886000000.0
46,PTV,MRQ,1999-03-31,1999-03-31,1999-03-31,2019-04-23,0.0,4671000000.0,,1923000000.0,2748000000.0,,8.816,-29000000.0,7000000.0,7000000.0,444000000.0,-205000000.0,1.389,2.178,2061000000.0,724000000.0,1337000000.0,2061000000.0,0.0,48000000.0,0.0,,0.0,-166000000.0,-118000000.0,-0.177,-118000000.0,-166000000.0,-202000000.0,-1.23,-1.23,-1.23,1470000000.0,,1470000000.0,,,,1000000.0,0.006,1.0,222000000.0,0.333,1034000000.0,36000000.0,4307000000.0,,440000000.0,21000000.0,21000000.0,0.0,3201000000.0,1384000000.0,1817000000.0,,30000000.0,3000000.0,0.0,-27000000.0,0.0,18000000.0,-50000000.0,0.0,30000000.0,2000000.0,-205000000.0,-205000000.0,-205000000.0,172000000.0,0.0,-0.308,177000000.0,45000000.0,274000000.0,0.0,,,,1495000000.0,0.0,,,,881000000.0,,666000000.0,666000000.0,0.0,,,,,0.0,98000000.0,1.0,,166743506.0,167180597.0,3.994,3637000000.0,34000000.0,3000000.0,303000000.0,21.812,539000000.0
47,PTV,MRQ,1998-12-31,1998-12-31,1998-12-31,2019-04-23,0.0,4798000000.0,,917000000.0,3881000000.0,,10.54,-48000000.0,7000000.0,7000000.0,628000000.0,-7000000.0,0.803,1.702,1907000000.0,595000000.0,1312000000.0,1907000000.0,0.0,43000000.0,0.0,,0.0,31000000.0,74000000.0,0.083,74000000.0,31000000.0,-2000000.0,-0.04,-0.04,-0.04,1776000000.0,,1776000000.0,,,,116000000.0,0.688,1.0,262000000.0,0.294,1052000000.0,33000000.0,4504000000.0,,412000000.0,0.0,0.0,0.0,3022000000.0,1142000000.0,1880000000.0,,3000000.0,-140000000.0,0.0,-10000000.0,0.0,24000000.0,-185000000.0,3000000.0,164000000.0,0.0,-7000000.0,-7000000.0,-7000000.0,5000000.0,0.0,-0.008,225000000.0,37000000.0,255000000.0,0.0,,,,1556000000.0,0.0,,,,336000000.0,,890000000.0,890000000.0,-19000000.0,,,,,0.0,166000000.0,1.0,,168505573.0,,5.282,3746000000.0,21000000.0,5000000.0,304000000.0,22.231,-225000000.0
48,PTV,MRQ,1998-09-30,1998-09-30,1998-09-30,2019-04-23,,,,,,,,-45000000.0,,,473000000.0,40000000.0,,,,,,,,44000000.0,,,0.0,98000000.0,142000000.0,0.204,142000000.0,98000000.0,65000000.0,0.24,0.24,0.24,,,,,,,80000000.0,,1.0,223000000.0,0.32,,33000000.0,,,,,,,,,,,-8000000.0,-45000000.0,0.0,6000000.0,0.0,-25000000.0,-108000000.0,-18000000.0,125000000.0,0.0,40000000.0,40000000.0,40000000.0,-25000000.0,0.0,0.057,142000000.0,81000000.0,,0.0,,,,,0.0,,,,,,696000000.0,696000000.0,6000000.0,,,,,0.0,92000000.0,1.0,,,,,,,25000000.0,,,
49,PTV,MRQ,1998-06-30,1998-06-30,1998-06-30,2019-04-23,,,,,,,,-55000000.0,,,499000000.0,74000000.0,,,,,,,,44000000.0,,,0.0,127000000.0,171000000.0,0.232,171000000.0,127000000.0,93000000.0,0.44,0.44,0.44,,,,,,,151000000.0,,1.0,239000000.0,0.324,,34000000.0,,,,,,,,,,,3000000.0,-82000000.0,0.0,-8000000.0,0.0,-48000000.0,-155000000.0,-18000000.0,206000000.0,0.0,74000000.0,74000000.0,74000000.0,-23000000.0,0.0,0.1,138000000.0,101000000.0,,0.0,,,,,0.0,,,,,,738000000.0,738000000.0,7000000.0,,,,,0.0,87000000.0,1.0,,,,,,,19000000.0,,,
50,PTV,MRQ,1998-03-31,1998-03-31,1998-03-31,2019-04-23,,,,,,,,-46000000.0,,,432000000.0,32000000.0,,,,,,,,44000000.0,,,0.0,83000000.0,127000000.0,0.201,127000000.0,83000000.0,50000000.0,0.19,0.19,0.19,,,,,,,36000000.0,,1.0,201000000.0,0.318,,33000000.0,,,,,,,,,,,-2000000.0,-15000000.0,0.0,1000000.0,0.0,-18000000.0,-66000000.0,-5000000.0,82000000.0,0.0,32000000.0,32000000.0,32000000.0,-14000000.0,0.0,0.051,137000000.0,64000000.0,,0.0,,,,,0.0,,,,,,633000000.0,633000000.0,6000000.0,,,,,0.0,87000000.0,1.0,,,,,,,18000000.0,,,
51,PTV,MRQ,1997-06-30,1997-06-30,1997-06-30,2019-04-23,0.0,4618000000.0,,1813000000.0,2805000000.0,,,,11000000.0,11000000.0,,,2.437,1.511,1650000000.0,158000000.0,1492000000.0,1650000000.0,0.0,,0.0,,0.0,,,,,,,,,,1839000000.0,,1839000000.0,,,,,,1.0,,,1009000000.0,,4504000000.0,,404000000.0,21000000.0,21000000.0,0.0,2779000000.0,744000000.0,2035000000.0,,,,,,,,,,,,,,,,,,,,252000000.0,,,,,1458000000.0,,,,,924000000.0,,,,,,,,,,,1.0,,,,,3609000000.0,77000000.0,,282000000.0,,1069000000.0
52,PTV,MRQ,1997-03-31,1997-03-31,1997-03-31,2019-04-23,0.0,4618000000.0,,1813000000.0,2805000000.0,,,,11000000.0,11000000.0,,,2.437,1.511,1650000000.0,158000000.0,1492000000.0,1650000000.0,0.0,,0.0,,0.0,,,,,,,,,,1839000000.0,,1839000000.0,,,,,,1.0,,,1009000000.0,,4504000000.0,,404000000.0,21000000.0,21000000.0,0.0,2779000000.0,744000000.0,2035000000.0,,,,,,,,,,,,,,,,,,,,252000000.0,,,,,1458000000.0,,,,,924000000.0,,,,,,,,,,,1.0,,,,,3609000000.0,77000000.0,,282000000.0,,1069000000.0
0,PTV,MRT,2010-09-30,2010-09-30,2010-09-30,2019-04-23,7000000.0,3959000000.0,3857750000.0,1059000000.0,2900000000.0,0.92,9.293,-133000000.0,52000000.0,52000000.0,2575000000.0,254000000.0,1.783,2.191,1435000000.0,165000000.0,1270000000.0,1435000000.0,0.0,191000000.0,0.0,0.0,0.0,459000000.0,650000000.0,0.183,650000000.0,459000000.0,361000000.0,1.9,1.88,1.9,1236000000.0,1100000000.0,1236000000.0,5867873663.0,13.0,9.027,91000000.0,0.684,1.0,973000000.0,0.274,1604000000.0,98000000.0,3144000000.0,3097250000.0,482000000.0,0.0,0.0,0.0,2708000000.0,594000000.0,2114000000.0,4385873663.0,-52000000.0,-203000000.0,7000000.0,50000000.0,0.0,58000000.0,-335000000.0,0.0,224000000.0,1000000.0,253000000.0,253000000.0,253000000.0,0.0,1000000.0,0.071,517000000.0,456000000.0,190000000.0,0.0,3.548,17.335,17.358,1234000000.0,0.0,32.98,1.236,1.236,477000000.0,2185000000.0,3548000000.0,3548000000.0,0.0,0.066,0.23,0.148,0.129,14000000.0,322000000.0,1.0,132985860.0,132998767.0,134366631.0,26.677,2355000000.0,34000000.0,108000000.0,143000000.0,17.707,465000000.0
1,PTV,MRT,2010-06-30,2010-06-30,2010-06-30,2019-04-23,-2000000.0,3982000000.0,3758750000.0,1080000000.0,2902000000.0,0.916,8.517,-127000000.0,43000000.0,43000000.0,2441000000.0,267000000.0,1.565,2.505,1525000000.0,255000000.0,1270000000.0,1525000000.0,0.0,188000000.0,0.0,0.0,0.0,502000000.0,690000000.0,0.2,690000000.0,502000000.0,406000000.0,2.02,1.98,2.02,1132000000.0,1029000000.0,1132000000.0,5030949376.0,10.0,7.291,-62000000.0,-0.466,1.0,1002000000.0,0.291,1607000000.0,96000000.0,3167000000.0,3015500000.0,489000000.0,0.0,0.0,0.0,2836000000.0,690000000.0,2146000000.0,3700949376.0,-184000000.0,-200000000.0,7000000.0,70000000.0,0.0,76000000.0,-324000000.0,0.0,65000000.0,-1000000.0,266000000.0,266000000.0,266000000.0,0.0,1000000.0,0.077,515000000.0,487000000.0,196000000.0,0.0,3.269,13.913,13.787,1237000000.0,0.0,27.85,1.075,1.075,512000000.0,2104000000.0,3443000000.0,3443000000.0,0.0,0.071,0.259,0.166,0.146,15000000.0,321000000.0,1.0,132888667.0,132913791.0,134083053.0,25.904,2375000000.0,19000000.0,140000000.0,121000000.0,17.869,390000000.0
2,PTV,MRT,2010-03-31,2010-03-31,2010-03-31,2019-04-23,7000000.0,3916000000.0,3713000000.0,1182000000.0,2734000000.0,0.908,7.898,-117000000.0,235000000.0,235000000.0,2343000000.0,272000000.0,2.173,2.727,1565000000.0,135000000.0,1430000000.0,1565000000.0,0.0,184000000.0,0.0,0.0,0.0,514000000.0,698000000.0,0.207,698000000.0,514000000.0,419000000.0,2.05,2.02,2.05,1047000000.0,959250000.0,1047000000.0,4561254649.0,9.0,6.535,-34000000.0,-0.256,1.0,1028000000.0,0.305,1503000000.0,95000000.0,3199000000.0,2966250000.0,469000000.0,0.0,0.0,0.0,2855000000.0,544000000.0,2311000000.0,3332254649.0,83000000.0,0.0,6000000.0,110000000.0,0.0,115000000.0,-116000000.0,0.0,83000000.0,1000000.0,271000000.0,271000000.0,271000000.0,1000000.0,1000000.0,0.08,529000000.0,499000000.0,176000000.0,0.0,3.183,12.296,12.283,1170000000.0,0.0,25.18,0.989,0.99,427000000.0,2029000000.0,3371000000.0,3371000000.0,0.0,0.073,0.283,0.173,0.152,17000000.0,338000000.0,1.0,132337357.0,132569709.0,133811094.0,25.428,2413000000.0,34000000.0,148000000.0,104000000.0,18.202,638000000.0
3,PTV,MRT,2009-12-31,2009-12-31,2009-12-31,2019-04-23,3000000.0,3574000000.0,3664000000.0,832000000.0,2742000000.0,0.917,7.464,-111000000.0,46000000.0,46000000.0,2241000000.0,324000000.0,1.995,2.612,1275000000.0,5000000.0,1270000000.0,1275000000.0,0.0,184000000.0,0.0,0.0,0.0,594000000.0,778000000.0,0.232,778000000.0,594000000.0,500000000.0,2.45,2.42,2.45,985000000.0,879250000.0,985000000.0,4365119127.0,7.0,5.611,50000000.0,0.379,1.0,1119000000.0,0.333,1507000000.0,94000000.0,2879000000.0,2923500000.0,390000000.0,0.0,0.0,0.0,2573000000.0,417000000.0,2156000000.0,3194119127.0,-34000000.0,-20000000.0,6000000.0,-70000000.0,0.0,-66000000.0,-129000000.0,0.0,161000000.0,0.0,323000000.0,323000000.0,323000000.0,0.0,1000000.0,0.096,540000000.0,579000000.0,144000000.0,0.0,3.243,9.889,9.853,1172000000.0,0.0,24.14,0.951,0.948,328000000.0,1981000000.0,3360000000.0,3360000000.0,0.0,0.088,0.367,0.203,0.177,16000000.0,349000000.0,1.0,132316451.0,131967907.0,133471047.0,25.461,2067000000.0,53000000.0,177000000.0,85000000.0,15.663,415000000.0
4,PTV,MRT,2009-09-30,2009-09-30,2009-09-30,2019-04-23,-2000000.0,3563000000.0,3710750000.0,775000000.0,2788000000.0,0.913,7.214,-105000000.0,104000000.0,104000000.0,2283000000.0,320000000.0,1.895,2.726,1275000000.0,0.0,1275000000.0,1275000000.0,0.0,182000000.0,0.0,0.0,0.0,594000000.0,776000000.0,0.229,776000000.0,594000000.0,497000000.0,2.42,2.39,2.42,952000000.0,800750000.0,952000000.0,4555665743.0,8.0,5.871,232000000.0,1.758,1.0,1106000000.0,0.326,1508000000.0,97000000.0,2817000000.0,2994750000.0,375000000.0,0.0,0.0,0.0,2595000000.0,409000000.0,2186000000.0,3437665743.0,67000000.0,-20000000.0,8000000.0,-150000000.0,0.0,-145000000.0,-124000000.0,0.0,337000000.0,-1000000.0,319000000.0,319000000.0,319000000.0,1000000.0,1000000.0,0.094,526000000.0,580000000.0,147000000.0,0.0,3.611,10.776,10.764,1181000000.0,0.0,26.05,1.014,1.014,275000000.0,1900000000.0,3389000000.0,3389000000.0,0.0,0.086,0.398,0.198,0.175,17000000.0,336000000.0,1.0,131964136.0,131972681.0,133193283.0,25.68,2055000000.0,38000000.0,178000000.0,23000000.0,15.571,366000000.0
5,PTV,MRT,2009-06-30,2009-06-30,2009-06-30,2019-04-23,-3000000.0,3799000000.0,3785000000.0,925000000.0,2874000000.0,0.918,6.465,-99000000.0,227000000.0,227000000.0,2432000000.0,279000000.0,2.131,3.435,1345000000.0,0.0,1345000000.0,1345000000.0,0.0,182000000.0,0.0,0.0,0.0,534000000.0,716000000.0,0.206,716000000.0,534000000.0,435000000.0,2.1,2.09,2.1,853000000.0,916500000.0,853000000.0,4055956451.0,8.0,5.665,402000000.0,3.047,1.0,1043000000.0,0.3,1513000000.0,99000000.0,2970000000.0,3103500000.0,375000000.0,0.0,0.0,0.0,2930000000.0,434000000.0,2496000000.0,2862956451.0,174000000.0,-20000000.0,7000000.0,-210000000.0,0.0,-204000000.0,-119000000.0,0.0,501000000.0,-4000000.0,278000000.0,278000000.0,278000000.0,1000000.0,1000000.0,0.08,509000000.0,534000000.0,158000000.0,0.0,3.356,10.298,10.333,1191000000.0,0.0,21.7,0.824,0.824,291000000.0,1813000000.0,3475000000.0,3475000000.0,0.0,0.073,0.303,0.172,0.154,17000000.0,320000000.0,1.0,131933477.0,131931203.0,132472333.0,26.339,2286000000.0,116000000.0,157000000.0,40000000.0,17.327,491000000.0
6,PTV,MRT,2009-03-31,2009-03-31,2009-03-31,2019-04-23,-19000000.0,3720000000.0,3820750000.0,822000000.0,2898000000.0,0.923,5.52,-112000000.0,152000000.0,152000000.0,2535000000.0,260000000.0,2.222,4.095,1345000000.0,0.0,1345000000.0,1345000000.0,0.0,182000000.0,0.0,0.0,0.0,507000000.0,689000000.0,0.195,689000000.0,507000000.0,405000000.0,1.97,1.95,1.97,727000000.0,1044500000.0,727000000.0,3183975793.0,6.0,4.621,330000000.0,2.506,1.0,990000000.0,0.281,1515000000.0,102000000.0,3028000000.0,3215250000.0,377000000.0,0.0,0.0,0.0,2977000000.0,370000000.0,2607000000.0,1918975793.0,100000000.0,-20000000.0,7000000.0,-210000000.0,0.0,-205000000.0,-133000000.0,0.0,442000000.0,-4000000.0,259000000.0,259000000.0,259000000.0,3000000.0,1000000.0,0.073,480000000.0,510000000.0,128000000.0,0.0,2.64,7.409,7.406,1200000000.0,0.0,14.59,0.544,0.545,244000000.0,1717000000.0,3525000000.0,3525000000.0,0.0,0.068,0.248,0.158,0.144,14000000.0,290000000.0,1.0,131526785.0,131708127.0,132485534.0,26.764,2205000000.0,149000000.0,146000000.0,51000000.0,16.742,452000000.0
7,PTV,MRT,2008-12-31,2008-12-31,2008-12-31,2019-04-23,-9000000.0,3761000000.0,3851750000.0,797000000.0,2964000000.0,0.926,5.125,-136000000.0,80000000.0,80000000.0,2638000000.0,217000000.0,2.358,4.581,1345000000.0,0.0,1345000000.0,1345000000.0,0.0,182000000.0,0.0,0.0,0.0,441000000.0,623000000.0,0.175,623000000.0,441000000.0,335000000.0,1.65,1.63,1.65,671000000.0,1184000000.0,671000000.0,4657049878.0,11.0,7.475,214000000.0,1.635,1.0,929000000.0,0.26,1524000000.0,106000000.0,3164000000.0,3290000000.0,391000000.0,0.0,0.0,0.0,3074000000.0,338000000.0,2736000000.0,3269049878.0,-15000000.0,0.0,6000000.0,-230000000.0,0.0,-226000000.0,-137000000.0,0.0,350000000.0,-2000000.0,216000000.0,216000000.0,216000000.0,0.0,1000000.0,0.061,485000000.0,444000000.0,115000000.0,0.0,4.872,15.134,15.079,1209000000.0,0.0,24.88,0.916,0.913,311000000.0,1658000000.0,3567000000.0,3567000000.0,0.0,0.056,0.182,0.134,0.124,16000000.0,281000000.0,1.0,131392680.0,130925861.0,132473458.0,27.244,2237000000.0,161000000.0,119000000.0,14000000.0,17.086,459000000.0
8,PTV,MRT,2008-09-30,2008-09-30,2008-09-30,2019-04-23,30000000.0,3860000000.0,3852750000.0,835000000.0,3025000000.0,0.924,10.809,-157000000.0,37000000.0,37000000.0,2653000000.0,209000000.0,1.807,1.728,1425000000.0,0.0,1425000000.0,1425000000.0,0.0,184000000.0,0.0,0.0,0.0,423000000.0,607000000.0,0.171,607000000.0,423000000.0,315000000.0,1.57,1.56,1.57,1415000000.0,1322750000.0,1415000000.0,4752704617.0,11.0,7.83,208000000.0,1.589,1.0,907000000.0,0.255,1534000000.0,108000000.0,3252000000.0,3308500000.0,450000000.0,0.0,0.0,0.0,2445000000.0,462000000.0,1983000000.0,3250704617.0,-32000000.0,9000000.0,-1000000.0,-242000000.0,0.0,-249000000.0,-148000000.0,0.0,365000000.0,0.0,206000000.0,206000000.0,206000000.0,5000000.0,3000000.0,0.058,481000000.0,426000000.0,192000000.0,0.0,2.297,15.78,15.815,1236000000.0,0.0,24.83,0.913,0.913,300000000.0,1557000000.0,3560000000.0,3560000000.0,0.0,0.053,0.156,0.128,0.119,14000000.0,279000000.0,1.0,130918430.0,130907540.0,132098844.0,27.195,2326000000.0,37000000.0,109000000.0,325000000.0,17.768,373000000.0
9,PTV,MRT,2008-06-30,2008-06-30,2008-06-30,2019-04-23,43000000.0,3942000000.0,3809250000.0,904000000.0,3038000000.0,0.921,10.435,-185000000.0,53000000.0,53000000.0,2568000000.0,214000000.0,1.872,1.888,1555000000.0,0.0,1555000000.0,1555000000.0,0.0,183000000.0,0.0,0.0,0.0,444000000.0,627000000.0,0.179,627000000.0,444000000.0,332000000.0,1.63,1.61,1.63,1365000000.0,1220250000.0,1365000000.0,4279574318.0,10.0,6.825,123000000.0,0.94,1.0,939000000.0,0.268,1544000000.0,112000000.0,3417000000.0,3308000000.0,436000000.0,0.0,0.0,0.0,2577000000.0,483000000.0,2094000000.0,2776574318.0,-23000000.0,7000000.0,-7000000.0,-145000000.0,0.0,-157000000.0,-178000000.0,0.0,308000000.0,4000000.0,212000000.0,212000000.0,212000000.0,5000000.0,2000000.0,0.06,493000000.0,446000000.0,199000000.0,0.0,2.034,13.097,13.025,1262000000.0,0.0,21.23,0.792,0.792,358000000.0,1504000000.0,3507000000.0,3507000000.0,0.0,0.056,0.174,0.134,0.127,14000000.0,288000000.0,1.0,130785413.0,130809701.0,131980485.0,26.81,2398000000.0,44000000.0,120000000.0,311000000.0,18.332,421000000.0
10,PTV,MRT,2008-03-31,2008-03-31,2008-03-31,2019-04-23,36000000.0,3844000000.0,3743250000.0,829000000.0,3015000000.0,0.904,9.84,-174000000.0,52000000.0,52000000.0,2452000000.0,223000000.0,1.72,1.991,1555000000.0,1000000.0,1554000000.0,1555000000.0,0.0,176000000.0,0.0,0.0,0.0,447000000.0,623000000.0,0.184,623000000.0,447000000.0,342000000.0,1.69,1.68,1.69,1285000000.0,1113500000.0,1285000000.0,4896754356.0,11.0,7.86,245000000.0,1.876,1.0,932000000.0,0.275,1538000000.0,105000000.0,3327000000.0,3270250000.0,434000000.0,0.0,0.0,0.0,2559000000.0,482000000.0,2077000000.0,3417754356.0,-73000000.0,-1014000000.0,-2000000.0,679000000.0,0.0,691000000.0,-1187000000.0,0.0,419000000.0,4000000.0,221000000.0,221000000.0,221000000.0,1000000.0,2000000.0,0.065,487000000.0,445000000.0,204000000.0,0.0,2.66,15.465,15.509,1270000000.0,0.0,26.21,1.01,1.011,285000000.0,1443000000.0,3384000000.0,3384000000.0,0.0,0.059,0.198,0.137,0.132,12000000.0,291000000.0,1.0,130398869.0,130593232.0,132107033.0,25.913,2306000000.0,44000000.0,121000000.0,295000000.0,17.658,347000000.0
11,PTV,MRT,2007-12-31,2007-12-31,2007-12-31,2019-04-23,34000000.0,3765000000.0,3455250000.0,797000000.0,2968000000.0,0.941,9.365,-151000000.0,95000000.0,95000000.0,2325000000.0,246000000.0,1.733,2.071,1574000000.0,0.0,1574000000.0,1574000000.0,0.0,166000000.0,0.0,0.0,0.0,473000000.0,639000000.0,0.196,639000000.0,473000000.0,377000000.0,1.86,1.84,1.86,1226000000.0,1000250000.0,1226000000.0,5071770785.0,11.0,7.937,286000000.0,2.185,1.0,928000000.0,0.285,1546000000.0,96000000.0,3238000000.0,2973750000.0,369000000.0,0.0,0.0,0.0,2539000000.0,460000000.0,2079000000.0,3474770785.0,-86000000.0,-1013000000.0,-89000000.0,699000000.0,0.0,638000000.0,-1164000000.0,0.0,437000000.0,3000000.0,244000000.0,244000000.0,244000000.0,0.0,2000000.0,0.075,459000000.0,469000000.0,162000000.0,0.0,2.834,14.241,14.317,1264000000.0,0.0,26.63,1.068,1.072,273000000.0,1402000000.0,3253000000.0,3253000000.0,0.0,0.071,0.244,0.159,0.145,9000000.0,286000000.0,1.0,130483319.0,130912229.0,132869555.0,24.849,2219000000.0,46000000.0,133000000.0,277000000.0,16.95,337000000.0
12,PTV,MRT,2007-09-30,2007-09-30,2007-09-30,2019-04-23,30000000.0,3686000000.0,3203500000.0,809000000.0,2877000000.0,0.972,7.692,-136000000.0,69000000.0,69000000.0,2201000000.0,238000000.0,1.621,2.668,1666000000.0,0.0,1666000000.0,1666000000.0,0.0,155000000.0,0.0,0.0,0.0,459000000.0,614000000.0,0.197,614000000.0,459000000.0,373000000.0,1.82,1.8,1.82,1005000000.0,907000000.0,1005000000.0,5369480741.0,12.0,8.745,270000000.0,2.067,1.0,914000000.0,0.293,1534000000.0,86000000.0,3250000000.0,2699000000.0,412000000.0,0.0,0.0,0.0,2681000000.0,499000000.0,2182000000.0,3746480741.0,-54000000.0,-1021000000.0,-128000000.0,791000000.0,0.0,695000000.0,-1159000000.0,0.0,406000000.0,4000000.0,238000000.0,238000000.0,238000000.0,0.0,0.0,0.076,461000000.0,453000000.0,181000000.0,0.0,3.728,15.742,15.747,1281000000.0,0.0,28.66,1.203,1.202,296000000.0,1343000000.0,3115000000.0,3115000000.0,0.0,0.074,0.262,0.17,0.147,5000000.0,298000000.0,1.0,130721589.0,130648291.0,132197719.0,23.843,2152000000.0,0.0,135000000.0,182000000.0,16.472,310000000.0
13,PTV,MRT,2007-06-30,2007-06-30,2007-06-30,2019-04-23,26000000.0,3678000000.0,2974000000.0,815000000.0,2863000000.0,1.006,7.188,-100000000.0,76000000.0,76000000.0,2093000000.0,281000000.0,1.601,2.921,1699000000.0,0.0,1699000000.0,1699000000.0,0.0,148000000.0,0.0,0.0,0.0,470000000.0,618000000.0,0.207,618000000.0,470000000.0,395000000.0,2.1,2.08,2.1,938000000.0,850250000.0,938000000.0,4902936289.0,10.0,7.934,347000000.0,2.659,1.0,899000000.0,0.3,1526000000.0,75000000.0,3266000000.0,2427250000.0,386000000.0,0.0,0.0,0.0,2740000000.0,509000000.0,2231000000.0,4157936289.0,-75000000.0,-1018000000.0,-262000000.0,824000000.0,0.0,595000000.0,-1121000000.0,0.0,447000000.0,4000000.0,281000000.0,281000000.0,281000000.0,2000000.0,0.0,0.094,465000000.0,434000000.0,195000000.0,0.0,4.433,14.797,15.186,1275000000.0,0.0,31.89,1.39,1.391,319000000.0,1284000000.0,2992000000.0,2992000000.0,0.0,0.094,0.33,0.194,0.157,5000000.0,312000000.0,1.0,130383703.0,130496123.0,132285645.0,22.928,2152000000.0,0.0,114000000.0,185000000.0,16.491,306000000.0
14,PTV,MRT,2007-03-31,2007-03-31,2007-03-31,2019-04-23,8000000.0,2692000000.0,2757000000.0,789000000.0,1903000000.0,1.057,6.317,-85000000.0,125000000.0,125000000.0,2016000000.0,280000000.0,1.472,2.236,870000000.0,99000000.0,771000000.0,870000000.0,0.0,146000000.0,0.0,0.0,0.0,467000000.0,613000000.0,0.21,613000000.0,467000000.0,394000000.0,2.07,2.04,2.07,832000000.0,824750000.0,832000000.0,5171440637.0,11.0,8.436,287000000.0,2.179,1.0,898000000.0,0.308,760000000.0,73000000.0,2141000000.0,2168750000.0,342000000.0,0.0,0.0,0.0,1860000000.0,536000000.0,1324000000.0,4483440637.0,-40000000.0,3000000.0,-350000000.0,0.0,0.0,-332000000.0,-85000000.0,0.0,372000000.0,5000000.0,280000000.0,280000000.0,280000000.0,3000000.0,0.0,0.096,468000000.0,430000000.0,142000000.0,0.0,5.389,16.012,16.3,1084000000.0,0.0,33.74,1.539,1.525,290000000.0,1214000000.0,2914000000.0,2914000000.0,0.0,0.102,0.339,0.215,0.16,4000000.0,316000000.0,1.0,132882058.0,131706830.0,133538777.0,22.125,1932000000.0,0.0,114000000.0,172000000.0,14.669,253000000.0
15,PTV,MRT,2006-12-31,2006-12-31,2006-12-31,2019-04-23,10000000.0,2758000000.0,2786500000.0,838000000.0,1920000000.0,1.047,6.187,-78000000.0,181000000.0,181000000.0,2027000000.0,274000000.0,1.54,2.233,869000000.0,98000000.0,771000000.0,869000000.0,0.0,145000000.0,0.0,0.0,0.0,461000000.0,606000000.0,0.208,606000000.0,461000000.0,388000000.0,1.99,1.96,1.99,853000000.0,828000000.0,853000000.0,5496205379.0,12.0,9.07,294000000.0,2.133,1.0,890000000.0,0.305,763000000.0,73000000.0,2139000000.0,2211500000.0,296000000.0,0.0,0.0,0.0,1905000000.0,544000000.0,1361000000.0,4749205379.0,9000000.0,3000000.0,-296000000.0,0.0,0.0,-294000000.0,-75000000.0,0.0,372000000.0,6000000.0,274000000.0,274000000.0,274000000.0,3000000.0,0.0,0.094,466000000.0,424000000.0,152000000.0,0.0,5.568,17.333,17.935,1093000000.0,0.0,35.69,1.628,1.687,323000000.0,1157000000.0,2917000000.0,2917000000.0,0.0,0.098,0.331,0.208,0.158,5000000.0,316000000.0,1.0,133068237.0,137865929.0,139704381.0,21.158,1995000000.0,26000000.0,114000000.0,148000000.0,14.471,294000000.0
16,PTV,MRT,2006-09-30,2006-09-30,2006-09-30,2019-04-23,-1113000000.0,2768000000.0,2802000000.0,827000000.0,1941000000.0,1.042,5.714,-70000000.0,123000000.0,123000000.0,2051000000.0,257000000.0,1.441,2.558,870000000.0,99000000.0,771000000.0,870000000.0,0.0,148000000.0,0.0,0.0,0.0,440000000.0,588000000.0,0.201,588000000.0,440000000.0,364000000.0,1.84,1.8,1.84,778000000.0,819750000.0,778000000.0,4643414251.0,11.0,7.897,207000000.0,1.52,1.0,869000000.0,0.298,778000000.0,76000000.0,2163000000.0,2246000000.0,345000000.0,0.0,0.0,0.0,1990000000.0,574000000.0,1416000000.0,3921414251.0,13000000.0,526000000.0,-284000000.0,-441000000.0,0.0,-724000000.0,456000000.0,0.0,277000000.0,4000000.0,257000000.0,257000000.0,257000000.0,10000000.0,0.0,0.088,459000000.0,410000000.0,172000000.0,0.0,5.04,15.258,15.446,1095000000.0,0.0,28.42,1.343,1.325,323000000.0,1105000000.0,2920000000.0,2920000000.0,0.0,0.092,0.314,0.196,0.151,7000000.0,306000000.0,1.0,137980797.0,136161990.0,138083567.0,21.445,1990000000.0,0.0,107000000.0,153000000.0,14.615,253000000.0
17,PTV,MRT,2006-06-30,2006-06-30,2006-06-30,2019-04-23,-1087000000.0,2810000000.0,2976000000.0,850000000.0,1960000000.0,0.963,5.975,-98000000.0,151000000.0,151000000.0,2040000000.0,194000000.0,1.635,2.361,873000000.0,102000000.0,771000000.0,873000000.0,0.0,147000000.0,0.0,0.0,0.0,389000000.0,536000000.0,0.187,536000000.0,389000000.0,311000000.0,1.36,1.33,1.36,836000000.0,847250000.0,836000000.0,4200457303.0,11.0,7.837,122000000.0,0.872,1.0,826000000.0,0.288,780000000.0,78000000.0,2232000000.0,2430500000.0,326000000.0,0.0,0.0,0.0,1974000000.0,520000000.0,1454000000.0,3493457303.0,80000000.0,525000000.0,-263000000.0,-310000000.0,0.0,-574000000.0,431000000.0,0.0,220000000.0,3000000.0,194000000.0,194000000.0,194000000.0,11000000.0,0.0,0.068,434000000.0,392000000.0,165000000.0,0.0,4.179,18.008,18.199,1112000000.0,0.0,24.75,1.219,1.208,331000000.0,1003000000.0,2866000000.0,2866000000.0,0.0,0.065,0.229,0.16,0.136,4000000.0,279000000.0,1.0,141149790.0,139927613.0,141436816.0,20.482,2030000000.0,0.0,117000000.0,152000000.0,14.508,330000000.0
18,PTV,MRT,2006-03-31,2006-03-31,2006-03-31,2019-04-23,-1088000000.0,2810000000.0,3115750000.0,833000000.0,1977000000.0,0.906,5.947,-122000000.0,165000000.0,165000000.0,2054000000.0,83000000.0,1.937,2.325,872000000.0,3000000.0,869000000.0,872000000.0,0.0,146000000.0,0.0,0.0,0.0,262000000.0,408000000.0,0.145,408000000.0,262000000.0,182000000.0,0.58,0.56,0.58,845000000.0,879000000.0,845000000.0,4191758563.0,16.0,10.274,60000000.0,0.422,1.0,769000000.0,0.272,775000000.0,80000000.0,2312000000.0,2562500000.0,330000000.0,0.0,0.0,0.0,1965000000.0,430000000.0,1535000000.0,3491758563.0,110000000.0,525000000.0,-174000000.0,-299000000.0,0.0,-478000000.0,407000000.0,0.0,182000000.0,-1000000.0,83000000.0,83000000.0,83000000.0,90000000.0,0.0,0.029,424000000.0,345000000.0,160000000.0,0.0,4.132,42.069,42.31,1133000000.0,0.0,24.54,1.237,1.235,299000000.0,934000000.0,2823000000.0,2823000000.0,0.0,0.027,0.094,0.102,0.093,3000000.0,268000000.0,1.0,142288450.0,142097788.0,143733696.0,19.867,2035000000.0,0.0,99000000.0,143000000.0,14.321,403000000.0
19,PTV,MRT,2005-12-31,2005-12-31,2005-12-31,2019-04-23,34000000.0,2820000000.0,3267750000.0,820000000.0,2000000000.0,0.843,5.571,-143000000.0,172000000.0,172000000.0,2035000000.0,54000000.0,1.798,2.439,872000000.0,3000000.0,869000000.0,872000000.0,0.0,146000000.0,0.0,0.0,0.0,217000000.0,363000000.0,0.132,363000000.0,217000000.0,135000000.0,0.37,0.36,0.37,820000000.0,922500000.0,820000000.0,4355242324.0,20.0,11.998,123000000.0,0.836,1.0,721000000.0,0.262,787000000.0,82000000.0,2277000000.0,2651750000.0,289000000.0,0.0,0.0,0.0,2000000000.0,456000000.0,1544000000.0,3152242324.0,-50000000.0,426000000.0,-136000000.0,-468000000.0,0.0,-595000000.0,283000000.0,0.0,266000000.0,-4000000.0,54000000.0,54000000.0,54000000.0,89000000.0,0.0,0.02,421000000.0,300000000.0,179000000.0,0.0,3.844,58.375,59.459,1141000000.0,0.0,22.0,1.144,1.175,319000000.0,883000000.0,2756000000.0,2756000000.0,0.0,0.017,0.059,0.082,0.079,0.0,259000000.0,1.0,143283742.0,147182776.0,148849418.0,18.725,2033000000.0,0.0,81000000.0,136000000.0,13.813,364000000.0
20,PTV,MRT,2005-09-30,2005-09-30,2005-09-30,2019-04-23,-1002000000.0,3464000000.0,3498000000.0,1439000000.0,2025000000.0,0.766,6.014,-150000000.0,110000000.0,110000000.0,1978000000.0,66000000.0,1.485,2.901,1313000000.0,302000000.0,1011000000.0,1313000000.0,0.0,142000000.0,0.0,0.0,0.0,226000000.0,368000000.0,0.137,368000000.0,226000000.0,145000000.0,0.44,0.44,0.44,888000000.0,988250000.0,888000000.0,3735922991.0,17.0,10.152,134000000.0,0.908,1.0,700000000.0,0.261,797000000.0,81000000.0,2901000000.0,2855250000.0,331000000.0,0.0,0.0,0.0,2576000000.0,969000000.0,1607000000.0,2623922991.0,-71000000.0,-96000000.0,-99000000.0,-27000000.0,0.0,-116000000.0,-239000000.0,0.0,284000000.0,0.0,66000000.0,66000000.0,66000000.0,76000000.0,0.0,0.025,405000000.0,295000000.0,189000000.0,0.0,2.955,39.756,39.818,1154000000.0,0.0,17.52,0.98,0.966,297000000.0,848000000.0,2678000000.0,2678000000.0,0.0,0.019,0.067,0.079,0.084,0.0,242000000.0,1.0,149767294.0,147645904.0,149017216.0,18.138,2667000000.0,0.0,79000000.0,248000000.0,18.063,470000000.0
21,PTV,MRT,2005-06-30,2005-06-30,2005-06-30,2019-04-23,-1004000000.0,3369000000.0,3557500000.0,1341000000.0,2028000000.0,0.741,6.449,-138000000.0,71000000.0,71000000.0,1935000000.0,83000000.0,1.454,2.498,1183000000.0,303000000.0,880000000.0,1183000000.0,0.0,141000000.0,0.0,0.0,0.0,249000000.0,390000000.0,0.148,390000000.0,249000000.0,166000000.0,0.56,0.55,0.56,963000000.0,1007750000.0,963000000.0,4337377336.0,17.0,11.121,223000000.0,1.493,1.0,700000000.0,0.266,799000000.0,83000000.0,2760000000.0,2970500000.0,360000000.0,0.0,0.0,0.0,2406000000.0,922000000.0,1484000000.0,3220377336.0,-48000000.0,-96000000.0,-34000000.0,-158000000.0,0.0,-181000000.0,-229000000.0,0.0,361000000.0,1000000.0,83000000.0,83000000.0,83000000.0,66000000.0,0.0,0.031,391000000.0,309000000.0,175000000.0,0.0,3.344,38.8,38.536,1154000000.0,0.0,21.58,1.222,1.223,201000000.0,809000000.0,2635000000.0,2635000000.0,0.0,0.023,0.082,0.084,0.094,0.0,234000000.0,1.0,149229719.0,149329245.0,151208648.0,17.646,2570000000.0,0.0,83000000.0,230000000.0,17.21,419000000.0
22,PTV,MRT,2005-03-31,2005-03-31,2005-03-31,2019-04-23,-981000000.0,3418000000.0,3621500000.0,890000000.0,2528000000.0,0.713,6.843,-119000000.0,55000000.0,55000000.0,1863000000.0,177000000.0,1.024,2.354,1172000000.0,303000000.0,869000000.0,1172000000.0,0.0,129000000.0,0.0,0.0,0.0,350000000.0,479000000.0,0.186,479000000.0,350000000.0,266000000.0,1.18,1.16,1.18,1019000000.0,1004250000.0,1019000000.0,4597145717.0,13.0,9.597,290000000.0,1.948,1.0,719000000.0,0.278,997000000.0,84000000.0,2669000000.0,3133500000.0,459000000.0,0.0,0.0,0.0,2399000000.0,869000000.0,1530000000.0,3478145717.0,-71000000.0,-96000000.0,-116000000.0,-168000000.0,0.0,-273000000.0,-210000000.0,0.0,409000000.0,3000000.0,177000000.0,177000000.0,177000000.0,-18000000.0,0.0,0.069,392000000.0,327000000.0,276000000.0,0.0,3.413,19.651,19.788,1455000000.0,0.0,23.35,1.347,1.347,310000000.0,851000000.0,2582000000.0,2582000000.0,0.0,0.049,0.176,0.112,0.136,0.0,230000000.0,1.0,148956990.0,148904379.0,151118207.0,17.34,2421000000.0,0.0,89000000.0,227000000.0,16.259,21000000.0
23,PTV,MRT,2004-12-31,2004-12-31,2004-12-31,2019-04-23,-889000000.0,3741000000.0,3683500000.0,1592000000.0,2149000000.0,0.691,7.158,-100000000.0,222000000.0,222000000.0,1795000000.0,155000000.0,1.537,2.454,1340000000.0,471000000.0,869000000.0,1340000000.0,0.0,139000000.0,0.0,0.0,0.0,318000000.0,457000000.0,0.18,457000000.0,318000000.0,233000000.0,1.02,1.01,1.02,1083000000.0,993500000.0,1083000000.0,4913775201.0,15.0,10.752,266000000.0,1.758,1.0,749000000.0,0.294,732000000.0,85000000.0,3091000000.0,3321750000.0,311000000.0,0.0,0.0,0.0,2658000000.0,1036000000.0,1622000000.0,3753775201.0,82000000.0,2000000.0,-197000000.0,0.0,0.0,-197000000.0,-91000000.0,0.0,366000000.0,4000000.0,155000000.0,155000000.0,155000000.0,-17000000.0,0.0,0.061,452000000.0,297000000.0,183000000.0,0.0,3.466,24.218,24.794,1137000000.0,0.0,25.29,1.476,1.504,278000000.0,829000000.0,2544000000.0,2544000000.0,0.0,0.042,0.156,0.096,0.125,0.0,229000000.0,1.0,148429229.0,151289798.0,153763156.0,16.815,3009000000.0,0.0,78000000.0,246000000.0,19.889,556000000.0
24,PTV,MRT,2004-09-30,2004-09-30,2004-09-30,2019-04-23,-946000000.0,3702000000.0,3674750000.0,1061000000.0,2641000000.0,0.582,6.469,-99000000.0,181000000.0,181000000.0,1455000000.0,,1.871,2.832,1341000000.0,5000000.0,1336000000.0,1341000000.0,0.0,118000000.0,0.0,0.0,0.0,,,,,,,,,,966000000.0,988000000.0,966000000.0,4715247987.0,,,275000000.0,1.842,1.0,685000000.0,0.32,933000000.0,80000000.0,3362000000.0,3422000000.0,415000000.0,0.0,0.0,0.0,2736000000.0,567000000.0,2169000000.0,3494247987.0,-5000000.0,-62000000.0,-226000000.0,3000000.0,0.0,-225000000.0,-157000000.0,0.0,374000000.0,3000000.0,,,,,,,382000000.0,303000000.0,244000000.0,,3.617,,,1434000000.0,,23.25,1.633,1.622,391000000.0,782000000.0,2140000000.0,2140000000.0,,,,,,0.0,169000000.0,1.0,150290236.0,149323411.0,151745436.0,14.331,2769000000.0,0.0,,258000000.0,18.544,494000000.0
25,PTV,MRT,2004-06-30,2004-06-30,2004-06-30,2019-04-23,-959000000.0,3625000000.0,3633500000.0,977000000.0,2648000000.0,0.628,6.247,-98000000.0,119000000.0,119000000.0,1541000000.0,,1.919,2.82,1340000000.0,4000000.0,1336000000.0,1340000000.0,0.0,123000000.0,0.0,0.0,0.0,,,,,,,,,,949000000.0,1001750000.0,949000000.0,5034353718.0,,,252000000.0,1.659,1.0,740000000.0,0.324,925000000.0,81000000.0,3412000000.0,3345500000.0,398000000.0,0.0,0.0,0.0,2676000000.0,509000000.0,2167000000.0,3820353718.0,-49000000.0,-84000000.0,-183000000.0,-36000000.0,0.0,-222000000.0,-180000000.0,0.0,350000000.0,3000000.0,,,,,,,414000000.0,326000000.0,224000000.0,,4.026,,,1454000000.0,,24.94,1.675,1.661,384000000.0,726000000.0,2281000000.0,2281000000.0,,,,,,0.0,194000000.0,1.0,153181785.0,151913718.0,154445044.0,15.015,2700000000.0,0.0,,232000000.0,17.773,468000000.0
26,PTV,MRT,2004-03-31,2004-03-31,2004-03-31,2019-04-23,-952000000.0,3666000000.0,3608500000.0,991000000.0,2675000000.0,0.675,6.302,-104000000.0,126000000.0,126000000.0,1659000000.0,,1.895,2.756,1340000000.0,4000000.0,1336000000.0,1340000000.0,0.0,140000000.0,0.0,0.0,0.0,,,,,,,,,,976000000.0,1016500000.0,976000000.0,4623270564.0,,,259000000.0,1.672,1.0,778000000.0,0.319,935000000.0,84000000.0,3422000000.0,3278500000.0,426000000.0,0.0,0.0,0.0,2690000000.0,523000000.0,2167000000.0,3422270564.0,-8000000.0,-82000000.0,-149000000.0,-39000000.0,0.0,-190000000.0,-185000000.0,0.0,363000000.0,4000000.0,,,,,,,427000000.0,351000000.0,223000000.0,,3.506,,,1476000000.0,,22.25,1.404,1.414,346000000.0,674000000.0,2437000000.0,2437000000.0,,,,,,0.0,211000000.0,1.0,153809913.0,154865139.0,157270657.0,15.736,2731000000.0,0.0,,217000000.0,17.635,468000000.0
27,PTV,MRT,2003-12-31,2003-12-31,2003-12-31,2019-04-23,-941000000.0,3706000000.0,3559750000.0,982000000.0,2724000000.0,0.668,6.718,-112000000.0,140000000.0,140000000.0,1615000000.0,183000000.0,2.072,2.493,1341000000.0,5000000.0,1336000000.0,1341000000.0,0.0,135000000.0,0.0,0.0,0.0,374000000.0,509000000.0,0.214,509000000.0,374000000.0,291000000.0,1.16,1.14,1.16,1061000000.0,1012750000.0,1061000000.0,4744077538.0,13.0,9.32,224000000.0,1.418,1.0,764000000.0,0.321,941000000.0,83000000.0,3492000000.0,3203250000.0,399000000.0,0.0,0.0,0.0,2645000000.0,474000000.0,2171000000.0,3758077538.0,13000000.0,-82000000.0,-67000000.0,-65000000.0,0.0,-134000000.0,-194000000.0,0.0,336000000.0,5000000.0,183000000.0,183000000.0,183000000.0,-19000000.0,0.0,0.077,343000000.0,421000000.0,198000000.0,0.0,3.542,20.536,20.603,1522000000.0,0.0,23.9,1.58,1.587,346000000.0,674000000.0,2379000000.0,2379000000.0,0.0,0.051,0.181,0.117,0.157,0.0,204000000.0,1.0,157241738.0,157932323.0,160143600.0,15.063,2765000000.0,46000000.0,108000000.0,228000000.0,17.507,508000000.0
28,PTV,MRT,2003-09-30,2003-09-30,2003-09-30,2019-04-23,-943000000.0,3537000000.0,3486250000.0,1023000000.0,2514000000.0,0.889,6.496,-120000000.0,186000000.0,186000000.0,2165000000.0,188000000.0,1.847,2.464,1172000000.0,4000000.0,1168000000.0,1172000000.0,0.0,164000000.0,0.0,0.0,0.0,403000000.0,567000000.0,0.183,567000000.0,403000000.0,307000000.0,1.18,1.16,1.18,1021000000.0,971750000.0,1021000000.0,4235030865.0,11.0,7.469,233000000.0,1.482,1.0,933000000.0,0.301,913000000.0,96000000.0,3056000000.0,3109000000.0,426000000.0,0.0,0.0,0.0,2516000000.0,554000000.0,1962000000.0,3194030865.0,53000000.0,-53000000.0,-43000000.0,-83000000.0,0.0,-126000000.0,-178000000.0,0.0,353000000.0,4000000.0,188000000.0,188000000.0,188000000.0,0.0,0.0,0.061,473000000.0,460000000.0,207000000.0,0.0,3.128,16.99,17.186,1348000000.0,0.0,20.28,1.031,1.029,329000000.0,620000000.0,3098000000.0,3098000000.0,0.0,0.054,0.193,0.13,0.13,0.0,309000000.0,1.0,157496591.0,157181437.0,159173696.0,19.71,2624000000.0,0.0,119000000.0,186000000.0,16.694,469000000.0
29,PTV,MRT,2003-06-30,2003-06-30,2003-06-30,2019-04-23,-939000000.0,3525000000.0,3425250000.0,1016000000.0,2509000000.0,0.885,6.356,-124000000.0,168000000.0,168000000.0,2114000000.0,221000000.0,1.973,2.497,1209000000.0,6000000.0,1203000000.0,1209000000.0,0.0,160000000.0,0.0,0.0,0.0,459000000.0,619000000.0,0.204,619000000.0,459000000.0,362000000.0,1.38,1.37,1.38,1008000000.0,932500000.0,1008000000.0,4219056411.0,9.0,6.816,240000000.0,1.513,1.0,918000000.0,0.303,907000000.0,97000000.0,3144000000.0,3084750000.0,420000000.0,0.0,0.0,0.0,2517000000.0,515000000.0,2002000000.0,3143056411.0,129000000.0,-29000000.0,-36000000.0,-46000000.0,0.0,-82000000.0,-155000000.0,0.0,364000000.0,2000000.0,221000000.0,221000000.0,221000000.0,0.0,0.0,0.073,458000000.0,460000000.0,246000000.0,0.0,3.118,14.222,14.283,1358000000.0,0.0,19.71,1.037,1.031,335000000.0,594000000.0,3032000000.0,3032000000.0,0.0,0.065,0.237,0.149,0.151,0.0,299000000.0,1.0,159465064.0,158583933.0,160620273.0,19.119,2618000000.0,0.0,141000000.0,168000000.0,16.509,501000000.0
30,PTV,MRT,2003-03-31,2003-03-31,2003-03-31,2019-04-23,-965000000.0,3471000000.0,3579750000.0,969000000.0,2502000000.0,0.824,6.044,-126000000.0,134000000.0,134000000.0,2037000000.0,222000000.0,1.882,2.612,1210000000.0,5000000.0,1205000000.0,1210000000.0,0.0,158000000.0,0.0,0.0,0.0,464000000.0,622000000.0,0.211,622000000.0,464000000.0,367000000.0,1.39,1.38,1.39,961000000.0,1111750000.0,961000000.0,4340701274.0,9.0,6.979,243000000.0,1.528,1.0,913000000.0,0.309,911000000.0,97000000.0,3121000000.0,3282000000.0,416000000.0,0.0,0.0,0.0,2510000000.0,515000000.0,1995000000.0,3230701274.0,88000000.0,-106000000.0,1000000.0,-52000000.0,0.0,-51000000.0,-233000000.0,0.0,369000000.0,3000000.0,222000000.0,222000000.0,222000000.0,0.0,0.0,0.075,448000000.0,465000000.0,241000000.0,0.0,3.362,14.553,14.604,1353000000.0,0.0,20.3,1.095,1.094,331000000.0,535000000.0,2950000000.0,2950000000.0,0.0,0.062,0.2,0.141,0.157,0.0,294000000.0,1.0,159147846.0,159010563.0,161281258.0,18.552,2560000000.0,0.0,145000000.0,151000000.0,16.1,454000000.0
31,PTV,MRT,2002-12-31,2002-12-31,2002-12-31,2019-04-23,-975000000.0,3412000000.0,3714750000.0,904000000.0,2508000000.0,0.775,5.655,-126000000.0,127000000.0,127000000.0,1967000000.0,148000000.0,1.804,2.804,1237000000.0,13000000.0,1224000000.0,1237000000.0,0.0,158000000.0,0.0,0.0,0.0,390000000.0,548000000.0,0.19,548000000.0,390000000.0,294000000.0,0.93,0.92,0.93,897000000.0,1279750000.0,897000000.0,4540172060.0,12.0,8.285,258000000.0,1.627,1.0,913000000.0,0.317,906000000.0,96000000.0,3115000000.0,3472500000.0,368000000.0,0.0,0.0,0.0,2515000000.0,501000000.0,2014000000.0,3464172060.0,86000000.0,-118000000.0,-29000000.0,-28000000.0,0.0,-57000000.0,-244000000.0,0.0,384000000.0,3000000.0,148000000.0,148000000.0,148000000.0,0.0,0.0,0.051,450000000.0,463000000.0,217000000.0,0.0,3.862,23.407,23.505,1366000000.0,0.0,21.86,1.203,1.204,329000000.0,491000000.0,2880000000.0,2880000000.0,0.0,0.04,0.116,0.112,0.135,0.0,296000000.0,1.0,158470817.0,158618274.0,160613075.0,18.157,2506000000.0,23000000.0,146000000.0,151000000.0,15.799,403000000.0
32,PTV,MRT,2002-09-30,2002-09-30,2002-09-30,2019-04-23,-943000000.0,3293000000.0,3876750000.0,885000000.0,2408000000.0,0.725,5.457,-134000000.0,133000000.0,133000000.0,1907000000.0,135000000.0,1.722,2.811,1209000000.0,5000000.0,1204000000.0,1209000000.0,0.0,161000000.0,0.0,0.0,0.0,371000000.0,532000000.0,0.189,532000000.0,371000000.0,275000000.0,0.85,0.84,0.85,864000000.0,1477750000.0,864000000.0,3777080964.0,10.0,7.1,259000000.0,1.636,1.0,905000000.0,0.322,896000000.0,96000000.0,2959000000.0,3661250000.0,382000000.0,0.0,0.0,0.0,2429000000.0,514000000.0,1915000000.0,2607080964.0,112000000.0,-79000000.0,-29000000.0,-28000000.0,0.0,-72000000.0,-210000000.0,1000000.0,393000000.0,1000000.0,135000000.0,135000000.0,135000000.0,0.0,0.0,0.048,462000000.0,443000000.0,209000000.0,0.0,3.017,19.312,19.353,1287000000.0,0.0,16.45,0.927,0.926,302000000.0,432000000.0,2812000000.0,2812000000.0,0.0,0.035,0.091,0.101,0.132,0.0,302000000.0,1.0,158485165.0,158316017.0,160060429.0,17.762,2397000000.0,23000000.0,140000000.0,87000000.0,15.141,371000000.0
33,PTV,MRT,2002-06-30,2002-06-30,2002-06-30,2019-04-23,-24000000.0,4143000000.0,4068000000.0,807000000.0,3336000000.0,0.683,10.902,-134000000.0,39000000.0,39000000.0,1883000000.0,121000000.0,1.62,1.402,1209000000.0,5000000.0,1204000000.0,1209000000.0,0.0,168000000.0,0.0,0.0,0.0,351000000.0,519000000.0,0.187,519000000.0,351000000.0,254000000.0,0.76,0.75,0.76,1725000000.0,1672500000.0,1725000000.0,4932740259.0,14.0,9.504,252000000.0,1.593,1.0,896000000.0,0.322,882000000.0,97000000.0,3933000000.0,3878250000.0,361000000.0,0.0,0.0,0.0,2418000000.0,498000000.0,1920000000.0,3763740259.0,24000000.0,-89000000.0,-21000000.0,-106000000.0,0.0,-142000000.0,-222000000.0,1000000.0,386000000.0,2000000.0,121000000.0,121000000.0,121000000.0,0.0,0.0,0.044,472000000.0,424000000.0,207000000.0,0.0,2.182,31.105,31.316,1289000000.0,0.0,23.8,1.354,1.355,316000000.0,373000000.0,2779000000.0,2779000000.0,0.0,0.03,0.072,0.091,0.126,0.0,304000000.0,1.0,158140347.0,158230119.0,160538835.0,17.563,3261000000.0,0.0,133000000.0,607000000.0,20.609,309000000.0
34,PTV,MRT,2002-03-31,2002-03-31,2002-03-31,2019-04-23,-58000000.0,4011000000.0,4033750000.0,766000000.0,3245000000.0,0.689,10.258,-142000000.0,46000000.0,46000000.0,1899000000.0,130000000.0,1.616,1.456,1215000000.0,4000000.0,1211000000.0,1215000000.0,0.0,172000000.0,0.0,0.0,0.0,356000000.0,528000000.0,0.19,528000000.0,356000000.0,255000000.0,0.81,0.8,0.81,1633000000.0,1638750000.0,1633000000.0,4401313347.0,12.0,8.336,245000000.0,1.539,1.0,880000000.0,0.317,823000000.0,101000000.0,3883000000.0,3868500000.0,350000000.0,0.0,0.0,0.0,2378000000.0,474000000.0,1904000000.0,3189313347.0,32000000.0,60000000.0,-13000000.0,-247000000.0,0.0,-275000000.0,-80000000.0,1000000.0,387000000.0,0.0,130000000.0,130000000.0,130000000.0,-24000000.0,0.0,0.047,476000000.0,404000000.0,188000000.0,0.0,1.953,24.533,24.716,1267000000.0,0.0,20.02,1.148,1.147,275000000.0,313000000.0,2779000000.0,2779000000.0,0.0,0.032,0.079,0.092,0.128,0.0,299000000.0,1.0,159306361.0,159194198.0,160919836.0,17.457,3188000000.0,0.0,125000000.0,587000000.0,20.026,292000000.0
35,PTV,MRT,2001-12-31,2001-12-31,2001-12-31,2019-04-23,-54000000.0,4060000000.0,4056000000.0,740000000.0,3320000000.0,0.693,10.634,-145000000.0,41000000.0,41000000.0,1950000000.0,193000000.0,1.612,1.404,1218000000.0,7000000.0,1211000000.0,1218000000.0,0.0,177000000.0,0.0,0.0,0.0,418000000.0,595000000.0,0.212,595000000.0,418000000.0,311000000.0,1.21,1.2,1.21,1689000000.0,1615750000.0,1689000000.0,4039687908.0,10.0,6.789,226000000.0,1.423,1.0,862000000.0,0.307,908000000.0,107000000.0,3870000000.0,3926250000.0,332000000.0,0.0,0.0,0.0,2371000000.0,459000000.0,1912000000.0,2827687908.0,15000000.0,143000000.0,16000000.0,-355000000.0,0.0,-354000000.0,-1000000.0,1000000.0,371000000.0,-1000000.0,193000000.0,193000000.0,193000000.0,-28000000.0,0.0,0.069,471000000.0,391000000.0,201000000.0,0.0,1.674,14.651,14.669,1273000000.0,0.0,17.75,1.006,1.003,259000000.0,343000000.0,2812000000.0,2812000000.0,0.0,0.048,0.119,0.106,0.149,0.0,288000000.0,1.0,159306361.0,158833296.0,159527170.0,17.704,3152000000.0,65000000.0,118000000.0,604000000.0,19.845,281000000.0
36,PTV,MRT,2001-09-30,2001-09-30,2001-09-30,2019-04-23,-51000000.0,4058000000.0,4096750000.0,743000000.0,3315000000.0,0.688,10.335,-131000000.0,21000000.0,21000000.0,2036000000.0,154000000.0,1.423,1.47,1233000000.0,9000000.0,1224000000.0,1233000000.0,0.0,181000000.0,0.0,0.0,0.0,367000000.0,548000000.0,0.194,548000000.0,367000000.0,252000000.0,0.97,0.97,0.97,1643000000.0,1578250000.0,1643000000.0,3593428193.0,10.0,6.557,290000000.0,1.824,1.0,783000000.0,0.278,921000000.0,115000000.0,3827000000.0,4038250000.0,377000000.0,0.0,0.0,0.0,2415000000.0,522000000.0,1893000000.0,2303428193.0,-2000000.0,136000000.0,12000000.0,-439000000.0,0.0,-427000000.0,5000000.0,-2000000.0,421000000.0,-1000000.0,154000000.0,154000000.0,154000000.0,-28000000.0,0.0,0.055,440000000.0,343000000.0,247000000.0,0.0,1.402,14.957,14.938,1268000000.0,0.0,14.49,0.817,0.817,260000000.0,298000000.0,2819000000.0,2819000000.0,0.0,0.038,0.098,0.091,0.13,0.0,204000000.0,1.0,158966749.0,158978933.0,159881752.0,17.732,3137000000.0,0.0,98000000.0,522000000.0,19.732,221000000.0
37,PTV,MRT,2001-06-30,2001-06-30,2001-06-30,2019-04-23,-55000000.0,4006000000.0,4191500000.0,736000000.0,3270000000.0,0.692,10.02,-126000000.0,23000000.0,23000000.0,2110000000.0,147000000.0,1.533,1.519,1313000000.0,11000000.0,1302000000.0,1313000000.0,0.0,183000000.0,0.0,0.0,0.0,365000000.0,548000000.0,0.189,548000000.0,365000000.0,241000000.0,0.93,0.93,0.93,1590000000.0,1543750000.0,1590000000.0,3557898183.0,10.0,6.493,312000000.0,1.966,1.0,792000000.0,0.273,922000000.0,124000000.0,3894000000.0,4218250000.0,379000000.0,0.0,0.0,0.0,2416000000.0,480000000.0,1936000000.0,2126898183.0,5000000.0,146000000.0,-4000000.0,-447000000.0,0.0,-451000000.0,19000000.0,-2000000.0,438000000.0,-1000000.0,147000000.0,147000000.0,147000000.0,-28000000.0,0.0,0.051,452000000.0,340000000.0,235000000.0,0.0,1.338,14.469,14.409,1253000000.0,0.0,13.4,0.733,0.733,253000000.0,253000000.0,2902000000.0,2902000000.0,0.0,0.035,0.095,0.087,0.126,0.0,214000000.0,1.0,158723745.0,158689891.0,159250514.0,18.287,3084000000.0,0.0,94000000.0,497000000.0,19.434,256000000.0
38,PTV,MRT,2001-03-31,2001-03-31,2001-03-31,2019-04-23,-31000000.0,4100000000.0,4306500000.0,780000000.0,3320000000.0,0.695,9.731,-127000000.0,31000000.0,31000000.0,2185000000.0,117000000.0,1.608,1.661,1462000000.0,19000000.0,1443000000.0,1462000000.0,0.0,185000000.0,0.0,0.0,0.0,337000000.0,522000000.0,0.174,522000000.0,337000000.0,208000000.0,0.74,0.74,0.74,1541000000.0,1516000000.0,1541000000.0,3466078821.0,10.0,6.64,220000000.0,1.389,1.0,809000000.0,0.27,932000000.0,129000000.0,4114000000.0,4415000000.0,390000000.0,0.0,0.0,0.0,2559000000.0,485000000.0,2074000000.0,1919078821.0,3000000.0,72000000.0,-69000000.0,-218000000.0,0.0,-287000000.0,-57000000.0,-2000000.0,347000000.0,0.0,117000000.0,117000000.0,117000000.0,-4000000.0,0.0,0.039,472000000.0,337000000.0,218000000.0,0.0,1.245,16.402,16.365,1256000000.0,0.0,12.11,0.641,0.641,261000000.0,184000000.0,2994000000.0,2994000000.0,0.0,0.027,0.077,0.076,0.113,0.0,235000000.0,1.0,158470588.0,158360957.0,158644054.0,18.906,3168000000.0,9000000.0,91000000.0,489000000.0,20.005,295000000.0
39,PTV,MRT,2000-12-31,2000-12-31,2000-12-31,2019-04-23,3000000.0,4223000000.0,4387750000.0,900000000.0,3323000000.0,0.696,9.516,-135000000.0,26000000.0,26000000.0,2235000000.0,247000000.0,1.758,1.744,1573000000.0,13000000.0,1560000000.0,1573000000.0,0.0,185000000.0,0.0,0.0,0.0,472000000.0,657000000.0,0.215,657000000.0,472000000.0,338000000.0,1.53,1.53,1.53,1539000000.0,1508000000.0,1539000000.0,3603451997.0,8.0,5.485,155000000.0,0.958,1.0,817000000.0,0.268,940000000.0,134000000.0,4318000000.0,4519750000.0,401000000.0,0.0,0.0,0.0,2684000000.0,512000000.0,2172000000.0,1955451997.0,14000000.0,439000000.0,-85000000.0,-493000000.0,0.0,-578000000.0,302000000.0,-2000000.0,290000000.0,0.0,247000000.0,247000000.0,247000000.0,-134000000.0,0.0,0.081,476000000.0,341000000.0,233000000.0,0.0,1.271,7.917,8.088,1231000000.0,0.0,12.375,0.641,0.656,275000000.0,151000000.0,3052000000.0,3052000000.0,0.0,0.056,0.164,0.104,0.155,0.0,247000000.0,1.0,158016323.0,161722021.0,161778740.0,18.872,3283000000.0,109000000.0,91000000.0,486000000.0,20.3,388000000.0
40,PTV,MRT,2000-09-30,2000-09-30,2000-09-30,2019-04-23,-24000000.0,4437000000.0,4479000000.0,895000000.0,3542000000.0,0.716,9.513,-161000000.0,23000000.0,23000000.0,2385000000.0,34000000.0,1.499,1.948,1671000000.0,14000000.0,1657000000.0,1671000000.0,0.0,179000000.0,0.0,0.0,0.0,155000000.0,334000000.0,0.104,334000000.0,155000000.0,14000000.0,0.23,0.23,0.23,1505000000.0,1460750000.0,1505000000.0,3566771039.0,23.0,10.679,-46000000.0,-0.291,1.0,820000000.0,0.256,941000000.0,141000000.0,4547000000.0,4634750000.0,432000000.0,0.0,0.0,0.0,2932000000.0,597000000.0,2335000000.0,1816771039.0,-1000000.0,416000000.0,-85000000.0,407000000.0,0.0,-362000000.0,248000000.0,-3000000.0,115000000.0,-2000000.0,34000000.0,34000000.0,34000000.0,-96000000.0,0.0,0.011,760000000.0,60000000.0,224000000.0,0.0,1.207,53.434,48.641,1341000000.0,0.0,11.188,0.567,0.552,301000000.0,144000000.0,3205000000.0,3205000000.0,0.0,0.008,0.023,0.033,0.048,0.0,296000000.0,1.0,162392942.0,158205758.0,158256470.0,20.258,3496000000.0,55000000.0,-20000000.0,447000000.0,22.098,298000000.0
41,PTV,MRT,2000-06-30,2000-06-30,2000-06-30,2019-04-23,-15000000.0,4466000000.0,4515000000.0,918000000.0,3548000000.0,0.705,9.113,-171000000.0,10000000.0,10000000.0,2362000000.0,8000000.0,1.577,2.02,1760000000.0,20000000.0,1740000000.0,1760000000.0,0.0,180000000.0,0.0,0.0,0.0,132000000.0,312000000.0,0.098,312000000.0,132000000.0,-13000000.0,0.05,0.05,0.05,1479000000.0,1430250000.0,1479000000.0,2999498756.0,23.0,9.614,-145000000.0,-0.893,1.0,820000000.0,0.258,953000000.0,145000000.0,4681000000.0,4594250000.0,441000000.0,0.0,0.0,0.0,2987000000.0,582000000.0,2405000000.0,1330498756.0,-8000000.0,417000000.0,-73000000.0,488000000.0,0.0,-269000000.0,237000000.0,-3000000.0,26000000.0,-2000000.0,8000000.0,8000000.0,8000000.0,-104000000.0,0.0,0.003,791000000.0,29000000.0,219000000.0,0.0,0.9,166.312,157.5,1364000000.0,0.0,7.875,0.418,0.402,345000000.0,106000000.0,3182000000.0,3182000000.0,0.0,0.002,0.006,0.029,0.041,0.0,327000000.0,1.0,168952223.0,162303344.0,162351787.0,19.605,3513000000.0,41000000.0,-21000000.0,430000000.0,21.645,336000000.0
42,PTV,MRT,2000-03-31,2000-03-31,2000-03-31,2019-04-23,-11000000.0,4425000000.0,4520000000.0,872000000.0,3553000000.0,0.686,8.996,-182000000.0,11000000.0,11000000.0,2257000000.0,24000000.0,1.458,1.932,1680000000.0,25000000.0,1655000000.0,1680000000.0,0.0,181000000.0,0.0,0.0,0.0,139000000.0,320000000.0,0.103,320000000.0,139000000.0,-5000000.0,0.14,0.14,0.14,1509000000.0,1395500000.0,1509000000.0,3544118373.0,25.0,11.075,-245000000.0,-1.461,1.0,843000000.0,0.272,963000000.0,144000000.0,4533000000.0,4484250000.0,450000000.0,0.0,0.0,0.0,2916000000.0,598000000.0,2318000000.0,1490118373.0,-26000000.0,-383000000.0,-12000000.0,2165000000.0,0.0,614000000.0,-544000000.0,-3000000.0,-63000000.0,-3000000.0,24000000.0,24000000.0,24000000.0,-113000000.0,0.0,0.008,817000000.0,26000000.0,213000000.0,0.0,0.987,62.088,62.054,1369000000.0,0.0,8.688,0.481,0.47,309000000.0,67000000.0,3100000000.0,3100000000.0,0.0,0.005,0.017,0.031,0.045,0.0,347000000.0,1.0,171524417.0,167747692.0,167794941.0,18.48,3462000000.0,11000000.0,-29000000.0,409000000.0,20.638,274000000.0
43,PTV,MRT,1999-12-31,1999-12-31,1999-12-31,2019-04-23,-24000000.0,4588000000.0,4581500000.0,866000000.0,3722000000.0,0.661,8.064,-173000000.0,12000000.0,12000000.0,2162000000.0,-344000000.0,0.981,2.399,2066000000.0,325000000.0,1741000000.0,2066000000.0,0.0,184000000.0,0.0,0.0,0.0,-245000000.0,-61000000.0,-0.02,-61000000.0,-245000000.0,-391000000.0,-2.05,-2.05,-2.05,1350000000.0,1385750000.0,1350000000.0,3749960979.0,-15.0,-61.475,-204000000.0,-1.219,1.0,866000000.0,0.286,981000000.0,146000000.0,4778000000.0,4427750000.0,429000000.0,0.0,0.0,0.0,3238000000.0,883000000.0,2355000000.0,1788960979.0,5000000.0,-818000000.0,0.0,2524000000.0,0.0,1030000000.0,-994000000.0,-3000000.0,-31000000.0,0.0,-344000000.0,-344000000.0,-344000000.0,193000000.0,0.0,-0.114,879000000.0,-13000000.0,265000000.0,0.0,1.325,-5.2,-5.183,1396000000.0,0.0,10.625,0.591,0.587,279000000.0,-96000000.0,3028000000.0,3028000000.0,0.0,-0.075,-0.248,-0.055,-0.081,0.0,368000000.0,1.0,168372798.0,167405315.0,167663438.0,18.088,3607000000.0,120000000.0,-47000000.0,351000000.0,21.547,-17000000.0
44,PTV,MRT,1999-09-30,1999-09-30,1999-09-30,2019-04-23,0.0,4581000000.0,4634000000.0,2017000000.0,2564000000.0,0.658,8.259,-162000000.0,24000000.0,24000000.0,2078000000.0,-145000000.0,1.78,2.312,1985000000.0,457000000.0,1528000000.0,1985000000.0,0.0,184000000.0,0.0,,0.0,50000000.0,234000000.0,0.077,234000000.0,50000000.0,-89000000.0,-0.88,-0.88,-0.88,1383000000.0,1492250000.0,1383000000.0,,,,9000000.0,0.054,1.0,970000000.0,0.318,1024000000.0,139000000.0,4385000000.0,4359250000.0,453000000.0,16000000.0,16000000.0,0.0,3198000000.0,1133000000.0,2065000000.0,,20000000.0,-934000000.0,0.0,1713000000.0,0.0,937000000.0,-1090000000.0,3000000.0,171000000.0,2000000.0,-145000000.0,-145000000.0,-145000000.0,160000000.0,0.0,-0.048,720000000.0,250000000.0,249000000.0,0.0,,,,1528000000.0,0.0,,,,324000000.0,,3048000000.0,3048000000.0,-19000000.0,-0.031,-0.097,0.011,0.016,0.0,487000000.0,1.0,168372798.0,167459483.0,,18.201,3557000000.0,56000000.0,56000000.0,335000000.0,21.241,884000000.0
45,PTV,MRT,1999-06-30,1999-06-30,1999-06-30,2019-04-23,0.0,4486000000.0,,1946000000.0,2540000000.0,,8.018,-168000000.0,18000000.0,18000000.0,2025000000.0,-117000000.0,1.836,2.348,1861000000.0,367000000.0,1494000000.0,1861000000.0,0.0,181000000.0,0.0,,0.0,71000000.0,252000000.0,0.084,252000000.0,71000000.0,-63000000.0,-0.7,-0.7,-0.7,1340000000.0,,1340000000.0,,,,76000000.0,0.455,1.0,965000000.0,0.323,1028000000.0,134000000.0,4241000000.0,,447000000.0,16000000.0,16000000.0,0.0,3146000000.0,1060000000.0,2086000000.0,,6000000.0,-982000000.0,0.0,1726000000.0,0.0,919000000.0,-1159000000.0,-15000000.0,244000000.0,2000000.0,-117000000.0,-117000000.0,-117000000.0,143000000.0,0.0,-0.039,703000000.0,262000000.0,257000000.0,0.0,,,,1495000000.0,0.0,,,,912000000.0,,2990000000.0,2990000000.0,-13000000.0,,,,0.024,0.0,466000000.0,1.0,,167119483.0,,17.891,3458000000.0,53000000.0,54000000.0,394000000.0,20.692,886000000.0
46,PTV,MRT,1999-03-31,1999-03-31,1999-03-31,2019-04-23,0.0,4671000000.0,,1923000000.0,2748000000.0,,8.816,-177000000.0,7000000.0,7000000.0,2044000000.0,-98000000.0,1.389,2.178,2061000000.0,724000000.0,1337000000.0,2061000000.0,0.0,179000000.0,0.0,,0.0,90000000.0,269000000.0,0.09,269000000.0,90000000.0,-46000000.0,-0.59,-0.59,-0.59,1470000000.0,,1470000000.0,,,,348000000.0,2.087,1.0,946000000.0,0.316,1034000000.0,136000000.0,4307000000.0,,440000000.0,21000000.0,21000000.0,0.0,3201000000.0,1384000000.0,1817000000.0,,28000000.0,-264000000.0,0.0,-39000000.0,0.0,-31000000.0,-498000000.0,-33000000.0,525000000.0,2000000.0,-98000000.0,-98000000.0,-98000000.0,129000000.0,0.0,-0.033,682000000.0,264000000.0,274000000.0,0.0,,,,1495000000.0,0.0,,,,881000000.0,,2990000000.0,2990000000.0,-6000000.0,,,,0.03,0.0,443000000.0,1.0,,166743506.0,,17.932,3637000000.0,34000000.0,52000000.0,303000000.0,21.812,539000000.0
47,PTV,MRT,1998-12-31,1998-12-31,1998-12-31,2019-04-23,0.0,4798000000.0,,917000000.0,3881000000.0,,10.54,-194000000.0,7000000.0,7000000.0,2032000000.0,139000000.0,0.803,1.702,1907000000.0,595000000.0,1312000000.0,1907000000.0,0.0,175000000.0,0.0,,0.0,339000000.0,514000000.0,0.174,514000000.0,339000000.0,206000000.0,0.83,0.83,0.83,1776000000.0,,1776000000.0,,,,383000000.0,2.273,1.0,925000000.0,0.313,1052000000.0,133000000.0,4504000000.0,,412000000.0,0.0,0.0,0.0,3022000000.0,1142000000.0,1880000000.0,,-4000000.0,-282000000.0,0.0,-11000000.0,0.0,-67000000.0,-514000000.0,-38000000.0,577000000.0,0.0,139000000.0,139000000.0,139000000.0,-57000000.0,0.0,0.047,642000000.0,283000000.0,255000000.0,0.0,,,,1556000000.0,0.0,,,,336000000.0,,2957000000.0,2957000000.0,0.0,,,,0.115,0.0,432000000.0,1.0,,168505573.0,168834531.0,17.548,3746000000.0,21000000.0,67000000.0,304000000.0,22.231,-225000000.0
48,PTV,MRT,1998-09-30,1998-09-30,1998-09-30,2019-04-23,,,,,,,,,,,,,,,,,,,,,,,0.0,,,,,,,,,,,,,,,,,,1.0,,,,,,,,,,,,,,,,,,,,,,,,,,,,,,,,,,,,,,,,,,,,,,,,,,,,,,1.0,,,,,,,,,,
49,PTV,MRT,1998-06-30,1998-06-30,1998-06-30,2019-04-23,,,,,,,,,,,,,,,,,,,,,,,0.0,,,,,,,,,,,,,,,,,,1.0,,,,,,,,,,,,,,,,,,,,,,,,,,,,,,,,,,,,,,,,,,,,,,,,,,,,,,1.0,,,,,,,,,,
50,PTV,MRT,1998-03-31,1998-03-31,1998-03-31,2019-04-23,,,,,,,,,,,,,,,,,,,,,,,0.0,,,,,,,,,,,,,,,,,,1.0,,,,,,,,,,,,,,,,,,,,,,,,,,,,,,,,,,,,,,,,,,,,,,,,,,,,,,1.0,,,,,,,,,,
51,PTV,MRT,1997-12-31,1997-12-31,1997-12-31,2019-04-23,,,,,,,,-229000000.0,,,1779000000.0,89000000.0,,,,,,,,163000000.0,,,0.0,288000000.0,451000000.0,0.176,451000000.0,288000000.0,164000000.0,0.52,0.52,0.52,,,,,,,176000000.0,1.034,1.0,784000000.0,0.306,,124000000.0,,,,,,,,,,,-11000000.0,-369000000.0,0.0,-92000000.0,0.0,239000000.0,-654000000.0,-56000000.0,405000000.0,-1000000.0,89000000.0,89000000.0,89000000.0,-21000000.0,0.0,0.035,484000000.0,300000000.0,,0.0,,,,,0.0,,,,,,2563000000.0,2563000000.0,34000000.0,,,,0.112,0.0,287000000.0,1.0,,170264731.0,170801636.0,15.053,,,75000000.0,,,
52,PTV,MRT,1996-12-31,1996-12-31,1996-12-31,2019-04-23,,,,,,,,-216000000.0,,,1417000000.0,134000000.0,,,,,,,,131000000.0,,,0.0,303000000.0,434000000.0,0.218,434000000.0,303000000.0,201000000.0,0.79,0.79,0.79,,,,,,,47000000.0,,1.0,570000000.0,0.287,,102000000.0,,,,,,,,,,,-8000000.0,-346000000.0,0.0,-23000000.0,0.0,399000000.0,-669000000.0,-107000000.0,263000000.0,-1000000.0,134000000.0,134000000.0,134000000.0,-71000000.0,0.0,0.067,385000000.0,185000000.0,,0.0,,,,,0.0,,,,,,1987000000.0,1987000000.0,22000000.0,,,,0.152,0.0,232000000.0,,,,,,,,67000000.0,,,
