None,ticker,dimension,calendardate,datekey,reportperiod,lastupdated,accoci,assets,assetsavg,assetsc,assetsnc,assetturnover,bvps,capex,cashneq,cashnequsd,cor,consolinc,currentratio,de,debt,debtc,debtnc,debtusd,deferredrev,depamor,deposits,divyield,dps,ebit,ebitda,ebitdamargin,ebitdausd,ebitusd,ebt,eps,epsdil,epsusd,equity,equityavg,equityusd,ev,evebit,evebitda,fcf,fcfps,fxusd,gp,grossmargin,intangibles,intexp,invcap,invcapavg,inventory,investments,investmentsc,investmentsnc,liabilities,liabilitiesc,liabilitiesnc,marketcap,ncf,ncfbus,ncfcommon,ncfdebt,ncfdiv,ncff,ncfi,ncfinv,ncfo,ncfx,netinc,netinccmn,netinccmnusd,netincdis,netincnci,netmargin,opex,opinc,payables,payoutratio,pb,pe,pe1,ppnenet,prefdivis,price,ps,ps1,receivables,retearn,revenue,revenueusd,rnd,roa,roe,roic,ros,sbcomp,sgna,sharefactor,sharesbas,shareswa,shareswadil,sps,tangibles,taxassets,taxexp,taxliabilities,tbvps,workingcapital
0,MTB,MRY,2020-12-31,2020-12-31,2020-12-31,2021-09-07,-63032000.0,142601105000.0,136335662500.0,,,0.038,126.175,-172289000.0,25216553000.0,25216553000.0,0.0,1353152000.0,,7.809,4441675000.0,,,4441675000.0,0.0,320288000.0,119805738000.0,0.035,4.4,1695435000.0,2015723000.0,0.391,2015723000.0,1695435000.0,1695435000.0,9.94,9.94,9.94,16187283000.0,16012298750.0,16187283000.0,149489017.0,0.0,0.074,616898000.0,4.809,1.0,5154761000.0,1.0,4607277000.0,0.0,117218950000.0,117562981000.0,0.0,104913758000.0,,,126413822000.0,,,16331650017.0,116438000.0,0.0,-373750000.0,-2667904000.0,-568112000.0,21347732000.0,-22020481000.0,-21915603000.0,789187000.0,0.0,1279066000.0,1279066000.0,1279066000.0,0.0,74086000.0,0.248,3058088000.0,2096673000.0,0.0,0.443,1.009,12.768,12.807,1161558000.0,0.0,127.3,3.168,3.168,0.0,13444428000.0,5154761000.0,5154761000.0,0.0,0.009,0.08,0.014,0.329,0.0,3058088000.0,1.0,128292616.0,128292616.0,,40.18,137993828000.0,0.0,416369000.0,0.0,1075.618,
1,MTB,MRY,2019-12-31,2019-12-31,2019-12-31,2021-09-07,-206680000.0,119872757000.0,121738445750.0,,,0.049,119.102,-178049000.0,8626459000.0,8626459000.0,0.0,1929149000.0,,6.627,7048549000.0,,,7048549000.0,0.0,301315000.0,94770069000.0,0.024,4.1,2467621000.0,2768936000.0,0.46,2768936000.0,2467621000.0,2467621000.0,13.76,13.75,13.76,15716649000.0,15693954000.0,15716649000.0,20602059259.0,8.0,7.44,2179506000.0,16.516,1.0,6015943000.0,1.0,4622146000.0,0.0,113672701000.0,117618119500.0,0.0,99839178000.0,,,104156108000.0,,,22400224259.0,-169134000.0,0.0,-1349785000.0,-5889508000.0,-552138000.0,-3253696000.0,727007000.0,1100977000.0,2357555000.0,0.0,1849509000.0,1849509000.0,1849509000.0,0.0,79640000.0,0.307,3177926000.0,2838017000.0,0.0,0.298,1.425,12.111,12.336,1140924000.0,0.0,169.75,3.723,3.723,0.0,12820916000.0,6015943000.0,6015943000.0,0.0,0.015,0.118,0.021,0.41,0.0,3177926000.0,1.0,131960084.0,131960084.0,,45.589,115250611000.0,0.0,618112000.0,0.0,873.375,
2,MTB,MRY,2018-12-31,2018-12-31,2018-12-31,2021-09-07,-420081000.0,120097403000.0,118493479250.0,,,0.049,110.149,-97676000.0,9710636000.0,9710636000.0,0.0,1918080000.0,,6.768,12843292000.0,,,12843292000.0,0.0,179005000.0,90156572000.0,0.025,3.55,2426188000.0,2605193000.0,0.449,2605193000.0,2426188000.0,2426188000.0,12.75,12.74,12.75,15460191000.0,15545963750.0,15460191000.0,22704418028.0,9.0,8.715,1992176000.0,14.194,1.0,5796302000.0,1.0,4640179000.0,0.0,118589880000.0,116874465500.0,0.0,100325430000.0,,,104637212000.0,,,20089397028.0,184551000.0,0.0,-2194396000.0,4537387000.0,-510382000.0,-495250000.0,-1410051000.0,-1360279000.0,2089852000.0,0.0,1836028000.0,1836028000.0,1836028000.0,0.0,82052000.0,0.317,2995989000.0,2800313000.0,0.0,0.278,1.299,10.942,11.226,647408000.0,0.0,143.13,3.466,3.466,0.0,11516672000.0,5796302000.0,5796302000.0,0.0,0.015,0.118,0.021,0.419,0.0,2995989000.0,1.0,140357696.0,140357696.0,,41.297,115457224000.0,0.0,590160000.0,0.0,822.593,
3,MTB,MRY,2017-12-31,2017-12-31,2017-12-31,2021-09-07,-363814000.0,118593487000.0,120778777250.0,,,0.045,107.968,-78966000.0,6499791000.0,6499791000.0,0.0,1408306000.0,,6.298,8316529000.0,,,8316529000.0,0.0,197125000.0,92432146000.0,0.018,3.0,2243059000.0,2440184000.0,0.447,2440184000.0,2243059000.0,2243059000.0,8.72,8.7,8.72,16250819000.0,16266378000.0,16250819000.0,26840299603.0,12.0,10.999,2702969000.0,17.958,1.0,5464187000.0,1.0,4664701000.0,0.0,115745524000.0,117587063000.0,0.0,101769219000.0,,,102342668000.0,,,25736622603.0,100339000.0,0.0,-1205905000.0,-1275833000.0,-457402000.0,-6076521000.0,3394925000.0,3454066000.0,2781935000.0,0.0,1327503000.0,1327503000.0,1327503000.0,0.0,80803000.0,0.243,2822418000.0,2641769000.0,0.0,0.344,1.584,19.387,19.609,646451000.0,0.0,170.99,4.71,4.71,0.0,10164804000.0,5464187000.0,5464187000.0,0.0,0.011,0.082,0.019,0.411,0.0,2822418000.0,1.0,150515367.0,150515367.0,,36.303,113928786000.0,0.0,915556000.0,0.0,756.925,
4,MTB,MRY,2016-12-31,2016-12-31,2016-12-31,2021-09-07,-294636000.0,123449206000.0,124684112500.0,,,0.041,106.332,-107693000.0,6321187000.0,6321187000.0,0.0,1315114000.0,,6.488,9657277000.0,,,9657277000.0,0.0,200591000.0,95493876000.0,0.018,2.8,1966743000.0,2167334000.0,0.424,2167334000.0,1966743000.0,1966743000.0,7.8,7.78,7.8,16486622000.0,16413541250.0,16486622000.0,22569423314.0,11.0,10.413,1075718000.0,6.938,1.0,5105883000.0,1.0,4690767000.0,0.0,122094529000.0,120981869750.0,0.0,106438754000.0,,,106962584000.0,,,24254255314.0,-47491000.0,0.0,-641334000.0,-3057003000.0,-441891000.0,-510134000.0,-720768000.0,-891036000.0,1183411000.0,0.0,1223459000.0,1223459000.0,1223459000.0,0.0,91655000.0,0.24,2727438000.0,2378445000.0,0.0,0.359,1.471,19.824,20.055,675263000.0,0.0,156.43,4.75,4.75,0.0,9222488000.0,5105883000.0,5105883000.0,0.0,0.01,0.075,0.016,0.385,0.0,2727438000.0,1.0,155048618.0,155048618.0,,32.931,118758439000.0,0.0,743284000.0,0.0,765.943,
5,MTB,MRY,2015-12-31,2015-12-31,2015-12-31,2021-09-07,-251627000.0,122787884000.0,104010701250.0,,,0.043,121.339,-81936000.0,8962390000.0,8962390000.0,0.0,1079667000.0,,6.592,12786040000.0,,,12786040000.0,0.0,175349000.0,91957841000.0,0.023,2.8,1582714000.0,1758063000.0,0.391,1758063000.0,1582714000.0,1582714000.0,7.22,7.18,7.22,16173289000.0,13572880250.0,16173289000.0,20537157298.0,13.0,11.682,1660472000.0,12.458,1.0,4497624000.0,1.0,4733380000.0,0.0,121878154000.0,104218753750.0,0.0,102463729000.0,,,106614595000.0,,,16152055298.0,-5317000.0,-1932596000.0,0.0,-9579879000.0,-375017000.0,-9462007000.0,7714282000.0,9633363000.0,1742408000.0,0.0,987689000.0,987689000.0,987689000.0,0.0,91978000.0,0.22,2580262000.0,1917362000.0,0.0,0.388,0.999,16.353,16.784,666682000.0,0.0,121.18,3.591,3.591,0.0,8430502000.0,4497624000.0,4497624000.0,0.0,0.009,0.073,0.015,0.352,0.0,2580262000.0,1.0,133289778.0,133289778.0,,33.743,118054504000.0,0.0,595025000.0,0.0,885.698,
6,MTB,MRY,2014-12-31,2014-12-31,2014-12-31,2021-09-07,-180994000.0,96685535000.0,93319809750.0,,,0.046,93.375,-73161000.0,7844224000.0,7844224000.0,0.0,1066246000.0,,6.838,9199635000.0,,,9199635000.0,0.0,198730000.0,73582053000.0,0.022,2.8,1554530000.0,1753260000.0,0.405,1753260000.0,1554530000.0,1554530000.0,7.47,7.42,7.47,12335896000.0,12181207500.0,12335896000.0,16622188873.0,11.0,9.481,1025880000.0,7.765,1.0,4331719000.0,1.0,3559652000.0,0.0,94481294000.0,91099893500.0,0.0,79051111000.0,,,84349639000.0,,,16595895873.0,-299577000.0,0.0,0.0,3851424000.0,-371199000.0,10311753000.0,-11710371000.0,-11626580000.0,1099041000.0,0.0,978531000.0,978531000.0,978531000.0,0.0,87715000.0,0.226,2448551000.0,1883168000.0,0.0,0.375,1.345,16.96,16.817,612984000.0,0.0,125.62,3.831,3.831,0.0,7807119000.0,4331719000.0,4331719000.0,0.0,0.01,0.08,0.017,0.359,0.0,2448551000.0,1.0,132111892.0,132111892.0,,32.788,93125883000.0,0.0,575999000.0,0.0,704.902,
7,MTB,MRY,2013-12-31,2013-12-31,2013-12-31,2021-09-07,-64159000.0,85162391000.0,83907709500.0,,,0.052,86.813,-129563000.0,3324072000.0,3324072000.0,0.0,1138480000.0,,6.533,5369325000.0,,,5369325000.0,0.0,203735000.0,67118612000.0,0.024,2.8,1689517000.0,1893252000.0,0.435,1893252000.0,1689517000.0,1689517000.0,8.26,8.2,8.26,11305532000.0,10865255250.0,11305532000.0,16543063183.0,10.0,8.738,802761000.0,6.164,1.0,4353434000.0,1.0,3593476000.0,0.0,83614168000.0,82164373500.0,0.0,72329111000.0,,,73856859000.0,,,15161282183.0,-313681000.0,0.0,0.0,-275479000.0,-365349000.0,957573000.0,-2203578000.0,-2173788000.0,932324000.0,0.0,1062429000.0,1062429000.0,1062429000.0,0.0,76051000.0,0.244,2471370000.0,1882064000.0,0.0,0.339,1.341,14.27,14.094,633520000.0,0.0,116.42,3.483,3.483,0.0,7188004000.0,4353434000.0,4353434000.0,0.0,0.013,0.098,0.021,0.388,0.0,2471370000.0,1.0,130229189.0,130229189.0,,33.429,81568915000.0,0.0,627088000.0,0.0,626.349,
8,MTB,MRY,2012-12-31,2012-12-31,2012-12-31,2021-09-07,-240264000.0,83008803000.0,81022125250.0,,,0.05,79.704,-91519000.0,2116560000.0,2116560000.0,0.0,1029498000.0,,7.136,5682240000.0,,,5682240000.0,0.0,204561000.0,65611253000.0,0.028,2.8,1476418000.0,1680979000.0,0.414,1680979000.0,1476418000.0,1476418000.0,7.57,7.54,7.57,10202593000.0,9801678750.0,10202593000.0,16131512321.0,11.0,9.596,408462000.0,3.191,1.0,4061786000.0,1.0,3640388000.0,0.0,82934095000.0,81266749000.0,0.0,72208424000.0,,,72806210000.0,,,12604744321.0,534218000.0,0.0,0.0,-1787745000.0,-357717000.0,4095095000.0,-4060858000.0,-4066035000.0,499981000.0,0.0,953390000.0,953390000.0,953390000.0,0.0,76108000.0,0.235,2347519000.0,1714267000.0,0.0,0.37,1.235,13.221,13.008,594652000.0,0.0,98.47,3.103,3.103,0.0,6477276000.0,4061786000.0,4061786000.0,0.0,0.012,0.097,0.018,0.363,0.0,2347519000.0,1.0,128005934.0,128005934.0,,31.731,79368415000.0,0.0,523028000.0,0.0,620.037,
9,MTB,MRY,2011-12-31,2011-12-31,2011-12-31,2021-09-07,-356441000.0,77924287000.0,75349135000.0,,,0.049,73.8,-70008000.0,1607357000.0,1607357000.0,0.0,859479000.0,,7.405,7468308000.0,,,7468308000.0,0.0,197780000.0,59394649000.0,0.037,2.8,1146864000.0,1344644000.0,0.363,1344644000.0,1146864000.0,1146864000.0,6.37,6.35,6.37,9271209000.0,9099511750.0,9271209000.0,13452709519.0,12.0,10.005,1702238000.0,13.55,1.0,3702668000.0,1.0,3701019000.0,0.0,80084219000.0,76753521250.0,0.0,67422703000.0,,,68653078000.0,,,9590290519.0,518642000.0,-330000000.0,0.0,-2123034000.0,-350129000.0,-1622536000.0,368932000.0,538589000.0,1772246000.0,0.0,781743000.0,781743000.0,781743000.0,0.0,77736000.0,0.211,2316221000.0,1386447000.0,0.0,0.44,1.034,12.268,11.984,581435000.0,0.0,76.34,2.59,2.59,0.0,5867165000.0,3702668000.0,3702668000.0,0.0,0.01,0.086,0.015,0.31,0.0,2316221000.0,1.0,125626022.0,125626022.0,,29.474,74223268000.0,0.0,365121000.0,0.0,590.827,
10,MTB,MRY,2010-12-31,2010-12-31,2010-12-31,2021-09-07,-205220000.0,68021263000.0,68215234500.0,,,0.044,70.01,-70458000.0,1034977000.0,1034977000.0,0.0,736161000.0,,7.139,8787583000.0,,,8787583000.0,0.0,182362000.0,49805284000.0,0.032,2.8,1032454000.0,1214816000.0,0.404,1214816000.0,1032454000.0,1032454000.0,5.72,5.69,5.72,8357695000.0,8151749750.0,8357695000.0,19104101427.0,19.0,15.726,1605189000.0,13.446,1.0,3007626000.0,1.0,3650542000.0,0.0,72123327000.0,73913595750.0,0.0,58761815000.0,,,59663568000.0,,,10391859427.0,-312587000.0,0.0,0.0,-4036988000.0,-335303000.0,-2463644000.0,475410000.0,357916000.0,1675647000.0,0.0,675826000.0,675826000.0,675826000.0,0.0,60335000.0,0.225,1777410000.0,1230216000.0,0.0,0.49,1.243,15.377,15.219,435837000.0,0.0,87.05,3.455,3.455,0.0,5426701000.0,3007626000.0,3007626000.0,0.0,0.01,0.083,0.014,0.343,0.0,1777410000.0,1.0,119378052.0,119378052.0,,25.194,64370721000.0,0.0,356628000.0,0.0,539.217,
11,MTB,MRY,2009-12-31,2009-12-31,2009-12-31,2021-09-07,-335997000.0,68880399000.0,68168565250.0,,,0.037,65.652,-58967000.0,1379677000.0,1379677000.0,0.0,379891000.0,,7.884,12682598000.0,,,12682598000.0,0.0,190921000.0,47449838000.0,0.042,2.8,471406000.0,662327000.0,0.265,662327000.0,471406000.0,471406000.0,2.9,2.89,2.9,7752907000.0,7416818250.0,7752907000.0,19752635876.0,42.0,29.823,1130422000.0,9.572,1.0,2499854000.0,1.0,3707043000.0,0.0,76476277000.0,76901015750.0,0.0,59226257000.0,,,61127492000.0,,,7899132876.0,-321809000.0,0.0,0.0,-3135433000.0,-325706000.0,-4012893000.0,2501695000.0,2424910000.0,1189389000.0,0.0,332006000.0,332006000.0,332006000.0,0.0,47885000.0,0.133,1819789000.0,680065000.0,0.0,0.966,1.019,23.792,23.066,435845000.0,0.0,66.89,3.16,3.16,0.0,5076884000.0,2499854000.0,2499854000.0,0.0,0.005,0.045,0.006,0.189,0.0,1819789000.0,1.0,118091387.0,118091387.0,,21.169,65173356000.0,0.0,139400000.0,0.0,551.889,
12,MTB,MRY,2008-12-31,2008-12-31,2008-12-31,2021-09-07,-736881000.0,65815757000.0,65760493250.0,,,0.038,61.519,-72234000.0,1578435000.0,1578435000.0,0.0,555887000.0,,8.701,15084884000.0,,,15084884000.0,0.0,185790000.0,42581263000.0,0.049,2.8,738988000.0,924778000.0,0.375,924778000.0,738988000.0,738988000.0,5.04,5.01,5.04,6784731000.0,6552108250.0,6784731000.0,20341604906.0,28.0,21.996,1556182000.0,14.11,1.0,2466775000.0,1.0,3375624000.0,0.0,75946582000.0,76734130500.0,0.0,56839587000.0,,,59031026000.0,,,6331516906.0,-199396000.0,0.0,0.0,-1178704000.0,-308501000.0,435947000.0,-2263759000.0,-1967099000.0,1628416000.0,0.0,555096000.0,555096000.0,555096000.0,0.0,791000.0,0.225,1653661000.0,813114000.0,0.0,0.556,0.933,11.406,11.391,388855000.0,0.0,57.41,2.567,2.567,0.0,5062754000.0,2466775000.0,2466775000.0,0.0,0.008,0.085,0.01,0.3,0.0,1653661000.0,1.0,110285959.0,110285959.0,,22.367,62440133000.0,0.0,183892000.0,0.0,566.166,
13,MTB,MRY,2007-12-31,2007-12-31,2007-12-31,2021-09-07,-114822000.0,64875639000.0,60148825500.0,,,0.043,60.751,-56681000.0,1785978000.0,1785978000.0,0.0,654259000.0,,9.004,16139842000.0,,,16139842000.0,0.0,178159000.0,41266188000.0,0.032,2.6,963537000.0,1141696000.0,0.441,1141696000.0,963537000.0,963537000.0,6.05,5.95,6.05,6485256000.0,6287937750.0,6485256000.0,21808741583.0,23.0,19.102,1278076000.0,11.972,1.0,2591226000.0,1.0,3444989000.0,0.0,75784514000.0,68875552250.0,0.0,56505365000.0,,,58390383000.0,,,8707728583.0,142583000.0,0.0,-508404000.0,5346573000.0,-281900000.0,3590493000.0,-4782667000.0,-4510633000.0,1334757000.0,0.0,654259000.0,654259000.0,654259000.0,0.0,0.0,0.252,1557000000.0,1034226000.0,0.0,0.43,1.343,13.309,13.483,370765000.0,0.0,81.57,3.36,3.36,0.0,4815585000.0,2591226000.0,2591226000.0,0.0,0.011,0.104,0.014,0.372,0.0,1557000000.0,1.0,106751607.0,106751607.0,,24.273,61430650000.0,0.0,309278000.0,0.0,575.454,
14,MTB,MRY,2006-12-31,2006-12-31,2006-12-31,2021-09-07,-53574000.0,57064905000.0,56341332750.0,,,0.049,56.755,-41988000.0,1631603000.0,1631603000.0,0.0,839189000.0,,8.085,9984955000.0,,,9984955000.0,0.0,175931000.0,39910503000.0,0.018,2.25,1231642000.0,1407573000.0,0.506,1407573000.0,1231642000.0,1231642000.0,7.55,7.37,7.55,6281095000.0,6088007750.0,6281095000.0,22190838512.0,18.0,15.765,497875000.0,4.499,1.0,2783393000.0,1.0,3159082000.0,0.0,62259175000.0,62102543750.0,0.0,49785699000.0,,,50783810000.0,,,13519401512.0,134505000.0,0.0,-373860000.0,-1353515000.0,-249817000.0,-38653000.0,-366705000.0,-776929000.0,539863000.0,0.0,839189000.0,839189000.0,839189000.0,0.0,0.0,0.301,1488743000.0,1294650000.0,0.0,0.298,2.152,16.11,16.18,335008000.0,0.0,122.16,4.857,4.857,0.0,4443441000.0,2783393000.0,2783393000.0,0.0,0.015,0.138,0.02,0.442,0.0,1488743000.0,1.0,110669626.0,110669626.0,,25.15,53905823000.0,0.0,392453000.0,0.0,487.088,
15,MTB,MRY,2005-12-31,2005-12-31,2005-12-31,2021-09-07,-97930000.0,55146406000.0,54589229750.0,,,0.049,52.293,-26546000.0,1498867000.0,1498867000.0,0.0,782183000.0,,8.384,11349866000.0,,,11349866000.0,0.0,173748000.0,37100174000.0,0.016,1.75,1170919000.0,1344667000.0,0.506,1344667000.0,1170919000.0,1170919000.0,6.88,6.73,6.88,5876386000.0,5808684250.0,5876386000.0,21874309417.0,19.0,16.267,271826000.0,2.419,1.0,2656061000.0,1.0,3012341000.0,0.0,61985064000.0,61148932000.0,0.0,48284763000.0,,,49270020000.0,,,12254411417.0,126655000.0,0.0,-509609000.0,324817000.0,-198619000.0,1404509000.0,-1576226000.0,-1437218000.0,298372000.0,0.0,782183000.0,782183000.0,782183000.0,0.0,0.0,0.294,1428337000.0,1227724000.0,0.0,0.254,2.085,15.667,15.85,337115000.0,0.0,109.05,4.614,4.614,0.0,3854275000.0,2656061000.0,2656061000.0,0.0,0.014,0.135,0.019,0.441,0.0,1428337000.0,1.0,112374245.0,112374245.0,,23.636,52134065000.0,0.0,388736000.0,0.0,463.933,
16,MTB,MRY,2004-12-31,2004-12-31,2004-12-31,2021-09-07,-17209000.0,52938721000.0,52188139750.0,,,0.049,49.334,-31785000.0,1374046000.0,1374046000.0,0.0,722521000.0,,8.239,11052223000.0,,,11052223000.0,0.0,196074000.0,35429473000.0,0.015,1.6,1066523000.0,1262597000.0,0.489,1262597000.0,1066523000.0,1066523000.0,6.14,6.0,6.14,5729614000.0,5707685250.0,5729614000.0,22121845817.0,21.0,17.521,692585000.0,5.963,1.0,2582541000.0,1.0,3069588000.0,0.0,59547310000.0,58346421250.0,0.0,46406178000.0,,,47209107000.0,,,12524504817.0,-535978000.0,0.0,-610261000.0,1086335000.0,-187669000.0,2697654000.0,-3958002000.0,-3822483000.0,724370000.0,0.0,722521000.0,722521000.0,722521000.0,0.0,0.0,0.28,1440608000.0,1141933000.0,0.0,0.261,2.186,17.334,17.564,367204000.0,0.0,107.84,4.85,4.85,0.0,3270887000.0,2582541000.0,2582541000.0,0.0,0.014,0.127,0.018,0.413,0.0,1440608000.0,1.0,116139696.0,116139696.0,,22.237,49869133000.0,0.0,344002000.0,0.0,429.389,
17,MTB,MRY,2003-12-31,2003-12-31,2003-12-31,2021-09-07,25653000.0,49826081000.0,45981959750.0,,,0.05,47.631,-31631000.0,1912976000.0,1912976000.0,0.0,573942000.0,,7.715,9977671000.0,,,9977671000.0,0.0,191662000.0,33114944000.0,0.012,1.2,850670000.0,1042332000.0,0.453,1042332000.0,850670000.0,850670000.0,5.08,4.95,5.08,5717210000.0,5008814500.0,5717210000.0,20606195095.0,24.0,19.769,1183984000.0,9.864,1.0,2298850000.0,1.0,3144911000.0,0.0,54745865000.0,51457076250.0,0.0,42632360000.0,,,44108871000.0,,,11799140095.0,615651000.0,0.0,0.0,-797204000.0,-135423000.0,-321437000.0,-278527000.0,-203289000.0,1215615000.0,0.0,573942000.0,573942000.0,573942000.0,0.0,0.0,0.25,1370028000.0,928822000.0,0.0,0.236,2.064,20.558,19.35,398971000.0,0.0,98.3,5.133,5.133,0.0,2736215000.0,2298850000.0,2298850000.0,0.0,0.012,0.115,0.017,0.37,0.0,1370028000.0,1.0,120031944.0,120031944.0,,19.152,46681170000.0,0.0,276728000.0,0.0,388.906,
18,MTB,MRY,2002-12-31,2002-12-31,2002-12-31,2021-09-07,54772000.0,33201181000.0,32582794250.0,,,0.05,34.912,-16835000.0,1291987000.0,1291987000.0,0.0,456752000.0,,9.348,7926788000.0,,,7926788000.0,0.0,129787000.0,21664923000.0,0.013,1.05,675905000.0,805692000.0,0.492,805692000.0,675905000.0,675905000.0,4.94,4.78,4.94,3208479000.0,3047818500.0,3208479000.0,13975270122.0,21.0,17.346,608965000.0,6.626,1.0,1637516000.0,1.0,1216343000.0,0.0,38619639000.0,37370535000.0,0.0,29298090000.0,,,29992702000.0,,,7292377122.0,277381000.0,0.0,-240314000.0,1414106000.0,-96858000.0,1234795000.0,-1583214000.0,-1472386000.0,625800000.0,0.0,456752000.0,456752000.0,456752000.0,0.0,0.0,0.279,910127000.0,727389000.0,0.0,0.213,2.273,15.966,16.063,238986000.0,0.0,79.35,4.453,4.453,0.0,2297848000.0,1637516000.0,1637516000.0,0.0,0.014,0.15,0.018,0.413,0.0,910127000.0,1.0,91901413.0,91901413.0,,17.818,31984838000.0,0.0,219153000.0,0.0,348.034,
19,MTB,MRY,2001-12-31,2001-12-31,2001-12-31,2021-09-07,22819000.0,31450196000.0,31178985750.0,,,0.049,31.112,-23738000.0,1011091000.0,1011091000.0,0.0,353088000.0,,9.699,6507599000.0,,,6507599000.0,0.0,193944000.0,21580400000.0,0.014,1.0,551639000.0,745583000.0,0.487,745583000.0,551639000.0,551639000.0,3.69,3.58,3.69,2939451000.0,2968449750.0,2939451000.0,13294043677.0,24.0,17.83,130564000.0,1.382,1.0,1532214000.0,1.0,1267826000.0,0.0,35678878000.0,35999047000.0,0.0,27825818000.0,,,28510745000.0,,,6882902677.0,239230000.0,0.0,-323744000.0,954550000.0,-95872000.0,530017000.0,-445089000.0,-321393000.0,154302000.0,0.0,353088000.0,353088000.0,353088000.0,0.0,0.0,0.23,980575000.0,551639000.0,0.0,0.271,2.342,19.493,19.743,261877000.0,0.0,72.85,4.492,4.492,0.0,2017700000.0,1532214000.0,1532214000.0,0.0,0.011,0.119,0.015,0.36,0.0,858939000.0,1.0,94480476.0,94480476.0,,16.217,30182370000.0,0.0,198551000.0,0.0,319.456,
20,MTB,MRY,2000-12-31,2000-12-31,2000-12-31,2021-09-07,-432000.0,28949456000.0,23866506000.0,,,0.048,29.069,-18784000.0,770622000.0,770622000.0,0.0,286156000.0,,9.72,5487340000.0,,,5487340000.0,0.0,124132000.0,20232673000.0,0.009,0.625,446406000.0,570538000.0,0.5,570538000.0,446406000.0,446406000.0,3.55,3.44,3.55,2700485000.0,2081081750.0,2700485000.0,10819259628.0,24.0,18.963,327858000.0,3.529,1.0,1140859000.0,1.0,1199407000.0,0.0,32466767000.0,27288516500.0,0.0,25715395000.0,,,26248971000.0,,,6317160628.0,-468790000.0,0.0,-54947000.0,138458000.0,-51987000.0,-255381000.0,-560051000.0,-462155000.0,346642000.0,0.0,286156000.0,286156000.0,286156000.0,0.0,0.0,0.251,624877000.0,515982000.0,0.0,0.176,2.339,22.076,19.155,257975000.0,0.0,68.0,5.537,5.537,0.0,1735643000.0,1140859000.0,1140859000.0,0.0,0.012,0.138,0.016,0.391,0.0,624877000.0,1.0,92899421.0,92899421.0,,12.281,27750049000.0,0.0,160250000.0,0.0,298.711,
21,MTB,MRY,1999-12-31,1999-12-31,1999-12-31,2021-09-07,-26047000.0,22409115000.0,21414678250.0,,,0.047,23.056,-22933000.0,1237402000.0,1237402000.0,0.0,265626000.0,,11.47,4329292000.0,,,4329292000.0,0.0,96976000.0,15373620000.0,0.011,0.45,418314000.0,515290000.0,0.517,515290000.0,418314000.0,418314000.0,3.41,3.28,3.41,1797046000.0,1763491750.0,1797046000.0,5798112448.0,14.0,11.252,583688000.0,7.489,1.0,997272000.0,1.0,648040000.0,0.0,24852965000.0,23570291250.0,0.0,19632242000.0,,,20612069000.0,,,3228773448.0,513452000.0,0.0,-79784000.0,512768000.0,-35128000.0,-99949000.0,6780000.0,-494194000.0,606621000.0,0.0,265626000.0,265626000.0,265626000.0,0.0,0.0,0.266,529243000.0,468029000.0,0.0,0.132,1.797,12.155,12.148,173815000.0,0.0,41.425,3.238,3.238,0.0,1501530000.0,997272000.0,997272000.0,0.0,0.012,0.151,0.018,0.419,0.0,529243000.0,1.0,77942630.0,77942630.0,,12.795,21761075000.0,0.0,152688000.0,0.0,279.193,
22,MTB,MRY,1998-12-31,1998-12-31,1998-12-31,2021-09-07,2869000.0,20583891000.0,18692656500.0,,,0.048,20.609,-16785000.0,494466000.0,494466000.0,0.0,207974000.0,,11.846,3797519000.0,,,3797519000.0,0.0,79569000.0,14737152000.0,0.007,0.38,325563000.0,405132000.0,0.454,405132000.0,325563000.0,325563000.0,2.73,2.62,2.73,1602366000.0,1494850000.0,1602366000.0,6525951330.0,20.0,16.108,19863000.0,0.255,1.0,891686000.0,1.0,546036000.0,0.0,23340908000.0,20706284750.0,0.0,18672935000.0,,,18981525000.0,,,4034822330.0,335966000.0,189818000.0,-231779000.0,1520648000.0,-28977000.0,1085612000.0,-786294000.0,-780477000.0,36648000.0,0.0,207974000.0,207974000.0,207974000.0,0.0,0.0,0.233,531636000.0,360050000.0,0.0,0.139,2.518,19.401,19.009,162842000.0,0.0,51.894,4.525,4.525,0.0,1271071000.0,891686000.0,891686000.0,0.0,0.011,0.139,0.016,0.365,0.0,531636000.0,1.0,77751230.0,77751230.0,,11.468,20037855000.0,0.0,117589000.0,0.0,257.718,
23,MTB,MRY,1997-12-31,1997-12-31,1997-12-31,2021-09-07,12016000.0,14002935000.0,13560323750.0,,,0.052,15.615,0.0,334473000.0,334473000.0,0.0,176241000.0,,12.592,1478737000.0,,,1478737000.0,0.0,42402000.0,11163158000.0,0.007,0.32,282159000.0,324561000.0,0.461,324561000.0,282159000.0,282159000.0,2.66,2.526,2.66,1030266000.0,968761000.0,1030266000.0,3922204435.0,14.0,12.085,46000000.0,0.697,1.0,703935000.0,1.0,17288000.0,0.0,15129911000.0,14247795750.0,0.0,13057508000.0,,,12972669000.0,,,3068004435.0,-63093000.0,0.0,-67771000.0,171880000.0,-21207000.0,596044000.0,217221000.0,0.0,46000000.0,0.0,176241000.0,176241000.0,176241000.0,0.0,0.0,0.25,421776000.0,282159000.0,0.0,0.12,2.978,17.408,17.481,121984000.0,0.0,46.5,4.358,4.358,0.0,1092106000.0,703935000.0,703935000.0,0.0,0.013,0.182,0.02,0.401,0.0,414485000.0,1.0,65978590.0,65978590.0,,10.669,13985647000.0,0.0,105918000.0,0.0,211.973,
24,MTB,MRY,1996-12-31,1996-12-31,1996-12-31,2021-09-07,-2485000.0,12943915000.0,12449908500.0,,,0.053,13.536,0.0,497310000.0,497310000.0,0.0,151103000.0,,13.292,1328189000.0,,,1328189000.0,0.0,36258000.0,10514489000.0,0.007,0.21,248969000.0,285227000.0,0.434,285227000.0,248969000.0,248969000.0,2.254,2.108,2.254,905659000.0,875956000.0,905659000.0,,,,43325000.0,0.648,1.0,657947000.0,1.0,0.0,0.0,13774794000.0,13353537000.0,0.0,12060672000.0,,,12038256000.0,,,1926927936.0,85866000.0,0.0,-80810000.0,-160181000.0,-18617000.0,779215000.0,275627000.0,0.0,43325000.0,0.0,151103000.0,151103000.0,151103000.0,0.0,0.0,0.23,408978000.0,248969000.0,0.0,0.093,2.128,12.752,12.777,128521000.0,0.0,28.8,2.929,2.929,0.0,937072000.0,657947000.0,657947000.0,0.0,0.012,0.173,0.019,0.378,0.0,393349000.0,1.0,66907220.0,66907220.0,,9.834,12943915000.0,0.0,97866000.0,0.0,193.461,
25,MTB,MRY,1995-12-31,1995-12-31,1995-12-31,2021-09-07,-3155000.0,11955902000.0,,,,,,-17520000.0,489619000.0,489619000.0,0.0,131036000.0,,13.128,1465997000.0,,,1465997000.0,0.0,32075000.0,9469575000.0,0.009,0.19,221173000.0,253248000.0,0.425,253248000.0,221173000.0,221173000.0,1.961,1.798,1.961,846253000.0,,846253000.0,,,,91013000.0,,1.0,595612000.0,1.0,0.0,0.0,12932280000.0,,0.0,11072509000.0,,,11109649000.0,,,,-16742000.0,-24947000.0,-37374000.0,-28173000.0,-16224000.0,1057461000.0,-1182736000.0,-1218184000.0,108533000.0,0.0,131036000.0,131036000.0,131036000.0,0.0,0.0,0.22,359764000.0,235848000.0,0.0,0.097,,,11.117,128516000.0,0.0,21.8,,,0.0,805486000.0,595612000.0,595612000.0,0.0,,,,0.371,0.0,359764000.0,1.0,,,,,11955902000.0,0.0,90137000.0,0.0,,
26,MTB,MRY,1994-12-31,1994-12-31,1994-12-31,2021-09-07,,,,,,,,-6876000.0,,,0.0,117295000.0,,,,,,,,21128000.0,,0.013,0.17,194481000.0,215609000.0,0.406,215609000.0,194481000.0,194481000.0,1.635,1.571,1.635,,,,,,,330347000.0,,1.0,531343000.0,1.0,,0.0,,,,,,,,,,,-144360000.0,102721000.0,-43964000.0,-807942000.0,-14743000.0,-458225000.0,-23358000.0,-129542000.0,337223000.0,0.0,117295000.0,117295000.0,117295000.0,0.0,0.0,0.221,320420000.0,210923000.0,,0.104,,,8.318,,0.0,13.6,,,,,531343000.0,531343000.0,0.0,,,,0.366,0.0,320420000.0,1.0,,,,,,,77186000.0,,,
0,MTB,MRQ,2021-06-30,2021-06-30,2021-06-30,2021-09-07,-176974000.0,150622707000.0,,,,,129.946,-13443000.0,35275292000.0,35275292000.0,0.0,458069000.0,,8.008,3590683000.0,,,3590683000.0,0.0,79276000.0,128268772000.0,0.03,1.1,586315000.0,665591000.0,0.452,665591000.0,586315000.0,586315000.0,3.41,3.41,3.41,16720304000.0,,16720304000.0,-10415086562.0,-5.0,-4.078,523531000.0,4.069,1.0,1470973000.0,1.0,4601802000.0,0.0,114336296000.0,,0.0,102394039000.0,,,133902403000.0,,,18694669438.0,150479000.0,0.0,0.0,32231000.0,-141747000.0,-335870000.0,-50625000.0,100957000.0,536974000.0,0.0,438756000.0,438756000.0,438756000.0,0.0,19313000.0,0.298,770240000.0,700733000.0,0.0,0.323,1.118,11.18,11.169,1116703000.0,0.0,145.31,3.244,3.245,0.0,14030215000.0,1470973000.0,1470973000.0,0.0,,,,,0.0,770240000.0,1.0,128653702.0,128671000.0,128842000.0,11.432,146020905000.0,0.0,147559000.0,0.0,1134.839,
1,MTB,MRQ,2021-03-31,2021-03-31,2021-03-31,2021-09-07,-138478000.0,150481060000.0,,,,,127.952,-31016000.0,32667216000.0,32667216000.0,0.0,447249000.0,,8.15,3557460000.0,,,3557460000.0,0.0,79805000.0,128476365000.0,0.029,1.1,573391000.0,653196000.0,0.432,653196000.0,573391000.0,573391000.0,3.33,3.33,3.33,16446508000.0,,16446508000.0,-1272284287.0,-1.0,-0.563,963721000.0,7.498,1.0,1511993000.0,1.0,4604539000.0,0.0,116766765000.0,,0.0,104960900000.0,,,134034552000.0,,,19502593713.0,-292754000.0,0.0,0.0,-853470000.0,-142044000.0,7644256000.0,-8931747000.0,-8721381000.0,994737000.0,0.0,428091000.0,428091000.0,428091000.0,0.0,19158000.0,0.283,836767000.0,675226000.0,0.0,0.33,1.186,13.39,13.369,1148941000.0,0.0,151.61,3.605,3.602,0.0,13731893000.0,1511993000.0,1511993000.0,0.0,,,,,0.0,836767000.0,1.0,128636592.0,128537000.0,128669000.0,11.763,145876521000.0,0.0,145300000.0,0.0,1134.899,
2,MTB,MRQ,2020-12-31,2020-12-31,2020-12-31,2021-09-07,-63032000.0,142601105000.0,,,,,126.175,-46919000.0,25216553000.0,25216553000.0,0.0,471140000.0,,7.809,4441675000.0,,,4441675000.0,0.0,80233000.0,119805738000.0,0.035,1.1,601245000.0,681478000.0,0.465,681478000.0,601245000.0,601245000.0,3.52,3.52,3.52,16187283000.0,,16187283000.0,149489017.0,0.0,0.074,617203000.0,4.811,1.0,1465530000.0,1.0,4607277000.0,0.0,117218950000.0,,0.0,104913758000.0,,,126413822000.0,,,16331650017.0,63511000.0,0.0,0.0,-1046623000.0,-141908000.0,3442878000.0,-4043489000.0,-3712703000.0,664122000.0,0.0,451863000.0,451863000.0,451863000.0,0.0,19277000.0,0.308,758641000.0,706889000.0,0.0,0.312,1.009,12.768,12.807,1161558000.0,0.0,127.3,3.168,3.168,0.0,13444428000.0,1465530000.0,1465530000.0,0.0,,,,,0.0,758641000.0,1.0,128292616.0,128292616.0,,11.423,137993828000.0,0.0,149382000.0,0.0,1075.618,
3,MTB,MRQ,2020-09-30,2020-09-30,2020-09-30,2021-09-07,175503000.0,138626743000.0,,,,,125.51,-31719000.0,21687169000.0,21687169000.0,0.0,372136000.0,,7.61,5505008000.0,,,5505008000.0,0.0,85510000.0,115163339000.0,0.048,1.1,468145000.0,553655000.0,0.421,553655000.0,468145000.0,468145000.0,2.75,2.75,2.75,16101013000.0,,16101013000.0,-4056257840.0,-2.0,-1.984,-37731000.0,-0.294,1.0,1313656000.0,1.0,4610406000.0,0.0,117834176000.0,,0.0,105627120000.0,,,122525730000.0,,,11813309160.0,134417000.0,0.0,0.0,-856791000.0,-141514000.0,-826827000.0,967256000.0,845074000.0,-6012000.0,0.0,353399000.0,353399000.0,353399000.0,0.0,18737000.0,0.269,746079000.0,567577000.0,0.0,0.4,0.734,9.083,9.191,1146681000.0,0.0,92.09,2.287,2.287,0.0,13132374000.0,1313656000.0,1313656000.0,0.0,,,,,0.0,746079000.0,1.0,128280043.0,128285000.0,128355000.0,10.24,134016337000.0,0.0,114746000.0,0.0,1044.677,
4,MTB,MRQ,2020-06-30,2020-06-30,2020-06-30,2021-09-07,244630000.0,139536969000.0,,,,,124.304,-42104000.0,22243156000.0,22243156000.0,0.0,241054000.0,,7.751,6373589000.0,,,6373589000.0,0.0,76885000.0,114967959000.0,0.041,1.1,294412000.0,371297000.0,0.332,371297000.0,294412000.0,294412000.0,1.74,1.74,1.74,15945105000.0,,15945105000.0,9522625812.0,5.0,4.359,483415000.0,3.769,1.0,1119410000.0,1.0,4614320000.0,0.0,119053082000.0,,0.0,105867190000.0,,,123591864000.0,,,13336509812.0,56623000.0,0.0,0.0,-8184000.0,-141520000.0,14622989000.0,-15091885000.0,-14826458000.0,525519000.0,0.0,223098000.0,223098000.0,223098000.0,0.0,17956000.0,0.199,727546000.0,391864000.0,0.0,0.632,0.836,9.468,9.681,1155281000.0,0.0,103.97,2.486,2.486,0.0,12919345000.0,1119410000.0,1119410000.0,0.0,,,,,0.0,727546000.0,1.0,128272673.0,128275000.0,128333000.0,8.727,134922649000.0,0.0,71314000.0,0.0,1051.823,
5,MTB,MRQ,2020-03-31,2020-03-31,2020-03-31,2021-09-07,209833000.0,124577833000.0,,,,,121.945,-51547000.0,10194499000.0,10194499000.0,0.0,268822000.0,,6.877,6380615000.0,,,6380615000.0,0.0,77660000.0,100183308000.0,0.041,1.1,331628000.0,409288000.0,0.326,409288000.0,331628000.0,331628000.0,1.93,1.93,1.93,15815794000.0,,15815794000.0,11913150951.0,5.0,4.78,-445989000.0,-3.439,1.0,1256165000.0,1.0,4618233000.0,0.0,116145716000.0,,0.0,102938790000.0,,,108762039000.0,,,13491060951.0,-138113000.0,0.0,-373750000.0,-756306000.0,-143170000.0,4108692000.0,-3852363000.0,-4221516000.0,-394442000.0,0.0,250701000.0,250701000.0,250701000.0,0.0,18121000.0,0.2,825822000.0,430343000.0,0.0,0.57,0.853,8.236,8.382,1154558000.0,0.0,103.43,2.349,2.336,0.0,12837390000.0,1256165000.0,1256165000.0,0.0,,,,,0.0,825822000.0,1.0,130436633.0,129696000.0,129755000.0,9.685,119959600000.0,0.0,80927000.0,0.0,924.929,
6,MTB,MRQ,2019-12-31,2019-12-31,2019-12-31,2021-09-07,-206680000.0,119872757000.0,,,,,119.102,-58527000.0,8626459000.0,8626459000.0,0.0,493066000.0,,6.627,7048549000.0,,,7048549000.0,0.0,77272000.0,94770069000.0,0.024,1.1,632505000.0,709777000.0,0.481,709777000.0,632505000.0,632505000.0,3.6,3.59,3.6,15716649000.0,,15716649000.0,20602059259.0,8.0,7.44,1072180000.0,8.125,1.0,1475873000.0,1.0,4622146000.0,0.0,113672701000.0,,0.0,99839178000.0,,,104156108000.0,,,22400224259.0,-382756000.0,0.0,-282210000.0,-5452493000.0,-145171000.0,-6240137000.0,4726674000.0,5036478000.0,1130707000.0,0.0,473381000.0,473381000.0,473381000.0,0.0,19685000.0,0.321,745227000.0,730646000.0,0.0,0.306,1.425,12.111,12.336,1140924000.0,0.0,169.75,3.723,3.723,0.0,12820916000.0,1475873000.0,1475873000.0,0.0,,,,,0.0,745227000.0,1.0,131960084.0,131960084.0,,11.184,115250611000.0,0.0,159124000.0,0.0,873.375,
7,MTB,MRQ,2019-09-30,2019-09-30,2019-09-30,2021-09-07,-80308000.0,125500926000.0,,,,,118.676,-36865000.0,14314585000.0,14314585000.0,0.0,480081000.0,,6.953,12516420000.0,,,12516420000.0,0.0,77946000.0,95113933000.0,0.025,1.0,616379000.0,694325000.0,0.459,694325000.0,616379000.0,616379000.0,3.47,3.47,3.47,15779811000.0,,15779811000.0,23318858282.0,9.0,8.386,709805000.0,5.338,1.0,1512669000.0,1.0,4626451000.0,0.0,119076310000.0,,0.0,100076595000.0,,,109721115000.0,,,21115325282.0,547450000.0,0.0,-299963000.0,226554000.0,-132930000.0,3219588000.0,-3418808000.0,-3353191000.0,746670000.0,0.0,461410000.0,461410000.0,461410000.0,0.0,18671000.0,0.305,802265000.0,710404000.0,0.0,0.288,1.338,11.105,11.365,1074181000.0,0.0,157.97,3.495,3.477,0.0,12490233000.0,1512669000.0,1512669000.0,0.0,,,,,0.0,802265000.0,1.0,133666679.0,132965000.0,132999000.0,11.376,120874475000.0,0.0,154969000.0,0.0,909.07,
8,MTB,MRQ,2019-06-30,2019-06-30,2019-06-30,2021-09-07,-112958000.0,121554895000.0,,,,,115.864,-51947000.0,10063364000.0,10063364000.0,0.0,473260000.0,,6.746,12266897000.0,,,12266897000.0,0.0,73925000.0,91681024000.0,0.024,1.0,604916000.0,678841000.0,0.453,678841000.0,604916000.0,604916000.0,3.34,3.34,3.34,15691827000.0,,15691827000.0,26443764261.0,10.0,9.422,14925000.0,0.11,1.0,1498576000.0,1.0,4631540000.0,0.0,119126888000.0,,0.0,100907843000.0,,,105863068000.0,,,23235331261.0,4351000.0,0.0,-401984000.0,133382000.0,-134442000.0,789599000.0,-852120000.0,-878581000.0,66872000.0,0.0,452632000.0,452632000.0,452632000.0,0.0,20628000.0,0.302,802949000.0,695627000.0,0.0,0.299,1.481,11.944,12.174,1066511000.0,0.0,170.07,3.872,3.838,0.0,12162278000.0,1498576000.0,1498576000.0,0.0,,,,,0.0,802949000.0,1.0,136622163.0,135433000.0,135464000.0,11.065,116923355000.0,0.0,152284000.0,0.0,863.33,
9,MTB,MRQ,2019-03-31,2019-03-31,2019-03-31,2021-09-07,-288009000.0,120025205000.0,,,,,113.044,-30710000.0,8870157000.0,8870157000.0,0.0,482742000.0,,6.7,12078590000.0,,,12078590000.0,0.0,72172000.0,90469750000.0,0.024,1.0,613821000.0,685993000.0,0.449,685993000.0,613821000.0,613821000.0,3.35,3.35,3.35,15587529000.0,,15587529000.0,24884052172.0,10.0,8.863,382596000.0,2.775,1.0,1528825000.0,1.0,4637059000.0,0.0,118596579000.0,,0.0,100433708000.0,,,104437676000.0,,,21751396172.0,-338179000.0,0.0,-365628000.0,-796951000.0,-139595000.0,-1022746000.0,271261000.0,296271000.0,413306000.0,0.0,462086000.0,462086000.0,462086000.0,0.0,20656000.0,0.302,827485000.0,701340000.0,0.0,0.299,1.395,11.067,11.305,1044761000.0,0.0,157.02,3.666,3.649,0.0,11842371000.0,1528825000.0,1528825000.0,0.0,,,,,0.0,827485000.0,1.0,138526278.0,137889000.0,137920000.0,11.087,115388146000.0,0.0,151735000.0,0.0,836.819,
10,MTB,MRQ,2018-12-31,2018-12-31,2018-12-31,2021-09-07,-420081000.0,120097403000.0,,,,,110.149,-38374000.0,9710636000.0,9710636000.0,0.0,546219000.0,,6.768,12843292000.0,,,12843292000.0,0.0,43089000.0,90156572000.0,0.025,1.0,678506000.0,721595000.0,0.481,721595000.0,678506000.0,678506000.0,3.74,3.74,3.74,15460191000.0,,15460191000.0,22704418028.0,9.0,8.715,511861000.0,3.647,1.0,1501556000.0,1.0,4640179000.0,0.0,118589880000.0,,0.0,100325430000.0,,,104637212000.0,,,20089397028.0,293828000.0,0.0,-499834000.0,2336781000.0,-139002000.0,2690374000.0,-2946781000.0,-2967383000.0,550235000.0,0.0,525331000.0,525331000.0,525331000.0,0.0,20888000.0,0.35,736760000.0,764796000.0,0.0,0.267,1.299,10.942,11.226,647408000.0,0.0,143.13,3.466,3.466,0.0,11516672000.0,1501556000.0,1501556000.0,0.0,,,,,0.0,736760000.0,1.0,140357696.0,140357696.0,,10.698,115457224000.0,0.0,153175000.0,0.0,822.593,
11,MTB,MRQ,2018-09-30,2018-09-30,2018-09-30,2021-09-07,-542399000.0,116827637000.0,,,,,108.079,-22186000.0,7835357000.0,7835357000.0,0.0,526091000.0,,6.568,10450378000.0,,,10450378000.0,0.0,44597000.0,89140396000.0,0.02,1.0,675625000.0,720222000.0,0.489,720222000.0,675625000.0,675625000.0,3.54,3.53,3.54,15436085000.0,,15436085000.0,27242001433.0,12.0,10.729,996189000.0,6.975,1.0,1472332000.0,1.0,4645538000.0,0.0,114797120000.0,,0.0,98859916000.0,,,101391552000.0,,,23659348433.0,-57483000.0,0.0,-498500000.0,-1156935000.0,-143815000.0,-1949600000.0,873742000.0,898292000.0,1018375000.0,0.0,505363000.0,505363000.0,505363000.0,0.0,20728000.0,0.343,700309000.0,772023000.0,0.0,0.282,1.533,14.666,14.89,634424000.0,0.0,164.54,4.137,4.109,0.0,11128343000.0,1472332000.0,1472332000.0,0.0,,,,,0.0,700309000.0,1.0,143790862.0,142822000.0,142976000.0,10.309,112182099000.0,0.0,170262000.0,0.0,785.468,
12,MTB,MRQ,2018-06-30,2018-06-30,2018-06-30,2021-09-07,-517941000.0,118426053000.0,,,,,107.564,-27572000.0,8039079000.0,8039079000.0,0.0,493160000.0,,6.602,11621732000.0,,,11621732000.0,0.0,45750000.0,89272588000.0,0.018,0.8,634062000.0,679812000.0,0.475,679812000.0,634062000.0,634062000.0,3.26,3.26,3.26,15577885000.0,,15577885000.0,27500921722.0,12.0,11.316,9491000.0,0.066,1.0,1431201000.0,1.0,4651681000.0,0.0,117357025000.0,,0.0,100209507000.0,,,102848168000.0,,,24711839722.0,76430000.0,0.0,-475096000.0,1411109000.0,-115247000.0,-872151000.0,911518000.0,906476000.0,37063000.0,0.0,472598000.0,472598000.0,472598000.0,0.0,20562000.0,0.33,700917000.0,730284000.0,0.0,0.245,1.586,17.118,17.487,637809000.0,0.0,170.15,4.387,4.374,0.0,10763638000.0,1431201000.0,1431201000.0,0.0,,,,,0.0,700917000.0,1.0,145235614.0,144825000.0,144998000.0,9.882,113774372000.0,0.0,161464000.0,0.0,785.599,
13,MTB,MRQ,2018-03-31,2018-03-31,2018-03-31,2021-09-07,-483243000.0,118622824000.0,,,,,105.655,-9544000.0,7428098000.0,7428098000.0,0.0,352610000.0,,6.551,10217180000.0,,,10217180000.0,0.0,45569000.0,90946630000.0,0.016,0.75,438007000.0,483576000.0,0.348,483576000.0,438007000.0,438007000.0,2.24,2.23,2.24,15709694000.0,,15709694000.0,29503352021.0,14.0,12.415,474635000.0,3.192,1.0,1391213000.0,1.0,4658069000.0,0.0,116753837000.0,,0.0,100898776000.0,,,102913130000.0,,,27686614021.0,-128224000.0,0.0,-720966000.0,1946432000.0,-112318000.0,-363873000.0,-248530000.0,-197664000.0,484179000.0,0.0,332748000.0,332748000.0,332748000.0,0.0,19862000.0,0.239,858003000.0,533210000.0,0.0,0.335,1.762,20.79,20.879,628706000.0,0.0,184.36,4.989,4.94,0.0,10404458000.0,1391213000.0,1391213000.0,0.0,,,,,0.0,858003000.0,1.0,150176904.0,148688000.0,148905000.0,9.357,113964755000.0,0.0,105259000.0,0.0,766.469,
14,MTB,MRQ,2017-12-31,2017-12-31,2017-12-31,2021-09-07,-363814000.0,118593487000.0,,,,,107.968,-16451000.0,6499791000.0,6499791000.0,0.0,322403000.0,,6.298,8316529000.0,,,8316529000.0,0.0,46678000.0,92432146000.0,0.018,0.75,608779000.0,655457000.0,0.46,655457000.0,608779000.0,608779000.0,2.01,2.01,2.01,16250819000.0,,16250819000.0,26840299603.0,12.0,10.999,699618000.0,4.648,1.0,1424503000.0,1.0,4664701000.0,0.0,115745524000.0,,0.0,101769219000.0,,,102342668000.0,,,25736622603.0,52636000.0,0.0,-224214000.0,-429789000.0,-112236000.0,-1879021000.0,1215588000.0,1278571000.0,716069000.0,0.0,302492000.0,302492000.0,302492000.0,0.0,19911000.0,0.212,477906000.0,946597000.0,0.0,0.373,1.584,19.387,19.609,646451000.0,0.0,170.99,4.71,4.71,0.0,10164804000.0,1424503000.0,1424503000.0,0.0,,,,,0.0,715033000.0,1.0,150515367.0,150515367.0,,9.464,113928786000.0,0.0,306287000.0,0.0,756.925,
15,MTB,MRQ,2017-09-30,2017-09-30,2017-09-30,2021-09-07,-247915000.0,120401804000.0,,,,,107.819,-12653000.0,7674736000.0,7674736000.0,0.0,355923000.0,,6.378,8778413000.0,,,8778413000.0,0.0,51029000.0,93513393000.0,0.018,0.75,560416000.0,611445000.0,0.441,611445000.0,560416000.0,560416000.0,2.22,2.21,2.22,16318052000.0,,16318052000.0,27442842558.0,13.0,11.822,429926000.0,2.841,1.0,1386563000.0,1.0,4671726000.0,0.0,116833755000.0,,0.0,102156250000.0,,,104083752000.0,,,24467116558.0,22774000.0,0.0,-224724000.0,-548196000.0,-114514000.0,-934344000.0,514539000.0,508577000.0,442579000.0,0.0,335801000.0,335801000.0,335801000.0,0.0,20122000.0,0.242,806025000.0,580538000.0,0.0,0.338,1.499,18.358,18.532,656713000.0,0.0,161.04,4.6,4.582,0.0,9909415000.0,1386563000.0,1386563000.0,0.0,,,,,0.0,728487000.0,1.0,151931921.0,151347000.0,151691000.0,9.161,115730078000.0,0.0,224615000.0,0.0,764.667,
16,MTB,MRQ,2017-06-30,2017-06-30,2017-06-30,2021-09-07,-270081000.0,120896567000.0,,,,,106.528,-28341000.0,6369307000.0,6369307000.0,0.0,381053000.0,,6.424,9345033000.0,,,9345033000.0,0.0,50026000.0,93540938000.0,0.018,0.75,575986000.0,626012000.0,0.465,626012000.0,575986000.0,575986000.0,2.36,2.35,2.36,16283537000.0,,16283537000.0,24958864070.0,12.0,10.915,309130000.0,2.022,1.0,1347016000.0,1.0,4679534000.0,0.0,119192759000.0,,0.0,104063036000.0,,,104613030000.0,,,24918254070.0,58516000.0,0.0,-224894000.0,1081902000.0,-114086000.0,-2769760000.0,2490805000.0,2483089000.0,337471000.0,0.0,360658000.0,360658000.0,360658000.0,0.0,20395000.0,0.268,750635000.0,596381000.0,0.0,0.318,1.53,18.82,18.897,673552000.0,0.0,161.95,4.76,4.729,0.0,9685478000.0,1347016000.0,1347016000.0,0.0,,,,,0.0,672594000.0,1.0,153863872.0,152857000.0,153276000.0,8.812,116217033000.0,0.0,215328000.0,0.0,760.299,
17,MTB,MRQ,2017-03-31,2017-03-31,2017-03-31,2021-09-07,-291567000.0,123223251000.0,,,,,104.989,-21521000.0,8232111000.0,8232111000.0,0.0,348927000.0,,6.6,8272721000.0,,,8272721000.0,0.0,49392000.0,97042521000.0,0.018,0.75,497888000.0,547280000.0,0.419,547280000.0,497888000.0,497888000.0,2.13,2.12,2.13,16213104000.0,,16213104000.0,27191136557.0,13.0,12.26,1264295000.0,8.187,1.0,1306105000.0,1.0,4687647000.0,0.0,118576214000.0,,0.0,104454841000.0,,,107010147000.0,,,23855046557.0,-33587000.0,0.0,-532073000.0,-1379750000.0,-116566000.0,-493396000.0,-826007000.0,-816171000.0,1285816000.0,0.0,328562000.0,328562000.0,328562000.0,0.0,20365000.0,0.252,787852000.0,518253000.0,0.0,0.352,1.471,18.691,18.893,672769000.0,0.0,154.73,4.616,4.623,0.0,9437450000.0,1306105000.0,1306105000.0,0.0,,,,,0.0,706304000.0,1.0,154172084.0,154427000.0,154949000.0,8.458,118535604000.0,0.0,169326000.0,0.0,767.583,
18,MTB,MRQ,2016-12-31,2016-12-31,2016-12-31,2021-09-07,-294636000.0,123449206000.0,,,,,106.332,-42416000.0,6321187000.0,6321187000.0,0.0,330571000.0,,6.488,9657277000.0,,,9657277000.0,0.0,49177000.0,95493876000.0,0.018,0.7,487338000.0,536515000.0,0.419,536515000.0,487338000.0,487338000.0,1.98,1.98,1.98,16486622000.0,,16486622000.0,22569423314.0,11.0,10.413,68905000.0,0.444,1.0,1279223000.0,1.0,4690767000.0,0.0,122094529000.0,,0.0,106438754000.0,,,106962584000.0,,,24254255314.0,-11653000.0,0.0,-37334000.0,-743267000.0,-108849000.0,-3400404000.0,3277430000.0,3146346000.0,111321000.0,0.0,307789000.0,307789000.0,307789000.0,0.0,22782000.0,0.241,449056000.0,830167000.0,0.0,0.354,1.471,19.824,20.055,675263000.0,0.0,156.43,4.75,4.75,0.0,9222488000.0,1279223000.0,1279223000.0,0.0,,,,,0.0,687036000.0,1.0,155048618.0,155048618.0,,8.25,118758439000.0,0.0,179549000.0,0.0,765.943,
19,MTB,MRQ,2016-09-30,2016-09-30,2016-09-30,2021-09-07,-114559000.0,126841028000.0,,,,,105.091,-28658000.0,12109838000.0,12109838000.0,0.0,349984000.0,,6.762,10425006000.0,,,10425006000.0,0.0,49515000.0,98136845000.0,0.024,0.7,527306000.0,576821000.0,0.443,576821000.0,527306000.0,527306000.0,2.1,2.1,2.1,16340976000.0,,16340976000.0,19177492940.0,10.0,9.279,393401000.0,2.53,1.0,1302690000.0,1.0,4699856000.0,0.0,120456340000.0,,0.0,103892533000.0,,,110500052000.0,,,18200899940.0,47760000.0,0.0,-350000000.0,-297542000.0,-109863000.0,2716801000.0,-3091100000.0,-3180985000.0,422059000.0,0.0,326992000.0,326992000.0,326992000.0,0.0,22992000.0,0.251,752392000.0,550298000.0,0.0,0.333,1.114,15.64,15.584,660381000.0,0.0,116.1,3.623,3.593,0.0,9021965000.0,1302690000.0,1302690000.0,0.0,,,,,0.0,671268000.0,1.0,156769164.0,155493000.0,156026000.0,8.378,122141172000.0,0.0,200314000.0,0.0,785.509,
20,MTB,MRQ,2016-06-30,2016-06-30,2016-06-30,2021-09-07,-101021000.0,123820584000.0,,,,,104.381,-20312000.0,9759281000.0,9759281000.0,0.0,336031000.0,,6.517,10735874000.0,,,10735874000.0,0.0,50190000.0,94650103000.0,0.024,0.7,507115000.0,557305000.0,0.435,557305000.0,507115000.0,507115000.0,1.98,1.98,1.98,16471514000.0,,16471514000.0,20182958425.0,12.0,10.384,181499000.0,1.15,1.0,1280073000.0,1.0,4709643000.0,0.0,120087534000.0,,0.0,103020717000.0,,,107349070000.0,,,18798453425.0,106267000.0,0.0,-154000000.0,-1355169000.0,-111179000.0,-1203721000.0,1108177000.0,1168488000.0,201811000.0,0.0,312968000.0,312968000.0,312968000.0,0.0,23063000.0,0.244,749895000.0,530178000.0,0.0,0.354,1.141,17.181,16.218,658216000.0,0.0,118.23,3.908,3.879,0.0,8801305000.0,1280073000.0,1280073000.0,0.0,,,,,0.0,673598000.0,1.0,158999014.0,157802000.0,158341000.0,8.112,119110941000.0,0.0,194147000.0,0.0,754.813,
21,MTB,MRQ,2016-03-31,2016-03-31,2016-03-31,2021-09-07,-150189000.0,124625632000.0,,,,,103.034,-16307000.0,10723356000.0,10723356000.0,0.0,298528000.0,,6.62,12107861000.0,,,12107861000.0,0.0,51709000.0,94214576000.0,0.025,0.7,445018000.0,496727000.0,0.399,496727000.0,445018000.0,445018000.0,1.74,1.73,1.74,16355053000.0,,16355053000.0,21483179238.0,13.0,11.556,431913000.0,2.721,1.0,1243897000.0,1.0,4721061000.0,0.0,121289076000.0,,0.0,102845021000.0,,,108270579000.0,,,17659529238.0,-189865000.0,0.0,-100000000.0,-661025000.0,-112000000.0,1377190000.0,-2015275000.0,-2024885000.0,448220000.0,0.0,275744000.0,275744000.0,275744000.0,0.0,22784000.0,0.222,776095000.0,467802000.0,0.0,0.402,1.08,16.905,15.205,662891000.0,0.0,111.0,3.774,3.765,0.0,8596752000.0,1243897000.0,1243897000.0,0.0,,,,,0.0,695536000.0,1.0,159094858.0,158734000.0,159181000.0,7.836,119904571000.0,0.0,169274000.0,0.0,755.381,
22,MTB,MRQ,2015-12-31,2015-12-31,2015-12-31,2021-09-07,-251627000.0,122787884000.0,,,,,121.339,-39192000.0,8962390000.0,8962390000.0,0.0,270965000.0,,6.592,12786040000.0,,,12786040000.0,0.0,47855000.0,91957841000.0,0.023,0.7,388136000.0,435991000.0,0.364,435991000.0,388136000.0,388136000.0,1.63,1.62,1.63,16173289000.0,,16173289000.0,20537157298.0,13.0,11.682,455376000.0,3.416,1.0,1197152000.0,1.0,4733380000.0,0.0,121878154000.0,,0.0,102463729000.0,,,106614595000.0,,,16152055298.0,118336000.0,-1932596000.0,0.0,-10736678000.0,-93868000.0,-9683584000.0,9307352000.0,11100438000.0,494568000.0,0.0,248062000.0,248062000.0,248062000.0,0.0,22903000.0,0.207,543443000.0,653709000.0,0.0,0.429,0.999,16.353,16.784,666682000.0,0.0,121.18,3.591,3.591,0.0,8430502000.0,1197152000.0,1197152000.0,0.0,,,,,0.0,592842000.0,1.0,133289778.0,133289778.0,,8.982,118054504000.0,0.0,140074000.0,0.0,885.698,
23,MTB,MRQ,2015-09-30,2015-09-30,2015-09-30,2021-09-07,-163473000.0,97797062000.0,,,,,97.428,-19349000.0,5962970000.0,5962970000.0,0.0,280401000.0,,6.568,10348072000.0,,,10348072000.0,0.0,41965000.0,72944543000.0,0.023,0.7,411646000.0,453611000.0,0.417,453611000.0,411646000.0,411646000.0,1.94,1.93,1.94,12921934000.0,,12921934000.0,21180909246.0,13.0,11.906,670408000.0,5.055,1.0,1088526000.0,1.0,3531504000.0,0.0,98650660000.0,,0.0,82441699000.0,,,84875128000.0,,,16248408246.0,-101154000.0,0.0,0.0,19201000.0,-93871000.0,247578000.0,-1038489000.0,-926871000.0,689757000.0,0.0,257337000.0,257337000.0,257337000.0,0.0,23064000.0,0.236,653816000.0,434710000.0,0.0,0.361,1.257,16.349,16.217,581976000.0,0.0,121.95,3.692,3.675,0.0,8273747000.0,1088526000.0,1088526000.0,0.0,,,,,0.0,638636000.0,1.0,133238280.0,132630000.0,133376000.0,8.207,94265558000.0,0.0,154309000.0,0.0,710.741,
24,MTB,MRQ,2015-06-30,2015-06-30,2015-06-30,2021-09-07,-217502000.0,97080076000.0,,,,,95.712,-13797000.0,5396710000.0,5396710000.0,0.0,286688000.0,,6.663,10329211000.0,,,10329211000.0,0.0,42359000.0,72629619000.0,0.022,0.7,430310000.0,472669000.0,0.411,472669000.0,430310000.0,430310000.0,1.99,1.98,1.99,12667997000.0,,12667997000.0,19656253465.0,12.0,11.06,85920000.0,0.649,1.0,1150155000.0,1.0,3535594000.0,0.0,98476983000.0,,0.0,82229911000.0,,,84412079000.0,,,16611959465.0,-15995000.0,0.0,0.0,-361424000.0,-93647000.0,-1363467000.0,1247755000.0,1230378000.0,99717000.0,0.0,263471000.0,263471000.0,263471000.0,0.0,23217000.0,0.229,696628000.0,453527000.0,0.0,0.352,1.311,16.806,16.657,590567000.0,0.0,124.93,3.772,3.755,0.0,8107525000.0,1150155000.0,1150155000.0,0.0,,,,,0.0,679862000.0,1.0,132970139.0,132356000.0,133116000.0,8.69,93544482000.0,0.0,166839000.0,0.0,706.764,
25,MTB,MRQ,2015-03-31,2015-03-31,2015-03-31,2021-09-07,-152491000.0,98377783000.0,,,,,94.876,-9598000.0,7658344000.0,7658344000.0,0.0,241613000.0,,6.852,10702638000.0,,,10702638000.0,0.0,43170000.0,73594120000.0,0.022,0.7,352633000.0,395803000.0,0.373,395803000.0,352633000.0,352633000.0,1.66,1.65,1.66,12528301000.0,,12528301000.0,18235302945.0,12.0,10.364,448768000.0,3.398,1.0,1061791000.0,1.0,3552859000.0,0.0,97869218000.0,,0.0,80934024000.0,,,85849482000.0,,,16879891945.0,-6504000.0,0.0,0.0,1499022000.0,-93631000.0,1337466000.0,-1802336000.0,-1770582000.0,458366000.0,0.0,218830000.0,218830000.0,218830000.0,0.0,22783000.0,0.206,686375000.0,375416000.0,0.0,0.422,1.347,17.126,16.933,602096000.0,0.0,127.0,3.881,3.856,0.0,7934820000.0,1061791000.0,1061791000.0,0.0,,,,,0.0,668922000.0,1.0,132912535.0,132049000.0,132769000.0,8.041,94824924000.0,0.0,133803000.0,0.0,718.104,
26,MTB,MRQ,2014-12-31,2014-12-31,2014-12-31,2021-09-07,-180994000.0,96685535000.0,,,,,93.375,-22761000.0,7844224000.0,7844224000.0,0.0,277549000.0,,6.838,9199635000.0,,,9199635000.0,0.0,45988000.0,73582053000.0,0.022,0.7,410937000.0,456925000.0,0.415,456925000.0,410937000.0,410937000.0,1.93,1.92,1.93,12335896000.0,,12335896000.0,16622188873.0,11.0,9.481,301770000.0,2.284,1.0,1100483000.0,1.0,3559652000.0,0.0,94481294000.0,,0.0,79051111000.0,,,84349639000.0,,,16595895873.0,-150286000.0,0.0,0.0,-24566000.0,-93081000.0,-893914000.0,419097000.0,461240000.0,324531000.0,0.0,254224000.0,254224000.0,254224000.0,0.0,23325000.0,0.231,425298000.0,675185000.0,0.0,0.363,1.345,16.96,16.817,612984000.0,0.0,125.62,3.831,3.831,0.0,7807119000.0,1100483000.0,1100483000.0,0.0,,,,,0.0,495788000.0,1.0,132111892.0,132111892.0,,8.33,93125883000.0,0.0,156713000.0,0.0,704.902,
27,MTB,MRQ,2014-09-30,2014-09-30,2014-09-30,2021-09-07,12467000.0,97228342000.0,,,,,93.957,-12653000.0,9199707000.0,9199707000.0,0.0,275344000.0,,6.883,9226000000.0,,,9226000000.0,0.0,49445000.0,74341502000.0,0.023,0.7,402372000.0,451817000.0,0.414,451817000.0,402372000.0,402372000.0,1.92,1.91,1.92,12333316000.0,,12333316000.0,18873681428.0,13.0,11.051,292353000.0,2.227,1.0,1091170000.0,1.0,3566822000.0,0.0,93687813000.0,,0.0,78299007000.0,,,84895026000.0,,,16270085428.0,-393793000.0,0.0,0.0,1687471000.0,-92984000.0,6117733000.0,-6816532000.0,-6847811000.0,305006000.0,0.0,251905000.0,251905000.0,251905000.0,0.0,23439000.0,0.231,665359000.0,425811000.0,0.0,0.365,1.319,17.536,17.34,612076000.0,0.0,123.29,3.782,3.762,0.0,7642995000.0,1091170000.0,1091170000.0,0.0,,,,,0.0,644808000.0,1.0,131965978.0,131265000.0,132128000.0,8.313,93661520000.0,0.0,150467000.0,0.0,713.53,
28,MTB,MRQ,2014-06-30,2014-06-30,2014-06-30,2021-09-07,40308000.0,90835002000.0,,,,,92.993,-21022000.0,4949966000.0,4949966000.0,0.0,284336000.0,,6.465,7553562000.0,,,7553562000.0,0.0,50735000.0,69829255000.0,0.023,0.7,404210000.0,454945000.0,0.415,454945000.0,404210000.0,404210000.0,1.99,1.98,1.99,12168755000.0,,12168755000.0,17730268172.0,12.0,10.244,-112616000.0,-0.861,1.0,1095526000.0,1.0,3574180000.0,0.0,89864418000.0,,0.0,76263547000.0,,,78666247000.0,,,16311165172.0,154318000.0,0.0,0.0,1072322000.0,-92728000.0,2117810000.0,-1871898000.0,-1794045000.0,-91594000.0,0.0,260680000.0,260680000.0,260680000.0,0.0,23656000.0,0.238,667660000.0,427866000.0,0.0,0.352,1.34,17.148,16.947,625006000.0,0.0,124.05,3.782,3.763,0.0,7481077000.0,1095526000.0,1095526000.0,0.0,,,,,0.0,643271000.0,1.0,131488635.0,130856000.0,131828000.0,8.372,87260822000.0,0.0,143530000.0,0.0,666.846,
29,MTB,MRQ,2014-03-31,2014-03-31,2014-03-31,2021-09-07,-25261000.0,88530360000.0,,,,,91.289,-16725000.0,5062303000.0,5062303000.0,0.0,229017000.0,,6.448,6481406000.0,,,6481406000.0,0.0,52562000.0,68699366000.0,0.023,0.7,337009000.0,389571000.0,0.373,389571000.0,337009000.0,337009000.0,1.63,1.61,1.63,11886863000.0,,11886863000.0,17939403547.0,11.0,9.771,544373000.0,4.181,1.0,1044540000.0,1.0,3583414000.0,0.0,86366049000.0,,0.0,73897366000.0,,,76643497000.0,,,15894150547.0,90184000.0,0.0,0.0,1116197000.0,-92406000.0,2970124000.0,-3441038000.0,-3445964000.0,561098000.0,0.0,211720000.0,211720000.0,211720000.0,0.0,17297000.0,0.203,690234000.0,354306000.0,0.0,0.429,1.337,15.597,15.374,627966000.0,0.0,121.3,3.656,3.633,0.0,7309912000.0,1044540000.0,1044540000.0,0.0,,,,,0.0,664684000.0,1.0,131031744.0,130212000.0,131126000.0,8.022,84946946000.0,0.0,125289000.0,0.0,652.374,
30,MTB,MRQ,2013-12-31,2013-12-31,2013-12-31,2021-09-07,-64159000.0,85162391000.0,,,,,86.813,-43599000.0,3324072000.0,3324072000.0,0.0,221422000.0,,6.533,5369325000.0,,,5369325000.0,0.0,53749000.0,67118612000.0,0.024,0.7,357740000.0,411489000.0,0.384,411489000.0,357740000.0,357740000.0,1.57,1.56,1.57,11305532000.0,,11305532000.0,16543063183.0,10.0,8.738,385048000.0,2.957,1.0,1070730000.0,1.0,3593476000.0,0.0,83614168000.0,,0.0,72329111000.0,,,73856859000.0,,,15161282183.0,-386819000.0,0.0,0.0,12161000.0,-91831000.0,825978000.0,-1641444000.0,-1655589000.0,428647000.0,0.0,203485000.0,203485000.0,203485000.0,0.0,17937000.0,0.19,578557000.0,492173000.0,0.0,0.446,1.341,14.27,14.094,633520000.0,0.0,116.42,3.483,3.483,0.0,7188004000.0,1070730000.0,1070730000.0,0.0,,,,,0.0,667040000.0,1.0,130229189.0,130229189.0,,8.222,81568915000.0,0.0,154255000.0,0.0,626.349,
31,MTB,MRQ,2013-09-30,2013-09-30,2013-09-30,2021-09-07,-198062000.0,84427485000.0,,,,,85.284,-42301000.0,3985564000.0,3985564000.0,0.0,294479000.0,,6.664,5367345000.0,,,5367345000.0,0.0,50134000.0,66552141000.0,0.025,0.7,424727000.0,474861000.0,0.431,474861000.0,424727000.0,424727000.0,2.13,2.11,2.13,11016202000.0,,11016202000.0,15954070382.0,9.0,8.151,-155120000.0,-1.201,1.0,1102496000.0,1.0,3603915000.0,0.0,82205351000.0,,0.0,71423815000.0,,,73411283000.0,,,14553788382.0,585251000.0,0.0,0.0,-63480000.0,-91676000.0,468702000.0,229368000.0,264611000.0,-112819000.0,0.0,275336000.0,275336000.0,275336000.0,0.0,19143000.0,0.25,658626000.0,443870000.0,0.0,0.329,1.321,12.817,12.618,614795000.0,0.0,111.92,3.342,3.32,0.0,7074287000.0,1102496000.0,1102496000.0,0.0,,,,,0.0,633121000.0,1.0,130037423.0,129171000.0,130265000.0,8.535,80823570000.0,0.0,149391000.0,0.0,625.71,
32,MTB,MRQ,2013-06-30,2013-06-30,2013-06-30,2021-09-07,-227771000.0,83229005000.0,,,,,83.557,-26992000.0,4029856000.0,4029856000.0,0.0,348466000.0,,6.767,5430138000.0,,,5430138000.0,0.0,49274000.0,65661470000.0,0.025,0.7,510757000.0,560031000.0,0.496,560031000.0,510757000.0,510757000.0,2.56,2.55,2.56,10716330000.0,,10716330000.0,17055063128.0,10.0,8.697,-108894000.0,-0.849,1.0,1129276000.0,1.0,3614543000.0,0.0,81014744000.0,,0.0,70633562000.0,,,72512675000.0,,,14416744128.0,-351565000.0,0.0,0.0,-320571000.0,-91054000.0,150066000.0,-419729000.0,-414935000.0,-81902000.0,0.0,328538000.0,328538000.0,328538000.0,0.0,19928000.0,0.291,598591000.0,530685000.0,0.0,0.273,1.345,12.712,12.528,595536000.0,0.0,111.75,3.342,3.322,0.0,6887070000.0,1129276000.0,1129276000.0,0.0,,,,,0.0,568394000.0,1.0,129008896.0,128252000.0,129017000.0,8.805,79614462000.0,0.0,182219000.0,0.0,620.766,
33,MTB,MRQ,2013-03-31,2013-03-31,2013-03-31,2021-09-07,-225953000.0,82811957000.0,,,,,81.64,-16671000.0,3130837000.0,3130837000.0,0.0,274113000.0,,6.945,5769156000.0,,,5769156000.0,0.0,50578000.0,65089726000.0,0.027,0.7,396302000.0,446880000.0,0.425,446880000.0,396302000.0,396302000.0,2.0,1.98,2.0,10422957000.0,,10422957000.0,16845195696.0,11.0,9.435,681727000.0,5.34,1.0,1050932000.0,1.0,3627045000.0,0.0,81823231000.0,,0.0,71078125000.0,,,72389000000.0,,,13279515696.0,-160548000.0,0.0,0.0,96411000.0,-90788000.0,-487173000.0,-371773000.0,-367875000.0,698398000.0,0.0,255079000.0,255079000.0,255079000.0,0.0,19034000.0,0.243,635596000.0,415336000.0,0.0,0.35,1.274,13.016,12.783,589570000.0,0.0,103.16,3.189,3.162,0.0,6645195000.0,1050932000.0,1050932000.0,0.0,,,,,0.0,602815000.0,1.0,128727372.0,127669000.0,128636000.0,8.232,79184912000.0,0.0,141223000.0,0.0,620.236,
34,MTB,MRQ,2012-12-31,2012-12-31,2012-12-31,2021-09-07,-240264000.0,83008803000.0,,,,,79.704,-25572000.0,2116560000.0,2116560000.0,0.0,296193000.0,,7.136,5682240000.0,,,5682240000.0,0.0,49773000.0,65611253000.0,0.028,0.7,425816000.0,475589000.0,0.444,475589000.0,425816000.0,425816000.0,2.18,2.17,2.18,10202593000.0,,10202593000.0,16131512321.0,11.0,9.596,633000.0,0.005,1.0,1071586000.0,1.0,3640388000.0,0.0,82934095000.0,,0.0,72208424000.0,,,72806210000.0,,,12604744321.0,363687000.0,0.0,0.0,129474000.0,-90236000.0,1671918000.0,-1334436000.0,-1363362000.0,26205000.0,0.0,276569000.0,276569000.0,276569000.0,0.0,19624000.0,0.258,464405000.0,607181000.0,0.0,0.321,1.235,13.221,13.008,594652000.0,0.0,98.47,3.103,3.103,0.0,6477276000.0,1071586000.0,1071586000.0,0.0,,,,,0.0,588883000.0,1.0,128005934.0,128005934.0,,8.371,79368415000.0,0.0,149247000.0,0.0,620.037,
35,MTB,MRQ,2012-09-30,2012-09-30,2012-09-30,2021-09-07,-230075000.0,81085233000.0,,,,,79.047,-19055000.0,2034922000.0,2034922000.0,0.0,293462000.0,,7.153,5561690000.0,,,5561690000.0,0.0,51572000.0,64007258000.0,0.029,0.7,426851000.0,478423000.0,0.45,478423000.0,426851000.0,426851000.0,2.18,2.17,2.18,9945527000.0,,9945527000.0,16226407272.0,13.0,11.24,-189907000.0,-1.509,1.0,1062455000.0,1.0,3654253000.0,0.0,80957748000.0,,0.0,70341580000.0,,,71139706000.0,,,12055512272.0,200097000.0,0.0,0.0,-1104195000.0,-88035000.0,41268000.0,329681000.0,364529000.0,-170852000.0,0.0,273885000.0,273885000.0,273885000.0,0.0,19577000.0,0.258,616027000.0,446428000.0,0.0,0.321,1.212,14.945,14.822,589035000.0,0.0,95.16,3.065,3.044,0.0,6286785000.0,1062455000.0,1062455000.0,0.0,,,,,0.0,578141000.0,1.0,126686762.0,125818000.0,126292000.0,8.444,77430980000.0,0.0,152966000.0,0.0,615.421,
36,MTB,MRQ,2012-06-30,2012-06-30,2012-06-30,2021-09-07,-277849000.0,80807578000.0,,,,,76.74,-27515000.0,2492548000.0,2492548000.0,0.0,233380000.0,,7.391,6663443000.0,,,6663443000.0,0.0,50944000.0,62548807000.0,0.034,0.7,333570000.0,384514000.0,0.393,384514000.0,333570000.0,333570000.0,1.71,1.71,1.71,9629907000.0,,9629907000.0,14812324299.0,14.0,11.717,78101000.0,0.622,1.0,979633000.0,1.0,3668338000.0,0.0,81310135000.0,,0.0,69536482000.0,,,71177671000.0,,,10449949299.0,78739000.0,0.0,0.0,-340591000.0,-90405000.0,1345372000.0,-1372249000.0,-1384884000.0,105616000.0,0.0,214709000.0,214709000.0,214709000.0,0.0,18671000.0,0.219,627392000.0,352241000.0,0.0,0.409,1.085,14.984,14.851,592498000.0,0.0,82.57,2.752,2.729,0.0,6098084000.0,979633000.0,979633000.0,0.0,,,,,0.0,586523000.0,1.0,126558669.0,125488000.0,125897000.0,7.807,77139240000.0,0.0,118861000.0,0.0,614.714,
37,MTB,MRQ,2012-03-31,2012-03-31,2012-03-31,2021-09-07,-331258000.0,79186887000.0,,,,,75.297,-19377000.0,2626132000.0,2626132000.0,0.0,206463000.0,,7.399,6988507000.0,,,6988507000.0,0.0,52272000.0,60912943000.0,0.032,0.7,290190000.0,342462000.0,0.361,342462000.0,290190000.0,290190000.0,1.5,1.5,1.5,9428688000.0,,9428688000.0,16843112794.0,15.0,12.469,519635000.0,4.15,1.0,948112000.0,1.0,3684244000.0,0.0,79865018000.0,,0.0,67725660000.0,,,69758199000.0,,,10982161794.0,-108305000.0,0.0,0.0,-472433000.0,-89041000.0,1036537000.0,-1683854000.0,-1682318000.0,539012000.0,0.0,188236000.0,188236000.0,188236000.0,0.0,18227000.0,0.199,639695000.0,308417000.0,0.0,0.467,1.165,14.082,13.834,580033000.0,0.0,86.88,2.858,2.831,0.0,5969236000.0,948112000.0,948112000.0,0.0,,,,,0.0,593972000.0,1.0,126406098.0,125220000.0,125616000.0,7.572,75502643000.0,0.0,101954000.0,0.0,602.96,
38,MTB,MRQ,2011-12-31,2011-12-31,2011-12-31,2021-09-07,-356441000.0,77924287000.0,,,,,73.8,-31978000.0,1607357000.0,1607357000.0,0.0,147740000.0,,7.405,7468308000.0,,,7468308000.0,0.0,53210000.0,59394649000.0,0.037,0.7,184964000.0,238174000.0,0.253,238174000.0,184964000.0,184964000.0,1.03,1.03,1.03,9271209000.0,,9271209000.0,13452709519.0,12.0,10.005,454771000.0,3.62,1.0,942485000.0,1.0,3701019000.0,0.0,80084219000.0,,0.0,67422703000.0,,,68653078000.0,,,9590290519.0,98340000.0,-178940000.0,0.0,27913000.0,-88540000.0,-142654000.0,-245755000.0,66348000.0,486749000.0,0.0,129802000.0,129802000.0,129802000.0,0.0,17938000.0,0.138,577736000.0,364749000.0,0.0,0.68,1.034,12.268,11.984,581435000.0,0.0,76.34,2.59,2.59,0.0,5867165000.0,942485000.0,942485000.0,0.0,,,,,0.0,694595000.0,1.0,125626022.0,125626022.0,,7.502,74223268000.0,0.0,55162000.0,0.0,590.827,
39,MTB,MRQ,2011-09-30,2011-09-30,2011-09-30,2021-09-07,-192533000.0,77863891000.0,,,,,75.257,-24054000.0,3580836000.0,3580836000.0,0.0,183108000.0,,7.305,7443255000.0,,,7443255000.0,0.0,52404000.0,59482389000.0,0.04,0.7,246642000.0,299046000.0,0.323,299046000.0,246642000.0,246642000.0,1.32,1.32,1.32,9375126000.0,,9375126000.0,12867129827.0,10.0,8.928,398265000.0,3.197,1.0,927101000.0,1.0,3782281000.0,0.0,77944029000.0,,0.0,65272093000.0,,,68488765000.0,,,8779434827.0,21142000.0,0.0,0.0,-291596000.0,-88454000.0,-175551000.0,-225626000.0,-282792000.0,422319000.0,0.0,164668000.0,164668000.0,164668000.0,0.0,18440000.0,0.178,662019000.0,265082000.0,0.0,0.53,0.936,10.44,10.072,569495000.0,0.0,69.9,2.483,2.462,0.0,5823928000.0,927101000.0,927101000.0,0.0,,,,,0.0,617917000.0,1.0,125599926.0,124575000.0,124860000.0,7.442,74081610000.0,0.0,81974000.0,0.0,594.675,
40,MTB,MRQ,2011-06-30,2011-06-30,2011-06-30,2021-09-07,-228769000.0,77727154000.0,,,,,75.66,-5122000.0,3608365000.0,3608365000.0,0.0,322358000.0,,7.408,7696060000.0,,,7696060000.0,0.0,48396000.0,59229215000.0,0.032,0.7,422769000.0,471165000.0,0.46,471165000.0,422769000.0,422769000.0,2.43,2.42,2.43,9244194000.0,,9244194000.0,17351097238.0,14.0,11.898,87403000.0,0.715,1.0,1024858000.0,1.0,3799682000.0,0.0,78015167000.0,,0.0,65008891000.0,,,68482960000.0,,,10623407238.0,350610000.0,-151060000.0,0.0,-888089000.0,-88417000.0,-994807000.0,1252892000.0,1215411000.0,92525000.0,0.0,297164000.0,297164000.0,297164000.0,0.0,25194000.0,0.29,576895000.0,447963000.0,0.0,0.288,1.149,12.453,12.37,567107000.0,0.0,87.95,3.147,3.183,0.0,5745253000.0,1024858000.0,1024858000.0,0.0,,,,,0.0,535546000.0,1.0,120789167.0,122181000.0,122796000.0,8.388,73927472000.0,0.0,125605000.0,0.0,605.065,
41,MTB,MRQ,2011-03-31,2011-03-31,2011-03-31,2021-09-07,-197521000.0,67881208000.0,,,,,71.371,-8854000.0,1082406000.0,1082406000.0,0.0,206273000.0,,6.979,7810096000.0,,,7810096000.0,0.0,43770000.0,50548099000.0,0.032,0.7,292493000.0,336263000.0,0.416,336263000.0,292493000.0,292493000.0,1.59,1.59,1.59,8507518000.0,,8507518000.0,18387370514.0,16.0,14.17,761799000.0,6.391,1.0,808224000.0,1.0,3638228000.0,0.0,70970670000.0,,0.0,58135880000.0,,,59373690000.0,,,10634764514.0,48550000.0,0.0,0.0,-971262000.0,-84718000.0,-309524000.0,-412579000.0,-460378000.0,770653000.0,0.0,190113000.0,190113000.0,190113000.0,0.0,16160000.0,0.235,499571000.0,308653000.0,0.0,0.44,1.25,14.578,14.385,431292000.0,0.0,88.47,3.423,3.394,0.0,5534909000.0,808224000.0,808224000.0,0.0,,,,,0.0,468163000.0,1.0,120207579.0,119201000.0,119852000.0,6.78,64242980000.0,0.0,102380000.0,0.0,538.947,
42,MTB,MRQ,2010-12-31,2010-12-31,2010-12-31,2021-09-07,-205220000.0,68021263000.0,,,,,70.01,-31078000.0,1034977000.0,1034977000.0,0.0,204442000.0,,7.139,8787583000.0,,,8787583000.0,0.0,43395000.0,49805284000.0,0.032,0.7,291334000.0,334729000.0,0.431,334729000.0,291334000.0,291334000.0,1.6,1.59,1.6,8357695000.0,,8357695000.0,19104101427.0,19.0,15.726,395166000.0,3.31,1.0,776035000.0,1.0,3650542000.0,0.0,72123327000.0,,0.0,58761815000.0,,,59663568000.0,,,10391859427.0,-155570000.0,0.0,0.0,-1406997000.0,-84178000.0,-803517000.0,221703000.0,154362000.0,426244000.0,0.0,189015000.0,189015000.0,189015000.0,0.0,15427000.0,0.244,331847000.0,444188000.0,0.0,0.438,1.243,15.377,15.219,435837000.0,0.0,87.05,3.455,3.455,0.0,5426701000.0,776035000.0,776035000.0,0.0,,,,,0.0,437676000.0,1.0,119378052.0,119378052.0,,6.501,64370721000.0,0.0,102319000.0,0.0,539.217,
43,MTB,MRQ,2010-09-30,2010-09-30,2010-09-30,2021-09-07,-192554000.0,68246837000.0,,,,,69.572,-15977000.0,1490949000.0,1490949000.0,0.0,192015000.0,,7.291,10203191000.0,,,10203191000.0,0.0,44706000.0,48654623000.0,0.034,0.7,271399000.0,316105000.0,0.412,316105000.0,271399000.0,271399000.0,1.49,1.48,1.49,8231773000.0,,8231773000.0,19985926224.0,22.0,17.871,204656000.0,1.73,1.0,766767000.0,1.0,3663811000.0,0.0,73295268000.0,,0.0,58521255000.0,,,60015064000.0,,,9745152224.0,33439000.0,0.0,0.0,-1239989000.0,-84035000.0,-196888000.0,9694000.0,19448000.0,220633000.0,0.0,176780000.0,176780000.0,176780000.0,0.0,15235000.0,0.231,480133000.0,286634000.0,0.0,0.47,1.184,16.045,15.793,421352000.0,0.0,81.81,3.347,3.325,0.0,5319198000.0,766767000.0,766767000.0,0.0,,,,,0.0,448568000.0,1.0,119119328.0,118320000.0,119155000.0,6.48,64583026000.0,0.0,94619000.0,0.0,545.834,
44,MTB,MRQ,2010-06-30,2010-06-30,2010-06-30,2021-09-07,-197197000.0,68153616000.0,,,,,68.628,-12833000.0,1173712000.0,1173712000.0,0.0,188749000.0,,7.412,11414486000.0,,,11414486000.0,0.0,45934000.0,47522671000.0,0.033,0.7,264555000.0,310489000.0,0.411,310489000.0,264555000.0,264555000.0,1.47,1.46,1.47,8101844000.0,,8101844000.0,20869329567.0,26.0,20.66,362338000.0,3.069,1.0,755784000.0,1.0,3677337000.0,0.0,74717053000.0,,0.0,58751883000.0,,,60051772000.0,,,10097646567.0,12217000.0,0.0,0.0,-565295000.0,-83787000.0,-654622000.0,291668000.0,221879000.0,375171000.0,0.0,173588000.0,173588000.0,173588000.0,0.0,15161000.0,0.23,476068000.0,279716000.0,0.0,0.476,1.246,18.503,18.23,422557000.0,0.0,84.95,3.585,3.561,0.0,5223834000.0,755784000.0,755784000.0,0.0,,,,,0.0,439627000.0,1.0,118865763.0,118054000.0,118878000.0,6.402,64476279000.0,0.0,90967000.0,0.0,546.159,
45,MTB,MRQ,2010-03-31,2010-03-31,2010-03-31,2021-09-07,-255181000.0,68439222000.0,,,,,67.216,-10570000.0,1164974000.0,1164974000.0,0.0,150955000.0,,7.646,11936657000.0,,,11936657000.0,0.0,48327000.0,47538405000.0,0.035,0.7,205151000.0,253478000.0,0.357,253478000.0,205151000.0,205151000.0,1.16,1.15,1.16,7915687000.0,,7915687000.0,20723774645.0,34.0,26.017,643029000.0,5.46,1.0,709040000.0,1.0,3692170000.0,0.0,75518735000.0,,0.0,59060898000.0,,,60523535000.0,,,9420853645.0,-202673000.0,0.0,0.0,-824707000.0,-83303000.0,-808617000.0,-47655000.0,-37773000.0,653599000.0,0.0,136428000.0,136428000.0,136428000.0,0.0,14527000.0,0.192,489362000.0,219678000.0,0.0,0.603,1.19,22.805,22.361,427883000.0,0.0,79.38,3.506,3.479,0.0,5131600000.0,709040000.0,709040000.0,0.0,,,,,0.0,451539000.0,1.0,118680444.0,117765000.0,118256000.0,6.021,64747052000.0,0.0,68723000.0,0.0,549.799,
46,MTB,MRQ,2009-12-31,2009-12-31,2009-12-31,2021-09-07,-335997000.0,68880399000.0,,,,,65.652,-31303000.0,1379677000.0,1379677000.0,0.0,136818000.0,,7.884,12682598000.0,,,12682598000.0,0.0,53349000.0,47449838000.0,0.042,0.7,184917000.0,238266000.0,0.351,238266000.0,184917000.0,184917000.0,1.06,1.05,1.06,7752907000.0,,7752907000.0,19752635876.0,42.0,29.823,82565000.0,0.699,1.0,679609000.0,1.0,3707043000.0,0.0,76476277000.0,,0.0,59226257000.0,,,61127492000.0,,,7899132876.0,-127372000.0,0.0,0.0,-573051000.0,-83155000.0,-63162000.0,-178078000.0,-129301000.0,113868000.0,0.0,120577000.0,120577000.0,120577000.0,0.0,16241000.0,0.177,441819000.0,237790000.0,0.0,0.66,1.019,23.792,23.066,435845000.0,0.0,66.89,3.16,3.16,0.0,5076884000.0,679609000.0,679609000.0,0.0,,,,,0.0,441819000.0,1.0,118091387.0,118091387.0,,5.755,65173356000.0,0.0,64340000.0,0.0,551.889,
47,MTB,MRQ,2009-09-30,2009-09-30,2009-09-30,2021-09-07,-419286000.0,68997450000.0,,,,,64.858,-10009000.0,1428157000.0,1428157000.0,0.0,127664000.0,,8.064,13281660000.0,,,13281660000.0,0.0,48618000.0,46861851000.0,0.045,0.7,159304000.0,207922000.0,0.309,207922000.0,159304000.0,159304000.0,0.97,0.97,0.97,7612363000.0,,7612363000.0,20659729600.0,50.0,34.516,651007000.0,5.547,1.0,671881000.0,1.0,3723773000.0,0.0,77127180000.0,,0.0,59467224000.0,,,61385087000.0,,,7351020600.0,222986000.0,0.0,0.0,-1325937000.0,-82528000.0,-1669503000.0,1231473000.0,1144262000.0,661016000.0,0.0,115143000.0,115143000.0,115143000.0,0.0,12521000.0,0.171,462008000.0,209873000.0,0.0,0.722,0.966,23.495,22.745,436586000.0,0.0,62.32,3.067,3.052,0.0,5035808000.0,671881000.0,671881000.0,0.0,,,,,0.0,462008000.0,1.0,117956043.0,117370000.0,117547000.0,5.724,65273677000.0,0.0,44161000.0,0.0,556.136,
48,MTB,MRQ,2009-06-30,2009-06-30,2009-06-30,2021-09-07,-580756000.0,69913217000.0,,,,,65.362,-7405000.0,1210678000.0,1210678000.0,0.0,51188000.0,,8.448,14519387000.0,,,14519387000.0,0.0,44592000.0,46754707000.0,0.055,0.7,52282000.0,96874000.0,0.155,96874000.0,52282000.0,52282000.0,0.36,0.36,0.36,7400164000.0,,7400164000.0,18655447981.0,58.0,37.091,332495000.0,2.937,1.0,626216000.0,1.0,3740697000.0,0.0,79481229000.0,,0.0,60510037000.0,,,62513053000.0,,,5659011981.0,-2917000.0,0.0,0.0,-347972000.0,-82279000.0,-1212855000.0,870038000.0,831652000.0,339900000.0,0.0,40964000.0,40964000.0,40964000.0,0.0,10224000.0,0.065,563710000.0,62506000.0,0.0,1.944,0.765,19.587,19.588,442162000.0,0.0,50.93,2.542,2.591,0.0,5003551000.0,626216000.0,626216000.0,0.0,,,,,0.0,498842000.0,1.0,111113528.0,113218000.0,113521000.0,5.531,66172520000.0,0.0,11318000.0,0.0,584.47,
49,MTB,MRQ,2009-03-31,2009-03-31,2009-03-31,2021-09-07,-622409000.0,64883195000.0,,,,,62.495,-10250000.0,1181019000.0,1181019000.0,0.0,64221000.0,,8.401,14177455000.0,,,14177455000.0,0.0,44362000.0,42477356000.0,0.062,0.7,74903000.0,119265000.0,0.228,119265000.0,74903000.0,74903000.0,0.49,0.49,0.49,6901839000.0,,6901839000.0,18530814212.0,36.0,26.851,64355000.0,0.583,1.0,522148000.0,1.0,3360254000.0,0.0,74519377000.0,,0.0,56440816000.0,,,57981356000.0,,,5024365212.0,-414506000.0,0.0,0.0,-888473000.0,-77744000.0,-1067373000.0,578262000.0,578297000.0,74605000.0,0.0,55322000.0,55322000.0,55322000.0,0.0,8899000.0,0.106,417120000.0,105028000.0,0.0,1.429,0.728,12.308,12.26,386157000.0,0.0,45.24,2.226,2.213,0.0,5043633000.0,522148000.0,522148000.0,0.0,,,,,0.0,417120000.0,1.0,111060239.0,110439000.0,110439000.0,4.728,61522941000.0,0.0,19581000.0,0.0,557.076,
50,MTB,MRQ,2008-12-31,2008-12-31,2008-12-31,2021-09-07,-736881000.0,65815757000.0,,,,,61.519,-28380000.0,1578435000.0,1578435000.0,0.0,102241000.0,,8.701,15084884000.0,,,15084884000.0,0.0,45612000.0,42581263000.0,0.049,0.7,128882000.0,174494000.0,0.303,174494000.0,128882000.0,128882000.0,0.92,0.92,0.92,6784731000.0,,6784731000.0,20341604906.0,28.0,21.996,306271000.0,2.777,1.0,576492000.0,1.0,3375624000.0,0.0,75946582000.0,,0.0,56839587000.0,,,59031026000.0,,,6331516906.0,180634000.0,0.0,0.0,-459726000.0,-77232000.0,150213000.0,-304230000.0,-301306000.0,334651000.0,0.0,101450000.0,101450000.0,101450000.0,0.0,791000.0,0.176,429017000.0,147475000.0,0.0,0.761,0.933,11.406,11.391,388855000.0,0.0,57.41,2.567,2.567,0.0,5062754000.0,576492000.0,576492000.0,0.0,,,,,0.0,429017000.0,1.0,110285959.0,110285959.0,,5.227,62440133000.0,0.0,27432000.0,0.0,566.166,
51,MTB,MRQ,2008-09-30,2008-09-30,2008-09-30,2021-09-07,-462050000.0,65247215000.0,,,,,58.193,-19658000.0,1401121000.0,1401121000.0,0.0,91185000.0,,9.168,15411209000.0,,,15411209000.0,0.0,46142000.0,42501293000.0,0.031,0.7,66193000.0,112335000.0,0.224,112335000.0,66193000.0,66193000.0,0.83,0.82,0.83,6416684000.0,,6416684000.0,24723274349.0,36.0,28.147,429784000.0,3.898,1.0,500956000.0,1.0,3390682000.0,0.0,75866621000.0,,0.0,56806721000.0,,,58830531000.0,,,9835771349.0,-250986000.0,0.0,0.0,-1132919000.0,-77148000.0,-643525000.0,-56903000.0,54107000.0,449442000.0,0.0,91185000.0,91185000.0,91185000.0,0.0,0.0,0.182,417401000.0,83555000.0,0.0,0.843,1.533,18.967,18.909,374181000.0,0.0,89.25,4.064,4.067,0.0,5037799000.0,500956000.0,500956000.0,0.0,,,,,0.0,417401000.0,1.0,110204721.0,110265000.0,110807000.0,4.543,61856533000.0,0.0,-24992000.0,0.0,560.981,
52,MTB,MRQ,2008-06-30,2008-06-30,2008-06-30,2021-09-07,-332917000.0,65893428000.0,,,,,59.161,-15680000.0,1644157000.0,1644157000.0,0.0,160265000.0,,9.108,16531660000.0,,,16531660000.0,0.0,45934000.0,41925690000.0,0.04,0.7,238104000.0,284038000.0,0.432,284038000.0,238104000.0,238104000.0,1.45,1.44,1.45,6519056000.0,,6519056000.0,22851967368.0,25.0,20.665,495526000.0,4.497,1.0,657814000.0,1.0,3405656000.0,0.0,77375275000.0,,0.0,57332365000.0,,,59374372000.0,,,7767275368.0,-137623000.0,0.0,0.0,-289455000.0,-77117000.0,36152000.0,-684981000.0,-562910000.0,511206000.0,0.0,160265000.0,160265000.0,160265000.0,0.0,0.0,0.244,401561000.0,256253000.0,0.0,0.483,1.191,12.396,12.268,368542000.0,0.0,70.54,2.981,2.983,0.0,5023817000.0,657814000.0,657814000.0,0.0,,,,,0.0,401561000.0,1.0,110111644.0,110191000.0,111227000.0,5.97,62487772000.0,0.0,77839000.0,0.0,567.086,
53,MTB,MRQ,2008-03-31,2008-03-31,2008-03-31,2021-09-07,-259484000.0,66085573000.0,,,,,58.972,-8516000.0,1783153000.0,1783153000.0,0.0,202196000.0,,9.186,16867845000.0,,,16867845000.0,0.0,48102000.0,41533010000.0,0.034,0.7,305809000.0,353911000.0,0.484,353911000.0,305809000.0,305809000.0,1.84,1.82,1.84,6487962000.0,,6487962000.0,23206646375.0,23.0,19.531,324601000.0,2.95,1.0,731513000.0,1.0,3422221000.0,0.0,77748044000.0,,0.0,57553681000.0,,,59597611000.0,,,8852782375.0,8579000.0,0.0,0.0,703396000.0,-77004000.0,893107000.0,-1217645000.0,-1156990000.0,333117000.0,0.0,202196000.0,202196000.0,202196000.0,0.0,0.0,0.276,405682000.0,325831000.0,0.0,0.38,1.364,13.01,12.815,366065000.0,0.0,80.48,3.325,3.325,0.0,4940723000.0,731513000.0,731513000.0,0.0,,,,,0.0,405682000.0,1.0,109999781.0,110017000.0,110967000.0,6.649,62663352000.0,0.0,103613000.0,0.0,569.579,
54,MTB,MRQ,2007-12-31,2007-12-31,2007-12-31,2021-09-07,-114822000.0,64875639000.0,,,,,60.751,-21562000.0,1785978000.0,1785978000.0,0.0,64930000.0,,9.004,16139842000.0,,,16139842000.0,0.0,43860000.0,41266188000.0,0.032,0.7,84227000.0,128087000.0,0.242,128087000.0,84227000.0,84227000.0,0.6,0.61,0.6,6485256000.0,,6485256000.0,21808741583.0,23.0,19.102,415456000.0,3.892,1.0,529700000.0,1.0,3444989000.0,0.0,75784514000.0,,0.0,56505365000.0,,,58390383000.0,,,8707728583.0,439970000.0,0.0,-12347000.0,898077000.0,-76872000.0,1225120000.0,-1222168000.0,-1172859000.0,437018000.0,0.0,64930000.0,64930000.0,64930000.0,0.0,0.0,0.123,425299000.0,104401000.0,0.0,1.167,1.343,13.309,13.483,370765000.0,0.0,81.57,3.36,3.36,0.0,4815585000.0,529700000.0,529700000.0,0.0,,,,,0.0,425299000.0,1.0,106751607.0,106751607.0,,4.962,61430650000.0,0.0,19297000.0,0.0,575.454,
55,MTB,MRQ,2007-09-30,2007-09-30,2007-09-30,2021-09-07,-86665000.0,60008123000.0,,,,,58.269,-15505000.0,1336080000.0,1336080000.0,0.0,199187000.0,,8.62,14437093000.0,,,14437093000.0,0.0,43710000.0,38473179000.0,0.024,0.7,296059000.0,339769000.0,0.495,339769000.0,296059000.0,296059000.0,1.86,1.83,1.86,6238004000.0,,6238004000.0,21122404905.0,18.0,15.399,294273000.0,2.749,1.0,686587000.0,1.0,3109044000.0,0.0,70000092000.0,,0.0,52648805000.0,,,53770119000.0,,,11088298905.0,-9241000.0,0.0,-71062000.0,3037610000.0,-74837000.0,1956054000.0,-2275073000.0,-2153266000.0,309778000.0,0.0,199187000.0,199187000.0,199187000.0,0.0,0.0,0.29,374826000.0,311761000.0,0.0,0.376,1.778,13.814,14.037,332197000.0,0.0,103.45,4.022,4.018,0.0,4827583000.0,686587000.0,686587000.0,0.0,,,,,0.0,374826000.0,1.0,107185103.0,107056000.0,108957000.0,6.413,56899079000.0,0.0,96872000.0,0.0,531.489,
56,MTB,MRQ,2007-06-30,2007-06-30,2007-06-30,2021-09-07,-66833000.0,57869069000.0,,,,,57.211,-10699000.0,1343772000.0,1343772000.0,0.0,214169000.0,,8.371,11377878000.0,,,11377878000.0,0.0,44063000.0,39418635000.0,0.022,0.6,322378000.0,366441000.0,0.512,366441000.0,322378000.0,322378000.0,1.98,1.95,1.98,6175307000.0,,6175307000.0,21808273241.0,18.0,15.75,165337000.0,1.532,1.0,715029000.0,1.0,3124746000.0,0.0,64778429000.0,,0.0,50510417000.0,,,51693762000.0,,,11570844241.0,-130936000.0,0.0,-217120000.0,-316013000.0,-64457000.0,-104942000.0,-202030000.0,-105992000.0,176036000.0,0.0,214169000.0,214169000.0,214169000.0,0.0,0.0,0.3,376194000.0,338835000.0,0.0,0.303,1.874,14.218,14.446,329737000.0,0.0,106.9,4.156,4.144,0.0,4703292000.0,715029000.0,715029000.0,0.0,,,,,0.0,376194000.0,1.0,108239890.0,107939000.0,109919000.0,6.624,54744323000.0,0.0,108209000.0,0.0,507.178,
57,MTB,MRQ,2007-03-31,2007-03-31,2007-03-31,2021-09-07,-36167000.0,57842471000.0,,,,,57.006,-8915000.0,1475662000.0,1475662000.0,0.0,175973000.0,,8.25,11713091000.0,,,11713091000.0,0.0,46526000.0,38937906000.0,0.021,0.6,260873000.0,307399000.0,0.466,307399000.0,260873000.0,260873000.0,1.6,1.57,1.6,6253184000.0,,6253184000.0,21065516701.0,18.0,15.345,403010000.0,3.674,1.0,659910000.0,1.0,3140726000.0,0.0,64939174000.0,,0.0,50428639000.0,,,51589287000.0,,,12712164701.0,-157210000.0,0.0,-207875000.0,1726899000.0,-65734000.0,514261000.0,-1083396000.0,-1078516000.0,411925000.0,0.0,175973000.0,175973000.0,175973000.0,0.0,0.0,0.267,399037000.0,260873000.0,0.0,0.375,2.033,15.651,15.802,331426000.0,0.0,115.83,4.604,4.601,0.0,4553630000.0,659910000.0,659910000.0,0.0,,,,,0.0,380681000.0,1.0,109748465.0,109694000.0,112187000.0,6.016,54701745000.0,0.0,84900000.0,0.0,498.676,
58,MTB,MRQ,2006-12-31,2006-12-31,2006-12-31,2021-09-07,-53574000.0,57064905000.0,,,,,56.755,-15361000.0,1631603000.0,1631603000.0,0.0,213329000.0,,8.085,9984955000.0,,,9984955000.0,0.0,46748000.0,39910503000.0,0.018,0.6,311325000.0,358073000.0,0.515,358073000.0,311325000.0,311325000.0,1.93,1.88,1.93,6281095000.0,,6281095000.0,22190838512.0,18.0,15.765,-406432000.0,-3.672,1.0,695135000.0,1.0,3159082000.0,0.0,62259175000.0,,0.0,49785699000.0,,,50783810000.0,,,13519401512.0,264982000.0,0.0,-74964000.0,-77153000.0,-66489000.0,629863000.0,26190000.0,98842000.0,-391071000.0,0.0,213329000.0,213329000.0,213329000.0,0.0,0.0,0.307,320802000.0,374333000.0,0.0,0.311,2.152,16.11,16.18,335008000.0,0.0,122.16,4.857,4.857,0.0,4443441000.0,695135000.0,695135000.0,0.0,,,,,0.0,365123000.0,1.0,110669626.0,110669626.0,,6.281,53905823000.0,0.0,97996000.0,0.0,487.088,
59,MTB,MRQ,2006-09-30,2006-09-30,2006-09-30,2021-09-07,-86940000.0,56373476000.0,,,,,55.393,-9891000.0,1470407000.0,1470407000.0,0.0,210370000.0,,8.165,10141844000.0,,,10141844000.0,0.0,47599000.0,39078789000.0,0.018,0.6,305145000.0,352744000.0,0.494,352744000.0,305145000.0,305145000.0,1.89,1.85,1.89,6151243000.0,,6151243000.0,22751280163.0,19.0,16.282,692845000.0,6.239,1.0,714086000.0,1.0,3179759000.0,0.0,61865154000.0,,0.0,49254702000.0,,,50222233000.0,,,13316392163.0,-229530000.0,0.0,-91776000.0,-972138000.0,-66603000.0,-549132000.0,-383134000.0,-485605000.0,702736000.0,0.0,210370000.0,210370000.0,210370000.0,0.0,0.0,0.295,408941000.0,305145000.0,0.0,0.317,2.165,16.028,16.124,332504000.0,0.0,119.96,4.819,4.82,0.0,4296655000.0,714086000.0,714086000.0,0.0,,,,,0.0,389005000.0,1.0,111006937.0,111047000.0,113897000.0,6.43,53193717000.0,0.0,94775000.0,0.0,479.02,
60,MTB,MRQ,2006-06-30,2006-06-30,2006-06-30,2021-09-07,-147794000.0,56507088000.0,,,,,53.93,-10871000.0,1604435000.0,1604435000.0,0.0,212573000.0,,8.417,11039323000.0,,,11039323000.0,0.0,39330000.0,38513683000.0,0.017,0.6,315218000.0,354548000.0,0.512,354548000.0,315218000.0,315218000.0,1.91,1.87,1.91,6000224000.0,,6000224000.0,22251471523.0,18.0,16.195,109362000.0,0.983,1.0,692215000.0,1.0,3199696000.0,0.0,62742280000.0,,0.0,49065043000.0,,,50506864000.0,,,13108304523.0,303033000.0,12172000.0,-69419000.0,598197000.0,-66650000.0,-138869000.0,321669000.0,-107930000.0,120233000.0,0.0,212573000.0,212573000.0,212573000.0,0.0,0.0,0.307,376997000.0,315218000.0,0.0,0.314,2.185,16.152,16.31,334873000.0,0.0,117.92,4.848,4.852,0.0,4152943000.0,692215000.0,692215000.0,0.0,,,,,0.0,365640000.0,1.0,111162691.0,111259000.0,113968000.0,6.222,53307392000.0,0.0,102645000.0,0.0,479.129,
61,MTB,MRQ,2006-03-31,2006-03-31,2006-03-31,2021-09-07,-122887000.0,55419862000.0,,,,,52.998,-5865000.0,1300750000.0,1300750000.0,0.0,202917000.0,,8.362,10443917000.0,,,10443917000.0,0.0,42254000.0,38171385000.0,0.016,0.45,299954000.0,342208000.0,0.502,342208000.0,299954000.0,299954000.0,1.82,1.77,1.82,5919469000.0,,5919469000.0,22607202991.0,19.0,16.673,102100000.0,0.914,1.0,681957000.0,1.0,3019463000.0,0.0,61543566000.0,,0.0,48715102000.0,,,49500393000.0,,,12756203991.0,-203980000.0,-12172000.0,-137701000.0,-902421000.0,-50075000.0,19485000.0,-331430000.0,-282236000.0,107965000.0,0.0,202917000.0,202917000.0,202917000.0,0.0,0.0,0.298,368975000.0,312982000.0,0.0,0.247,2.155,16.029,16.19,329212000.0,0.0,114.14,4.75,4.747,0.0,4007075000.0,681957000.0,681957000.0,0.0,,,,,0.0,368975000.0,1.0,111759278.0,111693000.0,114347000.0,6.106,52400399000.0,0.0,97037000.0,0.0,469.147,
62,MTB,MRQ,2005-12-31,2005-12-31,2005-12-31,2021-09-07,-97930000.0,55146406000.0,,,,,52.293,-11379000.0,1498867000.0,1498867000.0,0.0,204985000.0,,8.384,11349866000.0,,,11349866000.0,0.0,41729000.0,37100174000.0,0.016,0.45,306098000.0,347827000.0,0.515,347827000.0,306098000.0,306098000.0,1.82,1.78,1.82,5876386000.0,,5876386000.0,21874309417.0,19.0,16.267,694129000.0,6.177,1.0,675212000.0,1.0,3012341000.0,0.0,61985064000.0,,0.0,48284763000.0,,,49270020000.0,,,12254411417.0,67979000.0,0.0,-101861000.0,304403000.0,-50638000.0,78945000.0,-716474000.0,-728943000.0,705508000.0,0.0,204985000.0,204985000.0,204985000.0,0.0,0.0,0.304,356411000.0,318801000.0,0.0,0.247,2.085,15.667,15.85,337115000.0,0.0,109.05,4.614,4.614,0.0,3854275000.0,675212000.0,675212000.0,0.0,,,,,0.0,356411000.0,1.0,112374245.0,112374245.0,,6.009,52134065000.0,0.0,101113000.0,0.0,463.933,
63,MTB,MRQ,2005-09-30,2005-09-30,2005-09-30,2021-09-07,-45285000.0,54841349000.0,,,,,51.502,-8710000.0,1432971000.0,1432971000.0,0.0,191074000.0,,8.379,11052869000.0,,,11052869000.0,0.0,42942000.0,37199015000.0,0.016,0.45,286422000.0,329364000.0,0.503,329364000.0,286422000.0,286422000.0,1.68,1.64,1.68,5847023000.0,,5847023000.0,21144372526.0,18.0,15.862,-426624000.0,-3.758,1.0,654672000.0,1.0,3025486000.0,0.0,61435761000.0,,0.0,48113979000.0,,,48994326000.0,,,12029287526.0,-55585000.0,0.0,-155198000.0,463356000.0,-50980000.0,171369000.0,190960000.0,275738000.0,-417914000.0,0.0,191074000.0,191074000.0,191074000.0,0.0,0.0,0.292,354324000.0,300348000.0,0.0,0.268,2.057,15.635,15.731,340093000.0,0.0,105.71,4.569,4.559,0.0,3699973000.0,654672000.0,654672000.0,0.0,,,,,0.0,354324000.0,1.0,113795171.0,113530000.0,116200000.0,5.767,51815863000.0,0.0,95348000.0,0.0,456.407,
64,MTB,MRQ,2005-06-30,2005-06-30,2005-06-30,2021-09-07,-37812000.0,54481946000.0,,,,,51.231,-3108000.0,1487806000.0,1487806000.0,0.0,196834000.0,,8.333,10602891000.0,,,10602891000.0,0.0,43122000.0,37305832000.0,0.016,0.45,293423000.0,336545000.0,0.499,336545000.0,293423000.0,293423000.0,1.73,1.69,1.73,5837723000.0,,5837723000.0,21737333626.0,19.0,16.567,-306641000.0,-2.691,1.0,673864000.0,1.0,3039412000.0,0.0,60557619000.0,,0.0,47788536000.0,,,48644223000.0,,,11953800626.0,106955000.0,0.0,-63778000.0,-571084000.0,-51258000.0,373085000.0,37403000.0,19525000.0,-303533000.0,0.0,196834000.0,196834000.0,196834000.0,0.0,0.0,0.292,366386000.0,307478000.0,0.0,0.26,2.048,15.631,15.861,345458000.0,0.0,105.16,4.519,4.53,0.0,3559925000.0,673864000.0,673864000.0,0.0,,,,,0.0,366386000.0,1.0,113672505.0,113949000.0,116422000.0,5.914,51442534000.0,0.0,96589000.0,0.0,451.452,
65,MTB,MRQ,2005-03-31,2005-03-31,2005-03-31,2021-09-07,-61490000.0,53887218000.0,,,,,49.433,-3349000.0,1380449000.0,1380449000.0,0.0,189290000.0,,8.498,11163982000.0,,,11163982000.0,0.0,45955000.0,36293407000.0,0.016,0.4,284976000.0,330931000.0,0.507,330931000.0,284976000.0,284976000.0,1.65,1.62,1.65,5673605000.0,,5673605000.0,21422775896.0,19.0,16.424,310962000.0,2.709,1.0,652313000.0,1.0,3053467000.0,0.0,60617284000.0,,0.0,47272877000.0,,,48213613000.0,,,11744598896.0,7306000.0,0.0,-188772000.0,128142000.0,-45743000.0,781110000.0,-1088115000.0,-1003538000.0,314311000.0,0.0,189290000.0,189290000.0,189290000.0,0.0,0.0,0.29,351216000.0,301097000.0,0.0,0.242,2.07,15.611,15.799,356623000.0,0.0,102.06,4.504,4.492,0.0,3414395000.0,652313000.0,652313000.0,0.0,,,,,0.0,351216000.0,1.0,115075435.0,114773000.0,117184000.0,5.684,50833751000.0,0.0,95686000.0,0.0,442.907,
66,MTB,MRQ,2004-12-31,2004-12-31,2004-12-31,2021-09-07,-17209000.0,52938721000.0,,,,,49.334,-12014000.0,1374046000.0,1374046000.0,0.0,192205000.0,,8.239,11052223000.0,,,11052223000.0,0.0,46387000.0,35429473000.0,0.015,0.4,289829000.0,336216000.0,0.516,336216000.0,289829000.0,289829000.0,1.66,1.61,1.66,5729614000.0,,5729614000.0,22121845817.0,21.0,17.521,154451000.0,1.33,1.0,651751000.0,1.0,3069588000.0,0.0,59547310000.0,,0.0,46406178000.0,,,47209107000.0,,,12524504817.0,-396265000.0,0.0,-151619000.0,-307043000.0,-46293000.0,-8634000.0,-554096000.0,-444040000.0,166465000.0,0.0,192205000.0,192205000.0,192205000.0,0.0,0.0,0.295,345529000.0,306222000.0,0.0,0.241,2.186,17.334,17.564,367204000.0,0.0,107.84,4.85,4.85,0.0,3270887000.0,651751000.0,651751000.0,0.0,,,,,0.0,345529000.0,1.0,116139696.0,116139696.0,,5.612,49869133000.0,0.0,97624000.0,0.0,429.389,
67,MTB,MRQ,2004-09-30,2004-09-30,2004-09-30,2021-09-07,85000.0,52886900000.0,,,,,48.849,-7930000.0,1768700000.0,1768700000.0,0.0,186441000.0,,8.262,11366041000.0,,,11366041000.0,0.0,48092000.0,34975699000.0,0.016,0.4,260284000.0,308376000.0,0.462,308376000.0,260284000.0,260284000.0,1.59,1.56,1.59,5710300000.0,,5710300000.0,20173479496.0,20.0,16.429,83483000.0,0.714,1.0,667206000.0,1.0,3085895000.0,0.0,59398346000.0,,0.0,45919835000.0,,,47176600000.0,,,11204451496.0,54550000.0,0.0,-135257000.0,663545000.0,-46645000.0,531204000.0,-568067000.0,-608060000.0,91413000.0,0.0,186441000.0,186441000.0,186441000.0,0.0,0.0,0.279,388303000.0,278903000.0,0.0,0.252,1.962,16.07,16.276,371075000.0,0.0,95.7,4.38,4.374,0.0,3125018000.0,667206000.0,667206000.0,0.0,,,,,0.0,388303000.0,1.0,117078908.0,116897000.0,119665000.0,5.708,49801005000.0,0.0,73843000.0,0.0,426.025,
68,MTB,MRQ,2004-06-30,2004-06-30,2004-06-30,2021-09-07,-15723000.0,52094458000.0,,,,,47.847,-7028000.0,1720514000.0,1720514000.0,0.0,184385000.0,,8.209,10689542000.0,,,10689542000.0,0.0,49951000.0,34953511000.0,0.016,0.4,278923000.0,328874000.0,0.517,328874000.0,278923000.0,278923000.0,1.56,1.53,1.56,5656686000.0,,5656686000.0,19120309264.0,19.0,15.89,180368000.0,1.526,1.0,636130000.0,1.0,3104514000.0,0.0,57958972000.0,,0.0,45203401000.0,,,46437772000.0,,,10347968264.0,-212457000.0,0.0,-161207000.0,17124000.0,-47087000.0,1384708000.0,-1784561000.0,-1666257000.0,187396000.0,0.0,184385000.0,184385000.0,184385000.0,0.0,0.0,0.29,337957000.0,298173000.0,0.0,0.256,1.829,15.509,15.589,378437000.0,0.0,87.3,4.108,4.098,0.0,2985266000.0,636130000.0,636130000.0,0.0,,,,,0.0,337957000.0,1.0,118533428.0,118224000.0,120655000.0,5.381,48989944000.0,0.0,94538000.0,0.0,414.382,
69,MTB,MRQ,2004-03-31,2004-03-31,2004-03-31,2021-09-07,57435000.0,50832480000.0,,,,,47.889,-4813000.0,1931225000.0,1931225000.0,0.0,159490000.0,,7.865,10703566000.0,,,10703566000.0,0.0,51644000.0,33340880000.0,0.014,0.4,237487000.0,289131000.0,0.461,289131000.0,237487000.0,237487000.0,1.33,1.3,1.33,5734141000.0,,5734141000.0,18778367040.0,21.0,16.688,274283000.0,2.291,1.0,627454000.0,1.0,3123764000.0,0.0,56481057000.0,,0.0,43768377000.0,,,45098339000.0,,,10713672040.0,18194000.0,0.0,-162178000.0,712709000.0,-47644000.0,790376000.0,-1051278000.0,-1104126000.0,279096000.0,0.0,159490000.0,159490000.0,159490000.0,0.0,0.0,0.254,368819000.0,258635000.0,0.0,0.301,1.868,17.367,17.413,387821000.0,0.0,89.85,4.268,4.285,0.0,2848014000.0,627454000.0,627454000.0,0.0,,,,,0.0,368819000.0,1.0,119239533.0,119738000.0,122316000.0,5.24,47708716000.0,0.0,77997000.0,0.0,398.443,
70,MTB,MRQ,2003-12-31,2003-12-31,2003-12-31,2021-09-07,25653000.0,49826081000.0,,,,,47.631,-8321000.0,1912976000.0,1912976000.0,0.0,166901000.0,,7.715,9977671000.0,,,9977671000.0,0.0,52828000.0,33114944000.0,0.012,0.3,248702000.0,301530000.0,0.481,301530000.0,248702000.0,248702000.0,1.4,1.36,1.4,5717210000.0,,5717210000.0,20606195095.0,24.0,19.769,299815000.0,2.498,1.0,627057000.0,1.0,3144911000.0,0.0,54745865000.0,,0.0,42632360000.0,,,44108871000.0,,,11799140095.0,-381188000.0,0.0,0.0,-1136220000.0,-36020000.0,-429078000.0,-260246000.0,-171498000.0,308136000.0,0.0,166901000.0,166901000.0,166901000.0,0.0,0.0,0.266,357010000.0,270047000.0,0.0,0.214,2.064,20.558,19.35,398971000.0,0.0,98.3,5.133,5.133,0.0,2736215000.0,627057000.0,627057000.0,0.0,,,,,0.0,357010000.0,1.0,120031944.0,120031944.0,,5.224,46681170000.0,0.0,81801000.0,0.0,388.906,
71,MTB,MRQ,2003-09-30,2003-09-30,2003-09-30,2021-09-07,40648000.0,50258839000.0,,,,,46.538,-11068000.0,2295586000.0,2295586000.0,0.0,156463000.0,,8.02,11102641000.0,,,11102641000.0,0.0,51974000.0,32414355000.0,0.014,0.3,231792000.0,283766000.0,0.452,283766000.0,231792000.0,231792000.0,1.31,1.28,1.31,5571892000.0,,5571892000.0,19244331118.0,25.0,20.277,462547000.0,3.863,1.0,628192000.0,1.0,3165629000.0,0.0,55900265000.0,,0.0,42749367000.0,,,44686947000.0,,,10442436118.0,-296437000.0,0.0,0.0,-269308000.0,-35915000.0,-405094000.0,-364958000.0,-364147000.0,473615000.0,0.0,156463000.0,156463000.0,156463000.0,0.0,0.0,0.249,373862000.0,254330000.0,0.0,0.229,1.874,19.868,17.53,407929000.0,0.0,87.3,4.975,4.98,0.0,2605372000.0,628192000.0,628192000.0,0.0,,,,,0.0,373862000.0,1.0,119615534.0,119727000.0,122593000.0,5.247,47093210000.0,0.0,75329000.0,0.0,393.338,
72,MTB,MRQ,2003-06-30,2003-06-30,2003-06-30,2021-09-07,52366000.0,50399128000.0,,,,,45.509,-9198000.0,2588232000.0,2588232000.0,0.0,134040000.0,,8.276,11390127000.0,,,11390127000.0,0.0,54167000.0,32538773000.0,0.014,0.3,196640000.0,250807000.0,0.4,250807000.0,196640000.0,196640000.0,1.12,1.1,1.12,5433437000.0,,5433437000.0,16972506793.0,24.0,19.724,50534000.0,0.423,1.0,627787000.0,1.0,3188017000.0,0.0,56013006000.0,,0.0,42609906000.0,,,44965691000.0,,,10042233793.0,1734515000.0,0.0,0.0,752886000.0,-35787000.0,429252000.0,1245531000.0,1206995000.0,59732000.0,0.0,134040000.0,134040000.0,134040000.0,0.0,0.0,0.214,431147000.0,196640000.0,0.0,0.268,1.848,20.954,17.294,413590000.0,0.0,84.22,5.35,5.357,0.0,2484861000.0,627787000.0,627787000.0,0.0,,,,,0.0,408476000.0,1.0,119238112.0,119393000.0,122366000.0,5.258,47211111000.0,0.0,62600000.0,0.0,395.426,
73,MTB,MRQ,2003-03-31,2003-03-31,2003-03-31,2021-09-07,49356000.0,33443791000.0,,,,,35.852,-3044000.0,851690000.0,851690000.0,0.0,116538000.0,,9.096,7781963000.0,,,7781963000.0,0.0,32693000.0,21924222000.0,0.014,0.3,173536000.0,206229000.0,0.496,206229000.0,173536000.0,173536000.0,1.26,1.23,1.26,3312719000.0,,3312719000.0,13887279079.0,20.0,17.104,371088000.0,4.016,1.0,415814000.0,1.0,1204895000.0,0.0,39169169000.0,,0.0,29975102000.0,,,30131072000.0,,,7252478079.0,-441239000.0,0.0,0.0,-144562000.0,-27701000.0,83483000.0,-898854000.0,-874639000.0,374132000.0,0.0,116538000.0,116538000.0,116538000.0,0.0,0.0,0.28,230680000.0,185134000.0,0.0,0.238,2.189,15.776,15.779,231834000.0,0.0,78.58,4.39,4.395,0.0,2386646000.0,415814000.0,415814000.0,0.0,,,,,0.0,230680000.0,1.0,92294198.0,92399000.0,95062000.0,4.5,32238896000.0,0.0,56998000.0,0.0,348.91,
74,MTB,MRQ,2002-12-31,2002-12-31,2002-12-31,2021-09-07,54772000.0,33201181000.0,,,,,34.912,-5059000.0,1291987000.0,1291987000.0,0.0,118551000.0,,9.348,7926788000.0,,,7926788000.0,0.0,32326000.0,21664923000.0,0.013,0.3,175947000.0,208273000.0,0.488,208273000.0,175947000.0,175947000.0,1.29,1.25,1.29,3208479000.0,,3208479000.0,13975270122.0,21.0,17.346,97965000.0,1.066,1.0,427036000.0,1.0,1216343000.0,0.0,38619639000.0,,0.0,29298090000.0,,,29992702000.0,,,7292377122.0,-151579000.0,0.0,0.0,-198389000.0,-27590000.0,-1078868000.0,824265000.0,848556000.0,103024000.0,0.0,118551000.0,118551000.0,118551000.0,0.0,0.0,0.278,199605000.0,227431000.0,0.0,0.233,2.273,15.966,16.063,238986000.0,0.0,79.35,4.453,4.453,0.0,2297848000.0,427036000.0,427036000.0,0.0,,,,,0.0,239301000.0,1.0,91901413.0,91901413.0,,4.647,31984838000.0,0.0,57396000.0,0.0,348.034,
75,MTB,MRQ,2002-09-30,2002-09-30,2002-09-30,2021-09-07,41778000.0,34148490000.0,,,,,33.239,-6037000.0,1442207000.0,1442207000.0,0.0,110117000.0,,10.165,8125100000.0,,,8125100000.0,0.0,32605000.0,22540171000.0,0.013,0.25,162566000.0,195171000.0,0.48,195171000.0,162566000.0,162566000.0,1.2,1.16,1.2,3058552000.0,,3058552000.0,12779742346.0,21.0,16.638,-149837000.0,-1.628,1.0,406537000.0,1.0,1228130000.0,0.0,39603253000.0,,0.0,30103574000.0,,,31089938000.0,,,7237654346.0,527291000.0,0.0,-31579000.0,1665862000.0,-22932000.0,2309062000.0,-1637971000.0,-1598879000.0,-143800000.0,0.0,110117000.0,110117000.0,110117000.0,0.0,0.0,0.271,243971000.0,162566000.0,0.0,0.208,2.366,17.442,17.631,243859000.0,0.0,78.81,4.495,4.504,0.0,2307609000.0,406537000.0,406537000.0,0.0,,,,,0.0,230960000.0,1.0,91836751.0,92017000.0,94942000.0,4.418,32920360000.0,0.0,52449000.0,0.0,357.764,
76,MTB,MRQ,2002-06-30,2002-06-30,2002-06-30,2021-09-07,35354000.0,31685531000.0,,,,,32.145,-3229000.0,914104000.0,914104000.0,0.0,114507000.0,,9.644,6456192000.0,,,6456192000.0,0.0,32866000.0,21857572000.0,0.012,0.25,169388000.0,202254000.0,0.502,202254000.0,169388000.0,169388000.0,1.23,1.19,1.23,2976885000.0,,2976885000.0,13186610031.0,22.0,17.061,254147000.0,2.744,1.0,402655000.0,1.0,1241142000.0,0.0,35986477000.0,,0.0,28170254000.0,,,28708646000.0,,,7955531031.0,-107475000.0,0.0,-109418000.0,201289000.0,-23105000.0,318346000.0,-683197000.0,-721150000.0,257376000.0,0.0,114507000.0,114507000.0,114507000.0,0.0,0.0,0.284,233267000.0,169388000.0,0.0,0.203,2.672,19.756,19.991,247401000.0,0.0,85.76,5.004,4.995,0.0,2213358000.0,402655000.0,402655000.0,0.0,,,,,0.0,220125000.0,1.0,92765054.0,92608000.0,95917000.0,4.348,30444389000.0,0.0,54881000.0,0.0,328.745,
77,MTB,MRQ,2002-03-31,2002-03-31,2002-03-31,2021-09-07,12578000.0,31295975000.0,,,,,31.602,-2510000.0,1020949000.0,1020949000.0,0.0,113577000.0,,9.618,6252028000.0,,,6252028000.0,0.0,31990000.0,21624095000.0,0.012,0.25,168004000.0,199994000.0,0.498,199994000.0,168004000.0,168004000.0,1.22,1.18,1.22,2947358000.0,,2947358000.0,12963064163.0,22.0,16.887,406690000.0,4.361,1.0,401288000.0,1.0,1254283000.0,0.0,35272771000.0,,0.0,27597460000.0,,,28348617000.0,,,7466556163.0,9144000.0,0.0,-99317000.0,-254656000.0,-23231000.0,-313745000.0,-86311000.0,-913000.0,409200000.0,0.0,113577000.0,113577000.0,113577000.0,0.0,0.0,0.283,233284000.0,168004000.0,0.0,0.205,2.533,19.495,19.894,254147000.0,0.0,80.37,4.761,4.78,0.0,2115001000.0,401288000.0,401288000.0,0.0,,,,,0.0,219741000.0,1.0,92902279.0,93265000.0,96300000.0,4.303,30041692000.0,0.0,54427000.0,0.0,322.111,
78,MTB,MRQ,2001-12-31,2001-12-31,2001-12-31,2021-09-07,22819000.0,31450196000.0,,,,,31.112,-7393000.0,1011091000.0,1011091000.0,0.0,76747000.0,,9.699,6507599000.0,,,6507599000.0,0.0,47678000.0,21580400000.0,0.014,0.25,122992000.0,170670000.0,0.427,170670000.0,122992000.0,122992000.0,0.82,0.81,0.82,2939451000.0,,2939451000.0,13294043677.0,24.0,17.83,-28603000.0,-0.303,1.0,399560000.0,1.0,1267826000.0,0.0,35678878000.0,,0.0,27825818000.0,,,28510745000.0,,,6882902677.0,219121000.0,0.0,-80903000.0,-694827000.0,-23473000.0,267001000.0,-26670000.0,14085000.0,-21210000.0,0.0,76747000.0,76747000.0,76747000.0,0.0,0.0,0.192,276568000.0,122992000.0,0.0,0.305,2.342,19.493,19.743,261877000.0,0.0,72.85,4.492,4.492,0.0,2017700000.0,399560000.0,399560000.0,0.0,,,,,0.0,246902000.0,1.0,94480476.0,94480476.0,,4.229,30182370000.0,0.0,46245000.0,0.0,319.456,
79,MTB,MRQ,2001-09-30,2001-09-30,2001-09-30,2021-09-07,42750000.0,31139058000.0,,,,,30.75,-6246000.0,791951000.0,791951000.0,0.0,97867000.0,,9.536,7203092000.0,,,7203092000.0,0.0,49703000.0,20521937000.0,0.014,0.25,150268000.0,199971000.0,0.517,199971000.0,150268000.0,150268000.0,1.02,0.98,1.02,2955582000.0,,2955582000.0,14083289914.0,26.0,19.258,206475000.0,2.148,1.0,386462000.0,1.0,1316941000.0,0.0,36233258000.0,,0.0,27728875000.0,,,28183476000.0,,,7132205914.0,44164000.0,0.0,-160542000.0,-499163000.0,-23967000.0,-195224000.0,26667000.0,46729000.0,212721000.0,0.0,97867000.0,97867000.0,97867000.0,0.0,0.0,0.253,236194000.0,150268000.0,0.0,0.245,2.413,20.477,20.33,264257000.0,0.0,74.0,4.821,4.807,0.0,1939472000.0,386462000.0,386462000.0,0.0,,,,,0.0,205184000.0,1.0,96381161.0,96115000.0,99597000.0,4.021,29822117000.0,0.0,52401000.0,0.0,310.275,
80,MTB,MRQ,2001-06-30,2001-06-30,2001-06-30,2021-09-07,10417000.0,31202146000.0,,,,,30.751,-6608000.0,747313000.0,747313000.0,0.0,94808000.0,,9.447,7698397000.0,,,7698397000.0,0.0,49049000.0,20041441000.0,0.012,0.25,147972000.0,197021000.0,0.517,197021000.0,147972000.0,147972000.0,0.98,0.94,0.98,2986708000.0,,2986708000.0,13059466570.0,26.0,19.362,-96105000.0,-0.989,1.0,380984000.0,1.0,1347951000.0,0.0,36805279000.0,,0.0,27779862000.0,,,28215438000.0,,,7325775570.0,46241000.0,0.0,-82299000.0,1263403000.0,-24263000.0,236093000.0,-100355000.0,-108131000.0,-89497000.0,0.0,94808000.0,94808000.0,94808000.0,0.0,0.0,0.249,233012000.0,147972000.0,0.0,0.255,2.453,22.551,21.031,268584000.0,0.0,75.5,5.376,5.381,0.0,1865605000.0,380984000.0,380984000.0,0.0,,,,,0.0,201863000.0,1.0,97030140.0,97125000.0,100722000.0,3.923,29854195000.0,0.0,53164000.0,0.0,307.379,
81,MTB,MRQ,2001-03-31,2001-03-31,2001-03-31,2021-09-07,21088000.0,30924543000.0,,,,,31.354,-3491000.0,700735000.0,700735000.0,0.0,83666000.0,,9.336,6434426000.0,,,6434426000.0,0.0,47514000.0,20977683000.0,0.011,0.25,130407000.0,177921000.0,0.487,177921000.0,130407000.0,130407000.0,0.88,0.85,0.88,2992058000.0,,2992058000.0,11474491117.0,24.0,18.667,48797000.0,0.511,1.0,365208000.0,1.0,1379461000.0,0.0,35278773000.0,,0.0,27517058000.0,,,27932485000.0,,,6757773117.0,-70296000.0,0.0,0.0,885137000.0,-24169000.0,222147000.0,-344731000.0,-274076000.0,52288000.0,0.0,83666000.0,83666000.0,83666000.0,0.0,0.0,0.229,234801000.0,130407000.0,0.0,0.284,2.259,22.407,19.746,272794000.0,0.0,69.9,5.415,5.345,0.0,1795093000.0,365208000.0,365208000.0,0.0,,,,,0.0,204990000.0,1.0,96677727.0,95427000.0,98605000.0,3.827,29545082000.0,0.0,46741000.0,0.0,309.609,
82,MTB,MRQ,2000-12-31,2000-12-31,2000-12-31,2021-09-07,-432000.0,28949456000.0,,,,,29.069,-7494000.0,770622000.0,770622000.0,0.0,71967000.0,,9.72,5487340000.0,,,5487340000.0,0.0,43742000.0,20232673000.0,0.009,0.25,112639000.0,156381000.0,0.451,156381000.0,112639000.0,112639000.0,0.76,0.73,0.76,2700485000.0,,2700485000.0,10819259628.0,24.0,18.963,69390000.0,0.747,1.0,346826000.0,1.0,1199407000.0,0.0,32466767000.0,,0.0,25715395000.0,,,26248971000.0,,,6317160628.0,204182000.0,0.0,0.0,-599707000.0,-23241000.0,-228206000.0,355504000.0,384078000.0,76884000.0,0.0,71967000.0,71967000.0,71967000.0,0.0,0.0,0.208,164611000.0,182215000.0,0.0,0.329,2.339,22.076,19.155,257975000.0,0.0,68.0,5.537,5.537,0.0,1735643000.0,346826000.0,346826000.0,0.0,,,,,0.0,206931000.0,1.0,92899421.0,92899421.0,,3.733,27750049000.0,0.0,40672000.0,0.0,298.711,
83,MTB,MRQ,2000-09-30,2000-09-30,2000-09-30,2021-09-07,-32376000.0,22008914000.0,,,,,25.272,-7799000.0,565204000.0,565204000.0,0.0,74416000.0,,10.347,5067303000.0,,,5067303000.0,0.0,27362000.0,14682436000.0,0.01,0.125,115813000.0,143175000.0,0.531,143175000.0,115813000.0,115813000.0,0.97,0.94,0.97,1939569000.0,,1939569000.0,7672795580.0,18.0,14.077,107460000.0,1.4,1.0,269772000.0,1.0,610838000.0,0.0,25900175000.0,,0.0,19841564000.0,,,20069345000.0,,,3903926580.0,-45896000.0,0.0,0.0,687613000.0,-9595000.0,149597000.0,-310752000.0,-300642000.0,115259000.0,0.0,74416000.0,74416000.0,74416000.0,0.0,0.0,0.276,153959000.0,115813000.0,0.0,0.129,2.013,13.927,14.011,161679000.0,0.0,51.0,3.728,3.737,0.0,1686940000.0,269772000.0,269772000.0,0.0,,,,,0.0,140149000.0,1.0,76547580.0,76748000.0,79417000.0,3.515,21398076000.0,0.0,41397000.0,0.0,278.81,
84,MTB,MRQ,2000-06-30,2000-06-30,2000-06-30,2021-09-07,-47725000.0,21746100000.0,,,,,24.168,-1473000.0,610866000.0,610866000.0,0.0,71538000.0,,10.742,4379735000.0,,,4379735000.0,0.0,26799000.0,15223488000.0,0.011,0.125,110426000.0,137225000.0,0.516,137225000.0,110426000.0,110426000.0,0.93,0.91,0.93,1852017000.0,,1852017000.0,7231053250.0,17.0,13.553,-17282000.0,-0.226,1.0,266136000.0,1.0,624648000.0,0.0,24890321000.0,,0.0,19529345000.0,,,19894083000.0,,,3457559250.0,-458916000.0,0.0,-22583000.0,-463214000.0,-9555000.0,-424704000.0,-18403000.0,-3829000.0,-15809000.0,0.0,71538000.0,71538000.0,71538000.0,0.0,0.0,0.269,155710000.0,110426000.0,0.0,0.134,1.867,12.644,12.748,161367000.0,0.0,45.0,3.358,3.349,0.0,1622130000.0,266136000.0,266136000.0,0.0,,,,,0.0,141607000.0,1.0,76834650.0,76631000.0,78876000.0,3.473,21121452000.0,0.0,38888000.0,0.0,275.625,
85,MTB,MRQ,2000-03-31,2000-03-31,2000-03-31,2021-09-07,-23928000.0,22761554000.0,,,,,23.761,-2018000.0,1069509000.0,1069509000.0,0.0,68235000.0,,11.423,4843003000.0,,,4843003000.0,0.0,26229000.0,15151438000.0,0.011,0.125,107528000.0,133757000.0,0.518,133757000.0,107528000.0,107528000.0,0.89,0.86,0.89,1832256000.0,,1832256000.0,7167768638.0,17.0,13.779,168290000.0,2.182,1.0,258125000.0,1.0,638245000.0,0.0,25896803000.0,,0.0,20109434000.0,,,20929298000.0,,,3432323638.0,-168160000.0,0.0,-32364000.0,513766000.0,-9596000.0,247932000.0,-586400000.0,-541762000.0,170308000.0,0.0,68235000.0,68235000.0,68235000.0,0.0,0.0,0.264,150597000.0,107528000.0,0.0,0.14,1.873,12.857,12.999,169194000.0,0.0,44.65,3.399,3.409,0.0,1560158000.0,258125000.0,258125000.0,0.0,,,,,0.0,136190000.0,1.0,76871750.0,77112000.0,79222000.0,3.347,22123309000.0,0.0,39293000.0,0.0,286.898,
86,MTB,MRQ,1999-12-31,1999-12-31,1999-12-31,2021-09-07,-26047000.0,22409115000.0,,,,,23.056,-11742000.0,1237402000.0,1237402000.0,0.0,66118000.0,,11.47,4329292000.0,,,4329292000.0,0.0,26650000.0,15373620000.0,0.011,0.125,104250000.0,130900000.0,0.517,130900000.0,104250000.0,104250000.0,0.85,0.82,0.85,1797046000.0,,1797046000.0,5798112448.0,14.0,11.252,35054000.0,0.45,1.0,253297000.0,1.0,648040000.0,0.0,24852965000.0,,0.0,19632242000.0,,,20612069000.0,,,3228773448.0,201468000.0,0.0,-73540000.0,724503000.0,-9691000.0,600228000.0,-445556000.0,-420224000.0,46796000.0,0.0,66118000.0,66118000.0,66118000.0,0.0,0.0,0.261,99332000.0,153965000.0,0.0,0.147,1.797,12.155,12.148,173815000.0,0.0,41.425,3.238,3.238,0.0,1501530000.0,253297000.0,253297000.0,0.0,,,,,0.0,133900000.0,1.0,77942630.0,77942630.0,,3.25,21761075000.0,0.0,38132000.0,0.0,279.193,
87,MTB,MRQ,1999-09-30,1999-09-30,1999-09-30,2021-09-07,-22078000.0,21759301000.0,,,,,23.059,-4317000.0,1035589000.0,1035589000.0,0.0,67564000.0,,10.974,3604928000.0,,,3604928000.0,0.0,24476000.0,15416516000.0,0.009,0.125,107197000.0,131673000.0,0.522,131673000.0,107197000.0,107197000.0,0.86,0.83,0.86,1817168000.0,,1817168000.0,6409331900.0,16.0,12.803,156726000.0,1.989,1.0,252095000.0,1.0,662580000.0,0.0,23666060000.0,,0.0,19177116000.0,,,19942133000.0,,,3611457900.0,72985000.0,0.0,-5455000.0,-143316000.0,-9842000.0,-285553000.0,197495000.0,-344197000.0,161043000.0,0.0,67564000.0,67564000.0,67564000.0,0.0,0.0,0.268,144898000.0,107197000.0,0.0,0.145,1.987,14.033,13.884,169709000.0,0.0,45.9,3.698,3.704,0.0,1445114000.0,252095000.0,252095000.0,0.0,,,,,0.0,132360000.0,1.0,78681000.0,78804000.0,81473000.0,3.199,21096721000.0,0.0,39633000.0,0.0,267.711,
88,MTB,MRQ,1999-06-30,1999-06-30,1999-06-30,2021-09-07,-13595000.0,21205452000.0,,,,,22.745,-3491000.0,965133000.0,965133000.0,0.0,65038000.0,,10.964,3763007000.0,,,3763007000.0,0.0,23047000.0,14908952000.0,0.007,0.1,100810000.0,123857000.0,0.503,123857000.0,100810000.0,100810000.0,0.835,0.8,0.835,1772507000.0,,1772507000.0,6887939050.0,18.0,14.289,215218000.0,2.762,1.0,246357000.0,1.0,620876000.0,0.0,23382450000.0,,0.0,18729917000.0,,,19432945000.0,,,4258612050.0,155598000.0,0.0,0.0,292563000.0,-7870000.0,210998000.0,-274109000.0,-268392000.0,218709000.0,0.0,65038000.0,65038000.0,65038000.0,0.0,0.0,0.264,145547000.0,100810000.0,0.0,0.12,2.403,17.293,17.433,164891000.0,0.0,55.0,4.468,4.497,0.0,1387403000.0,246357000.0,246357000.0,0.0,,,,,0.0,134369000.0,1.0,77429310.0,77930000.0,81320000.0,3.161,20584576000.0,0.0,35772000.0,0.0,264.142,
89,MTB,MRQ,1999-03-31,1999-03-31,1999-03-31,2021-09-07,620000.0,20284845000.0,,,,,21.566,-3383000.0,806894000.0,806894000.0,0.0,66906000.0,,11.167,3436221000.0,,,3436221000.0,0.0,22803000.0,14475945000.0,0.008,0.1,106057000.0,128860000.0,0.525,128860000.0,106057000.0,106057000.0,0.865,0.834,0.865,1667246000.0,,1667246000.0,7003468826.0,19.0,15.347,176690000.0,2.285,1.0,245523000.0,1.0,534482000.0,0.0,22379690000.0,,0.0,18067396000.0,,,18617599000.0,,,3700415826.0,83401000.0,0.0,-789000.0,-360982000.0,-7725000.0,-625622000.0,528950000.0,538619000.0,180073000.0,0.0,66906000.0,66906000.0,66906000.0,0.0,0.0,0.273,139466000.0,106057000.0,0.0,0.116,2.219,16.379,16.661,159222000.0,0.0,47.9,3.949,3.952,0.0,1330244000.0,245523000.0,245523000.0,0.0,,,,,0.0,128614000.0,1.0,77252940.0,77310000.0,80230000.0,3.176,19750363000.0,0.0,39151000.0,0.0,255.47,
90,MTB,MRQ,1998-12-31,1998-12-31,1998-12-31,2021-09-07,2869000.0,20583891000.0,,,,,20.609,-16785000.0,494466000.0,494466000.0,0.0,57843000.0,,11.846,3797519000.0,,,3797519000.0,0.0,22321000.0,14737152000.0,0.007,0.1,93907000.0,116228000.0,0.5,116228000.0,93907000.0,93907000.0,0.746,0.719,0.746,1602366000.0,,1602366000.0,6525951330.0,20.0,16.108,-15837000.0,-0.204,1.0,232663000.0,1.0,546036000.0,0.0,23340908000.0,,0.0,18672935000.0,,,18981525000.0,,,4034822330.0,180241000.0,189818000.0,-96251000.0,772167000.0,-7698000.0,1016452000.0,-910847000.0,-780477000.0,948000.0,0.0,57843000.0,57843000.0,57843000.0,0.0,0.0,0.249,104269000.0,128394000.0,0.0,0.134,2.518,19.401,19.009,162842000.0,0.0,51.894,4.525,4.525,0.0,1271071000.0,232663000.0,232663000.0,0.0,,,,,0.0,127848000.0,1.0,77751230.0,77751230.0,,2.992,20037855000.0,0.0,36064000.0,0.0,257.718,
91,MTB,MRQ,1998-09-30,1998-09-30,1998-09-30,2021-09-07,6782000.0,19478400000.0,,,,,20.703,0.0,543526000.0,543526000.0,0.0,56477000.0,,10.811,3034655000.0,,,3034655000.0,0.0,22943000.0,14394401000.0,0.008,0.1,90170000.0,113113000.0,0.495,113113000.0,90170000.0,90170000.0,0.709,0.681,0.709,1649177000.0,,1649177000.0,6099401595.0,20.0,16.372,10500000.0,0.132,1.0,228660000.0,1.0,556137000.0,0.0,21413392000.0,,0.0,17496539000.0,,,17829223000.0,,,3681036595.0,-305066000.0,0.0,-60817000.0,-228655000.0,-7934000.0,-716193000.0,11663000.0,0.0,10500000.0,0.0,56477000.0,56477000.0,56477000.0,0.0,0.0,0.247,138490000.0,90170000.0,0.0,0.141,2.232,18.74,17.08,170920000.0,0.0,46.1,4.37,4.36,0.0,1220942000.0,228660000.0,228660000.0,0.0,,,,,0.0,127611000.0,1.0,79848950.0,79660000.0,82880000.0,2.87,18922263000.0,0.0,33693000.0,0.0,237.538,
92,MTB,MRQ,1998-06-30,1998-06-30,1998-06-30,2021-09-07,6642000.0,20138045000.0,,,,,20.606,0.0,848353000.0,848353000.0,0.0,44699000.0,,11.139,3266718000.0,,,3266718000.0,0.0,22847000.0,14812959000.0,0.006,0.1,75286000.0,98133000.0,0.426,98133000.0,75286000.0,75286000.0,0.555,0.532,0.555,1659008000.0,,1659008000.0,5965647346.0,21.0,17.372,13200000.0,0.164,1.0,230290000.0,1.0,566878000.0,0.0,21989532000.0,,0.0,17807997000.0,,,18479037000.0,,,4454630346.0,207907000.0,0.0,-58126000.0,303113000.0,-8013000.0,200472000.0,0.0,0.0,13200000.0,0.0,44699000.0,44699000.0,44699000.0,0.0,0.0,0.194,155004000.0,75286000.0,0.0,0.18,2.685,23.97,20.625,173678000.0,0.0,55.4,5.626,5.633,0.0,1172399000.0,230290000.0,230290000.0,0.0,,,,,0.0,144129000.0,1.0,80408490.0,80510000.0,84090000.0,2.86,19571167000.0,0.0,30587000.0,0.0,243.09,
93,MTB,MRQ,1998-03-31,1998-03-31,1998-03-31,2021-09-07,4827000.0,14570290000.0,,,,,16.034,0.0,640739000.0,640739000.0,0.0,48955000.0,,12.632,2151756000.0,,,2151756000.0,0.0,11458000.0,11084835000.0,0.006,0.08,66200000.0,77658000.0,0.388,77658000.0,66200000.0,66200000.0,0.734,0.701,0.734,1068849000.0,,1068849000.0,4469898052.0,16.0,13.754,12000000.0,0.18,1.0,200073000.0,1.0,0.0,0.0,16081307000.0,,0.0,13332003000.0,,,13501441000.0,,,3332315052.0,252884000.0,0.0,-16585000.0,674023000.0,-5332000.0,584881000.0,0.0,0.0,12000000.0,0.0,48955000.0,48955000.0,48955000.0,0.0,0.0,0.245,133873000.0,66200000.0,0.0,0.109,3.118,18.117,18.001,119834000.0,0.0,49.988,4.548,4.548,0.0,1135722000.0,200073000.0,200073000.0,0.0,,,,,0.0,132048000.0,1.0,66662300.0,66660000.0,69810000.0,3.001,14570290000.0,0.0,17245000.0,0.0,218.576,
94,MTB,MRQ,1997-12-31,1997-12-31,1997-12-31,2021-09-07,12016000.0,14002935000.0,,,,,15.615,0.0,334473000.0,334473000.0,0.0,46300000.0,,12.592,1478737000.0,,,1478737000.0,0.0,11109000.0,11163158000.0,0.007,0.08,72546000.0,83655000.0,0.456,83655000.0,72546000.0,72546000.0,0.701,0.666,0.701,1030266000.0,,1030266000.0,3922204435.0,14.0,12.085,12000000.0,0.182,1.0,183262000.0,1.0,17288000.0,0.0,15129911000.0,,0.0,13057508000.0,,,12972669000.0,,,3068004435.0,5556000.0,0.0,0.0,301204000.0,-5287000.0,250849000.0,0.0,0.0,12000000.0,0.0,46300000.0,46300000.0,46300000.0,0.0,0.0,0.253,110716000.0,72546000.0,0.0,0.114,2.978,17.408,17.481,121984000.0,0.0,46.5,4.358,4.358,0.0,1092106000.0,183262000.0,183262000.0,0.0,,,,,0.0,108892000.0,1.0,65978590.0,65978590.0,,2.778,13985647000.0,0.0,26246000.0,0.0,211.973,
95,MTB,MRQ,1997-09-30,1997-09-30,1997-09-30,2021-09-07,11244000.0,13675133000.0,,,,,14.89,0.0,382132000.0,382132000.0,0.0,45891000.0,,12.932,1236332000.0,,,1236332000.0,0.0,10553000.0,11204964000.0,0.007,0.08,73409000.0,83962000.0,0.471,83962000.0,73409000.0,73409000.0,0.696,0.662,0.696,981558000.0,,981558000.0,3323088385.0,12.0,10.389,12000000.0,0.182,1.0,178115000.0,1.0,0.0,0.0,14529333000.0,,0.0,12794890000.0,,,12693575000.0,,,2731413385.0,-64067000.0,0.0,-19069000.0,407254000.0,-5268000.0,153691000.0,16279000.0,0.0,12000000.0,0.0,45891000.0,45891000.0,45891000.0,0.0,0.0,0.258,104706000.0,73409000.0,0.0,0.115,2.783,16.033,15.649,121497000.0,0.0,41.5,3.939,3.945,0.0,1051093000.0,178115000.0,178115000.0,0.0,,,,,0.0,102881000.0,1.0,65817190.0,65920000.0,69270000.0,2.702,13675133000.0,0.0,27518000.0,0.0,207.45,
96,MTB,MRQ,1997-06-30,1997-06-30,1997-06-30,2021-09-07,0.0,13440995000.0,,,,,14.351,0.0,495210000.0,495210000.0,0.0,42791000.0,,13.133,1086885000.0,,,1086885000.0,0.0,10604000.0,11403073000.0,0.007,0.08,69120000.0,79724000.0,0.466,79724000.0,69120000.0,69120000.0,0.646,0.617,0.646,951037000.0,,951037000.0,2406943084.0,9.0,7.946,11000000.0,0.166,1.0,171190000.0,1.0,0.0,0.0,14032670000.0,,0.0,12489058000.0,,,12489958000.0,,,2229906084.0,47736000.0,0.0,-19173000.0,-512740000.0,-5299000.0,209070000.0,80513000.0,0.0,11000000.0,0.0,42791000.0,42791000.0,42791000.0,0.0,0.0,0.25,102070000.0,69120000.0,0.0,0.124,2.345,13.907,13.694,124974000.0,0.0,33.7,3.27,3.275,0.0,1010470000.0,171190000.0,171190000.0,0.0,,,,,0.0,100211000.0,1.0,66169320.0,66270000.0,69280000.0,2.583,13440995000.0,0.0,26329000.0,0.0,202.822,
97,MTB,MRQ,1997-03-31,1997-03-31,1997-03-31,2021-09-07,-8486000.0,13122232000.0,,,,,13.645,0.0,424454000.0,424454000.0,0.0,41259000.0,,13.386,601491000.0,,,601491000.0,0.0,10136000.0,10533365000.0,0.007,0.08,67084000.0,77220000.0,0.451,77220000.0,67084000.0,67084000.0,0.617,0.581,0.617,912183000.0,,912183000.0,2971910040.0,12.0,10.069,11000000.0,0.165,1.0,171368000.0,1.0,0.0,0.0,13299269000.0,,0.0,12278545000.0,,,12210049000.0,,,2141031040.0,-52318000.0,0.0,-29529000.0,-23838000.0,-5353000.0,-17566000.0,120429000.0,0.0,11000000.0,0.0,41259000.0,41259000.0,41259000.0,0.0,0.0,0.241,104284000.0,67084000.0,0.0,0.13,2.347,13.706,13.611,126646000.0,0.0,32.0,3.181,3.178,0.0,972978000.0,171368000.0,171368000.0,0.0,,,,,0.0,104284000.0,1.0,66907220.0,66850000.0,71000000.0,2.563,13122232000.0,0.0,25825000.0,0.0,196.294,
98,MTB,MRQ,1996-12-31,1996-12-31,1996-12-31,2021-09-07,-2485000.0,12943915000.0,,,,,13.536,0.0,497310000.0,497310000.0,0.0,40420000.0,,13.292,1328189000.0,,,1328189000.0,0.0,13263000.0,10514489000.0,0.007,0.07,65708000.0,78971000.0,0.457,78971000.0,65708000.0,65708000.0,0.693,0.572,0.693,905659000.0,,905659000.0,,,,11475000.0,0.172,1.0,172790000.0,1.0,0.0,0.0,13774794000.0,,0.0,12060672000.0,,,12038256000.0,,,1926927936.0,27782000.0,0.0,-16695000.0,112932000.0,-4685000.0,49849000.0,123846000.0,0.0,11475000.0,0.0,40420000.0,40420000.0,40420000.0,0.0,0.0,0.234,107082000.0,65708000.0,0.0,0.101,2.128,12.752,12.777,128521000.0,0.0,28.8,2.929,2.929,0.0,937072000.0,172790000.0,172790000.0,0.0,,,,,0.0,100790000.0,1.0,66907220.0,66907220.0,,2.583,12943915000.0,0.0,25288000.0,0.0,193.461,
99,MTB,MRQ,1996-09-30,1996-09-30,1996-09-30,2021-09-07,,,,,,,,0.0,,,0.0,35871000.0,,,,,,,,8044000.0,,0.008,0.0,58961000.0,67005000.0,0.402,67005000.0,58961000.0,58961000.0,0.505,0.505,0.505,,,,,,,10475000.0,0.147,1.0,166619000.0,1.0,,0.0,,,,,,,,,,,22758000.0,0.0,-21216000.0,-118645000.0,-4705000.0,220708000.0,8546000.0,0.0,10475000.0,0.0,35871000.0,35871000.0,35871000.0,0.0,0.0,0.215,107658000.0,58961000.0,,0.0,,,,,0.0,24.9,,,,,166619000.0,166619000.0,0.0,,,,,0.0,99879000.0,1.0,,71040000.0,71060000.0,2.345,,,23090000.0,,,
100,MTB,MRQ,1996-06-30,1996-06-30,1996-06-30,2021-09-07,,,,,,,,3744000.0,,,0.0,38659000.0,,,,,,,,7506000.0,,0.009,0.07,64449000.0,71955000.0,0.443,71955000.0,64449000.0,64449000.0,0.536,0.536,0.536,,,,,,,156000.0,0.002,1.0,162370000.0,1.0,,0.0,,,,,,,,,,,-26331000.0,0.0,-14539000.0,-613176000.0,-4781000.0,-155331000.0,770530000.0,647388000.0,-3588000.0,0.0,38659000.0,38659000.0,38659000.0,0.0,0.0,0.238,97921000.0,64449000.0,,0.131,,,,,0.0,24.1,,,,,162370000.0,162370000.0,0.0,,,,,0.0,97143000.0,1.0,,72120000.0,72160000.0,2.251,,,25790000.0,,,
101,MTB,MRQ,1996-03-31,1996-03-31,1996-03-31,2021-09-07,,,,,,,,-3744000.0,,,0.0,36153000.0,,,,,,,,7445000.0,,0.008,0.07,59851000.0,67296000.0,0.431,67296000.0,59851000.0,59851000.0,0.52,0.496,0.52,,,,,,,21219000.0,0.313,1.0,156168000.0,1.0,,0.0,,,,,,,,,,,61657000.0,0.0,-28360000.0,458708000.0,-4446000.0,663989000.0,-627295000.0,-647388000.0,24963000.0,0.0,36153000.0,36153000.0,36153000.0,0.0,0.0,0.232,96317000.0,59851000.0,,0.135,,,,,0.0,24.6,,,,,156168000.0,156168000.0,0.0,,,,,0.0,95537000.0,1.0,,67780000.0,72950000.0,2.304,,,23698000.0,,,
102,MTB,MRQ,1995-12-31,1995-12-31,1995-12-31,2021-09-07,-3155000.0,11955902000.0,,,,,,,489619000.0,489619000.0,,,,13.128,1465997000.0,,,1465997000.0,0.0,,9469575000.0,0.009,0.07,,,,,,,,,,846253000.0,,846253000.0,,,,,,1.0,,,0.0,,12932280000.0,,0.0,11072509000.0,,,11109649000.0,,,,,,,,,,,,,,,,,,,,,,0.0,,,,11.117,128516000.0,,21.8,,,0.0,805486000.0,,,,,,,,,,1.0,,,,,11955902000.0,0.0,,0.0,,
0,MTB,MRT,2021-06-30,2021-06-30,2021-06-30,2021-09-07,-176974000.0,150622707000.0,145582903750.0,,,0.04,129.946,-123097000.0,35275292000.0,35275292000.0,0.0,1748594000.0,,8.008,3590683000.0,,,3590683000.0,0.0,324824000.0,128268772000.0,0.03,4.4,2229096000.0,2553920000.0,0.443,2553920000.0,2229096000.0,2229096000.0,13.01,13.01,13.01,16720304000.0,16363777000.0,16720304000.0,-10415086562.0,-5.0,-4.078,2066724000.0,16.062,1.0,5762152000.0,1.0,4601802000.0,0.0,114336296000.0,116539046750.0,0.0,102394039000.0,,,133902403000.0,,,18694669438.0,55653000.0,0.0,0.0,-2724653000.0,-567213000.0,9924437000.0,-12058605000.0,-11488053000.0,2189821000.0,0.0,1672109000.0,1672109000.0,1672109000.0,0.0,76485000.0,0.29,3111727000.0,2650425000.0,0.0,0.338,1.118,11.18,11.169,1116703000.0,0.0,145.31,3.244,3.245,0.0,14030215000.0,5762152000.0,5762152000.0,0.0,0.011,0.102,0.019,0.387,0.0,3111727000.0,1.0,128653702.0,128671000.0,,44.782,146020905000.0,0.0,556987000.0,0.0,1134.839,
1,MTB,MRT,2021-03-31,2021-03-31,2021-03-31,2021-09-07,-138478000.0,150481060000.0,142811469250.0,,,0.038,127.952,-151758000.0,32667216000.0,32667216000.0,0.0,1531579000.0,,8.15,3557460000.0,,,3557460000.0,0.0,322433000.0,128476365000.0,0.029,4.4,1937193000.0,2259626000.0,0.418,2259626000.0,1937193000.0,1937193000.0,11.34,11.34,11.34,16446508000.0,16169977250.0,16446508000.0,-1272284287.0,-1.0,-0.563,2026608000.0,15.767,1.0,5410589000.0,1.0,4604539000.0,0.0,116766765000.0,117718243250.0,0.0,104960900000.0,,,134034552000.0,,,19502593713.0,-38203000.0,0.0,0.0,-2765068000.0,-566986000.0,24883296000.0,-27099865000.0,-26415468000.0,2178366000.0,0.0,1456451000.0,1456451000.0,1456451000.0,0.0,75128000.0,0.269,3069033000.0,2341556000.0,0.0,0.388,1.186,13.39,13.369,1148941000.0,0.0,151.61,3.605,3.602,0.0,13731893000.0,5410589000.0,5410589000.0,0.0,0.01,0.09,0.016,0.358,0.0,3069033000.0,1.0,128636592.0,128537000.0,,42.094,145876521000.0,0.0,480742000.0,0.0,1134.899,
2,MTB,MRT,2020-12-31,2020-12-31,2020-12-31,2021-09-07,-63032000.0,142601105000.0,136335662500.0,,,0.038,126.175,-172289000.0,25216553000.0,25216553000.0,0.0,1353152000.0,,7.809,4441675000.0,,,4441675000.0,0.0,320288000.0,119805738000.0,0.035,4.4,1695435000.0,2015723000.0,0.391,2015723000.0,1695435000.0,1695435000.0,9.94,9.94,9.94,16187283000.0,16012298750.0,16187283000.0,149489017.0,0.0,0.074,616898000.0,4.809,1.0,5154761000.0,1.0,4607277000.0,0.0,117218950000.0,117562981000.0,0.0,104913758000.0,,,126413822000.0,,,16331650017.0,116438000.0,0.0,-373750000.0,-2667904000.0,-568112000.0,21347732000.0,-22020481000.0,-21915603000.0,789187000.0,0.0,1279066000.0,1279066000.0,1279066000.0,0.0,74086000.0,0.248,3058088000.0,2096673000.0,0.0,0.443,1.009,12.768,12.807,1161558000.0,0.0,127.3,3.168,3.168,0.0,13444428000.0,5154761000.0,5154761000.0,0.0,0.009,0.08,0.014,0.329,0.0,3058088000.0,1.0,128292616.0,128292616.0,,40.18,137993828000.0,0.0,416369000.0,0.0,1075.618,
3,MTB,MRT,2020-09-30,2020-09-30,2020-09-30,2021-09-07,175503000.0,138626743000.0,130653575500.0,,,0.04,125.51,-183897000.0,21687169000.0,21687169000.0,0.0,1375078000.0,,7.61,5505008000.0,,,5505008000.0,0.0,317327000.0,115163339000.0,0.048,4.4,1726690000.0,2044017000.0,0.396,2044017000.0,1726690000.0,1726690000.0,10.02,10.01,10.02,16101013000.0,15894640250.0,16101013000.0,-4056257840.0,-2.0,-1.984,1071875000.0,8.355,1.0,5165104000.0,1.0,4610406000.0,0.0,117834176000.0,116676418750.0,0.0,105627120000.0,,,122525730000.0,,,11813309160.0,-329829000.0,0.0,-655960000.0,-7073774000.0,-571375000.0,11664717000.0,-13250318000.0,-13166422000.0,1255772000.0,0.0,1300579000.0,1300579000.0,1300579000.0,0.0,74499000.0,0.252,3044674000.0,2120430000.0,0.0,0.439,0.734,9.083,9.191,1146681000.0,0.0,92.09,2.287,2.287,0.0,13132374000.0,5165104000.0,5165104000.0,0.0,0.01,0.082,0.015,0.334,0.0,3044674000.0,1.0,128280043.0,128285000.0,,40.263,134016337000.0,0.0,426111000.0,0.0,1044.677,
4,MTB,MRT,2020-06-30,2020-06-30,2020-06-30,2021-09-07,244630000.0,139536969000.0,127372121250.0,,,0.042,124.304,-189043000.0,22243156000.0,22243156000.0,0.0,1483023000.0,,7.751,6373589000.0,,,6373589000.0,0.0,309763000.0,114967959000.0,0.041,4.3,1874924000.0,2184687000.0,0.407,2184687000.0,1874924000.0,1874924000.0,10.74,10.73,10.74,15945105000.0,15814339750.0,15945105000.0,9522625812.0,5.0,4.359,1819411000.0,14.184,1.0,5364117000.0,1.0,4614320000.0,0.0,119053082000.0,116986952250.0,0.0,105867190000.0,,,123591864000.0,,,13336509812.0,83204000.0,0.0,-955923000.0,-5990429000.0,-562791000.0,15711132000.0,-17636382000.0,-17364687000.0,2008454000.0,0.0,1408590000.0,1408590000.0,1408590000.0,0.0,74433000.0,0.263,3100860000.0,2263257000.0,0.0,0.4,0.836,9.468,9.681,1155281000.0,0.0,103.97,2.486,2.486,0.0,12919345000.0,5364117000.0,5364117000.0,0.0,0.011,0.089,0.016,0.35,0.0,3100860000.0,1.0,128272673.0,128275000.0,,41.817,134922649000.0,0.0,466334000.0,0.0,1051.823,
5,MTB,MRT,2020-03-31,2020-03-31,2020-03-31,2021-09-07,209833000.0,124577833000.0,122876602750.0,,,0.047,121.945,-198886000.0,10194499000.0,10194499000.0,0.0,1715229000.0,,6.877,6380615000.0,,,6380615000.0,0.0,306803000.0,100183308000.0,0.041,4.2,2185428000.0,2492231000.0,0.434,2492231000.0,2185428000.0,2185428000.0,12.34,12.33,12.34,15815794000.0,15751020250.0,15815794000.0,11913150951.0,5.0,4.78,1350921000.0,10.416,1.0,5743283000.0,1.0,4618233000.0,0.0,116145716000.0,117005403750.0,0.0,102938790000.0,,,108762039000.0,,,13491060951.0,30932000.0,0.0,-1357907000.0,-5848863000.0,-555713000.0,1877742000.0,-3396617000.0,-3416810000.0,1549807000.0,0.0,1638124000.0,1638124000.0,1638124000.0,0.0,77105000.0,0.285,3176263000.0,2567020000.0,0.0,0.34,0.853,8.236,8.382,1154558000.0,0.0,103.43,2.349,2.336,0.0,12837390000.0,5743283000.0,5743283000.0,0.0,0.013,0.104,0.019,0.381,0.0,3176263000.0,1.0,130436633.0,129696000.0,,44.283,119959600000.0,0.0,547304000.0,0.0,924.929,
6,MTB,MRT,2019-12-31,2019-12-31,2019-12-31,2021-09-07,-206680000.0,119872757000.0,121738445750.0,,,0.049,119.102,-178049000.0,8626459000.0,8626459000.0,0.0,1929149000.0,,6.627,7048549000.0,,,7048549000.0,0.0,301315000.0,94770069000.0,0.024,4.1,2467621000.0,2768936000.0,0.46,2768936000.0,2467621000.0,2467621000.0,13.76,13.75,13.76,15716649000.0,15693954000.0,15716649000.0,20602059259.0,8.0,7.44,2179506000.0,16.516,1.0,6015943000.0,1.0,4622146000.0,0.0,113672701000.0,117618119500.0,0.0,99839178000.0,,,104156108000.0,,,22400224259.0,-169134000.0,0.0,-1349785000.0,-5889508000.0,-552138000.0,-3253696000.0,727007000.0,1100977000.0,2357555000.0,0.0,1849509000.0,1849509000.0,1849509000.0,0.0,79640000.0,0.307,3177926000.0,2838017000.0,0.0,0.298,1.425,12.111,12.336,1140924000.0,0.0,169.75,3.723,3.723,0.0,12820916000.0,6015943000.0,6015943000.0,0.0,0.015,0.118,0.021,0.41,0.0,3177926000.0,1.0,131960084.0,131960084.0,,45.589,115250611000.0,0.0,618112000.0,0.0,873.375,
7,MTB,MRT,2019-09-30,2019-09-30,2019-09-30,2021-09-07,-80308000.0,125500926000.0,121794607250.0,,,0.05,118.676,-157896000.0,14314585000.0,14314585000.0,0.0,1982302000.0,,6.953,12516420000.0,,,12516420000.0,0.0,267132000.0,95113933000.0,0.025,4.0,2513622000.0,2780754000.0,0.46,2780754000.0,2513622000.0,2513622000.0,13.9,13.9,13.9,15779811000.0,15629839500.0,15779811000.0,23318858282.0,9.0,8.386,1619187000.0,12.178,1.0,6041626000.0,1.0,4626451000.0,0.0,119076310000.0,118847414250.0,0.0,100076595000.0,,,109721115000.0,,,21115325282.0,507450000.0,0.0,-1567409000.0,1899766000.0,-545969000.0,5676815000.0,-6946448000.0,-6902884000.0,1777083000.0,0.0,1901459000.0,1901459000.0,1901459000.0,0.0,80843000.0,0.315,3169459000.0,2872167000.0,0.0,0.288,1.338,11.105,11.365,1074181000.0,0.0,157.97,3.495,3.477,0.0,12490233000.0,6041626000.0,6041626000.0,0.0,0.016,0.122,0.021,0.416,0.0,3169459000.0,1.0,133666679.0,132965000.0,,45.438,120874475000.0,0.0,612163000.0,0.0,909.07,
8,MTB,MRT,2019-06-30,2019-06-30,2019-06-30,2021-09-07,-112958000.0,121554895000.0,119626285000.0,,,0.05,115.864,-143217000.0,10063364000.0,10063364000.0,0.0,2028312000.0,,6.746,12266897000.0,,,12266897000.0,0.0,233783000.0,91681024000.0,0.024,4.0,2572868000.0,2806651000.0,0.468,2806651000.0,2572868000.0,2572868000.0,13.97,13.96,13.97,15691827000.0,15543908000.0,15691827000.0,26443764261.0,10.0,9.422,1905571000.0,14.07,1.0,6001289000.0,1.0,4631540000.0,0.0,119126888000.0,117777616750.0,0.0,100907843000.0,,,105863068000.0,,,23235331261.0,-97483000.0,0.0,-1765946000.0,516277000.0,-556854000.0,507627000.0,-2653898000.0,-2651401000.0,2048788000.0,0.0,1945412000.0,1945412000.0,1945412000.0,0.0,82900000.0,0.324,3067503000.0,2933786000.0,0.0,0.286,1.481,11.944,12.174,1066511000.0,0.0,170.07,3.872,3.838,0.0,12162278000.0,6001289000.0,6001289000.0,0.0,0.016,0.125,0.022,0.429,0.0,3067503000.0,1.0,136622163.0,135433000.0,,44.312,116923355000.0,0.0,627456000.0,0.0,863.33,
9,MTB,MRT,2019-03-31,2019-03-31,2019-03-31,2021-09-07,-288009000.0,120025205000.0,118844074500.0,,,0.05,113.044,-118842000.0,8870157000.0,8870157000.0,0.0,2048212000.0,,6.7,12078590000.0,,,12078590000.0,0.0,205608000.0,90469750000.0,0.024,3.8,2602014000.0,2807622000.0,0.473,2807622000.0,2602014000.0,2602014000.0,13.89,13.88,13.89,15587529000.0,15515422500.0,15587529000.0,24884052172.0,10.0,8.863,1900137000.0,13.78,1.0,5933914000.0,1.0,4637059000.0,0.0,118596579000.0,117335151000.0,0.0,100433708000.0,,,104437676000.0,,,21751396172.0,-25404000.0,0.0,-1839058000.0,1794004000.0,-537659000.0,-1154123000.0,-890260000.0,-866344000.0,2018979000.0,0.0,1965378000.0,1965378000.0,1965378000.0,0.0,82834000.0,0.331,2965471000.0,2968443000.0,0.0,0.274,1.395,11.067,11.305,1044761000.0,0.0,157.02,3.666,3.649,0.0,11842371000.0,5933914000.0,5933914000.0,0.0,0.017,0.127,0.022,0.438,0.0,2965471000.0,1.0,138526278.0,137889000.0,,43.034,115388146000.0,0.0,636636000.0,0.0,836.819,
10,MTB,MRT,2018-12-31,2018-12-31,2018-12-31,2021-09-07,-420081000.0,120097403000.0,118493479250.0,,,0.049,110.149,-97676000.0,9710636000.0,9710636000.0,0.0,1918080000.0,,6.768,12843292000.0,,,12843292000.0,0.0,179005000.0,90156572000.0,0.025,3.55,2426188000.0,2605193000.0,0.449,2605193000.0,2426188000.0,2426188000.0,12.75,12.74,12.75,15460191000.0,15545963750.0,15460191000.0,22704418028.0,9.0,8.715,1992176000.0,14.194,1.0,5796302000.0,1.0,4640179000.0,0.0,118589880000.0,116874465500.0,0.0,100325430000.0,,,104637212000.0,,,20089397028.0,184551000.0,0.0,-2194396000.0,4537387000.0,-510382000.0,-495250000.0,-1410051000.0,-1360279000.0,2089852000.0,0.0,1836028000.0,1836028000.0,1836028000.0,0.0,82052000.0,0.317,2995989000.0,2800313000.0,0.0,0.278,1.299,10.942,11.226,647408000.0,0.0,143.13,3.466,3.466,0.0,11516672000.0,5796302000.0,5796302000.0,0.0,0.015,0.118,0.021,0.419,0.0,2995989000.0,1.0,140357696.0,140357696.0,,41.297,115457224000.0,0.0,590160000.0,0.0,822.593,
11,MTB,MRT,2018-09-30,2018-09-30,2018-09-30,2021-09-07,-542399000.0,116827637000.0,118117500250.0,,,0.048,108.079,-75753000.0,7835357000.0,7835357000.0,0.0,1694264000.0,,6.568,10450378000.0,,,10450378000.0,0.0,182594000.0,89140396000.0,0.02,3.3,2356473000.0,2539067000.0,0.444,2539067000.0,2356473000.0,2356473000.0,11.05,11.03,11.05,15436085000.0,15743620750.0,15436085000.0,27242001433.0,12.0,10.729,2179933000.0,15.263,1.0,5719249000.0,1.0,4645538000.0,0.0,114797120000.0,116163376500.0,0.0,98859916000.0,,,101391552000.0,,,23659348433.0,-56641000.0,0.0,-1918776000.0,1770817000.0,-483616000.0,-5064645000.0,2752318000.0,2885675000.0,2255686000.0,0.0,1613201000.0,1613201000.0,1613201000.0,0.0,81063000.0,0.282,2737135000.0,2982114000.0,0.0,0.299,1.533,14.666,14.89,634424000.0,0.0,164.54,4.137,4.109,0.0,11128343000.0,5719249000.0,5719249000.0,0.0,0.014,0.102,0.02,0.412,0.0,2974262000.0,1.0,143790862.0,142822000.0,,40.045,112182099000.0,0.0,743272000.0,0.0,785.468,
12,MTB,MRT,2018-06-30,2018-06-30,2018-06-30,2021-09-07,-517941000.0,118426053000.0,119011042000.0,,,0.047,107.564,-66220000.0,8039079000.0,8039079000.0,0.0,1524096000.0,,6.602,11621732000.0,,,11621732000.0,0.0,189026000.0,89272588000.0,0.018,3.05,2241264000.0,2430290000.0,0.431,2430290000.0,2241264000.0,2241264000.0,9.73,9.71,9.73,15577885000.0,15964112500.0,15577885000.0,27500921722.0,12.0,11.316,1613670000.0,11.142,1.0,5633480000.0,1.0,4651681000.0,0.0,117357025000.0,116672535250.0,0.0,100209507000.0,,,102848168000.0,,,24711839722.0,23616000.0,0.0,-1645000000.0,2379556000.0,-454315000.0,-4049389000.0,2393115000.0,2495960000.0,1679890000.0,0.0,1443639000.0,1443639000.0,1443639000.0,0.0,80457000.0,0.256,2842851000.0,2790629000.0,0.0,0.313,1.586,17.118,17.487,637809000.0,0.0,170.15,4.387,4.374,0.0,10763638000.0,5633480000.0,5633480000.0,0.0,0.012,0.09,0.019,0.398,0.0,3002440000.0,1.0,145235614.0,144825000.0,,38.899,113774372000.0,0.0,797625000.0,0.0,785.599,
13,MTB,MRT,2018-03-31,2018-03-31,2018-03-31,2021-09-07,-483243000.0,118622824000.0,119628670500.0,,,0.046,105.655,-66989000.0,7428098000.0,7428098000.0,0.0,1411989000.0,,6.551,10217180000.0,,,10217180000.0,0.0,193302000.0,90946630000.0,0.016,3.0,2183188000.0,2376490000.0,0.428,2376490000.0,2183188000.0,2183188000.0,8.83,8.8,8.83,15709694000.0,16140525500.0,15709694000.0,29503352021.0,14.0,12.415,1913309000.0,12.868,1.0,5549295000.0,1.0,4658069000.0,0.0,116753837000.0,117131468750.0,0.0,100898776000.0,,,102913130000.0,,,27686614021.0,5702000.0,0.0,-1394798000.0,2050349000.0,-453154000.0,-5946998000.0,3972402000.0,4072573000.0,1980298000.0,0.0,1331699000.0,1331699000.0,1331699000.0,0.0,80290000.0,0.24,2892569000.0,2656726000.0,0.0,0.34,1.762,20.79,20.879,628706000.0,0.0,184.36,4.989,4.94,0.0,10404458000.0,5549295000.0,5549295000.0,0.0,0.011,0.083,0.019,0.393,0.0,2974117000.0,1.0,150176904.0,148688000.0,,37.322,113964755000.0,0.0,851489000.0,0.0,766.469,
14,MTB,MRT,2017-12-31,2017-12-31,2017-12-31,2021-09-07,-363814000.0,118593487000.0,120778777250.0,,,0.045,107.968,-78966000.0,6499791000.0,6499791000.0,0.0,1408306000.0,,6.298,8316529000.0,,,8316529000.0,0.0,197125000.0,92432146000.0,0.018,3.0,2243059000.0,2440184000.0,0.447,2440184000.0,2243059000.0,2243059000.0,8.72,8.7,8.72,16250819000.0,16266378000.0,16250819000.0,26840299603.0,12.0,10.999,2702969000.0,17.958,1.0,5464187000.0,1.0,4664701000.0,0.0,115745524000.0,117587063000.0,0.0,101769219000.0,,,102342668000.0,,,25736622603.0,100339000.0,0.0,-1205905000.0,-1275833000.0,-457402000.0,-6076521000.0,3394925000.0,3454066000.0,2781935000.0,0.0,1327503000.0,1327503000.0,1327503000.0,0.0,80803000.0,0.243,2822418000.0,2641769000.0,0.0,0.344,1.584,19.387,19.609,646451000.0,0.0,170.99,4.71,4.71,0.0,10164804000.0,5464187000.0,5464187000.0,0.0,0.011,0.082,0.019,0.411,0.0,2822418000.0,1.0,150515367.0,150515367.0,,36.303,113928786000.0,0.0,915556000.0,0.0,756.925,
15,MTB,MRT,2017-09-30,2017-09-30,2017-09-30,2021-09-07,-247915000.0,120401804000.0,121992707000.0,,,0.044,107.819,-104931000.0,7674736000.0,7674736000.0,0.0,1416474000.0,,6.378,8778413000.0,,,8778413000.0,0.0,199624000.0,93513393000.0,0.018,2.95,2121628000.0,2321252000.0,0.436,2321252000.0,2121628000.0,2121628000.0,8.69,8.66,8.69,16318052000.0,16325328750.0,16318052000.0,27442842558.0,13.0,11.822,2072256000.0,13.692,1.0,5318907000.0,1.0,4671726000.0,0.0,116833755000.0,119174314250.0,0.0,102156250000.0,,,104083752000.0,,,24467116558.0,36050000.0,0.0,-1019025000.0,-1589311000.0,-454015000.0,-7597904000.0,5456767000.0,5321841000.0,2177187000.0,0.0,1332810000.0,1332810000.0,1332810000.0,0.0,83664000.0,0.251,2793568000.0,2525339000.0,0.0,0.339,1.499,18.358,18.532,656713000.0,0.0,161.04,4.6,4.582,0.0,9909415000.0,5318907000.0,5318907000.0,0.0,0.011,0.082,0.018,0.399,0.0,2794421000.0,1.0,151931921.0,151347000.0,,35.144,115730078000.0,0.0,788818000.0,0.0,764.667,
16,MTB,MRT,2017-06-30,2017-06-30,2017-06-30,2021-09-07,-270081000.0,120896567000.0,123602513000.0,,,0.042,106.528,-120936000.0,6369307000.0,6369307000.0,0.0,1410535000.0,,6.424,9345033000.0,,,9345033000.0,0.0,198110000.0,93540938000.0,0.018,2.9,2088518000.0,2286628000.0,0.437,2286628000.0,2088518000.0,2088518000.0,8.57,8.55,8.57,16283537000.0,16331059750.0,16283537000.0,24958864070.0,12.0,10.915,2035731000.0,13.318,1.0,5235034000.0,1.0,4679534000.0,0.0,119192759000.0,120079960500.0,0.0,104063036000.0,,,104613030000.0,,,24918254070.0,61036000.0,0.0,-1144301000.0,-1338657000.0,-449364000.0,-3946759000.0,1851128000.0,1632279000.0,2156667000.0,0.0,1324001000.0,1324001000.0,1324001000.0,0.0,86534000.0,0.253,2739935000.0,2495099000.0,0.0,0.338,1.53,18.82,18.897,673552000.0,0.0,161.95,4.76,4.729,0.0,9685478000.0,5235034000.0,5235034000.0,0.0,0.011,0.081,0.017,0.399,0.0,2737202000.0,1.0,153863872.0,152857000.0,,34.248,116217033000.0,0.0,764517000.0,0.0,760.299,
17,MTB,MRT,2017-03-31,2017-03-31,2017-03-31,2021-09-07,-291567000.0,123223251000.0,124333517250.0,,,0.042,104.989,-112907000.0,8232111000.0,8232111000.0,0.0,1365513000.0,,6.6,8272721000.0,,,8272721000.0,0.0,198274000.0,97042521000.0,0.018,2.85,2019647000.0,2217921000.0,0.429,2217921000.0,2019647000.0,2019647000.0,8.19,8.18,8.19,16213104000.0,16378054000.0,16213104000.0,27191136557.0,13.0,12.26,1908100000.0,12.356,1.0,5168091000.0,1.0,4687647000.0,0.0,118576214000.0,120303654250.0,0.0,104454841000.0,,,107010147000.0,,,23855046557.0,108787000.0,0.0,-1073407000.0,-3775728000.0,-446457000.0,-2380720000.0,468500000.0,317678000.0,2021007000.0,0.0,1276311000.0,1276311000.0,1276311000.0,0.0,89202000.0,0.247,2739195000.0,2428896000.0,0.0,0.348,1.471,18.691,18.893,672769000.0,0.0,154.73,4.616,4.623,0.0,9437450000.0,5168091000.0,5168091000.0,0.0,0.01,0.078,0.017,0.391,0.0,2738206000.0,1.0,154172084.0,154427000.0,,33.466,118535604000.0,0.0,743336000.0,0.0,767.583,
18,MTB,MRT,2016-12-31,2016-12-31,2016-12-31,2021-09-07,-294636000.0,123449206000.0,124684112500.0,,,0.041,106.332,-107693000.0,6321187000.0,6321187000.0,0.0,1315114000.0,,6.488,9657277000.0,,,9657277000.0,0.0,200591000.0,95493876000.0,0.018,2.8,1966743000.0,2167334000.0,0.424,2167334000.0,1966743000.0,1966743000.0,7.8,7.78,7.8,16486622000.0,16413541250.0,16486622000.0,22569423314.0,11.0,10.413,1075718000.0,6.938,1.0,5105883000.0,1.0,4690767000.0,0.0,122094529000.0,120981869750.0,0.0,106438754000.0,,,106962584000.0,,,24254255314.0,-47491000.0,0.0,-641334000.0,-3057003000.0,-441891000.0,-510134000.0,-720768000.0,-891036000.0,1183411000.0,0.0,1223459000.0,1223459000.0,1223459000.0,0.0,91655000.0,0.24,2727438000.0,2378445000.0,0.0,0.359,1.471,19.824,20.055,675263000.0,0.0,156.43,4.75,4.75,0.0,9222488000.0,5105883000.0,5105883000.0,0.0,0.01,0.075,0.016,0.385,0.0,2727438000.0,1.0,155048618.0,155048618.0,,32.931,118758439000.0,0.0,743284000.0,0.0,765.943,
19,MTB,MRT,2016-09-30,2016-09-30,2016-09-30,2021-09-07,-114559000.0,126841028000.0,124518782000.0,,,0.04,105.091,-104469000.0,12109838000.0,12109838000.0,0.0,1255508000.0,,6.762,10425006000.0,,,10425006000.0,0.0,199269000.0,98136845000.0,0.024,2.8,1867575000.0,2066844000.0,0.411,2066844000.0,1867575000.0,1867575000.0,7.45,7.43,7.45,16340976000.0,16335208000.0,16340976000.0,19177492940.0,10.0,9.279,1462189000.0,9.404,1.0,5023812000.0,1.0,4699856000.0,0.0,120456340000.0,120927776000.0,0.0,103892533000.0,,,110500052000.0,,,18200899940.0,82498000.0,-1932596000.0,-604000000.0,-13050414000.0,-426910000.0,-6793314000.0,5309154000.0,7063056000.0,1566658000.0,0.0,1163766000.0,1163766000.0,1163766000.0,0.0,91742000.0,0.232,2821825000.0,2201987000.0,0.0,0.376,1.114,15.64,15.584,660381000.0,0.0,116.1,3.623,3.593,0.0,9021965000.0,5023812000.0,5023812000.0,0.0,0.009,0.071,0.015,0.372,0.0,2633244000.0,1.0,156769164.0,155493000.0,,32.309,122141172000.0,0.0,703809000.0,0.0,785.509,
20,MTB,MRT,2016-06-30,2016-06-30,2016-06-30,2021-09-07,-101021000.0,123820584000.0,117257790500.0,,,0.041,104.381,-95160000.0,9759281000.0,9759281000.0,0.0,1185925000.0,,6.517,10735874000.0,,,10735874000.0,0.0,191719000.0,94650103000.0,0.024,2.8,1751915000.0,1943634000.0,0.404,1943634000.0,1751915000.0,1751915000.0,7.29,7.26,7.29,16471514000.0,15480447500.0,16471514000.0,20182958425.0,12.0,10.384,1739196000.0,11.021,1.0,4809648000.0,1.0,4709643000.0,0.0,120087534000.0,115476356000.0,0.0,103020717000.0,,,107349070000.0,,,18798453425.0,-66416000.0,-1932596000.0,-254000000.0,-12733671000.0,-410918000.0,-9262537000.0,7361765000.0,9317170000.0,1834356000.0,0.0,1094111000.0,1094111000.0,1094111000.0,0.0,91814000.0,0.227,2723249000.0,2086399000.0,0.0,0.384,1.141,17.181,16.218,658216000.0,0.0,118.23,3.908,3.879,0.0,8801305000.0,4809648000.0,4809648000.0,0.0,0.009,0.071,0.015,0.364,0.0,2600612000.0,1.0,158999014.0,157802000.0,,30.479,119110941000.0,0.0,657804000.0,0.0,754.813,
21,MTB,MRT,2016-03-31,2016-03-31,2016-03-31,2021-09-07,-150189000.0,124625632000.0,110572663500.0,,,0.042,103.034,-88645000.0,10723356000.0,10723356000.0,0.0,1136582000.0,,6.62,12107861000.0,,,12107861000.0,0.0,183888000.0,94214576000.0,0.025,2.8,1675110000.0,1858998000.0,0.397,1858998000.0,1675110000.0,1675110000.0,7.3,7.26,7.3,16355053000.0,14529568250.0,16355053000.0,21483179238.0,13.0,11.556,1643617000.0,10.355,1.0,4679730000.0,1.0,4721061000.0,0.0,121289076000.0,110073718250.0,0.0,102845021000.0,,,108270579000.0,,,17659529238.0,-188678000.0,-1932596000.0,-100000000.0,-11739926000.0,-393386000.0,-9422283000.0,7501343000.0,9379060000.0,1732262000.0,0.0,1044614000.0,1044614000.0,1044614000.0,0.0,91968000.0,0.223,2669982000.0,2009748000.0,0.0,0.384,1.08,16.905,15.205,662891000.0,0.0,111.0,3.774,3.765,0.0,8596752000.0,4679730000.0,4679730000.0,0.0,0.009,0.072,0.015,0.358,0.0,2606876000.0,1.0,159094858.0,158734000.0,,29.482,119904571000.0,0.0,630496000.0,0.0,755.381,
22,MTB,MRT,2015-12-31,2015-12-31,2015-12-31,2021-09-07,-251627000.0,122787884000.0,104010701250.0,,,0.043,121.339,-81936000.0,8962390000.0,8962390000.0,0.0,1079667000.0,,6.592,12786040000.0,,,12786040000.0,0.0,175349000.0,91957841000.0,0.023,2.8,1582714000.0,1758063000.0,0.391,1758063000.0,1582714000.0,1582714000.0,7.22,7.18,7.22,16173289000.0,13572880250.0,16173289000.0,20537157298.0,13.0,11.682,1660472000.0,12.458,1.0,4497624000.0,1.0,4733380000.0,0.0,121878154000.0,104218753750.0,0.0,102463729000.0,,,106614595000.0,,,16152055298.0,-5317000.0,-1932596000.0,0.0,-9579879000.0,-375017000.0,-9462007000.0,7714282000.0,9633363000.0,1742408000.0,0.0,987689000.0,987689000.0,987689000.0,0.0,91978000.0,0.22,2580262000.0,1917362000.0,0.0,0.388,0.999,16.353,16.784,666682000.0,0.0,121.18,3.591,3.591,0.0,8430502000.0,4497624000.0,4497624000.0,0.0,0.009,0.073,0.015,0.352,0.0,2580262000.0,1.0,133289778.0,133289778.0,,33.743,118054504000.0,0.0,595025000.0,0.0,885.698,
23,MTB,MRT,2015-09-30,2015-09-30,2015-09-30,2021-09-07,-163473000.0,97797062000.0,97485114000.0,,,0.045,97.428,-65505000.0,5962970000.0,5962970000.0,0.0,1086251000.0,,6.568,10348072000.0,,,10348072000.0,0.0,173482000.0,72944543000.0,0.023,2.8,1605526000.0,1779008000.0,0.404,1779008000.0,1605526000.0,1605526000.0,7.52,7.48,7.52,12921934000.0,12613532000.0,12921934000.0,21180909246.0,13.0,11.906,1506866000.0,11.361,1.0,4400955000.0,1.0,3531504000.0,0.0,98650660000.0,97369538750.0,0.0,82441699000.0,,,84875128000.0,,,16248408246.0,-273939000.0,0.0,0.0,1132233000.0,-374230000.0,-672337000.0,-1173973000.0,-1005835000.0,1572371000.0,0.0,993862000.0,993862000.0,993862000.0,0.0,92389000.0,0.226,2462117000.0,1938838000.0,0.0,0.372,1.257,16.349,16.217,581976000.0,0.0,121.95,3.692,3.675,0.0,8273747000.0,4400955000.0,4400955000.0,0.0,0.01,0.079,0.016,0.365,0.0,2483208000.0,1.0,133238280.0,132630000.0,,33.182,94265558000.0,0.0,611664000.0,0.0,710.741,
24,MTB,MRT,2015-06-30,2015-06-30,2015-06-30,2021-09-07,-217502000.0,97080076000.0,97342934000.0,,,0.045,95.712,-58809000.0,5396710000.0,5396710000.0,0.0,1081194000.0,,6.663,10329211000.0,,,10329211000.0,0.0,180962000.0,72629619000.0,0.022,2.8,1596252000.0,1777214000.0,0.404,1777214000.0,1596252000.0,1596252000.0,7.5,7.46,7.5,12667997000.0,12466377500.0,12667997000.0,19656253465.0,12.0,11.06,1128811000.0,8.529,1.0,4403599000.0,1.0,3535594000.0,0.0,98476983000.0,96128827000.0,0.0,82229911000.0,,,84412079000.0,,,16611959465.0,-566578000.0,0.0,0.0,2800503000.0,-373343000.0,5197818000.0,-6952016000.0,-6926775000.0,1187620000.0,0.0,988430000.0,988430000.0,988430000.0,0.0,92764000.0,0.224,2473660000.0,1929939000.0,0.0,0.373,1.311,16.806,16.657,590567000.0,0.0,124.93,3.772,3.755,0.0,8107525000.0,4403599000.0,4403599000.0,0.0,0.01,0.079,0.017,0.362,0.0,2489380000.0,1.0,132970139.0,132356000.0,,33.271,93544482000.0,0.0,607822000.0,0.0,706.764,
25,MTB,MRT,2015-03-31,2015-03-31,2015-03-31,2021-09-07,-152491000.0,98377783000.0,95781665500.0,,,0.045,94.876,-66034000.0,7658344000.0,7658344000.0,0.0,1078842000.0,,6.852,10702638000.0,,,10702638000.0,0.0,189338000.0,73594120000.0,0.022,2.8,1570152000.0,1759490000.0,0.405,1759490000.0,1570152000.0,1570152000.0,7.5,7.46,7.5,12528301000.0,12341567000.0,12528301000.0,18235302945.0,12.0,10.364,930275000.0,7.045,1.0,4348970000.0,1.0,3552859000.0,0.0,97869218000.0,93975685750.0,0.0,80934024000.0,,,85849482000.0,,,16879891945.0,-396265000.0,0.0,0.0,4234249000.0,-372424000.0,8679095000.0,-10071669000.0,-9951198000.0,996309000.0,0.0,985639000.0,985639000.0,985639000.0,0.0,93203000.0,0.227,2444692000.0,1904278000.0,0.0,0.373,1.347,17.126,16.933,602096000.0,0.0,127.0,3.881,3.856,0.0,7934820000.0,4348970000.0,4348970000.0,0.0,0.01,0.08,0.017,0.361,0.0,2452789000.0,1.0,132912535.0,132049000.0,,32.935,94824924000.0,0.0,584513000.0,0.0,718.104,
26,MTB,MRT,2014-12-31,2014-12-31,2014-12-31,2021-09-07,-180994000.0,96685535000.0,93319809750.0,,,0.046,93.375,-73161000.0,7844224000.0,7844224000.0,0.0,1066246000.0,,6.838,9199635000.0,,,9199635000.0,0.0,198730000.0,73582053000.0,0.022,2.8,1554530000.0,1753260000.0,0.405,1753260000.0,1554530000.0,1554530000.0,7.47,7.42,7.47,12335896000.0,12181207500.0,12335896000.0,16622188873.0,11.0,9.481,1025880000.0,7.765,1.0,4331719000.0,1.0,3559652000.0,0.0,94481294000.0,91099893500.0,0.0,79051111000.0,,,84349639000.0,,,16595895873.0,-299577000.0,0.0,0.0,3851424000.0,-371199000.0,10311753000.0,-11710371000.0,-11626580000.0,1099041000.0,0.0,978531000.0,978531000.0,978531000.0,0.0,87715000.0,0.226,2448551000.0,1883168000.0,0.0,0.375,1.345,16.96,16.817,612984000.0,0.0,125.62,3.831,3.831,0.0,7807119000.0,4331719000.0,4331719000.0,0.0,0.01,0.08,0.017,0.359,0.0,2448551000.0,1.0,132111892.0,132111892.0,,32.788,93125883000.0,0.0,575999000.0,0.0,704.902,
27,MTB,MRT,2014-09-30,2014-09-30,2014-09-30,2021-09-07,12467000.0,97228342000.0,90439023750.0,,,0.048,93.957,-93999000.0,9199707000.0,9199707000.0,0.0,1010119000.0,,6.883,9226000000.0,,,9226000000.0,0.0,206491000.0,74341502000.0,0.023,2.8,1501331000.0,1707822000.0,0.397,1707822000.0,1501331000.0,1501331000.0,7.11,7.06,7.11,12333316000.0,11923616500.0,12333316000.0,18873681428.0,13.0,11.051,1109158000.0,8.45,1.0,4301966000.0,1.0,3566822000.0,0.0,93687813000.0,88383112000.0,0.0,78299007000.0,,,84895026000.0,,,16270085428.0,-536110000.0,0.0,0.0,3888151000.0,-369949000.0,12031645000.0,-13770912000.0,-13743409000.0,1203157000.0,0.0,927790000.0,927790000.0,927790000.0,0.0,82329000.0,0.216,2601810000.0,1700156000.0,0.0,0.394,1.319,17.536,17.34,612076000.0,0.0,123.29,3.782,3.762,0.0,7642995000.0,4301966000.0,4301966000.0,0.0,0.01,0.078,0.017,0.349,0.0,2619803000.0,1.0,131965978.0,131265000.0,,32.773,93661520000.0,0.0,573541000.0,0.0,713.53,
28,MTB,MRT,2014-06-30,2014-06-30,2014-06-30,2021-09-07,40308000.0,90835002000.0,87238809500.0,,,0.049,92.993,-123647000.0,4949966000.0,4949966000.0,0.0,1029254000.0,,6.465,7553562000.0,,,7553562000.0,0.0,207180000.0,69829255000.0,0.023,2.8,1523686000.0,1730866000.0,0.401,1730866000.0,1523686000.0,1523686000.0,7.32,7.26,7.32,12168755000.0,11594338000.0,12168755000.0,17730268172.0,12.0,10.244,661685000.0,5.057,1.0,4313292000.0,1.0,3574180000.0,0.0,89864418000.0,85512496500.0,0.0,76263547000.0,,,78666247000.0,,,16311165172.0,442934000.0,0.0,0.0,2137200000.0,-368641000.0,6382614000.0,-6725012000.0,-6630987000.0,785332000.0,0.0,951221000.0,951221000.0,951221000.0,0.0,78033000.0,0.221,2595077000.0,1718215000.0,0.0,0.383,1.34,17.148,16.947,625006000.0,0.0,124.05,3.782,3.763,0.0,7481077000.0,4313292000.0,4313292000.0,0.0,0.011,0.082,0.018,0.353,0.0,2608116000.0,1.0,131488635.0,130856000.0,,32.962,87260822000.0,0.0,572465000.0,0.0,666.846,
29,MTB,MRT,2014-03-31,2014-03-31,2014-03-31,2021-09-07,-25261000.0,88530360000.0,85337310250.0,,,0.051,91.289,-129617000.0,5062303000.0,5062303000.0,0.0,1093384000.0,,6.448,6481406000.0,,,6481406000.0,0.0,205719000.0,68699366000.0,0.023,2.8,1630233000.0,1835952000.0,0.422,1835952000.0,1630233000.0,1630233000.0,7.89,7.83,7.89,11886863000.0,11231231750.0,11886863000.0,17939403547.0,11.0,9.771,665407000.0,5.11,1.0,4347042000.0,1.0,3583414000.0,0.0,86366049000.0,83300078000.0,0.0,73897366000.0,,,76643497000.0,,,15894150547.0,-62949000.0,0.0,0.0,744307000.0,-366967000.0,4414870000.0,-5272843000.0,-5251877000.0,795024000.0,0.0,1019079000.0,1019079000.0,1019079000.0,0.0,74305000.0,0.234,2526008000.0,1821034000.0,0.0,0.355,1.337,15.597,15.374,627966000.0,0.0,121.3,3.656,3.633,0.0,7309912000.0,4347042000.0,4347042000.0,0.0,0.012,0.091,0.02,0.375,0.0,2533239000.0,1.0,131031744.0,130212000.0,,33.384,84946946000.0,0.0,611154000.0,0.0,652.374,
30,MTB,MRT,2013-12-31,2013-12-31,2013-12-31,2021-09-07,-64159000.0,85162391000.0,83907709500.0,,,0.052,86.813,-129563000.0,3324072000.0,3324072000.0,0.0,1138480000.0,,6.533,5369325000.0,,,5369325000.0,0.0,203735000.0,67118612000.0,0.024,2.8,1689517000.0,1893252000.0,0.435,1893252000.0,1689517000.0,1689517000.0,8.26,8.2,8.26,11305532000.0,10865255250.0,11305532000.0,16543063183.0,10.0,8.738,802761000.0,6.164,1.0,4353434000.0,1.0,3593476000.0,0.0,83614168000.0,82164373500.0,0.0,72329111000.0,,,73856859000.0,,,15161282183.0,-313681000.0,0.0,0.0,-275479000.0,-365349000.0,957573000.0,-2203578000.0,-2173788000.0,932324000.0,0.0,1062429000.0,1062429000.0,1062429000.0,0.0,76051000.0,0.244,2471370000.0,1882064000.0,0.0,0.339,1.341,14.27,14.094,633520000.0,0.0,116.42,3.483,3.483,0.0,7188004000.0,4353434000.0,4353434000.0,0.0,0.013,0.098,0.021,0.388,0.0,2471370000.0,1.0,130229189.0,130229189.0,,33.429,81568915000.0,0.0,627088000.0,0.0,626.349,
31,MTB,MRT,2013-09-30,2013-09-30,2013-09-30,2021-09-07,-198062000.0,84427485000.0,83369312500.0,,,0.052,85.284,-111536000.0,3985564000.0,3985564000.0,0.0,1213251000.0,,6.664,5367345000.0,,,5367345000.0,0.0,199759000.0,66552141000.0,0.025,2.8,1757602000.0,1957361000.0,0.45,1957361000.0,1757602000.0,1757602000.0,8.87,8.81,8.87,11016202000.0,10589520500.0,11016202000.0,15954070382.0,9.0,8.151,418346000.0,3.239,1.0,4354290000.0,1.0,3603915000.0,0.0,82205351000.0,81994355250.0,0.0,71423815000.0,,,73411283000.0,,,14553788382.0,436825000.0,0.0,0.0,-158166000.0,-363754000.0,1803513000.0,-1896570000.0,-1881561000.0,529882000.0,0.0,1135522000.0,1135522000.0,1135522000.0,0.0,77729000.0,0.261,2357218000.0,1997072000.0,0.0,0.316,1.321,12.817,12.618,614795000.0,0.0,111.92,3.342,3.32,0.0,7074287000.0,4354290000.0,4354290000.0,0.0,0.014,0.107,0.021,0.404,0.0,2393213000.0,1.0,130037423.0,129171000.0,,33.71,80823570000.0,0.0,622080000.0,0.0,625.71,
32,MTB,MRT,2013-06-30,2013-06-30,2013-06-30,2021-09-07,-227771000.0,83229005000.0,82533749500.0,,,0.052,83.557,-88290000.0,4029856000.0,4029856000.0,0.0,1212234000.0,,6.767,5430138000.0,,,5430138000.0,0.0,201197000.0,65661470000.0,0.025,2.8,1759726000.0,1960923000.0,0.455,1960923000.0,1759726000.0,1759726000.0,8.92,8.87,8.92,10716330000.0,10321851750.0,10716330000.0,17055063128.0,10.0,8.697,383559000.0,2.991,1.0,4314249000.0,1.0,3614543000.0,0.0,81014744000.0,81682454500.0,0.0,70633562000.0,,,72512675000.0,,,14416744128.0,51671000.0,0.0,0.0,-1198881000.0,-360113000.0,1376079000.0,-1796257000.0,-1781643000.0,471849000.0,0.0,1134071000.0,1134071000.0,1134071000.0,0.0,78163000.0,0.263,2314619000.0,1999630000.0,0.0,0.314,1.345,12.712,12.528,595536000.0,0.0,111.75,3.342,3.322,0.0,6887070000.0,4314249000.0,4314249000.0,0.0,0.014,0.11,0.022,0.408,0.0,2338233000.0,1.0,129008896.0,128252000.0,,33.639,79614462000.0,0.0,625655000.0,0.0,620.766,
33,MTB,MRT,2013-03-31,2013-03-31,2013-03-31,2021-09-07,-225953000.0,82811957000.0,81928392750.0,,,0.051,81.64,-88813000.0,3130837000.0,3130837000.0,0.0,1097148000.0,,6.945,5769156000.0,,,5769156000.0,0.0,202867000.0,65089726000.0,0.027,2.8,1582539000.0,1785406000.0,0.429,1785406000.0,1582539000.0,1582539000.0,8.07,8.03,8.07,10422957000.0,10050246000.0,10422957000.0,16845195696.0,11.0,9.435,570554000.0,4.469,1.0,4164606000.0,1.0,3627045000.0,0.0,81823231000.0,81756302250.0,0.0,71078125000.0,,,72389000000.0,,,13279515696.0,481975000.0,0.0,0.0,-1218901000.0,-359464000.0,2571385000.0,-2748777000.0,-2751592000.0,659367000.0,0.0,1020242000.0,1020242000.0,1020242000.0,0.0,76906000.0,0.245,2343420000.0,1821186000.0,0.0,0.347,1.274,13.016,12.783,589570000.0,0.0,103.16,3.189,3.162,0.0,6645195000.0,4164606000.0,4164606000.0,0.0,0.012,0.102,0.019,0.38,0.0,2356362000.0,1.0,128727372.0,127669000.0,,32.62,79184912000.0,0.0,562297000.0,0.0,620.236,
34,MTB,MRT,2012-12-31,2012-12-31,2012-12-31,2021-09-07,-240264000.0,83008803000.0,81022125250.0,,,0.05,79.704,-91519000.0,2116560000.0,2116560000.0,0.0,1029498000.0,,7.136,5682240000.0,,,5682240000.0,0.0,204561000.0,65611253000.0,0.028,2.8,1476418000.0,1680979000.0,0.414,1680979000.0,1476418000.0,1476418000.0,7.57,7.54,7.57,10202593000.0,9801678750.0,10202593000.0,16131512321.0,11.0,9.596,408462000.0,3.191,1.0,4061786000.0,1.0,3640388000.0,0.0,82934095000.0,81266749000.0,0.0,72208424000.0,,,72806210000.0,,,12604744321.0,534218000.0,0.0,0.0,-1787745000.0,-357717000.0,4095095000.0,-4060858000.0,-4066035000.0,499981000.0,0.0,953390000.0,953390000.0,953390000.0,0.0,76108000.0,0.235,2347519000.0,1714267000.0,0.0,0.37,1.235,13.221,13.008,594652000.0,0.0,98.47,3.103,3.103,0.0,6477276000.0,4061786000.0,4061786000.0,0.0,0.012,0.097,0.018,0.363,0.0,2347519000.0,1.0,128005934.0,128005934.0,,31.731,79368415000.0,0.0,523028000.0,0.0,620.037,
35,MTB,MRT,2012-09-30,2012-09-30,2012-09-30,2021-09-07,-230075000.0,81085233000.0,79750996250.0,,,0.049,79.047,-97925000.0,2034922000.0,2034922000.0,0.0,881045000.0,,7.153,5561690000.0,,,5561690000.0,0.0,207998000.0,64007258000.0,0.029,2.8,1235575000.0,1443573000.0,0.367,1443573000.0,1235575000.0,1235575000.0,6.42,6.41,6.42,9945527000.0,9568832750.0,9945527000.0,16226407272.0,13.0,11.24,862600000.0,6.856,1.0,3932685000.0,1.0,3654253000.0,0.0,80957748000.0,80554280000.0,0.0,70341580000.0,,,71139706000.0,,,12055512272.0,268871000.0,-178940000.0,0.0,-1889306000.0,-356021000.0,2280523000.0,-2972177000.0,-2636325000.0,960525000.0,0.0,806632000.0,806632000.0,806632000.0,0.0,74413000.0,0.205,2460850000.0,1471835000.0,0.0,0.436,1.212,14.945,14.822,589035000.0,0.0,95.16,3.065,3.044,0.0,6286785000.0,3932685000.0,3932685000.0,0.0,0.01,0.084,0.015,0.314,0.0,2453231000.0,1.0,126686762.0,125818000.0,,31.257,77430980000.0,0.0,428943000.0,0.0,615.421,
36,MTB,MRT,2012-06-30,2012-06-30,2012-06-30,2021-09-07,-277849000.0,80807578000.0,78945660750.0,,,0.048,76.74,-102924000.0,2492548000.0,2492548000.0,0.0,770691000.0,,7.391,6663443000.0,,,6663443000.0,0.0,208830000.0,62548807000.0,0.034,2.8,1055366000.0,1264196000.0,0.333,1264196000.0,1055366000.0,1055366000.0,5.56,5.56,5.56,9629907000.0,9426232500.0,9629907000.0,14812324299.0,14.0,11.717,1450772000.0,11.561,1.0,3797331000.0,1.0,3668338000.0,0.0,81310135000.0,79800850250.0,0.0,69536482000.0,,,71177671000.0,,,10449949299.0,89916000.0,-178940000.0,0.0,-1076707000.0,-356440000.0,2063704000.0,-3527484000.0,-3283646000.0,1553696000.0,0.0,697415000.0,697415000.0,697415000.0,0.0,73276000.0,0.184,2506842000.0,1290489000.0,0.0,0.504,1.085,14.984,14.851,592498000.0,0.0,82.57,2.752,2.729,0.0,6098084000.0,3797331000.0,3797331000.0,0.0,0.009,0.074,0.013,0.278,0.0,2493007000.0,1.0,126558669.0,125488000.0,,30.261,77139240000.0,0.0,357951000.0,0.0,614.714,
37,MTB,MRT,2012-03-31,2012-03-31,2012-03-31,2021-09-07,-331258000.0,79186887000.0,78175554750.0,,,0.049,75.297,-80531000.0,2626132000.0,2626132000.0,0.0,859669000.0,,7.399,6988507000.0,,,6988507000.0,0.0,206282000.0,60912943000.0,0.032,2.8,1144565000.0,1350847000.0,0.352,1350847000.0,1144565000.0,1144565000.0,6.28,6.27,6.28,9428688000.0,9329804250.0,9428688000.0,16843112794.0,15.0,12.469,1460074000.0,11.66,1.0,3842556000.0,1.0,3684244000.0,0.0,79865018000.0,78977108250.0,0.0,67725660000.0,,,69758199000.0,,,10982161794.0,361787000.0,-330000000.0,0.0,-1624205000.0,-354452000.0,-276475000.0,-902343000.0,-683351000.0,1540605000.0,0.0,779870000.0,779870000.0,779870000.0,0.0,79799000.0,0.203,2456345000.0,1386211000.0,0.0,0.446,1.165,14.082,13.834,580033000.0,0.0,86.88,2.858,2.831,0.0,5969236000.0,3842556000.0,3842556000.0,0.0,0.01,0.084,0.014,0.298,0.0,2442030000.0,1.0,126406098.0,125220000.0,,30.686,75502643000.0,0.0,364695000.0,0.0,602.96,
38,MTB,MRT,2011-12-31,2011-12-31,2011-12-31,2021-09-07,-356441000.0,77924287000.0,75349135000.0,,,0.049,73.8,-70008000.0,1607357000.0,1607357000.0,0.0,859479000.0,,7.405,7468308000.0,,,7468308000.0,0.0,197780000.0,59394649000.0,0.037,2.8,1146864000.0,1344644000.0,0.363,1344644000.0,1146864000.0,1146864000.0,6.37,6.35,6.37,9271209000.0,9099511750.0,9271209000.0,13452709519.0,12.0,10.005,1702238000.0,13.55,1.0,3702668000.0,1.0,3701019000.0,0.0,80084219000.0,76753521250.0,0.0,67422703000.0,,,68653078000.0,,,9590290519.0,518642000.0,-330000000.0,0.0,-2123034000.0,-350129000.0,-1622536000.0,368932000.0,538589000.0,1772246000.0,0.0,781743000.0,781743000.0,781743000.0,0.0,77736000.0,0.211,2316221000.0,1386447000.0,0.0,0.44,1.034,12.268,11.984,581435000.0,0.0,76.34,2.59,2.59,0.0,5867165000.0,3702668000.0,3702668000.0,0.0,0.01,0.086,0.015,0.31,0.0,2316221000.0,1.0,125626022.0,125626022.0,,29.474,74223268000.0,0.0,365121000.0,0.0,590.827,
39,MTB,MRT,2011-09-30,2011-09-30,2011-09-30,2021-09-07,-192533000.0,77863891000.0,72873379000.0,,,0.049,75.257,-69108000.0,3580836000.0,3580836000.0,0.0,916181000.0,,7.305,7443255000.0,,,7443255000.0,0.0,187965000.0,59482389000.0,0.04,2.8,1253238000.0,1441203000.0,0.408,1441203000.0,1253238000.0,1253238000.0,6.94,6.92,6.94,9375126000.0,8871133250.0,9375126000.0,12867129827.0,10.0,8.928,1642633000.0,13.186,1.0,3536218000.0,1.0,3782281000.0,0.0,77944029000.0,74763298250.0,0.0,65272093000.0,,,68488765000.0,,,8779434827.0,264732000.0,-151060000.0,0.0,-3557944000.0,-345767000.0,-2283399000.0,836390000.0,626603000.0,1711741000.0,0.0,840960000.0,840960000.0,840960000.0,0.0,75221000.0,0.238,2070332000.0,1465886000.0,0.0,0.403,0.936,10.44,10.072,569495000.0,0.0,69.9,2.483,2.462,0.0,5823928000.0,3536218000.0,3536218000.0,0.0,0.012,0.095,0.017,0.354,0.0,2059302000.0,1.0,125599926.0,124575000.0,,28.386,74081610000.0,0.0,412278000.0,0.0,594.675,
40,MTB,MRT,2011-06-30,2011-06-30,2011-06-30,2021-09-07,-228769000.0,77727154000.0,70469115500.0,,,0.048,75.66,-61031000.0,3608365000.0,3608365000.0,0.0,925088000.0,,7.408,7696060000.0,,,7696060000.0,0.0,180267000.0,59229215000.0,0.032,2.8,1277995000.0,1458262000.0,0.432,1458262000.0,1277995000.0,1277995000.0,7.11,7.08,7.11,9244194000.0,8585295000.0,9244194000.0,17351097238.0,14.0,11.898,1449024000.0,11.86,1.0,3375884000.0,1.0,3799682000.0,0.0,78015167000.0,73601108000.0,0.0,65008891000.0,,,68482960000.0,,,10623407238.0,277029000.0,-151060000.0,0.0,-4506337000.0,-341348000.0,-2304736000.0,1071710000.0,928843000.0,1510055000.0,0.0,853072000.0,853072000.0,853072000.0,0.0,72016000.0,0.253,1888446000.0,1487438000.0,0.0,0.394,1.149,12.453,12.37,567107000.0,0.0,87.95,3.147,3.183,0.0,5745253000.0,3375884000.0,3375884000.0,0.0,0.012,0.099,0.017,0.379,0.0,1889953000.0,1.0,120789167.0,122181000.0,,27.63,73927472000.0,0.0,424923000.0,0.0,605.065,
41,MTB,MRT,2011-03-31,2011-03-31,2011-03-31,2021-09-07,-197521000.0,67881208000.0,68075731000.0,,,0.046,71.371,-68742000.0,1082406000.0,1082406000.0,0.0,791479000.0,,6.979,7810096000.0,,,7810096000.0,0.0,177805000.0,50548099000.0,0.032,2.8,1119781000.0,1297586000.0,0.418,1297586000.0,1119781000.0,1119781000.0,6.15,6.12,6.15,8507518000.0,8299707500.0,8507518000.0,18387370514.0,16.0,14.17,1723959000.0,14.463,1.0,3106810000.0,1.0,3638228000.0,0.0,70970670000.0,72776579500.0,0.0,58135880000.0,,,59373690000.0,,,10634764514.0,-61364000.0,0.0,0.0,-4183543000.0,-336718000.0,-1964551000.0,110486000.0,-64689000.0,1792701000.0,0.0,729496000.0,729496000.0,729496000.0,0.0,61983000.0,0.235,1787619000.0,1319191000.0,0.0,0.455,1.25,14.578,14.385,431292000.0,0.0,88.47,3.423,3.394,0.0,5534909000.0,3106810000.0,3106810000.0,0.0,0.011,0.088,0.015,0.36,0.0,1794034000.0,1.0,120207579.0,119201000.0,,26.064,64242980000.0,0.0,390285000.0,0.0,538.947,
42,MTB,MRT,2010-12-31,2010-12-31,2010-12-31,2021-09-07,-205220000.0,68021263000.0,68215234500.0,,,0.044,70.01,-70458000.0,1034977000.0,1034977000.0,0.0,736161000.0,,7.139,8787583000.0,,,8787583000.0,0.0,182362000.0,49805284000.0,0.032,2.8,1032454000.0,1214816000.0,0.404,1214816000.0,1032454000.0,1032454000.0,5.72,5.69,5.72,8357695000.0,8151749750.0,8357695000.0,19104101427.0,19.0,15.726,1605189000.0,13.446,1.0,3007626000.0,1.0,3650542000.0,0.0,72123327000.0,73913595750.0,0.0,58761815000.0,,,59663568000.0,,,10391859427.0,-312587000.0,0.0,0.0,-4036988000.0,-335303000.0,-2463644000.0,475410000.0,357916000.0,1675647000.0,0.0,675826000.0,675826000.0,675826000.0,0.0,60335000.0,0.225,1777410000.0,1230216000.0,0.0,0.49,1.243,15.377,15.219,435837000.0,0.0,87.05,3.455,3.455,0.0,5426701000.0,3007626000.0,3007626000.0,0.0,0.01,0.083,0.014,0.343,0.0,1777410000.0,1.0,119378052.0,119378052.0,,25.194,64370721000.0,0.0,356628000.0,0.0,539.217,
43,MTB,MRT,2010-09-30,2010-09-30,2010-09-30,2021-09-07,-192554000.0,68246837000.0,68430018500.0,,,0.043,69.572,-70683000.0,1490949000.0,1490949000.0,0.0,668537000.0,,7.291,10203191000.0,,,10203191000.0,0.0,192316000.0,48654623000.0,0.034,2.8,926022000.0,1118338000.0,0.384,1118338000.0,926022000.0,926022000.0,5.18,5.14,5.18,8231773000.0,8000552750.0,8231773000.0,19985926224.0,22.0,17.871,1292588000.0,10.925,1.0,2911200000.0,1.0,3663811000.0,0.0,73295268000.0,75001833250.0,0.0,58521255000.0,,,60015064000.0,,,9745152224.0,-284389000.0,0.0,0.0,-3203042000.0,-334280000.0,-1723289000.0,75629000.0,74253000.0,1363271000.0,0.0,607373000.0,607373000.0,607373000.0,0.0,61164000.0,0.209,1887382000.0,1023818000.0,0.0,0.541,1.184,16.045,15.793,421352000.0,0.0,81.81,3.347,3.325,0.0,5319198000.0,2911200000.0,2911200000.0,0.0,0.009,0.076,0.012,0.318,0.0,1781553000.0,1.0,119119328.0,118320000.0,,24.604,64583026000.0,0.0,318649000.0,0.0,545.834,
44,MTB,MRT,2010-06-30,2010-06-30,2010-06-30,2021-09-07,-197197000.0,68153616000.0,68617671750.0,,,0.041,68.628,-64715000.0,1173712000.0,1173712000.0,0.0,604186000.0,,7.412,11414486000.0,,,11414486000.0,0.0,196228000.0,47522671000.0,0.033,2.8,813927000.0,1010155000.0,0.359,1010155000.0,813927000.0,813927000.0,4.66,4.63,4.66,8101844000.0,7845700250.0,8101844000.0,20869329567.0,26.0,20.66,1738939000.0,14.73,1.0,2816314000.0,1.0,3677337000.0,0.0,74717053000.0,75959811250.0,0.0,58751883000.0,,,60051772000.0,,,10097646567.0,-94842000.0,0.0,0.0,-3288990000.0,-332773000.0,-3195904000.0,1297408000.0,1199067000.0,1803654000.0,0.0,545736000.0,545736000.0,545736000.0,0.0,58450000.0,0.194,1869257000.0,947057000.0,0.0,0.601,1.246,18.503,18.23,422557000.0,0.0,84.95,3.585,3.561,0.0,5223834000.0,2816314000.0,2816314000.0,0.0,0.008,0.07,0.011,0.289,0.0,1794993000.0,1.0,118865763.0,118054000.0,,23.856,64476279000.0,0.0,268191000.0,0.0,546.159,
45,MTB,MRT,2010-03-31,2010-03-31,2010-03-31,2021-09-07,-255181000.0,68439222000.0,69057572000.0,,,0.039,67.216,-59287000.0,1164974000.0,1164974000.0,0.0,466625000.0,,7.646,11936657000.0,,,11936657000.0,0.0,194886000.0,47538405000.0,0.035,2.8,601654000.0,796540000.0,0.296,796540000.0,601654000.0,601654000.0,3.55,3.53,3.55,7915687000.0,7670280250.0,7915687000.0,20723774645.0,34.0,26.017,1709096000.0,14.513,1.0,2686746000.0,1.0,3692170000.0,0.0,75518735000.0,77150855250.0,0.0,59060898000.0,,,60523535000.0,,,9420853645.0,-109976000.0,0.0,0.0,-3071667000.0,-331265000.0,-3754137000.0,1875778000.0,1808840000.0,1768383000.0,0.0,413112000.0,413112000.0,413112000.0,0.0,53513000.0,0.154,1956899000.0,729847000.0,0.0,0.789,1.19,22.805,22.361,427883000.0,0.0,79.38,3.506,3.479,0.0,5131600000.0,2686746000.0,2686746000.0,0.0,0.006,0.054,0.008,0.224,0.0,1854208000.0,1.0,118680444.0,117765000.0,,22.814,64747052000.0,0.0,188542000.0,0.0,549.799,
46,MTB,MRT,2009-12-31,2009-12-31,2009-12-31,2021-09-07,-335997000.0,68880399000.0,68168565250.0,,,0.037,65.652,-58967000.0,1379677000.0,1379677000.0,0.0,379891000.0,,7.884,12682598000.0,,,12682598000.0,0.0,190921000.0,47449838000.0,0.042,2.8,471406000.0,662327000.0,0.265,662327000.0,471406000.0,471406000.0,2.9,2.89,2.9,7752907000.0,7416818250.0,7752907000.0,19752635876.0,42.0,29.823,1130422000.0,9.572,1.0,2499854000.0,1.0,3707043000.0,0.0,76476277000.0,76901015750.0,0.0,59226257000.0,,,61127492000.0,,,7899132876.0,-321809000.0,0.0,0.0,-3135433000.0,-325706000.0,-4012893000.0,2501695000.0,2424910000.0,1189389000.0,0.0,332006000.0,332006000.0,332006000.0,0.0,47885000.0,0.133,1819789000.0,680065000.0,0.0,0.966,1.019,23.792,23.066,435845000.0,0.0,66.89,3.16,3.16,0.0,5076884000.0,2499854000.0,2499854000.0,0.0,0.005,0.045,0.006,0.189,0.0,1819789000.0,1.0,118091387.0,118091387.0,,21.169,65173356000.0,0.0,139400000.0,0.0,551.889,
47,MTB,MRT,2009-09-30,2009-09-30,2009-09-30,2021-09-07,-419286000.0,68997450000.0,67402404750.0,,,0.036,64.858,-56044000.0,1428157000.0,1428157000.0,0.0,345314000.0,,8.064,13281660000.0,,,13281660000.0,0.0,183184000.0,46861851000.0,0.045,2.8,415371000.0,598555000.0,0.25,598555000.0,415371000.0,415371000.0,2.74,2.74,2.74,7612363000.0,7174774250.0,7612363000.0,20659729600.0,50.0,34.516,1354128000.0,11.537,1.0,2396737000.0,1.0,3723773000.0,0.0,77127180000.0,76768592000.0,0.0,59467224000.0,,,61385087000.0,,,7351020600.0,-13803000.0,0.0,0.0,-3022108000.0,-319783000.0,-3799518000.0,2375543000.0,2252905000.0,1410172000.0,0.0,312879000.0,312879000.0,312879000.0,0.0,32435000.0,0.131,1871855000.0,524882000.0,0.0,1.022,0.966,23.495,22.745,436586000.0,0.0,62.32,3.067,3.052,0.0,5035808000.0,2396737000.0,2396737000.0,0.0,0.005,0.044,0.005,0.173,0.0,1806987000.0,1.0,117956043.0,117370000.0,,20.42,65273677000.0,0.0,102492000.0,0.0,556.136,
48,MTB,MRT,2009-06-30,2009-06-30,2009-06-30,2021-09-07,-580756000.0,69913217000.0,66464846000.0,,,0.033,65.362,-65693000.0,1210678000.0,1210678000.0,0.0,308835000.0,,8.448,14519387000.0,,,14519387000.0,0.0,180708000.0,46754707000.0,0.055,2.8,322260000.0,502968000.0,0.226,502968000.0,322260000.0,322260000.0,2.6,2.59,2.6,7400164000.0,6875854500.0,7400164000.0,18655447981.0,58.0,37.091,1132905000.0,10.006,1.0,2225812000.0,1.0,3740697000.0,0.0,79481229000.0,76453452250.0,0.0,60510037000.0,,,62513053000.0,,,5659011981.0,-487775000.0,0.0,0.0,-2829090000.0,-314403000.0,-2773540000.0,1087167000.0,1162750000.0,1198598000.0,0.0,288921000.0,288921000.0,288921000.0,0.0,19914000.0,0.13,1827248000.0,398564000.0,0.0,1.077,0.765,19.587,19.588,442162000.0,0.0,50.93,2.542,2.591,0.0,5003551000.0,2225812000.0,2225812000.0,0.0,0.004,0.042,0.004,0.145,0.0,1762380000.0,1.0,111113528.0,113218000.0,,19.66,66172520000.0,0.0,33339000.0,0.0,584.47,
49,MTB,MRT,2009-03-31,2009-03-31,2009-03-31,2021-09-07,-622409000.0,64883195000.0,65459898750.0,,,0.034,62.495,-73968000.0,1181019000.0,1181019000.0,0.0,417912000.0,,8.401,14177455000.0,,,14177455000.0,0.0,182050000.0,42477356000.0,0.062,2.8,508082000.0,690132000.0,0.306,690132000.0,508082000.0,508082000.0,3.69,3.67,3.69,6901839000.0,6655577500.0,6901839000.0,18530814212.0,36.0,26.851,1295936000.0,11.734,1.0,2257410000.0,1.0,3360254000.0,0.0,74519377000.0,75926963750.0,0.0,56440816000.0,,,57981356000.0,,,5024365212.0,-622481000.0,0.0,0.0,-2770573000.0,-309241000.0,-1524533000.0,-467852000.0,-231812000.0,1369904000.0,0.0,408222000.0,408222000.0,408222000.0,0.0,9690000.0,0.181,1665099000.0,592311000.0,0.0,0.759,0.728,12.308,12.26,386157000.0,0.0,45.24,2.226,2.213,0.0,5043633000.0,2257410000.0,2257410000.0,0.0,0.006,0.061,0.007,0.225,0.0,1665099000.0,1.0,111060239.0,110439000.0,,20.44,61522941000.0,0.0,99860000.0,0.0,557.076,
50,MTB,MRT,2008-12-31,2008-12-31,2008-12-31,2021-09-07,-736881000.0,65815757000.0,65760493250.0,,,0.038,61.519,-72234000.0,1578435000.0,1578435000.0,0.0,555887000.0,,8.701,15084884000.0,,,15084884000.0,0.0,185790000.0,42581263000.0,0.049,2.8,738988000.0,924778000.0,0.375,924778000.0,738988000.0,738988000.0,5.04,5.01,5.04,6784731000.0,6552108250.0,6784731000.0,20341604906.0,28.0,21.996,1556182000.0,14.11,1.0,2466775000.0,1.0,3375624000.0,0.0,75946582000.0,76734130500.0,0.0,56839587000.0,,,59031026000.0,,,6331516906.0,-199396000.0,0.0,0.0,-1178704000.0,-308501000.0,435947000.0,-2263759000.0,-1967099000.0,1628416000.0,0.0,555096000.0,555096000.0,555096000.0,0.0,791000.0,0.225,1653661000.0,813114000.0,0.0,0.556,0.933,11.406,11.391,388855000.0,0.0,57.41,2.567,2.567,0.0,5062754000.0,2466775000.0,2466775000.0,0.0,0.008,0.085,0.01,0.3,0.0,1653661000.0,1.0,110285959.0,110285959.0,,22.367,62440133000.0,0.0,183892000.0,0.0,566.166,
51,MTB,MRT,2008-09-30,2008-09-30,2008-09-30,2021-09-07,-462050000.0,65247215000.0,65525463750.0,,,0.037,58.193,-65416000.0,1401121000.0,1401121000.0,0.0,518576000.0,,9.168,15411209000.0,,,15411209000.0,0.0,184038000.0,42501293000.0,0.031,2.8,694333000.0,878371000.0,0.363,878371000.0,694333000.0,694333000.0,4.72,4.69,4.72,6416684000.0,6477239500.0,6416684000.0,24723274349.0,36.0,28.147,1665367000.0,15.103,1.0,2419983000.0,1.0,3390682000.0,0.0,75866621000.0,76693613500.0,0.0,56806721000.0,,,58830531000.0,,,9835771349.0,59940000.0,0.0,-12347000.0,179099000.0,-308141000.0,1510854000.0,-3181697000.0,-2838652000.0,1730783000.0,0.0,518576000.0,518576000.0,518576000.0,0.0,0.0,0.214,1649943000.0,770040000.0,0.0,0.593,1.533,18.967,18.909,374181000.0,0.0,89.25,4.064,4.067,0.0,5037799000.0,2419983000.0,2419983000.0,0.0,0.008,0.08,0.009,0.287,0.0,1649943000.0,1.0,110204721.0,110265000.0,,21.947,61856533000.0,0.0,175757000.0,0.0,560.981,
52,MTB,MRT,2008-06-30,2008-06-30,2008-06-30,2021-09-07,-332917000.0,65893428000.0,64215690750.0,,,0.041,59.161,-61263000.0,1644157000.0,1644157000.0,0.0,626578000.0,,9.108,16531660000.0,,,16531660000.0,0.0,181606000.0,41925690000.0,0.04,2.8,924199000.0,1105805000.0,0.424,1105805000.0,924199000.0,924199000.0,5.75,5.7,5.75,6519056000.0,6432569500.0,6519056000.0,22851967368.0,25.0,20.665,1529856000.0,13.884,1.0,2605614000.0,1.0,3405656000.0,0.0,77375275000.0,75226981250.0,0.0,57332365000.0,,,59374372000.0,,,7767275368.0,301685000.0,0.0,-83409000.0,4349628000.0,-305830000.0,4110433000.0,-5399867000.0,-5046025000.0,1591119000.0,0.0,626578000.0,626578000.0,626578000.0,0.0,0.0,0.24,1607368000.0,998246000.0,0.0,0.487,1.191,12.396,12.268,368542000.0,0.0,70.54,2.981,2.983,0.0,5023817000.0,2605614000.0,2605614000.0,0.0,0.01,0.097,0.012,0.355,0.0,1607368000.0,1.0,110111644.0,110191000.0,,23.646,62487772000.0,0.0,297621000.0,0.0,567.086,
53,MTB,MRT,2008-03-31,2008-03-31,2008-03-31,2021-09-07,-259484000.0,66085573000.0,62209601000.0,,,0.043,58.972,-56282000.0,1783153000.0,1783153000.0,0.0,680482000.0,,9.186,16867845000.0,,,16867845000.0,0.0,179735000.0,41533010000.0,0.034,2.7,1008473000.0,1188208000.0,0.446,1188208000.0,1008473000.0,1008473000.0,6.28,6.21,6.28,6487962000.0,6346632250.0,6487962000.0,23206646375.0,23.0,19.531,1199667000.0,10.904,1.0,2662829000.0,1.0,3422221000.0,0.0,77748044000.0,72077769750.0,0.0,57553681000.0,,,59597611000.0,,,8852782375.0,308372000.0,0.0,-300529000.0,4323070000.0,-293170000.0,3969339000.0,-4916916000.0,-4589107000.0,1255949000.0,0.0,680482000.0,680482000.0,680482000.0,0.0,0.0,0.256,1582001000.0,1080828000.0,0.0,0.43,1.364,13.01,12.815,366065000.0,0.0,80.48,3.325,3.325,0.0,4940723000.0,2662829000.0,2662829000.0,0.0,0.011,0.107,0.014,0.379,0.0,1582001000.0,1.0,109999781.0,110017000.0,,24.204,62663352000.0,0.0,327991000.0,0.0,569.579,
54,MTB,MRT,2007-12-31,2007-12-31,2007-12-31,2021-09-07,-114822000.0,64875639000.0,60148825500.0,,,0.043,60.751,-56681000.0,1785978000.0,1785978000.0,0.0,654259000.0,,9.004,16139842000.0,,,16139842000.0,0.0,178159000.0,41266188000.0,0.032,2.6,963537000.0,1141696000.0,0.441,1141696000.0,963537000.0,963537000.0,6.05,5.95,6.05,6485256000.0,6287937750.0,6485256000.0,21808741583.0,23.0,19.102,1278076000.0,11.972,1.0,2591226000.0,1.0,3444989000.0,0.0,75784514000.0,68875552250.0,0.0,56505365000.0,,,58390383000.0,,,8707728583.0,142583000.0,0.0,-508404000.0,5346573000.0,-281900000.0,3590493000.0,-4782667000.0,-4510633000.0,1334757000.0,0.0,654259000.0,654259000.0,654259000.0,0.0,0.0,0.252,1557000000.0,1034226000.0,0.0,0.43,1.343,13.309,13.483,370765000.0,0.0,81.57,3.36,3.36,0.0,4815585000.0,2591226000.0,2591226000.0,0.0,0.011,0.104,0.014,0.372,0.0,1557000000.0,1.0,106751607.0,106751607.0,,24.273,61430650000.0,0.0,309278000.0,0.0,575.454,
55,MTB,MRT,2007-09-30,2007-09-30,2007-09-30,2021-09-07,-86665000.0,60008123000.0,58196142000.0,,,0.047,58.269,-50480000.0,1336080000.0,1336080000.0,0.0,802658000.0,,8.62,14437093000.0,,,14437093000.0,0.0,181047000.0,38473179000.0,0.024,2.5,1190635000.0,1371682000.0,0.498,1371682000.0,1190635000.0,1190635000.0,7.37,7.23,7.37,6238004000.0,6236897500.0,6238004000.0,21122404905.0,18.0,15.399,456188000.0,4.261,1.0,2756661000.0,1.0,3109044000.0,0.0,70000092000.0,65494217500.0,0.0,52648805000.0,,,53770119000.0,,,11088298905.0,-32405000.0,0.0,-571021000.0,4371343000.0,-271517000.0,2995236000.0,-3534309000.0,-3238932000.0,506668000.0,0.0,802658000.0,802658000.0,802658000.0,0.0,0.0,0.291,1470859000.0,1285802000.0,0.0,0.339,1.778,13.814,14.037,332197000.0,0.0,103.45,4.022,4.018,0.0,4827583000.0,2756661000.0,2756661000.0,0.0,0.014,0.129,0.018,0.432,0.0,1496824000.0,1.0,107185103.0,107056000.0,,25.75,56899079000.0,0.0,387977000.0,0.0,531.489,
56,MTB,MRT,2007-06-30,2007-06-30,2007-06-30,2021-09-07,-66833000.0,57869069000.0,57287480250.0,,,0.049,57.211,-44866000.0,1343772000.0,1343772000.0,0.0,813841000.0,,8.371,11377878000.0,,,11377878000.0,0.0,184936000.0,39418635000.0,0.022,2.4,1199721000.0,1384657000.0,0.497,1384657000.0,1199721000.0,1199721000.0,7.4,7.25,7.4,6175307000.0,6215207250.0,6175307000.0,21808273241.0,18.0,15.75,854760000.0,7.919,1.0,2784160000.0,1.0,3124746000.0,0.0,64778429000.0,63460483000.0,0.0,50510417000.0,,,51693762000.0,,,11570844241.0,-252694000.0,0.0,-591735000.0,361595000.0,-263283000.0,490050000.0,-1642370000.0,-1571271000.0,899626000.0,0.0,813841000.0,813841000.0,813841000.0,0.0,0.0,0.292,1504974000.0,1279186000.0,0.0,0.324,1.874,14.218,14.446,329737000.0,0.0,106.9,4.156,4.144,0.0,4703292000.0,2784160000.0,2784160000.0,0.0,0.014,0.131,0.019,0.431,0.0,1511003000.0,1.0,108239890.0,107939000.0,,25.794,54744323000.0,0.0,385880000.0,0.0,507.178,
57,MTB,MRT,2007-03-31,2007-03-31,2007-03-31,2021-09-07,-36167000.0,57842471000.0,56946985000.0,,,0.048,57.006,-45038000.0,1475662000.0,1475662000.0,0.0,812245000.0,,8.25,11713091000.0,,,11713091000.0,0.0,180203000.0,38937906000.0,0.021,2.4,1192561000.0,1372764000.0,0.497,1372764000.0,1192561000.0,1192561000.0,7.33,7.17,7.33,6253184000.0,6171436500.0,6253184000.0,21065516701.0,18.0,15.345,798785000.0,7.282,1.0,2761346000.0,1.0,3140726000.0,0.0,64939174000.0,62951445750.0,0.0,50428639000.0,,,51589287000.0,,,12712164701.0,181275000.0,12172000.0,-444034000.0,1275805000.0,-265476000.0,456123000.0,-1118671000.0,-1573209000.0,843823000.0,0.0,812245000.0,812245000.0,812245000.0,0.0,0.0,0.294,1505777000.0,1255569000.0,0.0,0.327,2.033,15.651,15.802,331426000.0,0.0,115.83,4.604,4.601,0.0,4553630000.0,2761346000.0,2761346000.0,0.0,0.014,0.132,0.019,0.432,0.0,1500449000.0,1.0,109748465.0,109694000.0,,25.173,54701745000.0,0.0,380316000.0,0.0,498.676,
58,MTB,MRT,2006-12-31,2006-12-31,2006-12-31,2021-09-07,-53574000.0,57064905000.0,56341332750.0,,,0.049,56.755,-41988000.0,1631603000.0,1631603000.0,0.0,839189000.0,,8.085,9984955000.0,,,9984955000.0,0.0,175931000.0,39910503000.0,0.018,2.25,1231642000.0,1407573000.0,0.506,1407573000.0,1231642000.0,1231642000.0,7.55,7.37,7.55,6281095000.0,6088007750.0,6281095000.0,22190838512.0,18.0,15.765,497875000.0,4.499,1.0,2783393000.0,1.0,3159082000.0,0.0,62259175000.0,62102543750.0,0.0,49785699000.0,,,50783810000.0,,,13519401512.0,134505000.0,0.0,-373860000.0,-1353515000.0,-249817000.0,-38653000.0,-366705000.0,-776929000.0,539863000.0,0.0,839189000.0,839189000.0,839189000.0,0.0,0.0,0.301,1488743000.0,1294650000.0,0.0,0.298,2.152,16.11,16.18,335008000.0,0.0,122.16,4.857,4.857,0.0,4443441000.0,2783393000.0,2783393000.0,0.0,0.015,0.138,0.02,0.442,0.0,1488743000.0,1.0,110669626.0,110669626.0,,25.15,53905823000.0,0.0,392453000.0,0.0,487.088,
59,MTB,MRT,2006-09-30,2006-09-30,2006-09-30,2021-09-07,-86940000.0,56373476000.0,55861708000.0,,,0.049,55.393,-38006000.0,1470407000.0,1470407000.0,0.0,830845000.0,,8.165,10141844000.0,,,10141844000.0,0.0,170912000.0,39078789000.0,0.018,2.1,1226415000.0,1397327000.0,0.506,1397327000.0,1226415000.0,1226415000.0,7.44,7.27,7.44,6151243000.0,5986830500.0,6151243000.0,22751280163.0,19.0,16.282,1598436000.0,14.394,1.0,2763470000.0,1.0,3179759000.0,0.0,61865154000.0,62034016000.0,0.0,49254702000.0,,,50222233000.0,,,13316392163.0,-62498000.0,0.0,-400757000.0,-971959000.0,-233966000.0,-589571000.0,-1109369000.0,-1604714000.0,1636442000.0,0.0,830845000.0,830845000.0,830845000.0,0.0,0.0,0.301,1511324000.0,1252146000.0,0.0,0.282,2.165,16.028,16.124,332504000.0,0.0,119.96,4.819,4.82,0.0,4296655000.0,2763470000.0,2763470000.0,0.0,0.015,0.139,0.02,0.444,0.0,1480031000.0,1.0,111006937.0,111047000.0,,24.886,53193717000.0,0.0,395570000.0,0.0,479.02,
60,MTB,MRT,2006-06-30,2006-06-30,2006-06-30,2021-09-07,-147794000.0,56507088000.0,55478676250.0,,,0.049,53.93,-36825000.0,1604435000.0,1604435000.0,0.0,811549000.0,,8.417,11039323000.0,,,11039323000.0,0.0,166255000.0,38513683000.0,0.017,1.95,1207692000.0,1373947000.0,0.508,1373947000.0,1207692000.0,1207692000.0,7.23,7.06,7.23,6000224000.0,5910775500.0,6000224000.0,22251471523.0,18.0,16.195,478967000.0,4.305,1.0,2704056000.0,1.0,3199696000.0,0.0,62742280000.0,61926667750.0,0.0,49065043000.0,,,50506864000.0,,,13108304523.0,111447000.0,0.0,-464179000.0,463535000.0,-218343000.0,130930000.0,-535275000.0,-843371000.0,515792000.0,0.0,811549000.0,811549000.0,811549000.0,0.0,0.0,0.3,1456707000.0,1247349000.0,0.0,0.27,2.185,16.152,16.31,334873000.0,0.0,117.92,4.848,4.852,0.0,4152943000.0,2704056000.0,2704056000.0,0.0,0.015,0.137,0.02,0.447,0.0,1445350000.0,1.0,111162691.0,111259000.0,,24.304,53307392000.0,0.0,396143000.0,0.0,479.129,
61,MTB,MRT,2006-03-31,2006-03-31,2006-03-31,2021-09-07,-122887000.0,55419862000.0,54972390750.0,,,0.049,52.998,-29062000.0,1300750000.0,1300750000.0,0.0,795810000.0,,8.362,10443917000.0,,,10443917000.0,0.0,170047000.0,38171385000.0,0.016,1.8,1185897000.0,1355944000.0,0.505,1355944000.0,1185897000.0,1185897000.0,7.05,6.88,7.05,5919469000.0,5870150250.0,5919469000.0,22607202991.0,19.0,16.673,62964000.0,0.564,1.0,2685705000.0,1.0,3019463000.0,0.0,61543566000.0,61380502500.0,0.0,48715102000.0,,,49500393000.0,,,12756203991.0,-84631000.0,-12172000.0,-458538000.0,-705746000.0,-202951000.0,642884000.0,-819541000.0,-715916000.0,92026000.0,0.0,795810000.0,795810000.0,795810000.0,0.0,0.0,0.296,1446096000.0,1239609000.0,0.0,0.255,2.155,16.029,16.19,329212000.0,0.0,114.14,4.75,4.747,0.0,4007075000.0,2685705000.0,2685705000.0,0.0,0.014,0.136,0.019,0.442,0.0,1446096000.0,1.0,111759278.0,111693000.0,,24.045,52400399000.0,0.0,390087000.0,0.0,469.147,
62,MTB,MRT,2005-12-31,2005-12-31,2005-12-31,2021-09-07,-97930000.0,55146406000.0,54589229750.0,,,0.049,52.293,-26546000.0,1498867000.0,1498867000.0,0.0,782183000.0,,8.384,11349866000.0,,,11349866000.0,0.0,173748000.0,37100174000.0,0.016,1.75,1170919000.0,1344667000.0,0.506,1344667000.0,1170919000.0,1170919000.0,6.88,6.73,6.88,5876386000.0,5808684250.0,5876386000.0,21874309417.0,19.0,16.267,271826000.0,2.419,1.0,2656061000.0,1.0,3012341000.0,0.0,61985064000.0,61148932000.0,0.0,48284763000.0,,,49270020000.0,,,12254411417.0,126655000.0,0.0,-509609000.0,324817000.0,-198619000.0,1404509000.0,-1576226000.0,-1437218000.0,298372000.0,0.0,782183000.0,782183000.0,782183000.0,0.0,0.0,0.294,1428337000.0,1227724000.0,0.0,0.254,2.085,15.667,15.85,337115000.0,0.0,109.05,4.614,4.614,0.0,3854275000.0,2656061000.0,2656061000.0,0.0,0.014,0.135,0.019,0.441,0.0,1428337000.0,1.0,112374245.0,112374245.0,,23.636,52134065000.0,0.0,388736000.0,0.0,463.933,
63,MTB,MRT,2005-09-30,2005-09-30,2005-09-30,2021-09-07,-45285000.0,54841349000.0,54037308500.0,,,0.049,51.502,-27181000.0,1432971000.0,1432971000.0,0.0,769403000.0,,8.379,11052869000.0,,,11052869000.0,0.0,178406000.0,37199015000.0,0.016,1.7,1154650000.0,1333056000.0,0.506,1333056000.0,1154650000.0,1154650000.0,6.72,6.56,6.72,5847023000.0,5771991250.0,5847023000.0,21144372526.0,18.0,15.862,-267852000.0,-2.359,1.0,2632600000.0,1.0,3025486000.0,0.0,61435761000.0,60539493500.0,0.0,48113979000.0,,,48994326000.0,,,12029287526.0,-337589000.0,0.0,-559367000.0,-286629000.0,-194274000.0,1316930000.0,-1413848000.0,-1152315000.0,-240671000.0,0.0,769403000.0,769403000.0,769403000.0,0.0,0.0,0.292,1417455000.0,1215145000.0,0.0,0.253,2.057,15.635,15.731,340093000.0,0.0,105.71,4.569,4.559,0.0,3699973000.0,2632600000.0,2632600000.0,0.0,0.014,0.133,0.019,0.439,0.0,1417455000.0,1.0,113795171.0,113530000.0,,23.189,51815863000.0,0.0,385247000.0,0.0,456.407,
64,MTB,MRT,2005-06-30,2005-06-30,2005-06-30,2021-09-07,-37812000.0,54481946000.0,53548696250.0,,,0.049,51.231,-26401000.0,1487806000.0,1487806000.0,0.0,764770000.0,,8.333,10602891000.0,,,10602891000.0,0.0,183556000.0,37305832000.0,0.016,1.65,1128512000.0,1312068000.0,0.496,1312068000.0,1128512000.0,1128512000.0,6.63,6.48,6.63,5837723000.0,5737810500.0,5837723000.0,21737333626.0,19.0,16.567,242255000.0,2.126,1.0,2645134000.0,1.0,3039412000.0,0.0,60557619000.0,60030139750.0,0.0,47788536000.0,,,48644223000.0,,,11953800626.0,-227454000.0,0.0,-539426000.0,-86440000.0,-189939000.0,1676765000.0,-2172875000.0,-2036113000.0,268656000.0,0.0,764770000.0,764770000.0,764770000.0,0.0,0.0,0.289,1451434000.0,1193700000.0,0.0,0.249,2.048,15.631,15.861,345458000.0,0.0,105.16,4.519,4.53,0.0,3559925000.0,2645134000.0,2645134000.0,0.0,0.014,0.133,0.019,0.427,0.0,1451434000.0,1.0,113672505.0,113949000.0,,23.213,51442534000.0,0.0,363742000.0,0.0,451.452,
65,MTB,MRT,2005-03-31,2005-03-31,2005-03-31,2021-09-07,-61490000.0,53887218000.0,52951824250.0,,,0.049,49.433,-30321000.0,1380449000.0,1380449000.0,0.0,752321000.0,,8.498,11163982000.0,,,11163982000.0,0.0,190385000.0,36293407000.0,0.016,1.6,1114012000.0,1304397000.0,0.5,1304397000.0,1114012000.0,1114012000.0,6.46,6.32,6.46,5673605000.0,5692551250.0,5673605000.0,21422775896.0,19.0,16.424,729264000.0,6.354,1.0,2607400000.0,1.0,3053467000.0,0.0,60617284000.0,59380478000.0,0.0,47272877000.0,,,48213613000.0,,,11744598896.0,-546866000.0,0.0,-636855000.0,501768000.0,-185768000.0,2688388000.0,-3994839000.0,-3721895000.0,759585000.0,0.0,752321000.0,752321000.0,752321000.0,0.0,0.0,0.289,1423005000.0,1184395000.0,0.0,0.248,2.07,15.611,15.799,356623000.0,0.0,102.06,4.504,4.492,0.0,3414395000.0,2607400000.0,2607400000.0,0.0,0.014,0.132,0.019,0.427,0.0,1423005000.0,1.0,115075435.0,114773000.0,,22.718,50833751000.0,0.0,361691000.0,0.0,442.907,
66,MTB,MRT,2004-12-31,2004-12-31,2004-12-31,2021-09-07,-17209000.0,52938721000.0,52188139750.0,,,0.049,49.334,-31785000.0,1374046000.0,1374046000.0,0.0,722521000.0,,8.239,11052223000.0,,,11052223000.0,0.0,196074000.0,35429473000.0,0.015,1.6,1066523000.0,1262597000.0,0.489,1262597000.0,1066523000.0,1066523000.0,6.14,6.0,6.14,5729614000.0,5707685250.0,5729614000.0,22121845817.0,21.0,17.521,692585000.0,5.963,1.0,2582541000.0,1.0,3069588000.0,0.0,59547310000.0,58346421250.0,0.0,46406178000.0,,,47209107000.0,,,12524504817.0,-535978000.0,0.0,-610261000.0,1086335000.0,-187669000.0,2697654000.0,-3958002000.0,-3822483000.0,724370000.0,0.0,722521000.0,722521000.0,722521000.0,0.0,0.0,0.28,1440608000.0,1141933000.0,0.0,0.261,2.186,17.334,17.564,367204000.0,0.0,107.84,4.85,4.85,0.0,3270887000.0,2582541000.0,2582541000.0,0.0,0.014,0.127,0.018,0.413,0.0,1440608000.0,1.0,116139696.0,116139696.0,,22.237,49869133000.0,0.0,344002000.0,0.0,429.389,
67,MTB,MRT,2004-09-30,2004-09-30,2004-09-30,2021-09-07,85000.0,52886900000.0,51409979750.0,,,0.05,48.849,-28092000.0,1768700000.0,1768700000.0,0.0,697217000.0,,8.262,11366041000.0,,,11366041000.0,0.0,202515000.0,34975699000.0,0.016,1.5,1025396000.0,1227911000.0,0.48,1227911000.0,1025396000.0,1025396000.0,5.88,5.75,5.88,5710300000.0,5704584250.0,5710300000.0,20173479496.0,20.0,16.429,837949000.0,7.168,1.0,2557847000.0,1.0,3085895000.0,0.0,59398346000.0,57146060000.0,0.0,45919835000.0,,,47176600000.0,,,11204451496.0,-520901000.0,0.0,-458642000.0,257158000.0,-177396000.0,2277210000.0,-3664152000.0,-3549941000.0,866041000.0,0.0,697217000.0,697217000.0,697217000.0,0.0,0.0,0.273,1452089000.0,1105758000.0,0.0,0.255,1.962,16.07,16.276,371075000.0,0.0,95.7,4.38,4.374,0.0,3125018000.0,2557847000.0,2557847000.0,0.0,0.014,0.122,0.018,0.401,0.0,1452089000.0,1.0,117078908.0,116897000.0,,21.881,49801005000.0,0.0,328179000.0,0.0,426.025,
68,MTB,MRT,2004-06-30,2004-06-30,2004-06-30,2021-09-07,-15723000.0,52094458000.0,50752964500.0,,,0.05,47.847,-31230000.0,1720514000.0,1720514000.0,0.0,667239000.0,,8.209,10689542000.0,,,10689542000.0,0.0,206397000.0,34953511000.0,0.016,1.4,996904000.0,1203301000.0,0.478,1203301000.0,996904000.0,996904000.0,5.6,5.47,5.6,5656686000.0,5669982250.0,5656686000.0,19120309264.0,19.0,15.89,1217013000.0,10.294,1.0,2518833000.0,1.0,3104514000.0,0.0,57958972000.0,56271539750.0,0.0,45203401000.0,,,46437772000.0,,,10347968264.0,-871888000.0,0.0,-323385000.0,-675695000.0,-166666000.0,1340912000.0,-3461043000.0,-3306028000.0,1248243000.0,0.0,667239000.0,667239000.0,667239000.0,0.0,0.0,0.265,1437648000.0,1081185000.0,0.0,0.25,1.829,15.509,15.589,378437000.0,0.0,87.3,4.108,4.098,0.0,2985266000.0,2518833000.0,2518833000.0,0.0,0.013,0.118,0.018,0.396,0.0,1437648000.0,1.0,118533428.0,118224000.0,,21.306,48989944000.0,0.0,329665000.0,0.0,414.382,
69,MTB,MRT,2004-03-31,2004-03-31,2004-03-31,2021-09-07,57435000.0,50832480000.0,50329132000.0,,,0.05,47.889,-33400000.0,1931225000.0,1931225000.0,0.0,616894000.0,,7.865,10703566000.0,,,10703566000.0,0.0,210613000.0,33340880000.0,0.014,1.3,914621000.0,1125234000.0,0.448,1125234000.0,914621000.0,914621000.0,5.16,5.04,5.16,5734141000.0,5614170000.0,5734141000.0,18778367040.0,21.0,16.688,1087179000.0,9.08,1.0,2510490000.0,1.0,3123764000.0,0.0,56481057000.0,55785048250.0,0.0,43768377000.0,,,45098339000.0,,,10713672040.0,1075084000.0,0.0,-162178000.0,60067000.0,-155366000.0,385456000.0,-430951000.0,-432776000.0,1120579000.0,0.0,616894000.0,616894000.0,616894000.0,0.0,0.0,0.246,1530838000.0,979652000.0,0.0,0.252,1.868,17.367,17.413,387821000.0,0.0,89.85,4.268,4.285,0.0,2848014000.0,2510490000.0,2510490000.0,0.0,0.012,0.11,0.016,0.364,0.0,1508167000.0,1.0,119239533.0,119738000.0,,20.967,47708716000.0,0.0,297727000.0,0.0,398.443,
70,MTB,MRT,2003-12-31,2003-12-31,2003-12-31,2021-09-07,25653000.0,49826081000.0,45981959750.0,,,0.05,47.631,-31631000.0,1912976000.0,1912976000.0,0.0,573942000.0,,7.715,9977671000.0,,,9977671000.0,0.0,191662000.0,33114944000.0,0.012,1.2,850670000.0,1042332000.0,0.453,1042332000.0,850670000.0,850670000.0,5.08,4.95,5.08,5717210000.0,5008814500.0,5717210000.0,20606195095.0,24.0,19.769,1183984000.0,9.864,1.0,2298850000.0,1.0,3144911000.0,0.0,54745865000.0,51457076250.0,0.0,42632360000.0,,,44108871000.0,,,11799140095.0,615651000.0,0.0,0.0,-797204000.0,-135423000.0,-321437000.0,-278527000.0,-203289000.0,1215615000.0,0.0,573942000.0,573942000.0,573942000.0,0.0,0.0,0.25,1370028000.0,928822000.0,0.0,0.236,2.064,20.558,19.35,398971000.0,0.0,98.3,5.133,5.133,0.0,2736215000.0,2298850000.0,2298850000.0,0.0,0.012,0.115,0.017,0.37,0.0,1370028000.0,1.0,120031944.0,120031944.0,,19.152,46681170000.0,0.0,276728000.0,0.0,388.906,
71,MTB,MRT,2003-09-30,2003-09-30,2003-09-30,2021-09-07,40648000.0,50258839000.0,41825734750.0,,,0.05,46.538,-28369000.0,2295586000.0,2295586000.0,0.0,525592000.0,,8.02,11102641000.0,,,11102641000.0,0.0,171160000.0,32414355000.0,0.014,1.2,777915000.0,949075000.0,0.452,949075000.0,777915000.0,777915000.0,4.98,4.86,4.98,5571892000.0,4381631750.0,5571892000.0,19244331118.0,25.0,20.277,982134000.0,8.203,1.0,2098829000.0,1.0,3165629000.0,0.0,55900265000.0,47425519750.0,0.0,42749367000.0,,,44686947000.0,,,10442436118.0,845260000.0,0.0,0.0,140627000.0,-126993000.0,-971227000.0,805984000.0,816765000.0,1010503000.0,0.0,525592000.0,525592000.0,525592000.0,0.0,0.0,0.25,1235294000.0,863535000.0,0.0,0.241,1.874,19.868,17.53,407929000.0,0.0,87.3,4.975,4.98,0.0,2605372000.0,2098829000.0,2098829000.0,0.0,0.013,0.12,0.016,0.371,0.0,1252319000.0,1.0,119615534.0,119727000.0,,17.53,47093210000.0,0.0,252323000.0,0.0,393.338,
72,MTB,MRT,2003-06-30,2003-06-30,2003-06-30,2021-09-07,52366000.0,50399128000.0,37798147500.0,,,0.05,45.509,-23338000.0,2588232000.0,2588232000.0,0.0,479246000.0,,8.276,11390127000.0,,,11390127000.0,0.0,151791000.0,32538773000.0,0.014,1.15,708689000.0,860480000.0,0.458,860480000.0,708689000.0,708689000.0,4.87,4.74,4.87,5433437000.0,3753296750.0,5433437000.0,16972506793.0,24.0,19.724,369750000.0,3.097,1.0,1877174000.0,1.0,3188017000.0,0.0,56013006000.0,43351266750.0,0.0,42609906000.0,,,44965691000.0,,,10042233793.0,1668988000.0,0.0,-31579000.0,2075797000.0,-114010000.0,1742929000.0,-467029000.0,-417967000.0,393088000.0,0.0,479246000.0,479246000.0,479246000.0,0.0,0.0,0.255,1105403000.0,771771000.0,0.0,0.236,1.848,20.954,17.294,413590000.0,0.0,84.22,5.35,5.357,0.0,2484861000.0,1877174000.0,1877174000.0,0.0,0.013,0.128,0.016,0.378,0.0,1109417000.0,1.0,119238112.0,119393000.0,,15.723,47211111000.0,0.0,229443000.0,0.0,395.426,
73,MTB,MRT,2003-03-31,2003-03-31,2003-03-31,2021-09-07,49356000.0,33443791000.0,33119748250.0,,,0.05,35.852,-17369000.0,851690000.0,851690000.0,0.0,459713000.0,,9.096,7781963000.0,,,7781963000.0,0.0,130490000.0,21924222000.0,0.014,1.1,681437000.0,811927000.0,0.491,811927000.0,681437000.0,681437000.0,4.98,4.83,4.98,3312719000.0,3139158750.0,3312719000.0,13887279079.0,20.0,17.104,573363000.0,6.205,1.0,1652042000.0,1.0,1204895000.0,0.0,39169169000.0,38344634500.0,0.0,29975102000.0,,,30131072000.0,,,7252478079.0,-173002000.0,0.0,-140997000.0,1524200000.0,-101328000.0,1632023000.0,-2395757000.0,-2346112000.0,590732000.0,0.0,459713000.0,459713000.0,459713000.0,0.0,0.0,0.278,907523000.0,744519000.0,0.0,0.221,2.189,15.776,15.779,231834000.0,0.0,78.58,4.39,4.395,0.0,2386646000.0,1652042000.0,1652042000.0,0.0,0.014,0.146,0.018,0.412,0.0,921066000.0,1.0,92294198.0,92399000.0,,17.879,32238896000.0,0.0,221724000.0,0.0,348.91,
74,MTB,MRT,2002-12-31,2002-12-31,2002-12-31,2021-09-07,54772000.0,33201181000.0,32582794250.0,,,0.05,34.912,-16835000.0,1291987000.0,1291987000.0,0.0,456752000.0,,9.348,7926788000.0,,,7926788000.0,0.0,129787000.0,21664923000.0,0.013,1.05,675905000.0,805692000.0,0.492,805692000.0,675905000.0,675905000.0,4.94,4.78,4.94,3208479000.0,3047818500.0,3208479000.0,13975270122.0,21.0,17.346,608965000.0,6.626,1.0,1637516000.0,1.0,1216343000.0,0.0,38619639000.0,37370535000.0,0.0,29298090000.0,,,29992702000.0,,,7292377122.0,277381000.0,0.0,-240314000.0,1414106000.0,-96858000.0,1234795000.0,-1583214000.0,-1472386000.0,625800000.0,0.0,456752000.0,456752000.0,456752000.0,0.0,0.0,0.279,910127000.0,727389000.0,0.0,0.213,2.273,15.966,16.063,238986000.0,0.0,79.35,4.453,4.453,0.0,2297848000.0,1637516000.0,1637516000.0,0.0,0.014,0.15,0.018,0.413,0.0,910127000.0,1.0,91901413.0,91901413.0,,17.818,31984838000.0,0.0,219153000.0,0.0,348.034,
75,MTB,MRT,2002-09-30,2002-09-30,2002-09-30,2021-09-07,41778000.0,34148490000.0,32145048000.0,,,0.05,33.239,-19169000.0,1442207000.0,1442207000.0,0.0,414948000.0,,10.165,8125100000.0,,,8125100000.0,0.0,145139000.0,22540171000.0,0.013,1.0,622950000.0,768089000.0,0.477,768089000.0,622950000.0,622950000.0,4.47,4.34,4.47,3058552000.0,2980561500.0,3058552000.0,12779742346.0,21.0,16.638,482397000.0,5.242,1.0,1610040000.0,1.0,1228130000.0,0.0,39603253000.0,36635344750.0,0.0,30103574000.0,,,31089938000.0,,,7237654346.0,648081000.0,0.0,-321217000.0,917668000.0,-92741000.0,2580664000.0,-2434149000.0,-2306857000.0,501566000.0,0.0,414948000.0,414948000.0,414948000.0,0.0,0.0,0.258,987090000.0,622950000.0,0.0,0.224,2.366,17.442,17.631,243859000.0,0.0,78.81,4.495,4.504,0.0,2307609000.0,1610040000.0,1610040000.0,0.0,0.013,0.139,0.017,0.387,0.0,917728000.0,1.0,91836751.0,92017000.0,,17.497,32920360000.0,0.0,208002000.0,0.0,357.764,
76,MTB,MRT,2002-06-30,2002-06-30,2002-06-30,2021-09-07,35354000.0,31685531000.0,31392690000.0,,,0.051,32.145,-19378000.0,914104000.0,914104000.0,0.0,402698000.0,,9.644,6456192000.0,,,6456192000.0,0.0,162237000.0,21857572000.0,0.012,1.0,610652000.0,772889000.0,0.486,772889000.0,610652000.0,610652000.0,4.29,4.16,4.29,2976885000.0,2954819000.0,2976885000.0,13186610031.0,22.0,17.061,838709000.0,9.057,1.0,1589965000.0,1.0,1241142000.0,0.0,35986477000.0,35792846000.0,0.0,28170254000.0,,,28708646000.0,,,7955531031.0,164954000.0,0.0,-450180000.0,-1247357000.0,-93776000.0,76378000.0,-769511000.0,-661249000.0,858087000.0,0.0,402698000.0,402698000.0,402698000.0,0.0,0.0,0.253,979313000.0,610652000.0,0.0,0.233,2.672,19.756,19.991,247401000.0,0.0,85.76,5.004,4.995,0.0,2213358000.0,1589965000.0,1589965000.0,0.0,0.013,0.136,0.017,0.384,0.0,891952000.0,1.0,92765054.0,92608000.0,,17.169,30444389000.0,0.0,207954000.0,0.0,328.745,
77,MTB,MRT,2002-03-31,2002-03-31,2002-03-31,2021-09-07,12578000.0,31295975000.0,31271843750.0,,,0.05,31.602,-22757000.0,1020949000.0,1020949000.0,0.0,382999000.0,,9.618,6252028000.0,,,6252028000.0,0.0,178420000.0,21624095000.0,0.012,1.0,589236000.0,767656000.0,0.489,767656000.0,589236000.0,589236000.0,4.04,3.91,4.04,2947358000.0,2957274750.0,2947358000.0,12963064163.0,22.0,16.887,488457000.0,5.237,1.0,1568294000.0,1.0,1254283000.0,0.0,35272771000.0,35997546500.0,0.0,27597460000.0,,,28348617000.0,,,7466556163.0,318670000.0,0.0,-423061000.0,-185243000.0,-94934000.0,-5875000.0,-186669000.0,-48230000.0,511214000.0,0.0,382999000.0,382999000.0,382999000.0,0.0,0.0,0.244,979058000.0,589236000.0,0.0,0.248,2.533,19.495,19.894,254147000.0,0.0,80.37,4.761,4.78,0.0,2115001000.0,1568294000.0,1568294000.0,0.0,0.012,0.13,0.016,0.376,0.0,873690000.0,1.0,92902279.0,93265000.0,,16.815,30041692000.0,0.0,206237000.0,0.0,322.111,
78,MTB,MRT,2001-12-31,2001-12-31,2001-12-31,2021-09-07,22819000.0,31450196000.0,31178985750.0,,,0.049,31.112,-23738000.0,1011091000.0,1011091000.0,0.0,353088000.0,,9.699,6507599000.0,,,6507599000.0,0.0,193944000.0,21580400000.0,0.014,1.0,551639000.0,745583000.0,0.487,745583000.0,551639000.0,551639000.0,3.69,3.58,3.69,2939451000.0,2968449750.0,2939451000.0,13294043677.0,24.0,17.83,130564000.0,1.382,1.0,1532214000.0,1.0,1267826000.0,0.0,35678878000.0,35999047000.0,0.0,27825818000.0,,,28510745000.0,,,6882902677.0,239230000.0,0.0,-323744000.0,954550000.0,-95872000.0,530017000.0,-445089000.0,-321393000.0,154302000.0,0.0,353088000.0,353088000.0,353088000.0,0.0,0.0,0.23,980575000.0,551639000.0,0.0,0.271,2.342,19.493,19.743,261877000.0,0.0,72.85,4.492,4.492,0.0,2017700000.0,1532214000.0,1532214000.0,0.0,0.011,0.119,0.015,0.36,0.0,858939000.0,1.0,94480476.0,94480476.0,,16.217,30182370000.0,0.0,198551000.0,0.0,319.456,
79,MTB,MRT,2001-09-30,2001-09-30,2001-09-30,2021-09-07,42750000.0,31139058000.0,30553800750.0,,,0.048,30.75,-23839000.0,791951000.0,791951000.0,0.0,348308000.0,,9.536,7203092000.0,,,7203092000.0,0.0,190008000.0,20521937000.0,0.014,1.0,541286000.0,731294000.0,0.494,731294000.0,541286000.0,541286000.0,3.64,3.5,3.64,2955582000.0,2908708250.0,2955582000.0,14083289914.0,26.0,19.258,228557000.0,2.378,1.0,1479480000.0,1.0,1316941000.0,0.0,36233258000.0,35196019250.0,0.0,27728875000.0,,,28183476000.0,,,7132205914.0,224291000.0,0.0,-242841000.0,1049670000.0,-95640000.0,34810000.0,-62915000.0,48600000.0,252396000.0,0.0,348308000.0,348308000.0,348308000.0,0.0,0.0,0.235,868618000.0,610862000.0,0.0,0.275,2.413,20.477,20.33,264257000.0,0.0,74.0,4.821,4.807,0.0,1939472000.0,1479480000.0,1479480000.0,0.0,0.011,0.12,0.015,0.366,0.0,818968000.0,1.0,96381161.0,96115000.0,,15.393,29822117000.0,0.0,192978000.0,0.0,310.275,
80,MTB,MRT,2001-06-30,2001-06-30,2001-06-30,2021-09-07,10417000.0,31202146000.0,28271264750.0,,,0.048,30.751,-25392000.0,747313000.0,747313000.0,0.0,324857000.0,,9.447,7698397000.0,,,7698397000.0,0.0,167667000.0,20041441000.0,0.012,0.875,506831000.0,674498000.0,0.495,674498000.0,506831000.0,506831000.0,3.59,3.46,3.59,2986708000.0,2654705000.0,2986708000.0,13059466570.0,26.0,19.362,129542000.0,1.334,1.0,1362790000.0,1.0,1347951000.0,0.0,36805279000.0,32612748500.0,0.0,27779862000.0,,,28215438000.0,,,7325775570.0,134231000.0,0.0,-82299000.0,2236446000.0,-81268000.0,379631000.0,-400334000.0,-298771000.0,154934000.0,0.0,324857000.0,324857000.0,324857000.0,0.0,0.0,0.238,786383000.0,576407000.0,0.0,0.244,2.453,22.551,21.031,268584000.0,0.0,75.5,5.376,5.381,0.0,1865605000.0,1362790000.0,1362790000.0,0.0,0.011,0.122,0.016,0.372,0.0,753933000.0,1.0,97030140.0,97125000.0,,14.031,29854195000.0,0.0,181974000.0,0.0,307.379,
81,MTB,MRT,2001-03-31,2001-03-31,2001-03-31,2021-09-07,21088000.0,30924543000.0,25907253250.0,,,0.048,31.354,-20257000.0,700735000.0,700735000.0,0.0,301587000.0,,9.336,6434426000.0,,,6434426000.0,0.0,145417000.0,20977683000.0,0.011,0.75,469285000.0,614702000.0,0.493,614702000.0,469285000.0,469285000.0,3.54,3.43,3.54,2992058000.0,2371032250.0,2992058000.0,11474491117.0,24.0,18.667,208365000.0,2.184,1.0,1247942000.0,1.0,1379461000.0,0.0,35278773000.0,29634009000.0,0.0,27517058000.0,,,27932485000.0,,,6757773117.0,-370926000.0,0.0,-22583000.0,509829000.0,-66560000.0,-281166000.0,-318382000.0,-194469000.0,228622000.0,0.0,301587000.0,301587000.0,301587000.0,0.0,0.0,0.242,709081000.0,538861000.0,0.0,0.212,2.259,22.407,19.746,272794000.0,0.0,69.9,5.415,5.345,0.0,1795093000.0,1247942000.0,1247942000.0,0.0,0.012,0.127,0.016,0.376,0.0,693677000.0,1.0,96677727.0,95427000.0,,13.077,29545082000.0,0.0,167698000.0,0.0,309.609,
82,MTB,MRT,2000-12-31,2000-12-31,2000-12-31,2021-09-07,-432000.0,28949456000.0,23866506000.0,,,0.048,29.069,-18784000.0,770622000.0,770622000.0,0.0,286156000.0,,9.72,5487340000.0,,,5487340000.0,0.0,124132000.0,20232673000.0,0.009,0.625,446406000.0,570538000.0,0.5,570538000.0,446406000.0,446406000.0,3.55,3.44,3.55,2700485000.0,2081081750.0,2700485000.0,10819259628.0,24.0,18.963,327858000.0,3.529,1.0,1140859000.0,1.0,1199407000.0,0.0,32466767000.0,27288516500.0,0.0,25715395000.0,,,26248971000.0,,,6317160628.0,-468790000.0,0.0,-54947000.0,138458000.0,-51987000.0,-255381000.0,-560051000.0,-462155000.0,346642000.0,0.0,286156000.0,286156000.0,286156000.0,0.0,0.0,0.251,624877000.0,515982000.0,0.0,0.176,2.339,22.076,19.155,257975000.0,0.0,68.0,5.537,5.537,0.0,1735643000.0,1140859000.0,1140859000.0,0.0,0.012,0.138,0.016,0.391,0.0,624877000.0,1.0,92899421.0,92899421.0,,12.281,27750049000.0,0.0,160250000.0,0.0,298.711,
83,MTB,MRT,2000-09-30,2000-09-30,2000-09-30,2021-09-07,-32376000.0,22008914000.0,22231420750.0,,,0.047,25.272,-23032000.0,565204000.0,565204000.0,0.0,280307000.0,,10.347,5067303000.0,,,5067303000.0,0.0,107040000.0,14682436000.0,0.01,0.5,438017000.0,545057000.0,0.52,545057000.0,438017000.0,438017000.0,3.64,3.53,3.64,1939569000.0,1855222000.0,1939569000.0,7672795580.0,18.0,14.077,293522000.0,3.824,1.0,1047330000.0,1.0,610838000.0,0.0,25900175000.0,25385066000.0,0.0,19841564000.0,,,20069345000.0,,,3903926580.0,-471504000.0,0.0,-128487000.0,1462668000.0,-38437000.0,573053000.0,-1361111000.0,-1266457000.0,316554000.0,0.0,280307000.0,280307000.0,280307000.0,0.0,0.0,0.268,559598000.0,487732000.0,0.0,0.137,2.013,13.927,14.011,161679000.0,0.0,51.0,3.728,3.737,0.0,1686940000.0,1047330000.0,1047330000.0,0.0,0.013,0.151,0.017,0.418,0.0,551846000.0,1.0,76547580.0,76748000.0,,13.646,21398076000.0,0.0,157710000.0,0.0,278.81,
84,MTB,MRT,2000-06-30,2000-06-30,2000-06-30,2021-09-07,-47725000.0,21746100000.0,22169017500.0,,,0.046,24.168,-19550000.0,610866000.0,610866000.0,0.0,273455000.0,,10.742,4379735000.0,,,4379735000.0,0.0,104154000.0,15223488000.0,0.011,0.5,429401000.0,533555000.0,0.518,533555000.0,429401000.0,429401000.0,3.53,3.42,3.53,1852017000.0,1824621750.0,1852017000.0,7231053250.0,17.0,13.553,342788000.0,4.473,1.0,1029653000.0,1.0,624648000.0,0.0,24890321000.0,24826537250.0,0.0,19529345000.0,,,19894083000.0,,,3457559250.0,-352623000.0,0.0,-133942000.0,631739000.0,-38684000.0,137903000.0,-852864000.0,-1310012000.0,362338000.0,0.0,273455000.0,273455000.0,273455000.0,0.0,0.0,0.266,550537000.0,479116000.0,0.0,0.142,1.867,12.644,12.748,161367000.0,0.0,45.0,3.358,3.349,0.0,1622130000.0,1029653000.0,1029653000.0,0.0,0.012,0.15,0.017,0.417,0.0,544057000.0,1.0,76834650.0,76631000.0,,13.437,21121452000.0,0.0,155946000.0,0.0,275.625,
85,MTB,MRT,2000-03-31,2000-03-31,2000-03-31,2021-09-07,-23928000.0,22761554000.0,22033855500.0,,,0.046,23.761,-21568000.0,1069509000.0,1069509000.0,0.0,266955000.0,,11.423,4843003000.0,,,4843003000.0,0.0,100402000.0,15151438000.0,0.011,0.475,419785000.0,520187000.0,0.515,520187000.0,419785000.0,419785000.0,3.435,3.31,3.435,1832256000.0,1804744250.0,1832256000.0,7167768638.0,17.0,13.779,575288000.0,7.46,1.0,1009874000.0,1.0,638245000.0,0.0,25896803000.0,24449569500.0,0.0,20109434000.0,,,20929298000.0,,,3432323638.0,261891000.0,0.0,-111359000.0,1387516000.0,-36999000.0,773605000.0,-1108570000.0,-1574575000.0,596856000.0,0.0,266955000.0,266955000.0,266955000.0,0.0,0.0,0.264,540374000.0,469500000.0,0.0,0.138,1.873,12.857,12.999,169194000.0,0.0,44.65,3.399,3.409,0.0,1560158000.0,1009874000.0,1009874000.0,0.0,0.012,0.148,0.017,0.416,0.0,536819000.0,1.0,76871750.0,77112000.0,,13.096,22123309000.0,0.0,152830000.0,0.0,286.898,
86,MTB,MRT,1999-12-31,1999-12-31,1999-12-31,2021-09-07,-26047000.0,22409115000.0,21414678250.0,,,0.047,23.056,-22933000.0,1237402000.0,1237402000.0,0.0,265626000.0,,11.47,4329292000.0,,,4329292000.0,0.0,96976000.0,15373620000.0,0.011,0.45,418314000.0,515290000.0,0.517,515290000.0,418314000.0,418314000.0,3.41,3.28,3.41,1797046000.0,1763491750.0,1797046000.0,5798112448.0,14.0,11.252,583688000.0,7.489,1.0,997272000.0,1.0,648040000.0,0.0,24852965000.0,23570291250.0,0.0,19632242000.0,,,20612069000.0,,,3228773448.0,513452000.0,0.0,-79784000.0,512768000.0,-35128000.0,-99949000.0,6780000.0,-494194000.0,606621000.0,0.0,265626000.0,265626000.0,265626000.0,0.0,0.0,0.266,529243000.0,468029000.0,0.0,0.132,1.797,12.155,12.148,173815000.0,0.0,41.425,3.238,3.238,0.0,1501530000.0,997272000.0,997272000.0,0.0,0.012,0.151,0.018,0.419,0.0,529243000.0,1.0,77942630.0,77942630.0,,12.795,21761075000.0,0.0,152688000.0,0.0,279.193,
87,MTB,MRT,1999-09-30,1999-09-30,1999-09-30,2021-09-07,-22078000.0,21759301000.0,20958372250.0,,,0.047,23.059,-27976000.0,1035589000.0,1035589000.0,0.0,257351000.0,,10.974,3604928000.0,,,3604928000.0,0.0,92647000.0,15416516000.0,0.009,0.425,407971000.0,500618000.0,0.513,500618000.0,407971000.0,407971000.0,3.306,3.183,3.306,1817168000.0,1714821750.0,1817168000.0,6409331900.0,16.0,12.803,532797000.0,6.761,1.0,976638000.0,1.0,662580000.0,0.0,23666060000.0,23192277000.0,0.0,19177116000.0,,,19942133000.0,,,3611457900.0,492225000.0,189818000.0,-102495000.0,560432000.0,-33135000.0,316275000.0,-458511000.0,-854447000.0,560773000.0,0.0,257351000.0,257351000.0,257351000.0,0.0,0.0,0.264,534180000.0,442458000.0,0.0,0.129,1.987,14.033,13.884,169709000.0,0.0,45.9,3.698,3.704,0.0,1445114000.0,976638000.0,976638000.0,0.0,0.012,0.15,0.018,0.418,0.0,523191000.0,1.0,78681000.0,78804000.0,,12.393,21096721000.0,0.0,150620000.0,0.0,267.711,
88,MTB,MRT,1999-06-30,1999-06-30,1999-06-30,2021-09-07,-13595000.0,21205452000.0,20388147000.0,,,0.047,22.745,-23659000.0,965133000.0,965133000.0,0.0,246264000.0,,10.964,3763007000.0,,,3763007000.0,0.0,91114000.0,14908952000.0,0.007,0.4,390944000.0,482058000.0,0.506,482058000.0,390944000.0,390944000.0,3.155,3.034,3.155,1772507000.0,1672824000.0,1772507000.0,6887939050.0,18.0,14.289,386571000.0,4.96,1.0,953203000.0,1.0,620876000.0,0.0,23382450000.0,22629110000.0,0.0,18729917000.0,,,19432945000.0,,,4258612050.0,114174000.0,189818000.0,-157857000.0,475093000.0,-31227000.0,-114365000.0,-644343000.0,-510250000.0,410230000.0,0.0,246264000.0,246264000.0,246264000.0,0.0,0.0,0.258,527772000.0,425431000.0,0.0,0.127,2.403,17.293,17.433,164891000.0,0.0,55.0,4.468,4.497,0.0,1387403000.0,953203000.0,953203000.0,0.0,0.012,0.147,0.017,0.41,0.0,518442000.0,1.0,77429310.0,77930000.0,,12.232,20584576000.0,0.0,144680000.0,0.0,264.142,
89,MTB,MRT,1999-03-31,1999-03-31,1999-03-31,2021-09-07,620000.0,20284845000.0,20121295250.0,,,0.047,21.566,-20168000.0,806894000.0,806894000.0,0.0,225925000.0,,11.167,3436221000.0,,,3436221000.0,0.0,90914000.0,14475945000.0,0.008,0.4,365420000.0,456334000.0,0.487,456334000.0,365420000.0,365420000.0,2.875,2.766,2.875,1667246000.0,1644449250.0,1667246000.0,7003468826.0,19.0,15.347,184553000.0,2.387,1.0,937136000.0,1.0,534482000.0,0.0,22379690000.0,22280880500.0,0.0,18067396000.0,,,18617599000.0,,,3700415826.0,166483000.0,189818000.0,-215983000.0,485643000.0,-31370000.0,-124891000.0,-370234000.0,-241858000.0,204721000.0,0.0,225925000.0,225925000.0,225925000.0,0.0,0.0,0.241,537229000.0,399907000.0,0.0,0.139,2.219,16.379,16.661,159222000.0,0.0,47.9,3.949,3.952,0.0,1330244000.0,937136000.0,937136000.0,0.0,0.011,0.137,0.016,0.39,0.0,528202000.0,1.0,77252940.0,77310000.0,,12.122,19750363000.0,0.0,139495000.0,0.0,255.47,
90,MTB,MRT,1998-12-31,1998-12-31,1998-12-31,2021-09-07,2869000.0,20583891000.0,18692656500.0,,,0.048,20.609,-16785000.0,494466000.0,494466000.0,0.0,207974000.0,,11.846,3797519000.0,,,3797519000.0,0.0,79569000.0,14737152000.0,0.007,0.38,325563000.0,405132000.0,0.454,405132000.0,325563000.0,325563000.0,2.73,2.62,2.73,1602366000.0,1494850000.0,1602366000.0,6525951330.0,20.0,16.108,19863000.0,0.255,1.0,891686000.0,1.0,546036000.0,0.0,23340908000.0,20706284750.0,0.0,18672935000.0,,,18981525000.0,,,4034822330.0,335966000.0,189818000.0,-231779000.0,1520648000.0,-28977000.0,1085612000.0,-786294000.0,-780477000.0,36648000.0,0.0,207974000.0,207974000.0,207974000.0,0.0,0.0,0.233,531636000.0,360050000.0,0.0,0.139,2.518,19.401,19.009,162842000.0,0.0,51.894,4.525,4.525,0.0,1271071000.0,891686000.0,891686000.0,0.0,0.011,0.139,0.016,0.365,0.0,531636000.0,1.0,77751230.0,77751230.0,,11.468,20037855000.0,0.0,117589000.0,0.0,257.718,
91,MTB,MRT,1998-09-30,1998-09-30,1998-09-30,2021-09-07,6782000.0,19478400000.0,17047417500.0,,,0.049,20.703,0.0,543526000.0,543526000.0,0.0,196431000.0,,10.811,3034655000.0,,,3034655000.0,0.0,68357000.0,14394401000.0,0.008,0.36,304202000.0,372559000.0,0.442,372559000.0,304202000.0,304202000.0,2.699,2.58,2.699,1649177000.0,1351825000.0,1649177000.0,6099401595.0,20.0,16.372,47700000.0,0.599,1.0,842285000.0,1.0,556137000.0,0.0,21413392000.0,18653535500.0,0.0,17496539000.0,,,17829223000.0,,,3681036595.0,161281000.0,0.0,-135528000.0,1049685000.0,-26566000.0,320009000.0,11663000.0,0.0,47700000.0,0.0,196431000.0,196431000.0,196431000.0,0.0,0.0,0.233,538083000.0,304202000.0,0.0,0.133,2.232,18.74,17.08,170920000.0,0.0,46.1,4.37,4.36,0.0,1220942000.0,842285000.0,842285000.0,0.0,0.012,0.145,0.016,0.361,0.0,512680000.0,1.0,79848950.0,79660000.0,,10.573,18922263000.0,0.0,107771000.0,0.0,237.538,
92,MTB,MRT,1998-06-30,1998-06-30,1998-06-30,2021-09-07,6642000.0,20138045000.0,15596600750.0,,,0.051,20.606,0.0,848353000.0,848353000.0,0.0,185845000.0,,11.139,3266718000.0,,,3266718000.0,0.0,55967000.0,14812959000.0,0.006,0.34,287441000.0,343408000.0,0.434,343408000.0,287441000.0,287441000.0,2.686,2.561,2.686,1659008000.0,1184920250.0,1659008000.0,5965647346.0,21.0,17.372,49200000.0,0.611,1.0,791740000.0,1.0,566878000.0,0.0,21989532000.0,16932520750.0,0.0,17807997000.0,,,18479037000.0,,,4454630346.0,402280000.0,0.0,-93780000.0,1685594000.0,-23900000.0,1189893000.0,16279000.0,0.0,49200000.0,0.0,185845000.0,185845000.0,185845000.0,0.0,0.0,0.235,504299000.0,287441000.0,0.0,0.127,2.685,23.97,20.625,173678000.0,0.0,55.4,5.626,5.633,0.0,1172399000.0,791740000.0,791740000.0,0.0,0.012,0.157,0.017,0.363,0.0,487950000.0,1.0,80408490.0,80510000.0,,9.834,19571167000.0,0.0,101596000.0,0.0,243.09,
93,MTB,MRT,1998-03-31,1998-03-31,1998-03-31,2021-09-07,4827000.0,14570290000.0,13922338250.0,,,0.053,16.034,0.0,640739000.0,640739000.0,0.0,183937000.0,,12.632,2151756000.0,,,2151756000.0,0.0,43724000.0,11084835000.0,0.006,0.32,281275000.0,324999000.0,0.444,324999000.0,281275000.0,281275000.0,2.777,2.646,2.777,1068849000.0,1007927500.0,1068849000.0,4469898052.0,16.0,13.754,47000000.0,0.705,1.0,732640000.0,1.0,0.0,0.0,16081307000.0,14943305250.0,0.0,13332003000.0,,,13501441000.0,,,3332315052.0,242109000.0,0.0,-54827000.0,869741000.0,-21186000.0,1198491000.0,96792000.0,0.0,47000000.0,0.0,183937000.0,183937000.0,183937000.0,0.0,0.0,0.251,451365000.0,281275000.0,0.0,0.115,3.118,18.117,18.001,119834000.0,0.0,49.988,4.548,4.548,0.0,1135722000.0,732640000.0,732640000.0,0.0,0.013,0.182,0.019,0.384,0.0,444032000.0,1.0,66662300.0,66660000.0,,10.991,14570290000.0,0.0,97338000.0,0.0,218.576,
94,MTB,MRT,1997-12-31,1997-12-31,1997-12-31,2021-09-07,12016000.0,14002935000.0,13560323750.0,,,0.052,15.615,0.0,334473000.0,334473000.0,0.0,176241000.0,,12.592,1478737000.0,,,1478737000.0,0.0,42402000.0,11163158000.0,0.007,0.32,282159000.0,324561000.0,0.461,324561000.0,282159000.0,282159000.0,2.66,2.526,2.66,1030266000.0,968761000.0,1030266000.0,3922204435.0,14.0,12.085,46000000.0,0.697,1.0,703935000.0,1.0,17288000.0,0.0,15129911000.0,14247795750.0,0.0,13057508000.0,,,12972669000.0,,,3068004435.0,-63093000.0,0.0,-67771000.0,171880000.0,-21207000.0,596044000.0,217221000.0,0.0,46000000.0,0.0,176241000.0,176241000.0,176241000.0,0.0,0.0,0.25,421776000.0,282159000.0,0.0,0.12,2.978,17.408,17.481,121984000.0,0.0,46.5,4.358,4.358,0.0,1092106000.0,703935000.0,703935000.0,0.0,0.013,0.182,0.02,0.401,0.0,414485000.0,1.0,65978590.0,65978590.0,,10.669,13985647000.0,0.0,105918000.0,0.0,211.973,
95,MTB,MRT,1997-09-30,1997-09-30,1997-09-30,2021-09-07,11244000.0,13675133000.0,13295568750.0,,,0.052,14.89,0.0,382132000.0,382132000.0,0.0,170361000.0,,12.932,1236332000.0,,,1236332000.0,0.0,44556000.0,11204964000.0,0.007,0.31,275321000.0,319877000.0,0.461,319877000.0,275321000.0,275321000.0,2.652,2.432,2.652,981558000.0,937609250.0,981558000.0,3323088385.0,12.0,10.389,45475000.0,0.69,1.0,693463000.0,1.0,0.0,0.0,14529333000.0,13909016500.0,0.0,12794890000.0,,,12693575000.0,,,2731413385.0,-40867000.0,0.0,-84466000.0,-16392000.0,-20605000.0,395044000.0,341067000.0,0.0,45475000.0,0.0,170361000.0,170361000.0,170361000.0,0.0,0.0,0.246,418142000.0,275321000.0,0.0,0.117,2.783,16.033,15.649,121497000.0,0.0,41.5,3.939,3.945,0.0,1051093000.0,693463000.0,693463000.0,0.0,0.013,0.182,0.02,0.397,0.0,408166000.0,1.0,65817190.0,65920000.0,,10.52,13675133000.0,0.0,104960000.0,0.0,207.45,
96,MTB,MRT,1997-06-30,1997-06-30,1997-06-30,2021-09-07,0.0,13440995000.0,,,,,14.351,0.0,495210000.0,495210000.0,0.0,160341000.0,,13.133,1086885000.0,,,1086885000.0,0.0,42047000.0,11403073000.0,0.007,0.23,260873000.0,302920000.0,0.444,302920000.0,260873000.0,260873000.0,2.461,2.275,2.461,951037000.0,,951037000.0,2406943084.0,9.0,7.946,43950000.0,0.663,1.0,681967000.0,1.0,0.0,0.0,14032670000.0,,0.0,12489058000.0,,,12489958000.0,,,2229906084.0,45958000.0,0.0,-86613000.0,-542291000.0,-20042000.0,462061000.0,333334000.0,0.0,43950000.0,0.0,160341000.0,160341000.0,160341000.0,0.0,0.0,0.235,421094000.0,260873000.0,0.0,0.093,2.345,13.907,13.694,124974000.0,0.0,33.7,3.27,3.275,0.0,1010470000.0,681967000.0,681967000.0,0.0,,,,0.383,0.0,405164000.0,1.0,66169320.0,66270000.0,,10.291,13440995000.0,0.0,100532000.0,0.0,202.822,
97,MTB,MRT,1997-03-31,1997-03-31,1997-03-31,2021-09-07,-8486000.0,13122232000.0,,,,,13.645,3744000.0,424454000.0,424454000.0,0.0,156209000.0,,13.386,601491000.0,,,601491000.0,0.0,38949000.0,10533365000.0,0.007,0.22,256202000.0,295151000.0,0.438,295151000.0,256202000.0,256202000.0,2.351,2.194,2.351,912183000.0,,912183000.0,2971910040.0,12.0,10.069,33106000.0,0.495,1.0,673147000.0,1.0,0.0,0.0,13299269000.0,,0.0,12278545000.0,,,12210049000.0,,,2141031040.0,-28109000.0,0.0,-81979000.0,-642727000.0,-19524000.0,97660000.0,1023351000.0,647388000.0,29362000.0,0.0,156209000.0,156209000.0,156209000.0,0.0,0.0,0.232,416945000.0,256202000.0,0.0,0.094,2.347,13.706,13.611,126646000.0,0.0,32.0,3.181,3.178,0.0,972978000.0,673147000.0,673147000.0,0.0,,,,0.381,0.0,402096000.0,1.0,66907220.0,66850000.0,,10.07,13122232000.0,0.0,99993000.0,0.0,196.294,
98,MTB,MRT,1996-12-31,1996-12-31,1996-12-31,2021-09-07,-2485000.0,12943915000.0,12449908500.0,,,0.053,13.536,0.0,497310000.0,497310000.0,0.0,151103000.0,,13.292,1328189000.0,,,1328189000.0,0.0,36258000.0,10514489000.0,0.007,0.21,248969000.0,285227000.0,0.434,285227000.0,248969000.0,248969000.0,2.254,2.108,2.254,905659000.0,875956000.0,905659000.0,,,,43325000.0,0.648,1.0,657947000.0,1.0,0.0,0.0,13774794000.0,13353537000.0,0.0,12060672000.0,,,12038256000.0,,,1926927936.0,85866000.0,0.0,-80810000.0,-160181000.0,-18617000.0,779215000.0,275627000.0,0.0,43325000.0,0.0,151103000.0,151103000.0,151103000.0,0.0,0.0,0.23,408978000.0,248969000.0,0.0,0.093,2.128,12.752,12.777,128521000.0,0.0,28.8,2.929,2.929,0.0,937072000.0,657947000.0,657947000.0,0.0,0.012,0.173,0.019,0.378,0.0,393349000.0,1.0,66907220.0,66907220.0,,9.834,12943915000.0,0.0,97866000.0,0.0,193.461,
99,MTB,MRT,1996-09-30,1996-09-30,1996-09-30,2021-09-07,,,,,,,,,,,,,,,,,,,,,,0.008,0.21,,,,,,,,,,,,,,,,,,1.0,,,,,,,,,,,,,,,,,,,,,,,,,,,,,,,,,,,,,,,,24.9,,,,,,,,,,,,,,1.0,,71040000.0,,,,,,,,
100,MTB,MRT,1996-06-30,1996-06-30,1996-06-30,2021-09-07,,,,,,,,,,,,,,,,,,,,,,0.009,0.21,,,,,,,,,,,,,,,,,,1.0,,,,,,,,,,,,,,,,,,,,,,,,,,,,,,,,,,,,,,,,24.1,,,,,,,,,,,,,,1.0,,72120000.0,,,,,,,,
101,MTB,MRT,1996-03-31,1996-03-31,1996-03-31,2021-09-07,,,,,,,,,,,,,,,,,,,,,,0.008,0.2,,,,,,,,,,,,,,,,,,1.0,,,,,,,,,,,,,,,,,,,,,,,,,,,,,,,,,,,,,,,,24.6,,,,,,,,,,,,,,1.0,,67780000.0,,,,,,,,
102,MTB,MRT,1995-12-31,1995-12-31,1995-12-31,2021-09-07,-3155000.0,11955902000.0,,,,,,-17520000.0,489619000.0,489619000.0,0.0,131036000.0,,13.128,1465997000.0,,,1465997000.0,0.0,32075000.0,9469575000.0,0.009,0.19,221173000.0,253248000.0,0.425,253248000.0,221173000.0,221173000.0,1.961,1.798,1.961,846253000.0,,846253000.0,,,,91013000.0,,1.0,595612000.0,1.0,0.0,0.0,12932280000.0,,0.0,11072509000.0,,,11109649000.0,,,,-16742000.0,-24947000.0,-37374000.0,-28173000.0,-16224000.0,1057461000.0,-1182736000.0,-1218184000.0,108533000.0,0.0,131036000.0,131036000.0,131036000.0,0.0,0.0,0.22,359764000.0,235848000.0,0.0,0.097,,,11.117,128516000.0,0.0,21.8,,,0.0,805486000.0,595612000.0,595612000.0,0.0,,,,0.371,0.0,359764000.0,1.0,,,,,11955902000.0,0.0,90137000.0,0.0,,
103,MTB,MRT,1994-12-31,1994-12-31,1994-12-31,2021-09-07,,,,,,,,-6876000.0,,,0.0,117295000.0,,,,,,,,21128000.0,,0.013,0.17,194481000.0,215609000.0,0.406,215609000.0,194481000.0,194481000.0,1.635,1.571,1.635,,,,,,,330347000.0,,1.0,531343000.0,1.0,,0.0,,,,,,,,,,,-144360000.0,102721000.0,-43964000.0,-807942000.0,-14743000.0,-458225000.0,-23358000.0,-129542000.0,337223000.0,0.0,117295000.0,117295000.0,117295000.0,0.0,0.0,0.221,320420000.0,210923000.0,,0.104,,,8.318,,0.0,13.6,,,,,531343000.0,531343000.0,0.0,,,,0.366,0.0,320420000.0,1.0,,,,,,,77186000.0,,,
