None,ticker,dimension,calendardate,datekey,reportperiod,lastupdated,accoci,assets,assetsavg,assetsc,assetsnc,assetturnover,bvps,capex,cashneq,cashnequsd,cor,consolinc,currentratio,de,debt,debtc,debtnc,debtusd,deferredrev,depamor,deposits,divyield,dps,ebit,ebitda,ebitdamargin,ebitdausd,ebitusd,ebt,eps,epsdil,epsusd,equity,equityavg,equityusd,ev,evebit,evebitda,fcf,fcfps,fxusd,gp,grossmargin,intangibles,intexp,invcap,invcapavg,inventory,investments,investmentsc,investmentsnc,liabilities,liabilitiesc,liabilitiesnc,marketcap,ncf,ncfbus,ncfcommon,ncfdebt,ncfdiv,ncff,ncfi,ncfinv,ncfo,ncfx,netinc,netinccmn,netinccmnusd,netincdis,netincnci,netmargin,opex,opinc,payables,payoutratio,pb,pe,pe1,ppnenet,prefdivis,price,ps,ps1,receivables,retearn,revenue,revenueusd,rnd,roa,roe,roic,ros,sbcomp,sgna,sharefactor,sharesbas,shareswa,shareswadil,sps,tangibles,taxassets,taxexp,taxliabilities,tbvps,workingcapital
0,PPL,MRY,2020-12-31,2020-12-31,2020-12-31,2021-08-05,-4220000000.0,48116000000.0,47222000000.0,20900000000.0,27216000000.0,0.161,17.399,-3249000000.0,442000000.0,442000000.0,4804000000.0,1469000000.0,1.388,2.598,15857000000.0,2242000000.0,13615000000.0,15857000000.0,0.0,1359000000.0,0.0,0.059,1.66,2972000000.0,4331000000.0,0.569,4331000000.0,2972000000.0,1971000000.0,1.91,1.91,1.91,13373000000.0,13336000000.0,13373000000.0,45070930452.0,15.0,10.407,-503000000.0,-0.654,1.0,2803000000.0,0.368,1067000000.0,1001000000.0,47409000000.0,57294500000.0,302000000.0,0.0,0.0,0.0,34743000000.0,15055000000.0,19688000000.0,21680930452.0,-109000000.0,0.0,34000000.0,1668000000.0,-1275000000.0,386000000.0,-3258000000.0,9000000.0,2746000000.0,17000000.0,1469000000.0,1469000000.0,1469000000.0,0.0,0.0,0.193,0.0,2803000000.0,745000000.0,0.869,1.621,14.759,14.764,24500000000.0,0.0,28.2,2.85,2.849,904000000.0,5315000000.0,7607000000.0,7607000000.0,0.0,0.031,0.11,0.052,0.391,29000000.0,0.0,1.0,768827321.0,768590000,769384000.0,9.897,47049000000.0,0.0,502000000.0,2727000000.0,61.215,5845000000.0
1,PPL,MRY,2019-12-31,2019-12-31,2019-12-31,2021-08-05,-4358000000.0,45680000000.0,44752500000.0,2767000000.0,42913000000.0,0.174,17.832,-3083000000.0,815000000.0,815000000.0,4929000000.0,1746000000.0,0.565,2.516,23044000000.0,2323000000.0,20721000000.0,23044000000.0,0.0,1280000000.0,261000000.0,0.046,1.65,3149000000.0,4429000000.0,0.57,4429000000.0,3149000000.0,2155000000.0,2.39,2.37,2.39,12991000000.0,12262000000.0,12991000000.0,48206425583.0,15.0,10.884,-656000000.0,-0.9,1.0,2840000000.0,0.366,3940000000.0,994000000.0,59069000000.0,58915000000.0,332000000.0,0.0,0.0,0.0,32689000000.0,4900000000.0,27789000000.0,25942425583.0,193000000.0,0.0,1167000000.0,887000000.0,-1192000000.0,836000000.0,-3080000000.0,14000000.0,2427000000.0,10000000.0,1746000000.0,1746000000.0,1746000000.0,0.0,0.0,0.225,0.0,2840000000.0,956000000.0,0.69,1.997,14.858,15.013,36482000000.0,0.0,35.88,3.339,3.365,1191000000.0,5127000000.0,7769000000.0,7769000000.0,0.0,0.039,0.142,0.053,0.405,36000000.0,0.0,1.0,723033043.0,728512000,736754000.0,10.664,41740000000.0,0.0,409000000.0,3311000000.0,57.295,-2133000000.0
2,PPL,MRY,2018-12-31,2018-12-31,2018-12-31,2021-08-05,-3964000000.0,43396000000.0,42914000000.0,2432000000.0,40964000000.0,0.181,16.548,-3238000000.0,621000000.0,621000000.0,4933000000.0,1827000000.0,0.533,2.723,22029000000.0,1960000000.0,20069000000.0,22029000000.0,0.0,1172000000.0,257000000.0,0.058,1.64,3248000000.0,4420000000.0,0.568,4420000000.0,3248000000.0,2285000000.0,2.59,2.58,2.59,11657000000.0,11464000000.0,11657000000.0,41364263790.0,13.0,9.358,-417000000.0,-0.592,1.0,2852000000.0,0.366,3878000000.0,963000000.0,56363000000.0,55822500000.0,303000000.0,0.0,0.0,0.0,31739000000.0,4563000000.0,27176000000.0,20403263790.0,132000000.0,0.0,698000000.0,1145000000.0,-1133000000.0,690000000.0,-3361000000.0,-59000000.0,2821000000.0,-18000000.0,1827000000.0,1827000000.0,1827000000.0,0.0,0.0,0.235,0.0,2852000000.0,989000000.0,0.633,1.75,11.168,10.938,34458000000.0,0.0,28.33,2.621,2.563,1159000000.0,4593000000.0,7785000000.0,7785000000.0,0.0,0.043,0.159,0.058,0.417,26000000.0,0.0,1.0,720199922.0,704439000,708619000.0,11.051,39518000000.0,0.0,458000000.0,3032000000.0,56.099,-2131000000.0
3,PPL,MRY,2017-12-31,2017-12-31,2017-12-31,2021-08-05,-3422000000.0,41479000000.0,40308750000.0,2294000000.0,39185000000.0,0.185,15.704,-3133000000.0,485000000.0,485000000.0,4546000000.0,1128000000.0,0.57,2.855,21275000000.0,1428000000.0,19847000000.0,21275000000.0,0.0,1105000000.0,292000000.0,0.051,1.58,2813000000.0,3918000000.0,0.526,3918000000.0,2813000000.0,1912000000.0,1.64,1.64,1.64,10761000000.0,10513000000.0,10761000000.0,41400970580.0,15.0,10.567,-672000000.0,-0.981,1.0,2901000000.0,0.39,3955000000.0,901000000.0,54291000000.0,52456500000.0,320000000.0,0.0,0.0,0.0,30718000000.0,4023000000.0,26695000000.0,21307970580.0,139000000.0,0.0,453000000.0,1462000000.0,-1072000000.0,824000000.0,-3161000000.0,0.0,2461000000.0,15000000.0,1128000000.0,1128000000.0,1128000000.0,0.0,0.0,0.151,0.0,2901000000.0,924000000.0,0.963,1.98,18.89,18.872,33092000000.0,0.0,30.95,2.861,2.848,1224000000.0,3871000000.0,7447000000.0,7447000000.0,0.0,0.028,0.107,0.054,0.378,38000000.0,0.0,1.0,688464316.0,685240000,687334000.0,10.868,37524000000.0,0.0,784000000.0,2696000000.0,54.76,-1729000000.0
4,PPL,MRY,2016-12-31,2016-12-31,2016-12-31,2021-08-05,-3778000000.0,38315000000.0,38647500000.0,2067000000.0,36248000000.0,0.195,14.609,-2920000000.0,341000000.0,341000000.0,4581000000.0,1902000000.0,0.539,2.871,19249000000.0,1441000000.0,17808000000.0,19249000000.0,0.0,1006000000.0,276000000.0,0.045,1.52,3438000000.0,4444000000.0,0.591,4444000000.0,3438000000.0,2550000000.0,2.8,2.79,2.8,9899000000.0,9990250000.0,9899000000.0,41873310348.0,12.0,9.422,-30000000.0,-0.044,1.0,2936000000.0,0.391,3760000000.0,888000000.0,49626000000.0,50063750000.0,356000000.0,0.0,0.0,0.0,28416000000.0,3837000000.0,24579000000.0,23141310348.0,-503000000.0,0.0,144000000.0,441000000.0,-1030000000.0,-439000000.0,-2926000000.0,0.0,2890000000.0,-28000000.0,1902000000.0,1902000000.0,1902000000.0,0.0,0.0,0.253,0.0,2936000000.0,820000000.0,0.543,2.338,12.167,12.161,30074000000.0,0.0,34.05,3.079,3.069,1146000000.0,3829000000.0,7517000000.0,7517000000.0,0.0,0.049,0.19,0.069,0.457,28000000.0,0.0,1.0,679627323.0,677592000,680446000.0,11.094,34555000000.0,0.0,648000000.0,4122000000.0,50.997,-1770000000.0
5,PPL,MRY,2015-12-31,2015-12-31,2015-12-31,2021-08-05,-2728000000.0,39301000000.0,41428000000.0,2646000000.0,36655000000.0,0.185,14.809,-3570000000.0,836000000.0,836000000.0,4838000000.0,682000000.0,0.683,2.962,19964000000.0,1401000000.0,18563000000.0,19964000000.0,0.0,942000000.0,326000000.0,0.117,4.005,2018000000.0,2960000000.0,0.386,2960000000.0,2018000000.0,1147000000.0,1.01,1.01,1.01,9919000000.0,11029500000.0,9919000000.0,41745219782.0,21.0,14.103,-955000000.0,-1.426,1.0,2831000000.0,0.369,4229000000.0,871000000.0,50324000000.0,51159750000.0,357000000.0,0.0,0.0,0.0,29382000000.0,3876000000.0,25506000000.0,22964219782.0,-563000000.0,0.0,203000000.0,1330000000.0,-1004000000.0,68000000.0,-3588000000.0,136000000.0,2615000000.0,-10000000.0,682000000.0,682000000.0,682000000.0,921000000.0,0.0,0.089,0.0,2831000000.0,812000000.0,3.965,2.315,33.672,33.792,30382000000.0,0.0,34.13,2.994,2.981,1126000000.0,2953000000.0,7669000000.0,7669000000.0,0.0,0.016,0.062,0.039,0.263,31000000.0,0.0,1.0,672845584.0,669814000,672586000.0,11.449,35072000000.0,0.0,465000000.0,3653000000.0,52.361,-1230000000.0
6,PPL,MRY,2014-12-31,2014-12-31,2014-12-31,2021-08-05,-2274000000.0,48606000000.0,48240250000.0,6026000000.0,42580000000.0,0.163,20.854,-3723000000.0,1399000000.0,1399000000.0,4985000000.0,1737000000.0,0.81,2.567,18890000000.0,1836000000.0,17054000000.0,18890000000.0,0.0,988000000.0,304000000.0,0.041,1.491,3272000000.0,4260000000.0,0.543,4260000000.0,3272000000.0,2429000000.0,2.64,2.61,2.64,13628000000.0,13513500000.0,13628000000.0,44556066123.0,14.0,10.459,-320000000.0,-0.49,1.0,2867000000.0,0.365,4335000000.0,843000000.0,54323000000.0,56891500000.0,381000000.0,120000000.0,120000000.0,0.0,34978000000.0,7439000000.0,27539000000.0,24162066123.0,536000000.0,0.0,1074000000.0,206000000.0,-967000000.0,583000000.0,-3329000000.0,-120000000.0,3403000000.0,-8000000.0,1737000000.0,1737000000.0,1737000000.0,-300000000.0,0.0,0.221,0.0,2867000000.0,995000000.0,0.565,1.773,13.91,13.761,28169000000.0,0.0,36.33,3.077,3.024,1254000000.0,6462000000.0,7852000000.0,7852000000.0,0.0,0.036,0.129,0.058,0.417,0.0,0.0,1.0,665072010.0,653504000,665973000.0,12.015,44271000000.0,0.0,692000000.0,3497000000.0,67.744,-1413000000.0
7,PPL,MRY,2013-12-31,2013-12-31,2013-12-31,2021-08-05,-1565000000.0,46259000000.0,44583500000.0,5153000000.0,41106000000.0,0.163,20.47,-3682000000.0,1185000000.0,1185000000.0,4702000000.0,1130000000.0,1.049,2.711,21608000000.0,1016000000.0,20592000000.0,21608000000.0,0.0,909000000.0,0.0,0.049,1.47,2268000000.0,3177000000.0,0.437,3177000000.0,2268000000.0,1490000000.0,1.85,1.76,1.85,12466000000.0,11567500000.0,12466000000.0,37963211487.0,17.0,11.949,-826000000.0,-1.356,1.0,2561000000.0,0.353,5172000000.0,778000000.0,56598000000.0,54126250000.0,702000000.0,907000000.0,0.0,907000000.0,33793000000.0,4912000000.0,28881000000.0,18964211487.0,375000000.0,0.0,1337000000.0,2443000000.0,-878000000.0,1631000000.0,-4295000000.0,0.0,2856000000.0,8000000.0,1130000000.0,1130000000.0,1130000000.0,238000000.0,0.0,0.156,0.0,2561000000.0,1308000000.0,0.795,1.521,16.782,16.265,33087000000.0,0.0,30.09,2.611,2.523,1758000000.0,5709000000.0,7263000000.0,7263000000.0,0.0,0.025,0.098,0.042,0.312,0.0,0.0,1.0,630249634.0,608983000,663073000.0,11.926,41087000000.0,246000000.0,360000000.0,4384000000.0,67.468,241000000.0
8,PPL,MRY,2012-12-31,2012-12-31,2012-12-31,2021-08-05,-1940000000.0,43634000000.0,43616000000.0,5068000000.0,38566000000.0,0.278,18.06,-3176000000.0,955000000.0,955000000.0,9106000000.0,1531000000.0,0.901,3.162,20128000000.0,1403000000.0,18725000000.0,20128000000.0,0.0,1286000000.0,0.0,0.05,1.44,2995000000.0,4281000000.0,0.353,4281000000.0,2995000000.0,2044000000.0,2.61,2.6,2.61,10480000000.0,10980750000.0,10480000000.0,35170240375.0,12.0,8.215,-412000000.0,-0.71,1.0,3026000000.0,0.249,5083000000.0,951000000.0,52099000000.0,51532750000.0,673000000.0,759000000.0,0.0,759000000.0,33136000000.0,5625000000.0,27511000000.0,16654240375.0,-301000000.0,-84000000.0,72000000.0,1189000000.0,-833000000.0,48000000.0,-3123000000.0,-15000000.0,2764000000.0,10000000.0,1526000000.0,1526000000.0,1526000000.0,0.0,5000000.0,0.126,0.0,3026000000.0,1252000000.0,0.552,1.589,10.914,10.969,30032000000.0,0.0,28.63,1.373,1.369,1602000000.0,5478000000.0,12132000000.0,12132000000.0,0.0,0.035,0.139,0.058,0.247,49000000.0,0.0,1.0,581705916.0,580276000,581626000.0,20.907,38551000000.0,30000000.0,518000000.0,3805000000.0,66.436,-557000000.0
9,PPL,MRY,2011-12-31,2011-12-31,2011-12-31,2021-08-05,-788000000.0,42648000000.0,39220500000.0,6426000000.0,36222000000.0,0.325,19.673,-2208000000.0,1354000000.0,1354000000.0,9636000000.0,1512000000.0,1.223,2.914,18571000000.0,578000000.0,17993000000.0,18571000000.0,0.0,1215000000.0,0.0,0.048,1.4,3084000000.0,4299000000.0,0.338,4299000000.0,3084000000.0,2186000000.0,2.71,2.7,2.71,10828000000.0,10214250000.0,10828000000.0,34045545018.0,11.0,7.919,299000000.0,0.543,1.0,3101000000.0,0.243,5179000000.0,898000000.0,49431000000.0,45688750000.0,654000000.0,734000000.0,16000000.0,718000000.0,31552000000.0,5255000000.0,26297000000.0,17013545018.0,277000000.0,-5763000000.0,2297000000.0,4410000000.0,-746000000.0,5767000000.0,-7952000000.0,150000000.0,2507000000.0,-45000000.0,1495000000.0,1495000000.0,1495000000.0,0.0,17000000.0,0.117,0.0,3101000000.0,1150000000.0,0.517,1.571,11.38,10.856,27266000000.0,0.0,29.42,1.336,1.271,1566000000.0,4797000000.0,12737000000.0,12737000000.0,0.0,0.038,0.146,0.068,0.242,0.0,0.0,1.0,578298607.0,550395000,550952000.0,23.142,37469000000.0,0.0,691000000.0,3676000000.0,68.077,1171000000.0
10,PPL,MRY,2010-12-31,2010-12-31,2010-12-31,2021-08-05,-479000000.0,32837000000.0,27603250000.0,6188000000.0,26649000000.0,0.309,19.033,-1597000000.0,953000000.0,953000000.0,6655000000.0,959000000.0,1.187,2.967,13357000000.0,1196000000.0,12161000000.0,13357000000.0,0.0,780000000.0,0.0,0.053,1.4,1794000000.0,2574000000.0,0.302,2574000000.0,1794000000.0,1201000000.0,2.17,2.17,2.17,8210000000.0,7590750000.0,8210000000.0,16855237755.0,9.0,6.548,436000000.0,1.011,1.0,1866000000.0,0.219,2727000000.0,593000000.0,37300000000.0,27875250000.0,643000000.0,856000000.0,163000000.0,693000000.0,24359000000.0,5214000000.0,19145000000.0,12720237755.0,124000000.0,-6650000000.0,2441000000.0,4692000000.0,-566000000.0,6307000000.0,-8229000000.0,-14000000.0,2033000000.0,13000000.0,938000000.0,938000000.0,938000000.0,0.0,21000000.0,0.11,0.0,1866000000.0,1028000000.0,0.645,1.549,13.561,12.129,20823000000.0,0.0,26.32,1.493,1.332,1441000000.0,4082000000.0,8521000000.0,8521000000.0,0.0,0.034,0.124,0.064,0.211,0.0,0.0,1.0,483291708.0,431345000,431569000.0,19.754,30110000000.0,0.0,263000000.0,2934000000.0,69.805,974000000.0
11,PPL,MRY,2009-12-31,2009-12-31,2009-12-31,2021-08-05,-537000000.0,22165000000.0,22077250000.0,4752000000.0,17413000000.0,0.337,14.614,-1225000000.0,906000000.0,906000000.0,6553000000.0,426000000.0,1.136,2.975,7782000000.0,639000000.0,7143000000.0,7782000000.0,0.0,860000000.0,0.0,0.043,1.38,899000000.0,1759000000.0,0.236,1759000000.0,899000000.0,512000000.0,1.08,1.08,1.08,5496000000.0,5467500000.0,5496000000.0,19206081975.0,21.0,10.919,627000000.0,1.667,1.0,896000000.0,0.12,1446000000.0,387000000.0,23413000000.0,23424750000.0,357000000.0,613000000.0,0.0,613000000.0,16350000000.0,4182000000.0,12168000000.0,12183081975.0,-299000000.0,81000000.0,60000000.0,-770000000.0,-517000000.0,-1271000000.0,-880000000.0,128000000.0,1852000000.0,0.0,407000000.0,407000000.0,407000000.0,0.0,19000000.0,0.055,0.0,896000000.0,619000000.0,1.278,2.217,29.934,29.917,13174000000.0,0.0,32.31,1.636,1.631,1003000000.0,3749000000.0,7449000000.0,7449000000.0,0.0,0.018,0.074,0.038,0.121,0.0,0.0,1.0,377068461.0,376082000,376406000.0,19.807,20719000000.0,0.0,105000000.0,2245000000.0,55.092,570000000.0
12,PPL,MRY,2008-12-31,2008-12-31,2008-12-31,2021-08-05,-985000000.0,21405000000.0,21716750000.0,4383000000.0,17022000000.0,0.362,13.588,-1750000000.0,1420000000.0,1420000000.0,6154000000.0,950000000.0,1.014,3.153,8517000000.0,1375000000.0,7142000000.0,8517000000.0,0.0,844000000.0,0.0,0.044,1.34,1773000000.0,2617000000.0,0.333,2617000000.0,1773000000.0,1326000000.0,2.48,2.47,2.48,5077000000.0,5357000000.0,5077000000.0,18809753951.0,11.0,7.188,-161000000.0,-0.431,1.0,1703000000.0,0.217,1417000000.0,447000000.0,22761000000.0,23222750000.0,337000000.0,672000000.0,150000000.0,522000000.0,16009000000.0,4324000000.0,11685000000.0,11495753951.0,670000000.0,303000000.0,-19000000.0,1255000000.0,-491000000.0,721000000.0,-1627000000.0,-122000000.0,1589000000.0,-13000000.0,930000000.0,930000000.0,930000000.0,0.0,20000000.0,0.118,0.0,1703000000.0,766000000.0,0.54,2.264,12.361,12.375,12375000000.0,0.0,30.69,1.463,1.459,1055000000.0,3862000000.0,7857000000.0,7857000000.0,0.0,0.043,0.174,0.076,0.226,0.0,0.0,1.0,374576538.0,373626000,374901000.0,21.029,19988000000.0,0.0,396000000.0,1838000000.0,53.497,59000000.0
13,PPL,MRY,2007-12-31,2007-12-31,2007-12-31,2021-08-05,-68000000.0,19972000000.0,19977500000.0,3168000000.0,16804000000.0,0.323,14.599,-1722000000.0,633000000.0,633000000.0,4803000000.0,1315000000.0,1.099,2.595,7660000000.0,770000000.0,6890000000.0,7660000000.0,0.0,458000000.0,0.0,0.023,1.22,2019000000.0,2477000000.0,0.383,2477000000.0,2019000000.0,1547000000.0,3.37,3.34,3.37,5556000000.0,5339500000.0,5556000000.0,26646690161.0,13.0,10.758,-151000000.0,-0.397,1.0,1659000000.0,0.257,1402000000.0,472000000.0,22715000000.0,22551000000.0,316000000.0,716000000.0,108000000.0,608000000.0,14416000000.0,2882000000.0,11534000000.0,19387690161.0,-364000000.0,898000000.0,-680000000.0,-170000000.0,-459000000.0,-1326000000.0,-614000000.0,244000000.0,1571000000.0,5000000.0,1288000000.0,1288000000.0,1288000000.0,0.0,27000000.0,0.199,0.0,1659000000.0,689000000.0,0.362,3.49,15.053,15.457,12605000000.0,0.0,52.09,3.0,3.068,1117000000.0,3448000000.0,6462000000.0,6462000000.0,0.0,0.064,0.241,0.09,0.312,0.0,0.0,1.0,372196010.0,380563000,383492000.0,16.98,18570000000.0,25000000.0,259000000.0,2319000000.0,48.796,286000000.0
14,PPL,MRY,2006-12-31,2006-12-31,2006-12-31,2021-08-05,-318000000.0,19747000000.0,18708750000.0,3630000000.0,16117000000.0,0.328,13.424,-1474000000.0,896000000.0,896000000.0,4622000000.0,865000000.0,1.084,2.855,7877000000.0,1149000000.0,6728000000.0,7877000000.0,0.0,755000000.0,0.0,0.031,1.1,1580000000.0,2335000000.0,0.381,2335000000.0,1580000000.0,1133000000.0,2.27,2.17,2.27,5122000000.0,4956000000.0,5122000000.0,20109309670.0,13.0,8.612,284000000.0,0.744,1.0,1509000000.0,0.246,1645000000.0,447000000.0,21735000000.0,20535000000.0,378000000.0,923000000.0,359000000.0,564000000.0,14625000000.0,3348000000.0,11277000000.0,13675309670.0,239000000.0,110000000.0,21000000.0,277000000.0,-411000000.0,95000000.0,-1617000000.0,-312000000.0,1758000000.0,3000000.0,865000000.0,865000000.0,865000000.0,-26000000.0,0.0,0.141,0.0,1509000000.0,667000000.0,0.485,2.67,15.81,15.789,12069000000.0,0.0,35.84,2.231,2.231,968000000.0,2626000000.0,6131000000.0,6131000000.0,0.0,0.046,0.175,0.077,0.258,0.0,0.0,1.0,381565560.0,381565560,,16.068,18102000000.0,162000000.0,268000000.0,2525000000.0,47.441,282000000.0
15,PPL,MRY,2005-12-31,2005-12-31,2005-12-31,2021-08-05,-532000000.0,17926000000.0,17823500000.0,2906000000.0,15020000000.0,0.311,11.622,-621000000.0,648000000.0,648000000.0,4266000000.0,678000000.0,0.866,3.057,7384000000.0,1340000000.0,6044000000.0,7384000000.0,0.0,721000000.0,0.0,0.033,0.96,1278000000.0,1999000000.0,0.361,1999000000.0,1278000000.0,806000000.0,1.79,1.81,1.79,4418000000.0,4337000000.0,4418000000.0,17733084718.0,14.0,8.871,767000000.0,2.018,1.0,1273000000.0,0.23,1532000000.0,472000000.0,19776000000.0,20122000000.0,346000000.0,571000000.0,63000000.0,508000000.0,13508000000.0,3354000000.0,10154000000.0,11176084718.0,-61000000.0,0.0,37000000.0,-340000000.0,-347000000.0,-676000000.0,-779000000.0,-14000000.0,1388000000.0,6000000.0,678000000.0,678000000.0,678000000.0,7000000.0,0.0,0.122,0.0,1273000000.0,542000000.0,0.536,2.53,16.484,16.425,10916000000.0,0.0,29.4,2.018,2.018,1023000000.0,2182000000.0,5539000000.0,5539000000.0,0.0,0.038,0.156,0.064,0.231,0.0,0.0,1.0,380138936.0,380138936,,14.571,16394000000.0,192000000.0,128000000.0,2365000000.0,43.126,-448000000.0
16,PPL,MRY,2004-12-31,2004-12-31,2004-12-31,2021-08-05,-323000000.0,17733000000.0,17530750000.0,2276000000.0,15457000000.0,0.328,11.212,-734000000.0,666000000.0,666000000.0,4359000000.0,698000000.0,0.992,3.183,7789000000.0,908000000.0,6881000000.0,7789000000.0,0.0,691000000.0,0.0,0.031,0.82,1412000000.0,2103000000.0,0.365,2103000000.0,1412000000.0,899000000.0,1.89,1.92,1.89,4239000000.0,3973250000.0,4239000000.0,17189220950.0,12.0,8.174,763000000.0,2.018,1.0,1395000000.0,0.242,1463000000.0,513000000.0,21098000000.0,21282500000.0,309000000.0,472000000.0,0.0,472000000.0,13494000000.0,2295000000.0,11199000000.0,10072220950.0,150000000.0,123000000.0,596000000.0,-863000000.0,-297000000.0,-578000000.0,-778000000.0,-77000000.0,1497000000.0,9000000.0,698000000.0,698000000.0,698000000.0,12000000.0,0.0,0.121,0.0,1395000000.0,407000000.0,0.434,2.376,14.43,14.095,11149000000.0,0.0,26.64,1.75,1.75,866000000.0,1870000000.0,5754000000.0,5754000000.0,0.0,0.04,0.176,0.066,0.245,12000000.0,0.0,1.0,378086372.0,378086372,,15.219,16270000000.0,134000000.0,201000000.0,2562000000.0,43.032,-19000000.0
17,PPL,MRY,2003-12-31,2003-12-31,2003-12-31,2021-08-05,-297000000.0,17123000000.0,16255500000.0,2020000000.0,15103000000.0,0.344,9.189,-767000000.0,476000000.0,476000000.0,4219000000.0,734000000.0,1.138,4.254,8596000000.0,451000000.0,8145000000.0,8596000000.0,0.0,636000000.0,0.0,0.035,0.77,1386000000.0,2022000000.0,0.362,2022000000.0,1386000000.0,913000000.0,2.13,2.12,2.13,3259000000.0,2895250000.0,3259000000.0,14713035294.0,11.0,7.276,588000000.0,1.658,1.0,1366000000.0,0.245,1311000000.0,473000000.0,22157000000.0,20670000000.0,256000000.0,557000000.0,0.0,557000000.0,13864000000.0,1775000000.0,12089000000.0,7758035294.0,221000000.0,0.0,426000000.0,-460000000.0,-260000000.0,-387000000.0,-754000000.0,-31000000.0,1355000000.0,7000000.0,734000000.0,734000000.0,734000000.0,34000000.0,0.0,0.131,0.0,1366000000.0,456000000.0,0.362,2.38,10.57,10.27,10593000000.0,0.0,21.875,1.389,1.389,896000000.0,1478000000.0,5585000000.0,5585000000.0,0.0,0.045,0.254,0.067,0.248,11000000.0,0.0,1.0,354653042.0,354653042,,15.748,15812000000.0,105000000.0,179000000.0,2383000000.0,44.584,245000000.0
18,PPL,MRY,2002-12-31,2002-12-31,2002-12-31,2021-08-05,-446000000.0,15552000000.0,13954000000.0,1819000000.0,13733000000.0,0.394,6.762,-902000000.0,245000000.0,245000000.0,4245000000.0,208000000.0,0.696,5.993,7210000000.0,1309000000.0,5901000000.0,7210000000.0,0.0,487000000.0,0.0,0.042,0.72,978000000.0,1465000000.0,0.267,1465000000.0,978000000.0,418000000.0,0.685,1.18,0.685,2224000000.0,2085750000.0,2224000000.0,12750214607.0,13.0,8.703,-128000000.0,-0.389,1.0,1246000000.0,0.227,686000000.0,560000000.0,19218000000.0,17744500000.0,242000000.0,628000000.0,0.0,628000000.0,13328000000.0,2613000000.0,10715000000.0,5703214607.0,-644000000.0,-211000000.0,587000000.0,-412000000.0,-198000000.0,-363000000.0,-1057000000.0,44000000.0,774000000.0,2000000.0,208000000.0,208000000.0,208000000.0,2000000.0,0.0,0.038,0.0,1246000000.0,452000000.0,1.051,2.564,27.419,25.314,9566000000.0,0.0,17.34,1.039,1.039,891000000.0,1013000000.0,5491000000.0,5491000000.0,0.0,0.015,0.1,0.055,0.178,5000000.0,0.0,1.0,328905110.0,328905110,,16.695,14866000000.0,104000000.0,210000000.0,2480000000.0,45.198,-794000000.0
19,PPL,MRY,2001-12-31,2001-12-31,2001-12-31,2021-08-05,-251000000.0,12562000000.0,12513000000.0,2326000000.0,10236000000.0,0.409,6.34,-881000000.0,933000000.0,933000000.0,4265000000.0,179000000.0,1.274,5.765,5697000000.0,616000000.0,5081000000.0,5697000000.0,0.0,490000000.0,0.0,0.03,0.53,826000000.0,1316000000.0,0.257,1316000000.0,826000000.0,440000000.0,0.615,0.575,0.615,1857000000.0,2110000000.0,1857000000.0,9794793304.0,12.0,7.443,28000000.0,0.096,1.0,850000000.0,0.166,580000000.0,386000000.0,14920000000.0,15124250000.0,251000000.0,976000000.0,0.0,976000000.0,10705000000.0,1826000000.0,8879000000.0,5103793304.0,453000000.0,0.0,52000000.0,-68000000.0,-201000000.0,249000000.0,-702000000.0,210000000.0,909000000.0,-3000000.0,179000000.0,179000000.0,179000000.0,0.0,0.0,0.035,0.0,850000000.0,565000000.0,0.862,2.748,28.513,28.333,5947000000.0,0.0,17.425,0.998,0.998,800000000.0,1023000000.0,5115000000.0,5115000000.0,0.0,0.014,0.085,0.055,0.161,0.0,0.0,1.0,292900620.0,292900620,,17.463,11982000000.0,77000000.0,261000000.0,1587000000.0,40.908,500000000.0
20,PPL,MRY,2000-12-31,2000-12-31,2000-12-31,2021-08-05,-36000000.0,12360000000.0,11907000000.0,1931000000.0,10429000000.0,0.382,6.941,-1030000000.0,480000000.0,480000000.0,3351000000.0,524000000.0,0.771,5.143,5686000000.0,1219000000.0,4467000000.0,5686000000.0,0.0,459000000.0,0.0,0.023,0.53,1194000000.0,1653000000.0,0.364,1653000000.0,1194000000.0,818000000.0,1.725,1.72,1.725,2012000000.0,1856000000.0,2012000000.0,11857228851.0,10.0,7.173,-159000000.0,-0.549,1.0,1194000000.0,0.263,0.0,376000000.0,15062000000.0,14948750000.0,197000000.0,1114000000.0,0.0,1114000000.0,10348000000.0,2504000000.0,7844000000.0,6549228851.0,347000000.0,0.0,35000000.0,513000000.0,-177000000.0,233000000.0,-757000000.0,-114000000.0,871000000.0,0.0,524000000.0,498000000.0,498000000.0,0.0,0.0,0.11,0.0,1194000000.0,641000000.0,0.307,3.255,13.151,13.099,5948000000.0,26000000.0,22.595,1.441,1.441,981000000.0,999000000.0,4545000000.0,4545000000.0,0.0,0.042,0.268,0.08,0.263,0.0,0.0,1.0,289853014.0,289853014,,15.68,12360000000.0,75000000.0,294000000.0,1635000000.0,42.642,-573000000.0
21,PPL,MRY,1999-12-31,1999-12-31,1999-12-31,2021-08-05,-55000000.0,11174000000.0,10404000000.0,1293000000.0,9881000000.0,0.441,5.613,-1192000000.0,133000000.0,133000000.0,3769000000.0,432000000.0,0.567,5.927,5014000000.0,1325000000.0,3689000000.0,5014000000.0,0.0,413000000.0,0.0,0.044,0.5,883000000.0,1296000000.0,0.282,1296000000.0,883000000.0,606000000.0,1.42,1.42,1.42,1613000000.0,1720250000.0,1613000000.0,7656725698.0,9.0,5.908,-486000000.0,-1.691,1.0,821000000.0,0.179,0.0,277000000.0,13775000000.0,12671500000.0,200000000.0,679000000.0,0.0,679000000.0,9561000000.0,2280000000.0,7281000000.0,3287725698.0,-62000000.0,0.0,-409000000.0,1132000000.0,-180000000.0,473000000.0,-1241000000.0,0.0,706000000.0,0.0,432000000.0,432000000.0,432000000.0,0.0,0.0,0.094,0.0,821000000.0,399000000.0,0.352,2.038,7.61,8.056,5624000000.0,0.0,11.44,0.716,0.716,709000000.0,654000000.0,4590000000.0,4590000000.0,0.0,0.042,0.251,0.07,0.192,0.0,0.0,1.0,287388610.0,287388610,,15.971,11174000000.0,0.0,174000000.0,1658000000.0,38.881,-987000000.0
22,PPL,MRY,1998-12-31,1998-12-31,1998-12-31,2021-08-05,-4000000.0,9607000000.0,9528750000.0,948000000.0,8659000000.0,0.397,5.436,-610000000.0,195000000.0,195000000.0,2959000000.0,-544000000.0,0.743,4.367,3788000000.0,696000000.0,3092000000.0,3788000000.0,0.0,335000000.0,0.0,0.048,0.668,-55000000.0,280000000.0,0.074,280000000.0,-55000000.0,-285000000.0,-1.73,-1.73,-1.73,1790000000.0,2072500000.0,1790000000.0,8097757858.0,-147.0,28.921,27000000.0,0.082,1.0,827000000.0,0.218,0.0,230000000.0,11924000000.0,11759500000.0,207000000.0,894000000.0,0.0,894000000.0,7817000000.0,1276000000.0,6541000000.0,4381757858.0,145000000.0,0.0,-357000000.0,629000000.0,-278000000.0,-7000000.0,-485000000.0,55000000.0,637000000.0,0.0,-544000000.0,-569000000.0,-569000000.0,0.0,0.0,-0.15,-66000000.0,893000000.0,197000000.0,-0.386,2.448,-7.701,-8.058,4480000000.0,25000000.0,13.94,1.157,1.212,468000000.0,372000000.0,3786000000.0,3786000000.0,0.0,-0.06,-0.275,-0.005,-0.015,0.0,0.0,1.0,314329832.0,329302000,329302000.0,11.497,9607000000.0,0.0,259000000.0,1574000000.0,29.174,-328000000.0
23,PPL,MRY,1997-12-31,1997-12-31,1997-12-31,2021-08-05,0.0,9485000000.0,9577500000.0,50000000.0,9435000000.0,0.321,8.535,-462000000.0,50000000.0,50000000.0,2277000000.0,320000000.0,0.065,2.377,3041000000.0,343000000.0,2698000000.0,3041000000.0,0.0,385000000.0,0.0,0.07,0.836,772000000.0,1157000000.0,0.376,1157000000.0,772000000.0,557000000.0,0.9,0.9,0.9,2809000000.0,2777000000.0,2809000000.0,,,,315000000.0,0.957,1.0,800000000.0,0.26,0.0,215000000.0,11707000000.0,11922000000.0,200000000.0,592000000.0,0.0,0.0,6676000000.0,769000000.0,5907000000.0,3994515403.0,-51000000.0,0.0,76000000.0,74000000.0,-298000000.0,-537000000.0,-291000000.0,115000000.0,777000000.0,0.0,320000000.0,296000000.0,296000000.0,0.0,0.0,0.096,0.0,800000000.0,140000000.0,0.929,1.422,13.495,13.3,6820000000.0,24000000.0,11.97,1.298,1.28,280000000.0,1164000000.0,3077000000.0,3077000000.0,0.0,0.031,0.107,0.065,0.251,0.0,0.0,1.0,333710560.0,329100000,329100000.0,9.35,9485000000.0,0.0,237000000.0,2221000000.0,28.821,-719000000.0
24,PPL,MRY,1996-12-31,1996-12-31,1996-12-31,2021-08-05,0.0,9670000000.0,,101000000.0,9569000000.0,,8.522,-360000000.0,101000000.0,101000000.0,2116000000.0,357000000.0,0.154,2.523,3223000000.0,255000000.0,2968000000.0,3223000000.0,0.0,375000000.0,0.0,0.073,0.836,831000000.0,1206000000.0,0.412,1206000000.0,831000000.0,611000000.0,1.025,1.025,1.025,2745000000.0,,2745000000.0,,,,433000000.0,1.344,1.0,810000000.0,0.277,0.0,220000000.0,12137000000.0,,201000000.0,593000000.0,0.0,0.0,6925000000.0,655000000.0,6270000000.0,,81000000.0,-201000000.0,77000000.0,-60000000.0,-296000000.0,-280000000.0,-432000000.0,124000000.0,793000000.0,0.0,357000000.0,329000000.0,329000000.0,0.0,0.0,0.112,0.0,810000000.0,133000000.0,0.816,,,11.22,6960000000.0,28000000.0,11.5,,1.266,281000000.0,1143000000.0,2926000000.0,2926000000.0,0.0,,,,0.284,0.0,0.0,1.0,,322120000,322120000.0,9.084,9670000000.0,21000000.0,254000000.0,2314000000.0,30.02,-554000000.0
25,PPL,MRY,1995-12-31,1995-12-31,1995-12-31,2021-08-05,,,,,,,,-363000000.0,,,2178000000.0,323000000.0,,,,,,,,352000000.0,,0.067,0.836,834000000.0,1186000000.0,0.431,1186000000.0,834000000.0,609000000.0,1.025,1.025,1.025,,,,,,,329000000.0,1.043,1.0,574000000.0,0.209,,225000000.0,,,,,,,,,,,10000000.0,0.0,81000000.0,-149000000.0,-290000000.0,-369000000.0,-313000000.0,42000000.0,692000000.0,0.0,323000000.0,323000000.0,323000000.0,0.0,0.0,0.117,0.0,574000000.0,,0.816,,,12.195,,0.0,12.5,,1.432,,,2752000000.0,2752000000.0,0.0,,,,0.303,0.0,0.0,1.0,,315298000,315298000.0,8.728,,,286000000.0,,,
0,PPL,MRQ,2021-06-30,2021-06-30,2021-06-30,2021-08-05,-191000000.0,36759000000.0,,9018000000.0,27741000000.0,,19.432,-498000000.0,7629000000.0,7629000000.0,1018000000.0,19000000.0,2.162,1.458,13295000000.0,2200000000.0,11095000000.0,13295000000.0,0.0,298000000.0,0.0,0.059,0.415,838000000.0,1136000000.0,0.882,1136000000.0,838000000.0,364000000.0,0.03,0.03,0.03,14952000000.0,,14952000000.0,37337897776.0,66.0,20.303,360000000.0,0.468,1.0,270000000.0,0.21,1063000000.0,474000000.0,37190000000.0,,265000000.0,0.0,0.0,0.0,21807000000.0,4172000000.0,17635000000.0,21520897776.0,7208000000.0,10560000000.0,-1000000.0,-3276000000.0,-320000000.0,-3531000000.0,9711000000.0,0.0,858000000.0,0.0,19000000.0,19000000.0,19000000.0,-555000000.0,0.0,0.015,0.0,270000000.0,683000000.0,13.833,1.439,-17.217,-17.373,24945000000.0,0.0,27.97,3.261,3.261,816000000.0,2854000000.0,1288000000.0,1288000000.0,0.0,,,,,-6000000.0,0.0,1.0,769427879.0,769466000,769466000.0,1.674,35696000000.0,0.0,345000000.0,3460000000.0,46.391,4846000000.0
1,PPL,MRQ,2021-03-31,2021-03-31,2021-03-31,2021-08-05,-3882000000.0,47781000000.0,,20327000000.0,27454000000.0,,15.022,-471000000.0,421000000.0,421000000.0,1083000000.0,-1840000000.0,1.301,3.135,16238000000.0,2523000000.0,13715000000.0,16238000000.0,0.0,278000000.0,0.0,0.058,0.415,-1628000000.0,-1350000000.0,-0.901,-1350000000.0,-1628000000.0,-1781000000.0,-2.39,-2.39,-2.39,11554000000.0,,11554000000.0,46252689838.0,166.0,30.449,192000000.0,0.25,1.0,415000000.0,0.277,1064000000.0,153000000.0,46911000000.0,,260000000.0,0.0,0.0,0.0,36227000000.0,15623000000.0,20604000000.0,22171689838.0,-21000000.0,0.0,1000000.0,384000000.0,-320000000.0,-71000000.0,-735000000.0,0.0,663000000.0,8000000.0,-1840000000.0,-1840000000.0,-1840000000.0,2043000000.0,0.0,-1.228,0.0,415000000.0,660000000.0,-0.174,1.919,-23.969,-24.235,24697000000.0,0.0,28.84,3.372,3.374,859000000.0,3155000000.0,1498000000.0,1498000000.0,0.0,,,,,6000000.0,0.0,1.0,768782588.0,769159000,770710000.0,1.948,46717000000.0,0.0,59000000.0,3536000000.0,60.738,4704000000.0
2,PPL,MRQ,2020-12-31,2020-12-31,2020-12-31,2021-08-05,-4220000000.0,48116000000.0,,20900000000.0,27216000000.0,,17.393,-901000000.0,442000000.0,442000000.0,1225000000.0,290000000.0,1.388,2.598,15857000000.0,2242000000.0,13615000000.0,15857000000.0,0.0,353000000.0,0.0,0.059,0.415,620000000.0,973000000.0,0.504,973000000.0,620000000.0,369000000.0,0.38,0.38,0.38,13373000000.0,,13373000000.0,45070930452.0,15.0,10.407,-402000000.0,-0.523,1.0,704000000.0,0.365,1067000000.0,251000000.0,47409000000.0,,302000000.0,0.0,0.0,0.0,34743000000.0,15055000000.0,19688000000.0,21680930452.0,-42000000.0,0.0,2000000.0,687000000.0,-319000000.0,353000000.0,-900000000.0,7000000.0,499000000.0,6000000.0,290000000.0,290000000.0,290000000.0,0.0,0.0,0.15,0.0,704000000.0,745000000.0,1.092,1.621,14.759,14.764,24500000000.0,0.0,28.2,2.85,2.849,904000000.0,5315000000.0,1929000000.0,1929000000.0,0.0,,,,,12000000.0,0.0,1.0,768827321.0,768854000,769726000.0,2.509,47049000000.0,0.0,79000000.0,2727000000.0,61.194,5845000000.0
3,PPL,MRQ,2020-09-30,2020-09-30,2020-09-30,2021-08-05,-3927000000.0,47924000000.0,,2695000000.0,45229000000.0,,17.802,-772000000.0,746000000.0,746000000.0,1198000000.0,281000000.0,0.495,2.502,24136000000.0,2893000000.0,21243000000.0,24136000000.0,0.0,341000000.0,298000000.0,0.061,0.415,739000000.0,1080000000.0,0.573,1080000000.0,739000000.0,490000000.0,0.37,0.37,0.37,13686000000.0,,13686000000.0,43624600123.0,16.0,11.053,176000000.0,0.229,1.0,687000000.0,0.364,4046000000.0,249000000.0,61826000000.0,,351000000.0,0.0,0.0,0.0,34238000000.0,5442000000.0,28796000000.0,20918600123.0,-532000000.0,0.0,-1000000.0,-394000000.0,-320000000.0,-712000000.0,-785000000.0,-7000000.0,948000000.0,17000000.0,281000000.0,281000000.0,281000000.0,0.0,0.0,0.149,0.0,687000000.0,864000000.0,1.122,1.528,13.557,13.47,38320000000.0,0.0,27.21,3.198,3.198,1124000000.0,5345000000.0,1885000000.0,1885000000.0,0.0,,,,,5000000.0,0.0,1.0,768783540.0,768786000,769660000.0,2.452,43878000000.0,0.0,209000000.0,3784000000.0,57.074,-2747000000.0
4,PPL,MRQ,2020-06-30,2020-06-30,2020-06-30,2021-08-05,-4602000000.0,46520000000.0,,3268000000.0,43252000000.0,,16.967,-542000000.0,1278000000.0,1278000000.0,916000000.0,344000000.0,0.632,2.566,23984000000.0,2886000000.0,21098000000.0,23984000000.0,0.0,268000000.0,267000000.0,0.064,0.415,548000000.0,816000000.0,0.646,816000000.0,548000000.0,384000000.0,0.45,0.45,0.45,13044000000.0,,13044000000.0,42485848607.0,15.0,10.48,65000000.0,0.085,1.0,347000000.0,0.275,3816000000.0,164000000.0,60242000000.0,,333000000.0,0.0,0.0,0.0,33476000000.0,5168000000.0,28308000000.0,19864848607.0,408000000.0,0.0,13000000.0,768000000.0,-319000000.0,505000000.0,-740000000.0,0.0,607000000.0,-7000000.0,344000000.0,344000000.0,344000000.0,-191000000.0,0.0,0.272,0.0,347000000.0,804000000.0,0.922,1.523,11.436,11.186,36785000000.0,0.0,25.84,3.014,3.014,1053000000.0,5383000000.0,1263000000.0,1263000000.0,0.0,,,,,-6000000.0,0.0,1.0,768763491.0,768768000,769408000.0,1.643,42704000000.0,0.0,40000000.0,3478000000.0,55.549,-1900000000.0
5,PPL,MRQ,2020-03-31,2020-03-31,2020-03-31,2021-08-05,-4366000000.0,46328000000.0,,2956000000.0,43372000000.0,,17.242,-616000000.0,915000000.0,915000000.0,1016000000.0,554000000.0,0.555,2.499,23536000000.0,2866000000.0,20670000000.0,23536000000.0,0.0,259000000.0,265000000.0,0.067,0.415,769000000.0,1028000000.0,0.714,1028000000.0,769000000.0,615000000.0,0.72,0.72,0.72,13241000000.0,,13241000000.0,40044016284.0,13.0,9.274,76000000.0,0.099,1.0,424000000.0,0.294,3926000000.0,154000000.0,59701000000.0,,320000000.0,0.0,0.0,0.0,33087000000.0,5322000000.0,27765000000.0,17815016284.0,77000000.0,0.0,20000000.0,588000000.0,-317000000.0,240000000.0,-833000000.0,0.0,692000000.0,1000000.0,554000000.0,554000000.0,554000000.0,-350000000.0,0.0,0.385,0.0,424000000.0,833000000.0,0.576,1.345,9.714,9.992,36835000000.0,0.0,24.68,2.499,2.658,1164000000.0,5360000000.0,1440000000.0,1440000000.0,0.0,,,,,6000000.0,0.0,1.0,721840206.0,767948000,768738000.0,1.875,42402000000.0,0.0,61000000.0,3440000000.0,55.215,-2366000000.0
6,PPL,MRQ,2019-12-31,2019-12-31,2019-12-31,2021-08-05,-4358000000.0,45680000000.0,,2767000000.0,42913000000.0,,17.345,-886000000.0,815000000.0,815000000.0,1261000000.0,364000000.0,0.565,2.516,23044000000.0,2323000000.0,20721000000.0,23044000000.0,0.0,330000000.0,261000000.0,0.046,0.412,693000000.0,1023000000.0,0.524,1023000000.0,693000000.0,445000000.0,0.48,0.48,0.48,12991000000.0,,12991000000.0,48206425583.0,15.0,10.884,-347000000.0,-0.463,1.0,693000000.0,0.355,3940000000.0,248000000.0,59069000000.0,,332000000.0,0.0,0.0,0.0,32689000000.0,4900000000.0,27789000000.0,25942425583.0,146000000.0,0.0,1118000000.0,-344000000.0,-299000000.0,473000000.0,-886000000.0,6000000.0,539000000.0,20000000.0,364000000.0,364000000.0,364000000.0,0.0,0.0,0.186,0.0,693000000.0,956000000.0,0.858,1.997,14.858,15.013,36482000000.0,0.0,35.88,3.339,3.365,1191000000.0,5127000000.0,1954000000.0,1954000000.0,0.0,,,,,12000000.0,0.0,1.0,723033043.0,748969000,754985000.0,2.609,41740000000.0,0.0,81000000.0,3311000000.0,55.73,-2133000000.0
7,PPL,MRQ,2019-09-30,2019-09-30,2019-09-30,2021-08-05,-4272000000.0,44559000000.0,,2534000000.0,42025000000.0,,16.479,-723000000.0,670000000.0,670000000.0,1207000000.0,475000000.0,0.66,2.744,22934000000.0,1387000000.0,21547000000.0,22934000000.0,0.0,335000000.0,262000000.0,0.052,0.412,852000000.0,1187000000.0,0.614,1187000000.0,852000000.0,593000000.0,0.66,0.65,0.66,11902000000.0,,11902000000.0,45074567571.0,14.0,10.104,95000000.0,0.132,1.0,726000000.0,0.376,3759000000.0,259000000.0,59224000000.0,,295000000.0,0.0,0.0,0.0,32657000000.0,3840000000.0,28817000000.0,22743567571.0,262000000.0,0.0,14000000.0,456000000.0,-299000000.0,165000000.0,-715000000.0,2000000.0,818000000.0,-6000000.0,475000000.0,475000000.0,475000000.0,0.0,0.0,0.246,0.0,726000000.0,846000000.0,0.624,1.911,12.656,12.647,35108000000.0,0.0,31.49,2.933,2.933,1055000000.0,5080000000.0,1933000000.0,1933000000.0,0.0,,,,,5000000.0,0.0,1.0,722247303.0,722259000,731151000.0,2.676,40800000000.0,0.0,118000000.0,3294000000.0,56.489,-1306000000.0
8,PPL,MRQ,2019-06-30,2019-06-30,2019-06-30,2021-08-05,-3996000000.0,44204000000.0,,2231000000.0,41973000000.0,,16.602,-745000000.0,406000000.0,406000000.0,1163000000.0,441000000.0,0.549,2.689,22737000000.0,1772000000.0,20965000000.0,22737000000.0,0.0,309000000.0,265000000.0,0.053,0.412,771000000.0,1080000000.0,0.599,1080000000.0,771000000.0,525000000.0,0.61,0.6,0.61,11983000000.0,,11983000000.0,44607228785.0,14.0,10.224,-149000000.0,-0.206,1.0,640000000.0,0.355,3849000000.0,246000000.0,58623000000.0,,286000000.0,0.0,0.0,0.0,32221000000.0,4063000000.0,28158000000.0,22381228785.0,-112000000.0,0.0,13000000.0,351000000.0,-298000000.0,56000000.0,-757000000.0,4000000.0,596000000.0,-7000000.0,441000000.0,441000000.0,441000000.0,0.0,0.0,0.245,0.0,640000000.0,830000000.0,0.675,1.868,12.666,12.606,35130000000.0,0.0,31.01,2.909,2.909,1087000000.0,4903000000.0,1803000000.0,1803000000.0,0.0,,,,,5000000.0,0.0,1.0,721742302.0,721785000,730915000.0,2.498,40355000000.0,0.0,84000000.0,3222000000.0,55.91,-1832000000.0
9,PPL,MRQ,2019-03-31,2019-03-31,2019-03-31,2021-08-05,-3647000000.0,44567000000.0,,2429000000.0,42138000000.0,,16.882,-729000000.0,518000000.0,518000000.0,1298000000.0,466000000.0,0.598,2.661,22744000000.0,1630000000.0,21114000000.0,22744000000.0,0.0,306000000.0,260000000.0,0.052,0.412,833000000.0,1139000000.0,0.548,1139000000.0,833000000.0,592000000.0,0.65,0.64,0.65,12172000000.0,,12172000000.0,43598320816.0,13.0,9.773,-255000000.0,-0.354,1.0,781000000.0,0.376,3988000000.0,241000000.0,58744000000.0,,274000000.0,0.0,0.0,0.0,32395000000.0,4061000000.0,28334000000.0,22190320816.0,-103000000.0,0.0,22000000.0,424000000.0,-296000000.0,142000000.0,-722000000.0,2000000.0,474000000.0,3000000.0,466000000.0,466000000.0,466000000.0,0.0,0.0,0.224,0.0,781000000.0,823000000.0,0.634,1.823,12.053,12.255,35307000000.0,0.0,31.74,2.868,2.958,1205000000.0,4761000000.0,2079000000.0,2079000000.0,0.0,,,,,14000000.0,0.0,1.0,699127940.0,721023000,729953000.0,2.883,40579000000.0,0.0,126000000.0,3178000000.0,56.28,-1632000000.0
10,PPL,MRQ,2018-12-31,2018-12-31,2018-12-31,2021-08-05,-3964000000.0,43396000000.0,,2432000000.0,40964000000.0,,16.181,-894000000.0,621000000.0,621000000.0,1282000000.0,415000000.0,0.533,2.723,22029000000.0,1960000000.0,20069000000.0,22029000000.0,0.0,299000000.0,257000000.0,0.058,0.41,756000000.0,1055000000.0,0.544,1055000000.0,756000000.0,511000000.0,0.57,0.57,0.57,11657000000.0,,11657000000.0,41364263790.0,13.0,9.358,-283000000.0,-0.393,1.0,657000000.0,0.339,3878000000.0,245000000.0,56363000000.0,,303000000.0,0.0,0.0,0.0,31739000000.0,4563000000.0,27176000000.0,20403263790.0,-221000000.0,0.0,20000000.0,339000000.0,-287000000.0,72000000.0,-895000000.0,3000000.0,611000000.0,-9000000.0,415000000.0,415000000.0,415000000.0,0.0,0.0,0.214,0.0,657000000.0,989000000.0,0.719,1.75,11.168,10.938,34458000000.0,0.0,28.33,2.621,2.563,1159000000.0,4593000000.0,1939000000.0,1939000000.0,0.0,,,,,5000000.0,0.0,1.0,720199922.0,720405000,727561000.0,2.692,39518000000.0,0.0,96000000.0,3032000000.0,54.855,-2131000000.0
11,PPL,MRQ,2018-09-30,2018-09-30,2018-09-30,2021-08-05,-3648000000.0,43042000000.0,,2545000000.0,40497000000.0,,16.744,-817000000.0,842000000.0,842000000.0,1186000000.0,445000000.0,0.581,2.653,21803000000.0,1879000000.0,19924000000.0,21803000000.0,0.0,297000000.0,265000000.0,0.056,0.41,792000000.0,1089000000.0,0.582,1089000000.0,792000000.0,548000000.0,0.63,0.62,0.63,11783000000.0,,11783000000.0,41901437512.0,13.0,9.467,68000000.0,0.097,1.0,686000000.0,0.366,3942000000.0,244000000.0,55678000000.0,,295000000.0,0.0,0.0,0.0,31259000000.0,4383000000.0,26876000000.0,20469437512.0,-11000000.0,0.0,531000000.0,-316000000.0,-288000000.0,-77000000.0,-817000000.0,3000000.0,885000000.0,-2000000.0,445000000.0,445000000.0,445000000.0,0.0,0.0,0.238,0.0,686000000.0,814000000.0,0.651,1.737,13.738,13.737,34018000000.0,0.0,29.26,2.634,2.649,1095000000.0,4423000000.0,1872000000.0,1872000000.0,0.0,,,,,5000000.0,0.0,1.0,699570660.0,703730000,710517000.0,2.66,39100000000.0,0.0,103000000.0,2965000000.0,55.561,-1838000000.0
12,PPL,MRQ,2018-06-30,2018-06-30,2018-06-30,2021-08-05,-3495000000.0,42830000000.0,,2600000000.0,40230000000.0,,16.08,-777000000.0,852000000.0,852000000.0,1190000000.0,515000000.0,0.585,2.81,22284000000.0,2067000000.0,20217000000.0,22284000000.0,0.0,286000000.0,271000000.0,0.056,0.41,892000000.0,1178000000.0,0.637,1178000000.0,892000000.0,657000000.0,0.74,0.73,0.74,11240000000.0,,11240000000.0,41249674053.0,13.0,9.544,-18000000.0,-0.026,1.0,658000000.0,0.356,4002000000.0,235000000.0,55812000000.0,,288000000.0,0.0,0.0,0.0,31590000000.0,4448000000.0,27142000000.0,19957674053.0,222000000.0,0.0,47000000.0,609000000.0,-285000000.0,364000000.0,-896000000.0,-65000000.0,759000000.0,-5000000.0,515000000.0,515000000.0,515000000.0,0.0,0.0,0.279,0.0,658000000.0,804000000.0,0.554,1.776,14.255,14.134,33823000000.0,0.0,28.55,2.577,2.577,1128000000.0,4266000000.0,1848000000.0,1848000000.0,0.0,,,,,1000000.0,0.0,1.0,699042874.0,699006000,700976000.0,2.644,38828000000.0,0.0,142000000.0,2892000000.0,55.547,-1848000000.0
13,PPL,MRQ,2018-03-31,2018-03-31,2018-03-31,2021-08-05,-3279000000.0,42388000000.0,,2490000000.0,39898000000.0,,16.092,-750000000.0,629000000.0,629000000.0,1275000000.0,452000000.0,0.588,2.793,21921000000.0,1707000000.0,20214000000.0,21921000000.0,0.0,290000000.0,286000000.0,0.056,0.41,808000000.0,1098000000.0,0.516,1098000000.0,808000000.0,569000000.0,0.65,0.65,0.65,11176000000.0,,11176000000.0,40182028058.0,14.0,10.04,-184000000.0,-0.265,1.0,851000000.0,0.4,4005000000.0,239000000.0,55437000000.0,,279000000.0,0.0,0.0,0.0,31212000000.0,4238000000.0,26974000000.0,19392028058.0,142000000.0,0.0,100000000.0,513000000.0,-273000000.0,331000000.0,-753000000.0,0.0,566000000.0,-2000000.0,452000000.0,452000000.0,452000000.0,0.0,0.0,0.213,0.0,851000000.0,836000000.0,0.631,1.735,16.476,16.544,33736000000.0,0.0,28.29,2.544,2.578,1249000000.0,4037000000.0,2126000000.0,2126000000.0,0.0,,,,,15000000.0,0.0,1.0,685472890.0,694514000,695322000.0,3.061,38383000000.0,0.0,117000000.0,2813000000.0,55.266,-1748000000.0
14,PPL,MRQ,2017-12-31,2017-12-31,2017-12-31,2021-08-05,-3422000000.0,41479000000.0,,2294000000.0,39185000000.0,,15.604,-981000000.0,485000000.0,485000000.0,1177000000.0,78000000.0,0.57,2.855,21275000000.0,1428000000.0,19847000000.0,21275000000.0,0.0,288000000.0,292000000.0,0.051,0.395,773000000.0,1061000000.0,0.551,1061000000.0,773000000.0,541000000.0,0.11,0.11,0.11,10761000000.0,,10761000000.0,41400970580.0,15.0,10.567,-274000000.0,-0.397,1.0,749000000.0,0.389,3955000000.0,232000000.0,54291000000.0,,320000000.0,0.0,0.0,0.0,30718000000.0,4023000000.0,26695000000.0,21307970580.0,-192000000.0,0.0,178000000.0,165000000.0,-272000000.0,86000000.0,-993000000.0,0.0,707000000.0,8000000.0,78000000.0,78000000.0,78000000.0,0.0,0.0,0.04,0.0,749000000.0,924000000.0,3.591,1.98,18.89,18.872,33092000000.0,0.0,30.95,2.861,2.848,1224000000.0,3871000000.0,1926000000.0,1926000000.0,0.0,,,,,8000000.0,0.0,1.0,688464316.0,689611000,691093000.0,2.793,37524000000.0,0.0,463000000.0,2696000000.0,54.413,-1729000000.0
15,PPL,MRQ,2017-09-30,2017-09-30,2017-09-30,2021-08-05,-3503000000.0,40758000000.0,,2331000000.0,38427000000.0,,15.573,-779000000.0,676000000.0,676000000.0,1109000000.0,355000000.0,0.562,2.812,20769000000.0,1659000000.0,19110000000.0,20769000000.0,0.0,284000000.0,291000000.0,0.041,0.395,701000000.0,985000000.0,0.534,985000000.0,701000000.0,471000000.0,0.52,0.51,0.52,10692000000.0,,10692000000.0,46126223170.0,16.0,11.716,185000000.0,0.269,1.0,736000000.0,0.399,3800000000.0,230000000.0,52902000000.0,,323000000.0,0.0,0.0,0.0,30066000000.0,4149000000.0,25917000000.0,26028223170.0,208000000.0,0.0,98000000.0,209000000.0,-271000000.0,27000000.0,-783000000.0,0.0,964000000.0,0.0,355000000.0,355000000.0,355000000.0,0.0,0.0,0.192,0.0,736000000.0,838000000.0,0.76,2.434,17.18,17.095,31816000000.0,0.0,37.95,3.54,3.543,1022000000.0,4066000000.0,1845000000.0,1845000000.0,0.0,,,,,8000000.0,0.0,1.0,685855683.0,686563000,688746000.0,2.687,36958000000.0,0.0,116000000.0,4464000000.0,53.83,-1818000000.0
16,PPL,MRQ,2017-06-30,2017-06-30,2017-06-30,2021-08-05,-3523000000.0,39964000000.0,,2166000000.0,37798000000.0,,15.34,-693000000.0,467000000.0,467000000.0,1067000000.0,292000000.0,0.498,2.81,20565000000.0,2168000000.0,18397000000.0,20565000000.0,0.0,268000000.0,289000000.0,0.04,0.395,590000000.0,858000000.0,0.497,858000000.0,590000000.0,368000000.0,0.43,0.43,0.43,10490000000.0,,10490000000.0,46043536917.0,15.0,11.408,-38000000.0,-0.056,1.0,658000000.0,0.381,3795000000.0,222000000.0,51917000000.0,,316000000.0,0.0,0.0,0.0,29474000000.0,4350000000.0,25124000000.0,26411536917.0,57000000.0,0.0,104000000.0,280000000.0,-271000000.0,104000000.0,-706000000.0,0.0,655000000.0,4000000.0,292000000.0,292000000.0,292000000.0,0.0,0.0,0.169,0.0,658000000.0,752000000.0,0.919,2.518,16.174,16.108,31233000000.0,0.0,38.66,3.571,3.574,1044000000.0,3983000000.0,1725000000.0,1725000000.0,0.0,,,,,3000000.0,0.0,1.0,683174778.0,683841000,686351000.0,2.523,36169000000.0,0.0,76000000.0,4338000000.0,52.891,-2184000000.0
17,PPL,MRQ,2017-03-31,2017-03-31,2017-03-31,2021-08-05,-3777000000.0,39034000000.0,,2227000000.0,36807000000.0,,14.847,-680000000.0,409000000.0,409000000.0,1193000000.0,403000000.0,0.523,2.861,20041000000.0,2083000000.0,17958000000.0,20041000000.0,0.0,265000000.0,277000000.0,0.041,0.395,749000000.0,1014000000.0,0.52,1014000000.0,749000000.0,532000000.0,0.59,0.59,0.59,10109000000.0,,10109000000.0,44241546678.0,13.0,10.225,-545000000.0,-0.8,1.0,758000000.0,0.389,3694000000.0,217000000.0,50716000000.0,,312000000.0,0.0,0.0,0.0,28925000000.0,4256000000.0,24669000000.0,25333546678.0,66000000.0,0.0,73000000.0,808000000.0,-258000000.0,607000000.0,-679000000.0,0.0,135000000.0,3000000.0,403000000.0,403000000.0,403000000.0,0.0,0.0,0.207,0.0,758000000.0,700000000.0,0.669,2.506,13.889,13.951,30407000000.0,0.0,37.39,3.397,3.414,1129000000.0,3962000000.0,1951000000.0,1951000000.0,0.0,,,,,19000000.0,0.0,1.0,677548721.0,680882000,683084000.0,2.865,35340000000.0,0.0,129000000.0,4267000000.0,51.903,-2029000000.0
18,PPL,MRQ,2016-12-31,2016-12-31,2016-12-31,2021-08-05,-3778000000.0,38315000000.0,,2067000000.0,36248000000.0,,14.565,-824000000.0,341000000.0,341000000.0,1230000000.0,465000000.0,0.539,2.871,19249000000.0,1441000000.0,17808000000.0,19249000000.0,0.0,260000000.0,276000000.0,0.045,0.38,820000000.0,1080000000.0,0.59,1080000000.0,820000000.0,603000000.0,0.68,0.68,0.68,9899000000.0,,9899000000.0,41873310348.0,12.0,9.422,-164000000.0,-0.241,1.0,602000000.0,0.329,3760000000.0,217000000.0,49626000000.0,,356000000.0,0.0,0.0,0.0,28416000000.0,3837000000.0,24579000000.0,23141310348.0,-83000000.0,0.0,11000000.0,373000000.0,-258000000.0,119000000.0,-860000000.0,0.0,660000000.0,-2000000.0,465000000.0,465000000.0,465000000.0,0.0,0.0,0.254,0.0,602000000.0,820000000.0,0.559,2.338,12.167,12.161,30074000000.0,0.0,34.05,3.079,3.069,1146000000.0,3829000000.0,1832000000.0,1832000000.0,0.0,,,,,5000000.0,0.0,1.0,679627323.0,679653000,681877000.0,2.695,34555000000.0,0.0,138000000.0,4122000000.0,50.842,-1770000000.0
19,PPL,MRQ,2016-09-30,2016-09-30,2016-09-30,2021-08-05,-3480000000.0,38038000000.0,,2099000000.0,35939000000.0,,14.71,-736000000.0,416000000.0,416000000.0,1103000000.0,473000000.0,0.615,2.813,19148000000.0,1079000000.0,18069000000.0,19148000000.0,0.0,249000000.0,302000000.0,0.044,0.38,835000000.0,1084000000.0,0.574,1084000000.0,835000000.0,612000000.0,0.7,0.69,0.7,9975000000.0,,9975000000.0,42973711931.0,13.0,10.088,324000000.0,0.478,1.0,786000000.0,0.416,3868000000.0,223000000.0,49490000000.0,,346000000.0,0.0,0.0,0.0,28063000000.0,3412000000.0,24651000000.0,23441711931.0,-76000000.0,0.0,57000000.0,-202000000.0,-259000000.0,-406000000.0,-719000000.0,0.0,1060000000.0,-11000000.0,473000000.0,473000000.0,473000000.0,0.0,0.0,0.25,0.0,786000000.0,741000000.0,0.543,2.35,12.768,12.756,29969000000.0,0.0,34.57,3.14,3.14,1080000000.0,3624000000.0,1889000000.0,1889000000.0,0.0,,,,,5000000.0,0.0,1.0,678094068.0,678114000,680348000.0,2.786,34170000000.0,0.0,139000000.0,4060000000.0,50.39,-1313000000.0
20,PPL,MRQ,2016-06-30,2016-06-30,2016-06-30,2021-08-05,-2857000000.0,39528000000.0,,2360000000.0,37168000000.0,,15.248,-698000000.0,492000000.0,492000000.0,1060000000.0,483000000.0,0.692,2.828,20024000000.0,1075000000.0,18949000000.0,20024000000.0,0.0,250000000.0,326000000.0,0.04,0.38,899000000.0,1149000000.0,0.644,1149000000.0,899000000.0,675000000.0,0.71,0.71,0.71,10325000000.0,,10325000000.0,44564680394.0,14.0,10.664,-85000000.0,-0.126,1.0,725000000.0,0.406,4163000000.0,224000000.0,51489000000.0,,336000000.0,0.0,0.0,0.0,29203000000.0,3408000000.0,25795000000.0,25554680394.0,-322000000.0,0.0,34000000.0,-81000000.0,-258000000.0,-267000000.0,-686000000.0,0.0,613000000.0,18000000.0,483000000.0,483000000.0,483000000.0,0.0,0.0,0.271,0.0,725000000.0,726000000.0,0.535,2.475,14.553,14.575,30794000000.0,0.0,37.75,3.428,3.429,1114000000.0,3409000000.0,1785000000.0,1785000000.0,0.0,,,,,5000000.0,0.0,1.0,676945176.0,677145000,680729000.0,2.636,35365000000.0,0.0,192000000.0,3989000000.0,52.227,-1048000000.0
21,PPL,MRQ,2016-03-31,2016-03-31,2016-03-31,2021-08-05,-3159000000.0,38709000000.0,,2713000000.0,35996000000.0,,14.453,-662000000.0,814000000.0,814000000.0,1188000000.0,481000000.0,0.667,2.965,19824000000.0,1750000000.0,18074000000.0,19824000000.0,0.0,247000000.0,306000000.0,0.105,0.38,884000000.0,1131000000.0,0.562,1131000000.0,884000000.0,660000000.0,0.71,0.71,0.71,9762000000.0,,9762000000.0,44616407459.0,24.0,15.986,-105000000.0,-0.155,1.0,823000000.0,0.409,4003000000.0,224000000.0,49650000000.0,,332000000.0,0.0,0.0,0.0,28947000000.0,4066000000.0,24881000000.0,25488407459.0,-22000000.0,0.0,42000000.0,351000000.0,-255000000.0,115000000.0,-661000000.0,0.0,557000000.0,-33000000.0,481000000.0,481000000.0,481000000.0,0.0,0.0,0.239,0.0,823000000.0,707000000.0,0.535,2.611,49.396,50.76,29832000000.0,0.0,38.07,3.421,3.452,1146000000.0,3185000000.0,2011000000.0,2011000000.0,0.0,,,,,13000000.0,0.0,1.0,669514249.0,675441000,678817000.0,2.977,34706000000.0,0.0,179000000.0,3783000000.0,51.383,-1353000000.0
22,PPL,MRQ,2015-12-31,2015-12-31,2015-12-31,2021-08-05,-2728000000.0,39301000000.0,,2646000000.0,36655000000.0,,14.737,-978000000.0,836000000.0,836000000.0,1163000000.0,399000000.0,0.683,2.962,19964000000.0,1401000000.0,18563000000.0,19964000000.0,0.0,238000000.0,326000000.0,0.117,0.378,658000000.0,896000000.0,0.503,896000000.0,658000000.0,432000000.0,0.59,0.59,0.59,9919000000.0,,9919000000.0,41745219782.0,21.0,14.103,-394000000.0,-0.585,1.0,617000000.0,0.347,4229000000.0,226000000.0,50324000000.0,,357000000.0,0.0,0.0,0.0,29382000000.0,3876000000.0,25506000000.0,22964219782.0,-145000000.0,0.0,58000000.0,464000000.0,-254000000.0,251000000.0,-976000000.0,0.0,584000000.0,-4000000.0,399000000.0,399000000.0,399000000.0,6000000.0,0.0,0.224,0.0,617000000.0,812000000.0,0.641,2.315,33.672,33.792,30382000000.0,0.0,34.13,2.994,2.981,1126000000.0,2953000000.0,1780000000.0,1780000000.0,0.0,,,,,5000000.0,0.0,1.0,672845584.0,673063000,676582000.0,2.645,35072000000.0,0.0,33000000.0,3653000000.0,52.108,-1230000000.0
23,PPL,MRQ,2015-09-30,2015-09-30,2015-09-30,2021-08-05,-2206000000.0,39246000000.0,,2990000000.0,36256000000.0,,15.239,-889000000.0,981000000.0,981000000.0,1192000000.0,393000000.0,0.669,2.839,19762000000.0,2017000000.0,17745000000.0,19762000000.0,0.0,245000000.0,312000000.0,0.122,0.377,758000000.0,1003000000.0,0.534,1003000000.0,758000000.0,537000000.0,0.58,0.58,0.58,10222000000.0,,10222000000.0,40392304650.0,17.0,11.979,-171000000.0,-0.255,1.0,686000000.0,0.365,4285000000.0,221000000.0,49274000000.0,,321000000.0,0.0,0.0,0.0,29024000000.0,4468000000.0,24556000000.0,22035304650.0,135000000.0,0.0,62000000.0,502000000.0,-250000000.0,302000000.0,-888000000.0,1000000.0,718000000.0,3000000.0,393000000.0,393000000.0,393000000.0,3000000.0,0.0,0.209,0.0,686000000.0,808000000.0,0.65,2.156,22.531,22.527,29962000000.0,0.0,32.89,2.812,2.816,1134000000.0,2791000000.0,1878000000.0,1878000000.0,0.0,,,,,-12000000.0,0.0,1.0,669969737.0,670763000,673702000.0,2.8,34961000000.0,223000000.0,144000000.0,3983000000.0,52.121,-1478000000.0
24,PPL,MRQ,2015-06-30,2015-06-30,2015-06-30,2021-08-05,-2284000000.0,38244000000.0,,2870000000.0,35374000000.0,,14.872,-860000000.0,846000000.0,846000000.0,1143000000.0,-757000000.0,0.637,2.847,19203000000.0,2100000000.0,17103000000.0,19203000000.0,0.0,232000000.0,309000000.0,0.136,2.878,-471000000.0,-239000000.0,-0.134,-239000000.0,-471000000.0,-686000000.0,-1.13,-1.13,-1.13,9941000000.0,,9941000000.0,40066120599.0,16.0,11.353,-220000000.0,-0.329,1.0,638000000.0,0.358,4248000000.0,215000000.0,47844000000.0,,315000000.0,0.0,0.0,0.0,28303000000.0,4509000000.0,23794000000.0,19689120599.0,-268000000.0,0.0,48000000.0,201000000.0,-250000000.0,-388000000.0,-734000000.0,150000000.0,640000000.0,-7000000.0,-757000000.0,-757000000.0,-757000000.0,1007000000.0,0.0,-0.425,0.0,638000000.0,902000000.0,-2.547,1.981,18.197,18.191,29218000000.0,0.0,29.47,2.513,2.514,1168000000.0,2654000000.0,1781000000.0,1781000000.0,0.0,,,,,24000000.0,0.0,1.0,668107248.0,668415000,671286000.0,2.665,33996000000.0,159000000.0,71000000.0,3798000000.0,50.861,-1639000000.0
25,PPL,MRQ,2015-03-31,2015-03-31,2015-03-31,2021-08-05,-2311000000.0,48921000000.0,,5699000000.0,43222000000.0,,21.044,-843000000.0,1525000000.0,1525000000.0,1340000000.0,647000000.0,0.79,2.485,21902000000.0,3130000000.0,18772000000.0,21902000000.0,0.0,227000000.0,0.0,0.044,0.373,1073000000.0,1300000000.0,0.583,1300000000.0,1073000000.0,864000000.0,0.97,0.96,0.97,14036000000.0,,14036000000.0,42276859613.0,12.0,9.403,-170000000.0,-0.255,1.0,890000000.0,0.399,4884000000.0,209000000.0,57197000000.0,,687000000.0,1134000000.0,135000000.0,999000000.0,34885000000.0,7217000000.0,27668000000.0,22350859613.0,-285000000.0,0.0,35000000.0,163000000.0,-250000000.0,-97000000.0,-990000000.0,-15000000.0,673000000.0,-2000000.0,647000000.0,647000000.0,647000000.0,-95000000.0,0.0,0.29,0.0,890000000.0,1128000000.0,0.385,1.592,10.808,10.858,34959000000.0,0.0,33.66,2.828,2.84,1725000000.0,6860000000.0,2230000000.0,2230000000.0,0.0,,,,,14000000.0,0.0,1.0,664018408.0,666974000,668732000.0,3.343,44037000000.0,155000000.0,217000000.0,5058000000.0,66.025,-1518000000.0
26,PPL,MRQ,2014-12-31,2014-12-31,2014-12-31,2021-08-05,-2274000000.0,48606000000.0,,6026000000.0,42580000000.0,,20.483,-1085000000.0,1399000000.0,1399000000.0,1246000000.0,695000000.0,0.81,2.567,18890000000.0,1836000000.0,17054000000.0,18890000000.0,0.0,249000000.0,304000000.0,0.041,0.373,1059000000.0,1308000000.0,0.672,1308000000.0,1059000000.0,853000000.0,1.04,1.04,1.04,13628000000.0,,13628000000.0,44556066123.0,14.0,10.459,-310000000.0,-0.466,1.0,700000000.0,0.36,4335000000.0,206000000.0,54323000000.0,,381000000.0,120000000.0,120000000.0,0.0,34978000000.0,7439000000.0,27539000000.0,24162066123.0,405000000.0,0.0,37000000.0,339000000.0,-249000000.0,164000000.0,-355000000.0,-120000000.0,775000000.0,-21000000.0,695000000.0,695000000.0,695000000.0,-287000000.0,0.0,0.357,0.0,700000000.0,995000000.0,0.359,1.773,13.91,13.761,28169000000.0,0.0,36.33,3.077,3.024,1254000000.0,6462000000.0,1946000000.0,1946000000.0,0.0,,,,,-24000000.0,0.0,1.0,665072010.0,665333000,667389000.0,2.925,44271000000.0,0.0,158000000.0,3497000000.0,66.54,-1413000000.0
27,PPL,MRQ,2014-09-30,2014-09-30,2014-09-30,2021-08-05,-1438000000.0,48189000000.0,,5760000000.0,42429000000.0,,21.031,-936000000.0,1462000000.0,1462000000.0,1191000000.0,497000000.0,1.064,2.448,21856000000.0,1334000000.0,20522000000.0,21856000000.0,0.0,249000000.0,0.0,0.045,0.372,911000000.0,1160000000.0,0.617,1160000000.0,911000000.0,698000000.0,0.74,0.74,0.74,13974000000.0,,13974000000.0,42148276736.0,19.0,15.08,109000000.0,0.164,1.0,688000000.0,0.366,5123000000.0,213000000.0,58048000000.0,,763000000.0,947000000.0,0.0,947000000.0,34215000000.0,5412000000.0,28803000000.0,21818276736.0,-11000000.0,0.0,20000000.0,27000000.0,-248000000.0,-252000000.0,-871000000.0,0.0,1045000000.0,-3000000.0,497000000.0,497000000.0,497000000.0,-87000000.0,0.0,0.265,0.0,688000000.0,1208000000.0,0.503,1.561,23.113,23.291,34397000000.0,0.0,32.84,6.646,6.646,1587000000.0,6017000000.0,1879000000.0,1879000000.0,0.0,,,,,4000000.0,0.0,1.0,664381143.0,664432000,666402000.0,2.828,43066000000.0,242000000.0,201000000.0,4865000000.0,64.816,348000000.0
28,PPL,MRQ,2014-06-30,2014-06-30,2014-06-30,2021-08-05,-1398000000.0,48193000000.0,,5537000000.0,42656000000.0,,21.029,-794000000.0,1601000000.0,1601000000.0,1171000000.0,229000000.0,1.074,2.509,21931000000.0,1112000000.0,20819000000.0,21931000000.0,0.0,125000000.0,0.0,0.042,0.372,603000000.0,728000000.0,0.394,728000000.0,603000000.0,395000000.0,0.35,0.34,0.35,13735000000.0,,13735000000.0,43170882085.0,22.0,15.93,-142000000.0,-0.217,1.0,678000000.0,0.367,5253000000.0,208000000.0,58114000000.0,,651000000.0,950000000.0,0.0,950000000.0,34458000000.0,5156000000.0,29302000000.0,22445882085.0,-12000000.0,0.0,1002000000.0,-799000000.0,-236000000.0,279000000.0,-920000000.0,5000000.0,652000000.0,2000000.0,229000000.0,229000000.0,229000000.0,1000000.0,0.0,0.124,0.0,678000000.0,1178000000.0,1.063,1.634,26.191,26.917,34431000000.0,0.0,35.53,5.012,5.182,1661000000.0,5768000000.0,1849000000.0,1849000000.0,0.0,,,,,-8000000.0,0.0,1.0,631744500.0,653132000,665792000.0,2.831,42940000000.0,317000000.0,166000000.0,4663000000.0,65.745,381000000.0
29,PPL,MRQ,2014-03-31,2014-03-31,2014-03-31,2021-08-05,-1429000000.0,47973000000.0,,6094000000.0,41879000000.0,,20.162,-908000000.0,1672000000.0,1672000000.0,471000000.0,316000000.0,0.956,2.772,22397000000.0,1883000000.0,20514000000.0,22397000000.0,0.0,365000000.0,0.0,0.045,0.372,692000000.0,1057000000.0,0.885,1057000000.0,692000000.0,430000000.0,0.5,0.49,0.5,12717000000.0,,12717000000.0,42428570041.0,20.0,13.735,23000000.0,0.036,1.0,723000000.0,0.606,5241000000.0,262000000.0,57081000000.0,,607000000.0,918000000.0,0.0,918000000.0,35256000000.0,6376000000.0,28880000000.0,22005570041.0,154000000.0,0.0,15000000.0,639000000.0,-234000000.0,392000000.0,-1183000000.0,-5000000.0,931000000.0,14000000.0,316000000.0,316000000.0,316000000.0,8000000.0,0.0,0.265,0.0,723000000.0,1345000000.0,0.744,1.73,21.303,20.085,33774000000.0,0.0,33.14,3.62,3.439,1982000000.0,5788000000.0,1194000000.0,1194000000.0,0.0,,,,,28000000.0,0.0,1.0,664018408.0,630749000,663939000.0,1.893,42732000000.0,342000000.0,114000000.0,4617000000.0,67.748,-282000000.0
30,PPL,MRQ,2013-12-31,2013-12-31,2013-12-31,2021-08-05,-1565000000.0,46259000000.0,,5153000000.0,41106000000.0,,19.721,-853000000.0,1185000000.0,1185000000.0,-1943000000.0,-99000000.0,1.049,2.711,21608000000.0,1016000000.0,20592000000.0,21608000000.0,0.0,-114000000.0,0.0,0.049,0.367,-36000000.0,-150000000.0,0.092,-150000000.0,-36000000.0,-67000000.0,-0.18,-0.14,-0.18,12466000000.0,,12466000000.0,37963211487.0,17.0,11.949,-220000000.0,-0.348,1.0,304000000.0,-0.185,5172000000.0,31000000.0,56598000000.0,,702000000.0,907000000.0,0.0,907000000.0,33793000000.0,4912000000.0,28881000000.0,18964211487.0,-15000000.0,0.0,2000000.0,2038000000.0,-233000000.0,665000000.0,-1507000000.0,10000000.0,633000000.0,19000000.0,-98000000.0,-98000000.0,-98000000.0,238000000.0,-1000000.0,0.06,0.0,304000000.0,1308000000.0,-2.039,1.521,16.782,16.265,33087000000.0,0.0,30.09,2.611,2.523,1758000000.0,5709000000.0,-1639000000.0,-1639000000.0,0.0,,,,,-45000000.0,0.0,1.0,630249634.0,632107000,666010000.0,-2.593,41087000000.0,246000000.0,31000000.0,4384000000.0,65.0,241000000.0
31,PPL,MRQ,2013-09-30,2013-09-30,2013-09-30,2021-08-05,-2007000000.0,44988000000.0,,4971000000.0,40017000000.0,,19.561,-992000000.0,1343000000.0,1343000000.0,2228000000.0,411000000.0,1.005,2.643,20342000000.0,1250000000.0,19092000000.0,20342000000.0,0.0,340000000.0,0.0,0.048,0.367,735000000.0,1075000000.0,0.35,1075000000.0,735000000.0,491000000.0,0.65,0.62,0.65,12344000000.0,,12344000000.0,39228058425.0,13.0,8.867,284000000.0,0.45,1.0,846000000.0,0.275,4982000000.0,244000000.0,54057000000.0,,686000000.0,851000000.0,0.0,851000000.0,32626000000.0,4948000000.0,27678000000.0,19191058425.0,580000000.0,0.0,1104000000.0,-599000000.0,-219000000.0,256000000.0,-954000000.0,-3000000.0,1276000000.0,2000000.0,410000000.0,410000000.0,410000000.0,0.0,1000000.0,0.133,0.0,846000000.0,1079000000.0,0.565,1.555,12.093,11.508,31588000000.0,0.0,30.38,1.593,1.591,1509000000.0,6040000000.0,3074000000.0,3074000000.0,0.0,,,,,45000000.0,0.0,1.0,631700409.0,631046000,664343000.0,4.871,40006000000.0,0.0,81000000.0,4292000000.0,63.396,23000000.0
32,PPL,MRQ,2013-06-30,2013-06-30,2013-06-30,2021-08-05,-2128000000.0,43746000000.0,,4775000000.0,38971000000.0,,18.541,-1009000000.0,795000000.0,795000000.0,2692000000.0,405000000.0,0.862,2.999,20832000000.0,1957000000.0,18875000000.0,20832000000.0,0.0,335000000.0,0.0,0.048,0.367,772000000.0,1107000000.0,0.321,1107000000.0,772000000.0,514000000.0,0.68,0.63,0.68,10936000000.0,,10936000000.0,37645198929.0,13.0,8.749,-306000000.0,-0.519,1.0,758000000.0,0.22,4898000000.0,258000000.0,53343000000.0,,642000000.0,818000000.0,0.0,818000000.0,32792000000.0,5542000000.0,27250000000.0,17924198929.0,-142000000.0,0.0,231000000.0,146000000.0,-216000000.0,89000000.0,-935000000.0,-3000000.0,703000000.0,1000000.0,405000000.0,405000000.0,405000000.0,-1000000.0,0.0,0.117,0.0,758000000.0,1114000000.0,0.54,1.639,11.7,11.638,30600000000.0,0.0,30.26,1.575,1.569,1580000000.0,5863000000.0,3450000000.0,3450000000.0,0.0,,,,,0.0,0.0,1.0,592339687.0,589834000,664615000.0,5.849,38848000000.0,0.0,109000000.0,4198000000.0,65.863,-767000000.0
33,PPL,MRQ,2013-03-31,2013-03-31,2013-03-31,2021-08-05,-2146000000.0,43341000000.0,,4989000000.0,38352000000.0,,18.063,-828000000.0,972000000.0,972000000.0,1764000000.0,413000000.0,0.883,3.117,20693000000.0,1812000000.0,18881000000.0,20693000000.0,0.0,348000000.0,0.0,0.046,0.367,815000000.0,1163000000.0,0.473,1163000000.0,815000000.0,564000000.0,0.7,0.65,0.7,10524000000.0,,10524000000.0,39963416354.0,14.0,9.759,-584000000.0,-1.002,1.0,693000000.0,0.282,4905000000.0,251000000.0,52507000000.0,,616000000.0,812000000.0,0.0,812000000.0,32799000000.0,5650000000.0,27149000000.0,20790416354.0,-48000000.0,0.0,0.0,858000000.0,-210000000.0,621000000.0,-899000000.0,-4000000.0,244000000.0,-14000000.0,413000000.0,413000000.0,413000000.0,0.0,0.0,0.168,0.0,693000000.0,1071000000.0,0.524,1.976,14.872,13.155,29975000000.0,0.0,31.31,1.984,1.741,1644000000.0,5676000000.0,2457000000.0,2457000000.0,0.0,,,,,0.0,0.0,1.0,664018408.0,582640000,657020000.0,4.217,38436000000.0,0.0,151000000.0,4055000000.0,65.969,-661000000.0
34,PPL,MRQ,2012-12-31,2012-12-31,2012-12-31,2021-08-05,-1940000000.0,43634000000.0,,5068000000.0,38566000000.0,,18.02,-1098000000.0,955000000.0,955000000.0,2329000000.0,360000000.0,0.901,3.162,20128000000.0,1403000000.0,18725000000.0,20128000000.0,0.0,329000000.0,0.0,0.05,0.36,750000000.0,1079000000.0,0.352,1079000000.0,750000000.0,513000000.0,0.61,0.6,0.61,10480000000.0,,10480000000.0,35170240375.0,12.0,8.215,-428000000.0,-0.736,1.0,739000000.0,0.241,5083000000.0,237000000.0,52099000000.0,,673000000.0,759000000.0,0.0,759000000.0,33136000000.0,5625000000.0,27511000000.0,16654240375.0,-45000000.0,0.0,18000000.0,521000000.0,-210000000.0,288000000.0,-1007000000.0,-5000000.0,670000000.0,4000000.0,359000000.0,359000000.0,359000000.0,-6000000.0,1000000.0,0.117,0.0,739000000.0,1252000000.0,0.59,1.589,10.914,10.969,30032000000.0,0.0,28.63,1.373,1.369,1602000000.0,5478000000.0,3068000000.0,3068000000.0,0.0,,,,,49000000.0,0.0,1.0,581705916.0,581563000,583714000.0,5.275,38551000000.0,30000000.0,154000000.0,3805000000.0,66.289,-557000000.0
35,PPL,MRQ,2012-09-30,2012-09-30,2012-09-30,2021-08-05,-1039000000.0,43240000000.0,,5227000000.0,38013000000.0,,19.315,-769000000.0,1034000000.0,1034000000.0,1739000000.0,355000000.0,1.07,2.854,19550000000.0,839000000.0,18711000000.0,19550000000.0,0.0,334000000.0,0.0,0.049,0.36,620000000.0,954000000.0,0.397,954000000.0,620000000.0,372000000.0,0.61,0.61,0.61,11214000000.0,,11214000000.0,35387382369.0,11.0,7.906,378000000.0,0.651,1.0,664000000.0,0.276,5043000000.0,248000000.0,51826000000.0,,663000000.0,778000000.0,0.0,778000000.0,32008000000.0,4887000000.0,27121000000.0,16870382369.0,-35000000.0,0.0,19000000.0,-218000000.0,-210000000.0,-431000000.0,-763000000.0,-4000000.0,1147000000.0,12000000.0,355000000.0,355000000.0,355000000.0,0.0,0.0,0.148,0.0,664000000.0,1071000000.0,0.59,1.504,10.407,10.412,29047000000.0,0.0,29.05,1.27,1.27,1474000000.0,5335000000.0,2403000000.0,2403000000.0,0.0,,,,,0.0,0.0,1.0,580736054.0,580585000,582636000.0,4.139,38197000000.0,0.0,17000000.0,4115000000.0,65.791,340000000.0
36,PPL,MRQ,2012-06-30,2012-06-30,2012-06-30,2021-08-05,-1120000000.0,43508000000.0,,6151000000.0,37357000000.0,,18.904,-627000000.0,1082000000.0,1082000000.0,1977000000.0,271000000.0,1.157,2.967,19599000000.0,901000000.0,18698000000.0,19599000000.0,0.0,304000000.0,0.0,0.051,0.36,595000000.0,899000000.0,0.353,899000000.0,595000000.0,359000000.0,0.46,0.46,0.46,10962000000.0,,10962000000.0,33605407204.0,10.0,7.272,-408000000.0,-0.704,1.0,572000000.0,0.224,4945000000.0,236000000.0,51762000000.0,,719000000.0,749000000.0,0.0,749000000.0,32528000000.0,5318000000.0,27210000000.0,16130407204.0,-122000000.0,-84000000.0,19000000.0,793000000.0,-210000000.0,315000000.0,-642000000.0,-18000000.0,219000000.0,-14000000.0,271000000.0,271000000.0,271000000.0,6000000.0,0.0,0.106,0.0,572000000.0,1037000000.0,0.783,1.471,9.433,9.459,28269000000.0,0.0,27.81,1.152,1.152,1504000000.0,5190000000.0,2549000000.0,2549000000.0,0.0,,,,,0.0,0.0,1.0,580021834.0,579881000,580593000.0,4.396,38563000000.0,0.0,88000000.0,4037000000.0,66.502,833000000.0
37,PPL,MRQ,2012-03-31,2012-03-31,2012-03-31,2021-08-05,-730000000.0,44082000000.0,,7062000000.0,37020000000.0,,19.458,-682000000.0,1275000000.0,1275000000.0,3061000000.0,545000000.0,1.199,2.889,18750000000.0,674000000.0,18076000000.0,18750000000.0,0.0,319000000.0,0.0,0.05,0.36,1030000000.0,1349000000.0,0.328,1349000000.0,1030000000.0,800000000.0,0.93,0.93,0.93,11267000000.0,,11267000000.0,35982160210.0,11.0,7.831,46000000.0,0.079,1.0,1051000000.0,0.256,5225000000.0,230000000.0,50444000000.0,,669000000.0,768000000.0,0.0,768000000.0,32547000000.0,5888000000.0,26659000000.0,18765160210.0,-99000000.0,0.0,16000000.0,93000000.0,-203000000.0,-124000000.0,-711000000.0,12000000.0,728000000.0,8000000.0,541000000.0,541000000.0,541000000.0,0.0,4000000.0,0.132,0.0,1051000000.0,1027000000.0,0.387,1.665,11.477,9.986,27706000000.0,0.0,28.26,1.346,1.174,1497000000.0,5129000000.0,4112000000.0,4112000000.0,0.0,,,,,0.0,0.0,1.0,664018408.0,579041000,579527000.0,7.101,38857000000.0,0.0,259000000.0,4016000000.0,67.106,1174000000.0
38,PPL,MRQ,2011-12-31,2011-12-31,2011-12-31,2021-08-05,-788000000.0,42648000000.0,,6426000000.0,36222000000.0,,18.728,-904000000.0,1354000000.0,1354000000.0,3284000000.0,458000000.0,1.223,2.914,18571000000.0,578000000.0,17993000000.0,18571000000.0,0.0,338000000.0,0.0,0.048,0.35,936000000.0,1274000000.0,0.302,1274000000.0,936000000.0,716000000.0,0.79,0.79,0.79,10828000000.0,,10828000000.0,34045545018.0,11.0,7.919,-243000000.0,-0.42,1.0,934000000.0,0.221,5179000000.0,220000000.0,49431000000.0,,654000000.0,734000000.0,16000000.0,718000000.0,31552000000.0,5255000000.0,26297000000.0,17013545018.0,-309000000.0,0.0,16000000.0,195000000.0,-203000000.0,-37000000.0,-913000000.0,-3000000.0,661000000.0,-20000000.0,454000000.0,454000000.0,454000000.0,2000000.0,4000000.0,0.108,0.0,934000000.0,1150000000.0,0.443,1.571,11.38,10.856,27266000000.0,0.0,29.42,1.336,1.271,1566000000.0,4797000000.0,4218000000.0,4218000000.0,0.0,,,,,0.0,0.0,1.0,578298607.0,578175000,579368000.0,7.295,37469000000.0,0.0,262000000.0,3676000000.0,64.806,1171000000.0
39,PPL,MRQ,2011-09-30,2011-09-30,2011-09-30,2021-08-05,-500000000.0,40956000000.0,,5412000000.0,35544000000.0,,18.781,-682000000.0,1573000000.0,1573000000.0,2353000000.0,449000000.0,1.192,2.751,18605000000.0,930000000.0,17675000000.0,18605000000.0,0.0,305000000.0,0.0,0.049,0.35,794000000.0,1099000000.0,0.352,1099000000.0,794000000.0,554000000.0,0.76,0.76,0.76,10848000000.0,,10848000000.0,33641963937.0,12.0,8.608,350000000.0,0.606,1.0,767000000.0,0.246,5292000000.0,240000000.0,48156000000.0,,633000000.0,687000000.0,16000000.0,671000000.0,29840000000.0,4540000000.0,25300000000.0,16488963937.0,242000000.0,0.0,15000000.0,186000000.0,-203000000.0,-43000000.0,-740000000.0,-3000000.0,1032000000.0,-7000000.0,444000000.0,444000000.0,444000000.0,0.0,5000000.0,0.142,0.0,767000000.0,1120000000.0,0.461,1.52,11.812,10.57,26922000000.0,0.0,28.54,1.588,1.588,1417000000.0,4547000000.0,3120000000.0,3120000000.0,0.0,,,,,0.0,0.0,1.0,577749262.0,577595000,578054000.0,5.402,35664000000.0,0.0,110000000.0,3833000000.0,61.746,872000000.0
40,PPL,MRQ,2011-06-30,2011-06-30,2011-06-30,2021-08-05,-435000000.0,40537000000.0,,5364000000.0,35173000000.0,,18.964,-575000000.0,1312000000.0,1312000000.0,1894000000.0,200000000.0,1.168,2.781,18465000000.0,933000000.0,17532000000.0,18465000000.0,0.0,317000000.0,0.0,0.05,0.35,556000000.0,873000000.0,0.351,873000000.0,556000000.0,292000000.0,0.35,0.35,0.35,10651000000.0,,10651000000.0,28414122460.0,12.0,8.248,43000000.0,0.077,1.0,595000000.0,0.239,5310000000.0,264000000.0,47787000000.0,,647000000.0,726000000.0,0.0,726000000.0,29618000000.0,4593000000.0,25025000000.0,16062122460.0,24000000.0,-5763000000.0,2250000000.0,3842000000.0,-170000000.0,5834000000.0,-6397000000.0,-3000000.0,618000000.0,-31000000.0,196000000.0,196000000.0,196000000.0,0.0,4000000.0,0.079,0.0,595000000.0,1246000000.0,1.0,1.508,13.385,11.359,26608000000.0,0.0,27.83,1.701,1.656,1420000000.0,4306000000.0,2489000000.0,2489000000.0,0.0,,,,,0.0,0.0,1.0,577151364.0,561652000,562019000.0,4.432,35227000000.0,0.0,96000000.0,3806000000.0,62.72,771000000.0
41,PPL,MRQ,2011-03-31,2011-03-31,2011-03-31,2021-08-05,-424000000.0,32741000000.0,,5747000000.0,26994000000.0,,17.619,-47000000.0,1278000000.0,1278000000.0,2105000000.0,405000000.0,1.172,2.807,13630000000.0,1383000000.0,12247000000.0,13630000000.0,0.0,255000000.0,0.0,0.055,0.35,798000000.0,1053000000.0,0.362,1053000000.0,798000000.0,624000000.0,0.82,0.82,0.82,8530000000.0,,8530000000.0,24603354654.0,12.0,8.259,149000000.0,0.308,1.0,805000000.0,0.277,2810000000.0,174000000.0,37381000000.0,,621000000.0,720000000.0,0.0,720000000.0,23943000000.0,4902000000.0,19041000000.0,12199354654.0,320000000.0,0.0,16000000.0,187000000.0,-170000000.0,13000000.0,98000000.0,159000000.0,196000000.0,13000000.0,401000000.0,401000000.0,401000000.0,0.0,4000000.0,0.138,0.0,805000000.0,941000000.0,0.427,1.43,11.202,10.905,21182000000.0,0.0,25.3,1.448,1.454,1327000000.0,4312000000.0,2910000000.0,2910000000.0,0.0,,,,,0.0,0.0,1.0,482187931.0,484138000,484345000.0,6.011,29931000000.0,0.0,223000000.0,3230000000.0,61.823,845000000.0
42,PPL,MRQ,2010-12-31,2010-12-31,2010-12-31,2021-08-05,-479000000.0,32837000000.0,,6188000000.0,26649000000.0,,16.992,-617000000.0,953000000.0,953000000.0,1221000000.0,359000000.0,1.187,2.967,13357000000.0,1196000000.0,12161000000.0,13357000000.0,0.0,237000000.0,0.0,0.053,0.35,646000000.0,883000000.0,0.474,883000000.0,646000000.0,466000000.0,0.77,0.77,0.77,8210000000.0,,8210000000.0,16855237755.0,9.0,6.548,-280000000.0,-0.579,1.0,642000000.0,0.345,2727000000.0,180000000.0,37300000000.0,,643000000.0,856000000.0,163000000.0,693000000.0,24359000000.0,5214000000.0,19145000000.0,12720237755.0,-3928000000.0,-6774000000.0,16000000.0,3385000000.0,-169000000.0,3121000000.0,-7389000000.0,-4000000.0,337000000.0,3000000.0,355000000.0,355000000.0,355000000.0,0.0,4000000.0,0.191,0.0,642000000.0,1028000000.0,0.455,1.549,13.561,12.129,20823000000.0,0.0,26.32,1.493,1.332,1441000000.0,4082000000.0,1863000000.0,1863000000.0,0.0,,,,,0.0,0.0,1.0,483291708.0,483176000,483415000.0,3.856,30110000000.0,0.0,111000000.0,2934000000.0,62.317,974000000.0
43,PPL,MRQ,2010-09-30,2010-09-30,2010-09-30,2021-08-05,-160000000.0,26728000000.0,,9192000000.0,17536000000.0,,17.25,-356000000.0,4885000000.0,4885000000.0,1657000000.0,253000000.0,2.116,2.179,9020000000.0,181000000.0,8839000000.0,9020000000.0,0.0,198000000.0,0.0,0.051,0.35,438000000.0,636000000.0,0.292,636000000.0,438000000.0,267000000.0,0.51,0.51,0.51,8324000000.0,,8324000000.0,17786559053.0,12.0,8.077,768000000.0,1.592,1.0,522000000.0,0.24,1374000000.0,171000000.0,25144000000.0,,338000000.0,624000000.0,0.0,624000000.0,18136000000.0,4345000000.0,13791000000.0,13144559053.0,348000000.0,0.0,15000000.0,-282000000.0,-134000000.0,-409000000.0,-382000000.0,-3000000.0,1124000000.0,15000000.0,248000000.0,248000000.0,248000000.0,0.0,5000000.0,0.114,0.0,522000000.0,733000000.0,0.686,1.579,17.859,15.128,12911000000.0,0.0,27.23,1.571,1.57,1052000000.0,3897000000.0,2179000000.0,2179000000.0,0.0,,,,,0.0,0.0,1.0,482723432.0,482552000,482762000.0,4.516,25354000000.0,0.0,19000000.0,2603000000.0,52.541,4847000000.0
44,PPL,MRQ,2010-06-30,2010-06-30,2010-06-30,2021-08-05,-439000000.0,25913000000.0,,8599000000.0,17314000000.0,,20.783,-341000000.0,4535000000.0,4535000000.0,1247000000.0,92000000.0,2.05,2.231,9177000000.0,466000000.0,8711000000.0,9177000000.0,0.0,184000000.0,0.0,0.056,0.35,223000000.0,407000000.0,0.276,407000000.0,223000000.0,92000000.0,0.22,0.22,0.22,7937000000.0,,7937000000.0,15726994202.0,14.0,8.111,-567000000.0,-1.485,1.0,226000000.0,0.153,1341000000.0,131000000.0,25019000000.0,,378000000.0,597000000.0,0.0,597000000.0,17708000000.0,4195000000.0,13513000000.0,9445994202.0,2781000000.0,0.0,2396000000.0,1028000000.0,-132000000.0,3165000000.0,-148000000.0,-2000000.0,-226000000.0,-10000000.0,85000000.0,85000000.0,85000000.0,0.0,7000000.0,0.058,0.0,226000000.0,730000000.0,1.591,1.19,18.594,18.619,13048000000.0,0.0,24.95,1.185,1.195,1152000000.0,3818000000.0,1473000000.0,1473000000.0,0.0,,,,,0.0,0.0,1.0,378596962.0,381896000,382075000.0,3.857,24572000000.0,0.0,7000000.0,2396000000.0,64.342,4404000000.0
45,PPL,MRQ,2010-03-31,2010-03-31,2010-03-31,2021-08-05,-288000000.0,24935000000.0,,7221000000.0,17714000000.0,,15.599,-283000000.0,1960000000.0,1960000000.0,2530000000.0,255000000.0,1.247,3.178,8241000000.0,589000000.0,7652000000.0,8241000000.0,0.0,161000000.0,0.0,0.05,0.35,487000000.0,648000000.0,0.216,648000000.0,487000000.0,376000000.0,0.66,0.66,0.66,5892000000.0,,5892000000.0,17298955006.0,18.0,9.153,515000000.0,1.363,1.0,476000000.0,0.158,1386000000.0,111000000.0,24038000000.0,,339000000.0,638000000.0,0.0,638000000.0,18724000000.0,5792000000.0,12932000000.0,10422955006.0,923000000.0,124000000.0,14000000.0,561000000.0,-131000000.0,430000000.0,-310000000.0,-5000000.0,798000000.0,5000000.0,250000000.0,250000000.0,250000000.0,0.0,5000000.0,0.083,0.0,476000000.0,796000000.0,0.53,1.769,25.055,25.191,13058000000.0,0.0,27.71,1.276,1.281,1279000000.0,3866000000.0,3006000000.0,3006000000.0,0.0,,,,,0.0,0.0,1.0,376144172.0,377717000,377986000.0,7.958,23549000000.0,0.0,126000000.0,2485000000.0,62.346,1429000000.0
46,PPL,MRQ,2009-12-31,2009-12-31,2009-12-31,2021-08-05,-537000000.0,22165000000.0,,4752000000.0,17413000000.0,,14.58,-337000000.0,906000000.0,906000000.0,1462000000.0,157000000.0,1.136,2.975,7782000000.0,639000000.0,7143000000.0,7782000000.0,0.0,229000000.0,0.0,0.043,0.345,282000000.0,511000000.0,0.299,511000000.0,282000000.0,183000000.0,0.41,0.41,0.41,5496000000.0,,5496000000.0,19206081975.0,21.0,10.919,268000000.0,0.711,1.0,248000000.0,0.145,1446000000.0,99000000.0,23413000000.0,,357000000.0,613000000.0,0.0,613000000.0,16350000000.0,4182000000.0,12168000000.0,12183081975.0,105000000.0,81000000.0,15000000.0,-68000000.0,-131000000.0,-211000000.0,-289000000.0,-3000000.0,605000000.0,0.0,153000000.0,153000000.0,153000000.0,0.0,4000000.0,0.089,0.0,248000000.0,619000000.0,0.841,2.217,29.934,29.917,13174000000.0,0.0,32.31,1.636,1.631,1003000000.0,3749000000.0,1710000000.0,1710000000.0,0.0,,,,,0.0,0.0,1.0,377068461.0,376943000,377285000.0,4.536,20719000000.0,0.0,30000000.0,2245000000.0,54.966,570000000.0
47,PPL,MRQ,2009-09-30,2009-09-30,2009-09-30,2021-08-05,-376000000.0,21944000000.0,,4299000000.0,17645000000.0,,14.926,-316000000.0,847000000.0,847000000.0,1611000000.0,26000000.0,1.133,2.849,7870000000.0,620000000.0,7250000000.0,7870000000.0,0.0,224000000.0,0.0,0.045,0.345,149000000.0,373000000.0,0.209,373000000.0,149000000.0,45000000.0,0.05,0.05,0.05,5618000000.0,,5618000000.0,18642447728.0,16.0,8.198,363000000.0,0.964,1.0,171000000.0,0.096,1451000000.0,104000000.0,23723000000.0,,361000000.0,582000000.0,0.0,582000000.0,16007000000.0,3793000000.0,12214000000.0,11425447728.0,-277000000.0,0.0,15000000.0,-484000000.0,-130000000.0,-605000000.0,-351000000.0,-7000000.0,679000000.0,0.0,20000000.0,20000000.0,20000000.0,0.0,6000000.0,0.011,0.0,171000000.0,567000000.0,6.9,2.034,21.517,21.518,12877000000.0,0.0,30.34,1.401,1.401,915000000.0,3726000000.0,1782000000.0,1782000000.0,0.0,,,,,0.0,0.0,1.0,376580347.0,376384000,376716000.0,4.735,20493000000.0,0.0,25000000.0,2292000000.0,54.447,506000000.0
48,PPL,MRQ,2009-06-30,2009-06-30,2009-06-30,2021-08-05,-568000000.0,22410000000.0,,4795000000.0,17615000000.0,,14.683,-272000000.0,1104000000.0,1104000000.0,1567000000.0,-3000000.0,1.062,3.003,8321000000.0,1097000000.0,7224000000.0,8321000000.0,0.0,297000000.0,0.0,0.041,0.345,61000000.0,358000000.0,0.214,358000000.0,61000000.0,-38000000.0,-0.02,-0.02,-0.02,5519000000.0,,5519000000.0,19456580874.0,14.0,8.117,-14000000.0,-0.037,1.0,104000000.0,0.062,1440000000.0,99000000.0,23671000000.0,,382000000.0,522000000.0,0.0,522000000.0,16572000000.0,4516000000.0,12056000000.0,12394580874.0,342000000.0,0.0,14000000.0,293000000.0,-130000000.0,174000000.0,-90000000.0,145000000.0,258000000.0,0.0,-7000000.0,-7000000.0,-7000000.0,32000000.0,4000000.0,-0.004,0.0,104000000.0,585000000.0,-17.25,2.246,17.359,17.347,12682000000.0,0.0,32.96,1.327,1.326,918000000.0,3837000000.0,1671000000.0,1671000000.0,0.0,,,,,0.0,0.0,1.0,376049177.0,375881000,376206000.0,4.446,20970000000.0,0.0,-31000000.0,2002000000.0,55.789,279000000.0
49,PPL,MRQ,2009-03-31,2009-03-31,2009-03-31,2021-08-05,-968000000.0,21790000000.0,,4451000000.0,17339000000.0,,13.961,-300000000.0,795000000.0,795000000.0,1932000000.0,246000000.0,0.966,3.1,7857000000.0,1076000000.0,6781000000.0,7857000000.0,0.0,110000000.0,0.0,0.047,0.345,428000000.0,538000000.0,0.23,538000000.0,428000000.0,339000000.0,0.64,0.64,0.64,5237000000.0,,5237000000.0,17849449046.0,10.0,7.003,10000000.0,0.027,1.0,412000000.0,0.176,1350000000.0,89000000.0,22892000000.0,,349000000.0,648000000.0,150000000.0,498000000.0,16234000000.0,4610000000.0,11624000000.0,10752449046.0,-469000000.0,0.0,16000000.0,-511000000.0,-126000000.0,-629000000.0,-150000000.0,-7000000.0,310000000.0,0.0,241000000.0,241000000.0,241000000.0,0.0,5000000.0,0.103,0.0,412000000.0,663000000.0,0.539,2.053,11.803,11.864,12282000000.0,0.0,28.71,1.238,1.24,1052000000.0,3973000000.0,2344000000.0,2344000000.0,0.0,,,,,0.0,0.0,1.0,374519298.0,375112000,375409000.0,6.249,20440000000.0,0.0,98000000.0,1871000000.0,54.49,-159000000.0
50,PPL,MRQ,2008-12-31,2008-12-31,2008-12-31,2021-08-05,-985000000.0,21405000000.0,,4383000000.0,17022000000.0,,13.563,-488000000.0,1420000000.0,1420000000.0,1895000000.0,282000000.0,1.014,3.153,8517000000.0,1375000000.0,7142000000.0,8517000000.0,0.0,497000000.0,0.0,0.044,0.335,508000000.0,1005000000.0,0.427,1005000000.0,508000000.0,396000000.0,0.74,0.74,0.74,5077000000.0,,5077000000.0,18809753951.0,11.0,7.188,-60000000.0,-0.16,1.0,461000000.0,0.196,1417000000.0,112000000.0,22761000000.0,,337000000.0,672000000.0,150000000.0,522000000.0,16009000000.0,4324000000.0,11685000000.0,11495753951.0,748000000.0,303000000.0,0.0,746000000.0,-126000000.0,605000000.0,-277000000.0,-88000000.0,428000000.0,-8000000.0,277000000.0,277000000.0,277000000.0,0.0,5000000.0,0.118,0.0,461000000.0,766000000.0,0.453,2.264,12.361,12.375,12375000000.0,0.0,30.69,1.463,1.459,1055000000.0,3862000000.0,2356000000.0,2356000000.0,0.0,,,,,0.0,0.0,1.0,374576538.0,374322000,374652000.0,6.294,19988000000.0,0.0,119000000.0,1838000000.0,53.398,59000000.0
51,PPL,MRQ,2008-09-30,2008-09-30,2008-09-30,2021-08-05,-330000000.0,20506000000.0,,3350000000.0,17156000000.0,,14.919,-343000000.0,675000000.0,675000000.0,2587000000.0,208000000.0,0.956,2.672,7989000000.0,1275000000.0,6714000000.0,7989000000.0,0.0,117000000.0,0.0,0.035,0.335,379000000.0,496000000.0,0.167,496000000.0,379000000.0,260000000.0,0.54,0.54,0.54,5584000000.0,,5584000000.0,21089666778.0,11.0,10.519,-115000000.0,-0.307,1.0,384000000.0,0.129,1499000000.0,119000000.0,22816000000.0,,321000000.0,654000000.0,82000000.0,572000000.0,14922000000.0,3505000000.0,11417000000.0,13863666778.0,-116000000.0,0.0,2000000.0,-73000000.0,-126000000.0,-207000000.0,-134000000.0,-7000000.0,228000000.0,-3000000.0,203000000.0,203000000.0,203000000.0,0.0,5000000.0,0.068,0.0,384000000.0,656000000.0,0.62,2.483,12.945,13.081,12702000000.0,0.0,37.02,1.958,1.957,1013000000.0,3725000000.0,2971000000.0,2971000000.0,0.0,,,,,0.0,0.0,1.0,374491269.0,374290000,375096000.0,7.938,19007000000.0,35000000.0,57000000.0,2073000000.0,50.781,-155000000.0
52,PPL,MRQ,2008-06-30,2008-06-30,2008-06-30,2021-08-05,-648000000.0,23901000000.0,,5686000000.0,18215000000.0,,13.89,-566000000.0,955000000.0,955000000.0,629000000.0,195000000.0,1.041,3.611,8181000000.0,1162000000.0,7019000000.0,8181000000.0,0.0,118000000.0,325000000.0,0.024,0.335,392000000.0,510000000.0,0.503,510000000.0,392000000.0,284000000.0,0.5,0.5,0.5,5183000000.0,,5183000000.0,26630639338.0,13.0,11.768,-57000000.0,-0.153,1.0,385000000.0,0.38,1594000000.0,108000000.0,24071000000.0,,325000000.0,683000000.0,89000000.0,594000000.0,18718000000.0,5462000000.0,13256000000.0,19498639338.0,-30000000.0,0.0,13000000.0,324000000.0,-126000000.0,215000000.0,-754000000.0,5000000.0,509000000.0,0.0,190000000.0,190000000.0,190000000.0,0.0,5000000.0,0.187,0.0,385000000.0,828000000.0,0.67,3.762,16.385,16.646,12839000000.0,0.0,52.27,3.314,3.315,1209000000.0,3647000000.0,1014000000.0,1014000000.0,0.0,,,,,0.0,0.0,1.0,373036911.0,373158000,374902000.0,2.717,22307000000.0,11000000.0,94000000.0,1795000000.0,59.779,224000000.0
53,PPL,MRQ,2008-03-31,2008-03-31,2008-03-31,2021-08-05,-160000000.0,21055000000.0,,3989000000.0,17066000000.0,,14.979,-353000000.0,773000000.0,773000000.0,1046000000.0,265000000.0,1.122,2.771,7905000000.0,838000000.0,7067000000.0,7905000000.0,0.0,112000000.0,0.0,0.027,0.335,497000000.0,609000000.0,0.399,609000000.0,497000000.0,389000000.0,0.69,0.69,0.69,5584000000.0,,5584000000.0,24702747137.0,12.0,10.034,71000000.0,0.19,1.0,480000000.0,0.315,1388000000.0,108000000.0,23243000000.0,,305000000.0,712000000.0,100000000.0,612000000.0,15471000000.0,3556000000.0,11915000000.0,17675747137.0,68000000.0,0.0,-34000000.0,258000000.0,-113000000.0,108000000.0,-462000000.0,-32000000.0,424000000.0,-2000000.0,260000000.0,260000000.0,260000000.0,0.0,5000000.0,0.17,0.0,480000000.0,659000000.0,0.486,3.165,13.142,13.008,12658000000.0,0.0,45.92,2.744,2.657,1014000000.0,3583000000.0,1526000000.0,1526000000.0,0.0,,,,,0.0,0.0,1.0,384924807.0,372782000,375002000.0,4.094,19667000000.0,40000000.0,129000000.0,2291000000.0,52.757,433000000.0
54,PPL,MRQ,2007-12-31,2007-12-31,2007-12-31,2021-08-05,-68000000.0,19972000000.0,,3168000000.0,16804000000.0,,14.599,-579000000.0,633000000.0,633000000.0,1198000000.0,445000000.0,1.099,2.595,7660000000.0,770000000.0,6890000000.0,7660000000.0,0.0,-214000000.0,0.0,0.023,0.305,604000000.0,390000000.0,0.249,390000000.0,604000000.0,489000000.0,1.1,1.28,1.1,5556000000.0,,5556000000.0,26646690161.0,13.0,10.758,-260000000.0,-0.683,1.0,371000000.0,0.236,1402000000.0,115000000.0,22715000000.0,,316000000.0,716000000.0,108000000.0,608000000.0,14416000000.0,2882000000.0,11534000000.0,19387690161.0,-22000000.0,660000000.0,-140000000.0,-271000000.0,-116000000.0,-527000000.0,183000000.0,197000000.0,319000000.0,3000000.0,418000000.0,418000000.0,418000000.0,72000000.0,27000000.0,0.266,0.0,371000000.0,689000000.0,0.277,3.49,15.053,15.457,12605000000.0,0.0,52.09,3.0,3.068,1117000000.0,3448000000.0,1569000000.0,1569000000.0,0.0,,,,,0.0,0.0,1.0,372196010.0,380563000,,4.123,18570000000.0,25000000.0,71000000.0,2319000000.0,48.796,286000000.0
55,PPL,MRQ,2007-09-30,2007-09-30,2007-09-30,2021-08-05,-291000000.0,19825000000.0,,3957000000.0,15868000000.0,,13.469,-431000000.0,574000000.0,574000000.0,1253000000.0,322000000.0,1.309,2.842,7833000000.0,662000000.0,7171000000.0,7833000000.0,0.0,227000000.0,0.0,0.026,0.305,527000000.0,754000000.0,0.425,754000000.0,527000000.0,410000000.0,0.85,0.87,0.85,5160000000.0,,5160000000.0,24675518888.0,14.0,9.407,202000000.0,0.527,1.0,521000000.0,0.294,1373000000.0,117000000.0,22687000000.0,,320000000.0,920000000.0,308000000.0,612000000.0,14665000000.0,3024000000.0,11641000000.0,17737518888.0,-129000000.0,58000000.0,-485000000.0,103000000.0,-118000000.0,-508000000.0,-255000000.0,46000000.0,633000000.0,1000000.0,322000000.0,322000000.0,322000000.0,11000000.0,0.0,0.182,0.0,521000000.0,539000000.0,0.359,3.438,16.925,16.96,12123000000.0,0.0,46.3,2.763,2.763,989000000.0,3144000000.0,1774000000.0,1774000000.0,0.0,,,,,0.0,0.0,1.0,383099760.0,383099760,,4.631,18452000000.0,76000000.0,88000000.0,2196000000.0,48.165,933000000.0
56,PPL,MRQ,2007-06-30,2007-06-30,2007-06-30,2021-08-05,-355000000.0,20006000000.0,,4079000000.0,15927000000.0,,13.911,-371000000.0,742000000.0,742000000.0,1195000000.0,345000000.0,1.342,2.726,7680000000.0,839000000.0,6841000000.0,7680000000.0,0.0,213000000.0,0.0,0.025,0.305,496000000.0,709000000.0,0.451,709000000.0,496000000.0,376000000.0,0.89,0.62,0.89,5369000000.0,,5369000000.0,25016573455.0,16.0,10.24,-38000000.0,-0.098,1.0,378000000.0,0.24,1455000000.0,120000000.0,22449000000.0,,350000000.0,946000000.0,351000000.0,595000000.0,14637000000.0,3040000000.0,11597000000.0,18058573455.0,-420000000.0,180000000.0,-60000000.0,-335000000.0,-120000000.0,-512000000.0,-243000000.0,0.0,333000000.0,2000000.0,345000000.0,345000000.0,345000000.0,-101000000.0,0.0,0.219,0.0,378000000.0,533000000.0,0.343,3.363,18.969,18.943,11982000000.0,0.0,46.79,2.896,2.896,994000000.0,2937000000.0,1573000000.0,1573000000.0,0.0,,,,,0.0,0.0,1.0,385949422.0,385949422,,4.076,18551000000.0,147000000.0,31000000.0,2187000000.0,48.066,1039000000.0
57,PPL,MRQ,2007-03-31,2007-03-31,2007-03-31,2021-08-05,-271000000.0,20107000000.0,,4606000000.0,15501000000.0,,13.847,-341000000.0,1061000000.0,1061000000.0,1157000000.0,203000000.0,1.414,2.813,8019000000.0,1086000000.0,6933000000.0,8019000000.0,0.0,232000000.0,0.0,0.028,0.305,392000000.0,624000000.0,0.404,624000000.0,392000000.0,272000000.0,0.53,0.57,0.53,5273000000.0,,5273000000.0,22556265442.0,15.0,9.833,-55000000.0,-0.144,1.0,389000000.0,0.252,1454000000.0,120000000.0,22353000000.0,,308000000.0,925000000.0,354000000.0,571000000.0,14834000000.0,3258000000.0,11576000000.0,15575265442.0,207000000.0,0.0,5000000.0,333000000.0,-105000000.0,221000000.0,-299000000.0,1000000.0,286000000.0,-1000000.0,203000000.0,203000000.0,203000000.0,18000000.0,0.0,0.131,0.0,389000000.0,592000000.0,0.575,2.954,19.766,19.854,11715000000.0,0.0,40.9,2.526,2.526,955000000.0,2711000000.0,1546000000.0,1546000000.0,0.0,,,,,0.0,0.0,1.0,380813336.0,380813336,,4.06,18653000000.0,196000000.0,69000000.0,2359000000.0,48.982,1348000000.0
58,PPL,MRQ,2006-12-31,2006-12-31,2006-12-31,2021-08-05,-318000000.0,19747000000.0,,3630000000.0,16117000000.0,,13.424,-615000000.0,896000000.0,896000000.0,1198000000.0,178000000.0,1.084,2.855,7877000000.0,1149000000.0,6728000000.0,7877000000.0,0.0,195000000.0,0.0,0.031,0.275,341000000.0,536000000.0,0.351,536000000.0,341000000.0,232000000.0,0.46,0.43,0.46,5122000000.0,,5122000000.0,20109309670.0,13.0,8.612,-115000000.0,-0.301,1.0,329000000.0,0.215,1645000000.0,109000000.0,21735000000.0,,378000000.0,923000000.0,359000000.0,564000000.0,14625000000.0,3348000000.0,11277000000.0,13675309670.0,-6000000.0,-5000000.0,8000000.0,406000000.0,-107000000.0,291000000.0,-799000000.0,-240000000.0,500000000.0,2000000.0,178000000.0,178000000.0,178000000.0,-10000000.0,0.0,0.117,0.0,329000000.0,667000000.0,0.598,2.67,15.81,15.789,12069000000.0,0.0,35.84,2.231,2.231,968000000.0,2626000000.0,1527000000.0,1527000000.0,0.0,,,,,0.0,0.0,1.0,381565560.0,381565560,,4.002,18102000000.0,162000000.0,54000000.0,2525000000.0,47.441,282000000.0
59,PPL,MRQ,2006-09-30,2006-09-30,2006-09-30,2021-08-05,-265000000.0,18857000000.0,,3310000000.0,15547000000.0,,13.36,-381000000.0,888000000.0,888000000.0,1229000000.0,226000000.0,1.003,2.705,7322000000.0,1217000000.0,6105000000.0,7322000000.0,0.0,190000000.0,0.0,0.033,0.275,384000000.0,574000000.0,0.361,574000000.0,384000000.0,270000000.0,0.59,0.55,0.59,5090000000.0,,5090000000.0,18948474504.0,13.0,8.429,182000000.0,0.478,1.0,360000000.0,0.227,1599000000.0,114000000.0,20393000000.0,,369000000.0,539000000.0,0.0,539000000.0,13767000000.0,3299000000.0,10468000000.0,12534474504.0,332000000.0,0.0,6000000.0,305000000.0,-104000000.0,190000000.0,-421000000.0,-55000000.0,563000000.0,0.0,226000000.0,226000000.0,226000000.0,-11000000.0,0.0,0.142,0.0,360000000.0,543000000.0,0.466,2.463,14.374,14.304,11546000000.0,0.0,32.9,2.239,2.239,956000000.0,2553000000.0,1589000000.0,1589000000.0,0.0,,,,,0.0,0.0,1.0,380987067.0,380987067,,4.171,17258000000.0,175000000.0,44000000.0,2493000000.0,45.298,11000000.0
60,PPL,MRQ,2006-06-30,2006-06-30,2006-06-30,2021-08-05,-333000000.0,18339000000.0,,3039000000.0,15300000000.0,,12.852,-280000000.0,569000000.0,569000000.0,1145000000.0,181000000.0,1.024,2.75,6983000000.0,975000000.0,6008000000.0,6983000000.0,0.0,185000000.0,0.0,0.033,0.275,375000000.0,560000000.0,0.372,560000000.0,375000000.0,261000000.0,0.48,0.49,0.48,4890000000.0,,4890000000.0,18969993636.0,13.0,8.409,118000000.0,0.31,1.0,359000000.0,0.239,1602000000.0,114000000.0,20184000000.0,,373000000.0,516000000.0,0.0,516000000.0,13449000000.0,2967000000.0,10482000000.0,12289993636.0,130000000.0,115000000.0,5000000.0,-173000000.0,-105000000.0,-31000000.0,-238000000.0,-71000000.0,398000000.0,1000000.0,181000000.0,181000000.0,181000000.0,9000000.0,0.0,0.12,0.0,359000000.0,505000000.0,0.573,2.513,14.579,14.484,11233000000.0,0.0,32.3,2.184,2.184,1015000000.0,2433000000.0,1504000000.0,1504000000.0,0.0,,,,,0.0,0.0,1.0,380495159.0,380495159,,3.953,16737000000.0,186000000.0,80000000.0,2493000000.0,43.987,72000000.0
61,PPL,MRQ,2006-03-31,2006-03-31,2006-03-31,2021-08-05,-422000000.0,17892000000.0,,2828000000.0,15064000000.0,,12.428,-198000000.0,438000000.0,438000000.0,1177000000.0,280000000.0,0.89,2.789,7118000000.0,1164000000.0,5954000000.0,7118000000.0,0.0,185000000.0,0.0,0.034,0.275,489000000.0,674000000.0,0.408,674000000.0,489000000.0,375000000.0,0.74,0.7,0.74,4722000000.0,,4722000000.0,17906529530.0,13.0,8.282,99000000.0,0.261,1.0,473000000.0,0.287,1565000000.0,114000000.0,19828000000.0,,366000000.0,518000000.0,0.0,518000000.0,13170000000.0,3179000000.0,9991000000.0,11170529530.0,-217000000.0,0.0,2000000.0,-261000000.0,-95000000.0,-355000000.0,-159000000.0,54000000.0,297000000.0,0.0,280000000.0,280000000.0,280000000.0,-9000000.0,0.0,0.17,0.0,473000000.0,529000000.0,0.372,2.366,14.14,14.067,11034000000.0,0.0,29.4,1.998,1.998,1058000000.0,2357000000.0,1650000000.0,1650000000.0,0.0,,,,,0.0,0.0,1.0,379949984.0,379949984,,4.343,16327000000.0,191000000.0,95000000.0,2517000000.0,42.971,-351000000.0
62,PPL,MRQ,2005-12-31,2005-12-31,2005-12-31,2021-08-05,-532000000.0,17926000000.0,,2906000000.0,15020000000.0,,11.622,-273000000.0,648000000.0,648000000.0,634000000.0,185000000.0,0.866,3.057,7384000000.0,1340000000.0,6044000000.0,7384000000.0,0.0,180000000.0,0.0,0.033,0.25,260000000.0,440000000.0,0.515,440000000.0,260000000.0,175000000.0,0.49,0.39,0.49,4418000000.0,,4418000000.0,17733084718.0,14.0,8.871,-8000000.0,-0.021,1.0,220000000.0,0.258,1532000000.0,85000000.0,19776000000.0,,346000000.0,571000000.0,63000000.0,508000000.0,13508000000.0,3354000000.0,10154000000.0,11176084718.0,320000000.0,0.0,1000000.0,533000000.0,-95000000.0,433000000.0,-380000000.0,-67000000.0,265000000.0,2000000.0,185000000.0,185000000.0,185000000.0,-44000000.0,0.0,0.217,0.0,220000000.0,542000000.0,0.51,2.53,16.484,16.425,10916000000.0,0.0,29.4,2.018,2.018,1023000000.0,2182000000.0,854000000.0,854000000.0,0.0,,,,,-30000000.0,0.0,1.0,380138936.0,380138936,,2.247,16394000000.0,192000000.0,-10000000.0,2365000000.0,43.126,-448000000.0
63,PPL,MRQ,2005-09-30,2005-09-30,2005-09-30,2021-08-05,-552000000.0,17763000000.0,,2693000000.0,15070000000.0,,11.326,-179000000.0,321000000.0,321000000.0,1237000000.0,197000000.0,0.876,3.126,6878000000.0,910000000.0,5968000000.0,6878000000.0,0.0,194000000.0,0.0,0.028,0.25,388000000.0,582000000.0,0.359,582000000.0,388000000.0,261000000.0,0.52,0.5,0.52,4305000000.0,,4305000000.0,19021285000.0,14.0,9.075,293000000.0,0.771,1.0,383000000.0,0.236,1471000000.0,127000000.0,19775000000.0,,275000000.0,488000000.0,0.0,488000000.0,13458000000.0,3074000000.0,10384000000.0,12288285000.0,-131000000.0,0.0,3000000.0,-318000000.0,-87000000.0,-405000000.0,-199000000.0,-5000000.0,472000000.0,1000000.0,197000000.0,197000000.0,197000000.0,-2000000.0,0.0,0.122,0.0,383000000.0,500000000.0,0.481,2.854,18.341,18.163,10880000000.0,0.0,32.33,2.011,2.011,952000000.0,2092000000.0,1620000000.0,1620000000.0,0.0,,,,,3000000.0,0.0,1.0,380089236.0,380089236,,4.262,16292000000.0,321000000.0,64000000.0,2570000000.0,42.864,-381000000.0
64,PPL,MRQ,2005-06-30,2005-06-30,2005-06-30,2021-08-05,-442000000.0,17427000000.0,,2382000000.0,15045000000.0,,11.349,0.0,481000000.0,481000000.0,1133000000.0,128000000.0,0.899,3.046,7214000000.0,1063000000.0,6151000000.0,7214000000.0,0.0,173000000.0,0.0,0.029,0.23,293000000.0,466000000.0,0.318,466000000.0,293000000.0,168000000.0,0.34,0.46,0.34,4307000000.0,,4307000000.0,18245579694.0,13.0,7.615,344000000.0,0.906,1.0,334000000.0,0.228,1451000000.0,125000000.0,20060000000.0,,296000000.0,474000000.0,0.0,474000000.0,13120000000.0,2649000000.0,10471000000.0,11267579694.0,-388000000.0,0.0,9000000.0,-540000000.0,-88000000.0,-626000000.0,-107000000.0,-5000000.0,344000000.0,1000000.0,128000000.0,128000000.0,128000000.0,50000000.0,0.0,0.087,0.0,334000000.0,434000000.0,0.676,2.616,16.842,16.68,10848000000.0,0.0,29.69,1.896,1.896,917000000.0,1991000000.0,1467000000.0,1467000000.0,0.0,,,,,5000000.0,0.0,1.0,379507568.0,379507568,,3.866,15976000000.0,251000000.0,40000000.0,2578000000.0,42.097,-267000000.0
65,PPL,MRQ,2005-03-31,2005-03-31,2005-03-31,2021-08-05,-378000000.0,18178000000.0,,2699000000.0,15479000000.0,,11.43,-169000000.0,807000000.0,807000000.0,1265000000.0,168000000.0,0.964,3.21,7785000000.0,1146000000.0,6639000000.0,7785000000.0,0.0,174000000.0,0.0,0.031,0.23,337000000.0,511000000.0,0.319,511000000.0,337000000.0,202000000.0,0.45,0.45,0.45,4318000000.0,,4318000000.0,17321407522.0,13.0,7.729,138000000.0,0.365,1.0,335000000.0,0.209,1478000000.0,135000000.0,20877000000.0,,267000000.0,459000000.0,0.0,459000000.0,13860000000.0,2801000000.0,11059000000.0,10198407522.0,138000000.0,0.0,24000000.0,-15000000.0,-77000000.0,-78000000.0,-93000000.0,63000000.0,307000000.0,2000000.0,168000000.0,168000000.0,168000000.0,2000000.0,0.0,0.105,0.0,335000000.0,412000000.0,0.511,2.362,14.802,14.631,11227000000.0,0.0,26.995,1.747,1.747,931000000.0,1951000000.0,1600000000.0,1600000000.0,0.0,,,,,22000000.0,0.0,1.0,377788758.0,377788758,,4.235,16700000000.0,227000000.0,34000000.0,2633000000.0,44.205,-102000000.0
66,PPL,MRQ,2004-12-31,2004-12-31,2004-12-31,2021-08-05,-323000000.0,17733000000.0,,2276000000.0,15457000000.0,,11.212,-201000000.0,666000000.0,666000000.0,1085000000.0,177000000.0,0.992,3.183,7789000000.0,908000000.0,6881000000.0,7789000000.0,0.0,207000000.0,0.0,0.031,0.205,330000000.0,537000000.0,0.377,537000000.0,330000000.0,199000000.0,0.47,0.47,0.47,4239000000.0,,4239000000.0,17189220950.0,12.0,8.174,244000000.0,0.645,1.0,338000000.0,0.238,1463000000.0,131000000.0,21098000000.0,,309000000.0,472000000.0,0.0,472000000.0,13494000000.0,2295000000.0,11199000000.0,10072220950.0,-118000000.0,0.0,1000000.0,-208000000.0,-79000000.0,-288000000.0,-280000000.0,-43000000.0,445000000.0,5000000.0,177000000.0,177000000.0,177000000.0,0.0,0.0,0.124,0.0,338000000.0,407000000.0,0.436,2.376,14.43,14.095,11149000000.0,0.0,26.64,1.75,1.75,866000000.0,1870000000.0,1423000000.0,1423000000.0,0.0,,,,,2000000.0,0.0,1.0,378086372.0,378086372,,3.764,16270000000.0,134000000.0,22000000.0,2562000000.0,43.032,-19000000.0
67,PPL,MRQ,2004-09-30,2004-09-30,2004-09-30,2021-08-05,-292000000.0,17573000000.0,,2424000000.0,15149000000.0,,11.026,-158000000.0,831000000.0,831000000.0,1071000000.0,196000000.0,1.009,3.218,7948000000.0,1035000000.0,6913000000.0,7948000000.0,0.0,484000000.0,0.0,0.034,0.205,398000000.0,882000000.0,0.607,882000000.0,398000000.0,270000000.0,0.52,0.52,0.52,4166000000.0,,4166000000.0,16229717278.0,12.0,6.476,265000000.0,0.701,1.0,383000000.0,0.263,1316000000.0,128000000.0,20971000000.0,,294000000.0,582000000.0,0.0,582000000.0,13407000000.0,2403000000.0,11004000000.0,8912717278.0,376000000.0,0.0,6000000.0,264000000.0,-77000000.0,189000000.0,-240000000.0,-44000000.0,423000000.0,4000000.0,196000000.0,196000000.0,196000000.0,0.0,0.0,0.135,0.0,383000000.0,408000000.0,0.394,2.139,12.226,11.678,10765000000.0,0.0,23.59,1.585,1.585,830000000.0,1771000000.0,1454000000.0,1454000000.0,0.0,,,,,10000000.0,0.0,1.0,377817604.0,377817604,,3.848,16257000000.0,101000000.0,74000000.0,2454000000.0,43.029,21000000.0
68,PPL,MRQ,2004-06-30,2004-06-30,2004-06-30,2021-08-05,-274000000.0,17234000000.0,,1985000000.0,15249000000.0,,11.405,-183000000.0,358000000.0,358000000.0,1059000000.0,148000000.0,0.846,3.249,7675000000.0,1004000000.0,6671000000.0,7675000000.0,0.0,0.0,0.0,0.035,0.205,311000000.0,311000000.0,0.229,311000000.0,311000000.0,178000000.0,0.405,0.425,0.405,4056000000.0,,4056000000.0,16155976143.0,12.0,8.09,129000000.0,0.363,1.0,302000000.0,0.222,1324000000.0,133000000.0,20882000000.0,,270000000.0,577000000.0,0.0,577000000.0,13178000000.0,2345000000.0,10833000000.0,8161976143.0,-173000000.0,0.0,577000000.0,-820000000.0,-72000000.0,-321000000.0,-160000000.0,41000000.0,312000000.0,-4000000.0,148000000.0,148000000.0,148000000.0,7000000.0,0.0,0.109,0.0,302000000.0,433000000.0,0.506,2.012,11.594,11.562,10789000000.0,0.0,22.95,1.45,1.45,876000000.0,1653000000.0,1361000000.0,1361000000.0,0.0,,,,,0.0,0.0,1.0,355641662.0,355641662,,3.827,15910000000.0,109000000.0,30000000.0,2425000000.0,44.736,-360000000.0
69,PPL,MRQ,2004-03-31,2004-03-31,2004-03-31,2021-08-05,-247000000.0,17583000000.0,,2273000000.0,15310000000.0,,9.712,-192000000.0,572000000.0,572000000.0,1153000000.0,177000000.0,1.119,4.123,8566000000.0,603000000.0,7963000000.0,8566000000.0,0.0,0.0,0.0,0.034,0.205,373000000.0,373000000.0,0.246,373000000.0,373000000.0,249000000.0,0.5,0.495,0.5,3432000000.0,,3432000000.0,16177016485.0,12.0,8.174,125000000.0,0.354,1.0,366000000.0,0.241,1366000000.0,124000000.0,22179000000.0,,243000000.0,579000000.0,0.0,579000000.0,14151000000.0,2032000000.0,12119000000.0,8057016485.0,65000000.0,123000000.0,12000000.0,-99000000.0,-69000000.0,-158000000.0,-98000000.0,-31000000.0,317000000.0,4000000.0,177000000.0,177000000.0,177000000.0,1000000.0,0.0,0.117,0.0,366000000.0,498000000.0,0.41,2.348,11.99,11.875,10769000000.0,0.0,22.8,1.437,1.437,926000000.0,1582000000.0,1519000000.0,1519000000.0,0.0,,,,,0.0,0.0,1.0,353377916.0,353377916,,4.299,16217000000.0,116000000.0,72000000.0,2484000000.0,45.891,241000000.0
70,PPL,MRQ,2003-12-31,2003-12-31,2003-12-31,2021-08-05,-297000000.0,17123000000.0,,2020000000.0,15103000000.0,,9.189,-250000000.0,476000000.0,476000000.0,930000000.0,208000000.0,1.138,4.254,8596000000.0,451000000.0,8145000000.0,8596000000.0,0.0,636000000.0,0.0,0.035,0.193,304000000.0,940000000.0,0.73,940000000.0,304000000.0,186000000.0,0.595,0.77,0.595,3259000000.0,,3259000000.0,14713035294.0,11.0,7.276,86000000.0,0.242,1.0,358000000.0,0.278,1311000000.0,118000000.0,22157000000.0,,256000000.0,557000000.0,0.0,557000000.0,13864000000.0,1775000000.0,12089000000.0,7758035294.0,-121000000.0,0.0,2000000.0,-109000000.0,-68000000.0,-198000000.0,-267000000.0,-31000000.0,336000000.0,8000000.0,208000000.0,208000000.0,208000000.0,33000000.0,0.0,0.161,0.0,358000000.0,456000000.0,0.324,2.38,10.57,10.27,10593000000.0,0.0,21.875,1.389,1.389,896000000.0,1478000000.0,1288000000.0,1288000000.0,0.0,,,,,11000000.0,0.0,1.0,354653042.0,354653042,,3.632,15812000000.0,105000000.0,-22000000.0,2383000000.0,44.584,245000000.0
71,PPL,MRQ,2003-09-30,2003-09-30,2003-09-30,2021-08-05,-438000000.0,15934000000.0,,2069000000.0,13865000000.0,,8.41,-159000000.0,587000000.0,587000000.0,1099000000.0,171000000.0,1.168,4.361,7542000000.0,412000000.0,7130000000.0,7542000000.0,0.0,0.0,0.0,0.037,0.193,373000000.0,373000000.0,0.255,373000000.0,373000000.0,254000000.0,0.485,0.485,0.485,2972000000.0,,2972000000.0,13892055909.0,11.0,7.809,362000000.0,1.024,1.0,363000000.0,0.248,646000000.0,119000000.0,20471000000.0,,255000000.0,659000000.0,0.0,659000000.0,12962000000.0,1772000000.0,11190000000.0,7236055909.0,217000000.0,0.0,13000000.0,-99000000.0,-70000000.0,-168000000.0,-135000000.0,0.0,521000000.0,-1000000.0,171000000.0,171000000.0,171000000.0,0.0,0.0,0.117,0.0,363000000.0,404000000.0,0.398,2.435,11.271,10.692,9855000000.0,0.0,20.475,1.284,1.284,794000000.0,1339000000.0,1462000000.0,1462000000.0,0.0,,,,,0.0,0.0,1.0,353409324.0,353409324,,4.137,15288000000.0,99000000.0,83000000.0,2724000000.0,43.259,297000000.0
72,PPL,MRQ,2003-06-30,2003-06-30,2003-06-30,2021-08-05,-405000000.0,16012000000.0,,1985000000.0,14027000000.0,,8.543,-188000000.0,370000000.0,370000000.0,1053000000.0,116000000.0,1.141,4.56,7026000000.0,437000000.0,6589000000.0,7026000000.0,0.0,0.0,0.0,0.035,0.193,293000000.0,293000000.0,0.219,293000000.0,293000000.0,165000000.0,0.34,0.335,0.34,2880000000.0,,2880000000.0,14246185694.0,11.0,7.954,156000000.0,0.463,1.0,286000000.0,0.214,644000000.0,128000000.0,20285000000.0,,255000000.0,653000000.0,0.0,653000000.0,13132000000.0,1739000000.0,11393000000.0,7248185694.0,-27000000.0,0.0,338000000.0,-426000000.0,-63000000.0,-192000000.0,-180000000.0,0.0,344000000.0,1000000.0,116000000.0,116000000.0,116000000.0,1000000.0,0.0,0.087,0.0,286000000.0,348000000.0,0.568,2.517,12.223,11.717,9931000000.0,0.0,21.5,1.279,1.279,807000000.0,1235000000.0,1339000000.0,1339000000.0,0.0,,,,,0.0,0.0,1.0,337124916.0,337124916,,3.972,15368000000.0,104000000.0,49000000.0,2668000000.0,45.585,246000000.0
73,PPL,MRQ,2003-03-31,2003-03-31,2003-03-31,2021-08-05,-437000000.0,15953000000.0,,2155000000.0,13798000000.0,,8.392,-170000000.0,397000000.0,397000000.0,1129000000.0,239000000.0,0.845,5.459,7395000000.0,1200000000.0,6195000000.0,7395000000.0,0.0,0.0,0.0,0.041,0.193,416000000.0,416000000.0,0.28,416000000.0,416000000.0,308000000.0,0.715,0.53,0.715,2470000000.0,,2470000000.0,12205561283.0,10.0,7.397,-16000000.0,-0.054,1.0,359000000.0,0.241,633000000.0,108000000.0,19767000000.0,,224000000.0,620000000.0,0.0,620000000.0,13483000000.0,2551000000.0,10932000000.0,5240561283.0,152000000.0,0.0,73000000.0,174000000.0,-59000000.0,171000000.0,-172000000.0,0.0,154000000.0,-1000000.0,239000000.0,239000000.0,239000000.0,0.0,0.0,0.161,0.0,359000000.0,438000000.0,0.27,2.122,11.646,12.673,9699000000.0,0.0,17.805,0.932,0.932,933000000.0,1187000000.0,1488000000.0,1488000000.0,0.0,,,,,0.0,0.0,1.0,294330878.0,294330878,,5.056,15320000000.0,92000000.0,69000000.0,2606000000.0,52.05,-396000000.0
74,PPL,MRQ,2002-12-31,2002-12-31,2002-12-31,2021-08-05,-446000000.0,15552000000.0,,1819000000.0,13733000000.0,,6.762,-281000000.0,245000000.0,245000000.0,1072000000.0,64000000.0,0.696,5.993,7210000000.0,1309000000.0,5901000000.0,7210000000.0,0.0,487000000.0,0.0,0.042,0.18,210000000.0,697000000.0,0.518,697000000.0,210000000.0,80000000.0,0.375,0.87,0.375,2224000000.0,,2224000000.0,12750214607.0,13.0,8.703,66000000.0,0.201,1.0,274000000.0,0.204,686000000.0,130000000.0,19218000000.0,,242000000.0,628000000.0,0.0,628000000.0,13328000000.0,2613000000.0,10715000000.0,5703214607.0,-50000000.0,0.0,48000000.0,-176000000.0,-1000000.0,-200000000.0,-199000000.0,44000000.0,347000000.0,2000000.0,64000000.0,116000000.0,116000000.0,2000000.0,0.0,0.086,0.0,274000000.0,452000000.0,0.48,2.564,27.419,25.314,9566000000.0,-52000000.0,17.34,1.039,1.039,891000000.0,1013000000.0,1346000000.0,1346000000.0,0.0,,,,,5000000.0,0.0,1.0,328905110.0,328905110,,4.092,14866000000.0,104000000.0,16000000.0,2480000000.0,45.198,-794000000.0
75,PPL,MRQ,2002-09-30,2002-09-30,2002-09-30,2021-08-05,-127000000.0,15702000000.0,,1871000000.0,13831000000.0,,8.256,-117000000.0,339000000.0,339000000.0,1098000000.0,138000000.0,0.727,5.448,7386000000.0,1360000000.0,6026000000.0,7386000000.0,0.0,0.0,0.0,0.041,0.18,385000000.0,385000000.0,0.258,385000000.0,385000000.0,217000000.0,0.405,0.4,0.405,2435000000.0,,2435000000.0,10334639633.0,19.0,10.053,291000000.0,0.987,1.0,394000000.0,0.264,0.0,168000000.0,20176000000.0,,236000000.0,621000000.0,0.0,621000000.0,13267000000.0,2573000000.0,10694000000.0,4798639633.0,146000000.0,-211000000.0,519000000.0,-208000000.0,-70000000.0,73000000.0,-335000000.0,0.0,408000000.0,0.0,138000000.0,122000000.0,122000000.0,0.0,0.0,0.082,0.0,394000000.0,430000000.0,0.444,1.971,-21.812,-21.268,9345000000.0,16000000.0,16.27,0.878,0.878,869000000.0,956000000.0,1492000000.0,1492000000.0,0.0,,,,,0.0,0.0,1.0,294937900.0,294937900,,5.059,15702000000.0,93000000.0,79000000.0,2616000000.0,53.238,-702000000.0
76,PPL,MRQ,2002-06-30,2002-06-30,2002-06-30,2021-08-05,-120000000.0,12194000000.0,,1701000000.0,10493000000.0,,6.354,-218000000.0,193000000.0,193000000.0,1121000000.0,-9000000.0,0.956,5.521,5729000000.0,847000000.0,4882000000.0,5729000000.0,0.0,0.0,0.0,0.038,0.18,152000000.0,152000000.0,0.117,152000000.0,152000000.0,20000000.0,-0.09,-0.09,-0.09,1870000000.0,,1870000000.0,10012457592.0,20.0,10.134,-197000000.0,-0.669,1.0,178000000.0,0.137,0.0,132000000.0,15950000000.0,,237000000.0,1047000000.0,0.0,1047000000.0,10324000000.0,1780000000.0,8544000000.0,4867457592.0,-287000000.0,0.0,1000000.0,71000000.0,-70000000.0,-88000000.0,-220000000.0,0.0,21000000.0,0.0,-9000000.0,-27000000.0,-27000000.0,0.0,0.0,-0.021,0.0,178000000.0,376000000.0,-2.0,2.603,-25.618,-25.446,6248000000.0,18000000.0,16.54,0.937,0.937,853000000.0,887000000.0,1299000000.0,1299000000.0,0.0,,,,,0.0,0.0,1.0,294284014.0,294284014,,4.414,12194000000.0,91000000.0,29000000.0,1542000000.0,41.436,-79000000.0
77,PPL,MRQ,2002-03-31,2002-03-31,2002-03-31,2021-08-05,-255000000.0,12368000000.0,,2074000000.0,10294000000.0,,6.188,-286000000.0,486000000.0,486000000.0,954000000.0,15000000.0,1.104,5.818,5631000000.0,691000000.0,4940000000.0,5631000000.0,0.0,0.0,0.0,0.029,0.18,231000000.0,231000000.0,0.171,231000000.0,231000000.0,101000000.0,-0.01,-0.01,-0.01,1814000000.0,,1814000000.0,10553082124.0,18.0,9.691,-288000000.0,-0.982,1.0,400000000.0,0.295,0.0,130000000.0,15634000000.0,,243000000.0,992000000.0,0.0,992000000.0,10554000000.0,1879000000.0,8675000000.0,5806082124.0,-453000000.0,0.0,19000000.0,-99000000.0,-57000000.0,-148000000.0,-303000000.0,0.0,-2000000.0,0.0,15000000.0,-3000000.0,-3000000.0,0.0,0.0,-0.002,0.0,400000000.0,484000000.0,-18.0,3.201,-126.219,-123.781,6092000000.0,18000000.0,19.805,1.094,1.094,808000000.0,967000000.0,1354000000.0,1354000000.0,0.0,,,,,0.0,0.0,1.0,293162440.0,293162440,,4.619,12368000000.0,85000000.0,86000000.0,1672000000.0,42.188,195000000.0
78,PPL,MRQ,2001-12-31,2001-12-31,2001-12-31,2021-08-05,-251000000.0,12562000000.0,,2326000000.0,10236000000.0,,6.34,-269000000.0,933000000.0,933000000.0,1508000000.0,-347000000.0,1.274,5.765,5697000000.0,616000000.0,5081000000.0,5697000000.0,0.0,490000000.0,0.0,0.03,0.133,-230000000.0,260000000.0,0.197,260000000.0,-230000000.0,-333000000.0,-1.07,-1.1,-1.07,1857000000.0,,1857000000.0,9794793304.0,12.0,7.443,66000000.0,0.225,1.0,-189000000.0,-0.143,580000000.0,103000000.0,14920000000.0,,251000000.0,976000000.0,0.0,976000000.0,10705000000.0,1826000000.0,8879000000.0,5103793304.0,103000000.0,0.0,0.0,166000000.0,-56000000.0,47000000.0,-276000000.0,0.0,335000000.0,-3000000.0,-347000000.0,-312000000.0,-312000000.0,0.0,0.0,-0.237,0.0,-189000000.0,565000000.0,-0.124,2.748,28.513,28.333,5947000000.0,-35000000.0,17.425,0.998,0.998,800000000.0,1023000000.0,1319000000.0,1319000000.0,0.0,,,,,0.0,0.0,1.0,292900620.0,292900620,,4.503,11982000000.0,77000000.0,14000000.0,1587000000.0,40.908,500000000.0
79,PPL,MRQ,2001-09-30,2001-09-30,2001-09-30,2021-08-05,-126000000.0,12782000000.0,,2265000000.0,10517000000.0,,7.974,-215000000.0,849000000.0,849000000.0,888000000.0,168000000.0,1.169,4.488,5540000000.0,865000000.0,4675000000.0,5540000000.0,0.0,0.0,0.0,0.033,0.133,345000000.0,345000000.0,0.282,345000000.0,345000000.0,254000000.0,0.52,0.52,0.52,2329000000.0,,2329000000.0,9590908303.0,7.0,5.255,162000000.0,0.555,1.0,337000000.0,0.275,0.0,91000000.0,15535000000.0,,250000000.0,1144000000.0,0.0,1144000000.0,10453000000.0,1938000000.0,8515000000.0,4760908303.0,668000000.0,0.0,10000000.0,594000000.0,-55000000.0,527000000.0,-236000000.0,0.0,377000000.0,0.0,168000000.0,152000000.0,152000000.0,0.0,0.0,0.124,0.0,337000000.0,355000000.0,0.256,2.044,7.691,7.671,6123000000.0,16000000.0,16.3,1.042,1.042,758000000.0,1374000000.0,1225000000.0,1225000000.0,0.0,,,,,0.0,0.0,1.0,292080264.0,292080264,,4.194,12782000000.0,67000000.0,86000000.0,1616000000.0,43.762,327000000.0
80,PPL,MRQ,2001-06-30,2001-06-30,2001-06-30,2021-08-05,-75000000.0,12162000000.0,,1680000000.0,10482000000.0,,7.715,-126000000.0,168000000.0,168000000.0,1163000000.0,130000000.0,0.866,4.401,4998000000.0,917000000.0,4081000000.0,4998000000.0,0.0,0.0,0.0,0.019,0.133,253000000.0,253000000.0,0.179,253000000.0,253000000.0,165000000.0,0.4,0.4,0.4,2252000000.0,,2252000000.0,13493518620.0,10.0,7.534,-110000000.0,-0.377,1.0,248000000.0,0.176,0.0,88000000.0,15052000000.0,,243000000.0,1139000000.0,0.0,1139000000.0,9910000000.0,1940000000.0,7970000000.0,8027518620.0,-107000000.0,0.0,18000000.0,-741000000.0,-46000000.0,-213000000.0,90000000.0,210000000.0,16000000.0,0.0,130000000.0,117000000.0,117000000.0,0.0,0.0,0.083,0.0,248000000.0,387000000.0,0.333,3.565,13.313,13.253,6081000000.0,13000000.0,27.5,1.668,1.668,787000000.0,1260000000.0,1411000000.0,1411000000.0,0.0,,,,,0.0,0.0,1.0,291909768.0,291909768,,4.834,12162000000.0,49000000.0,35000000.0,1513000000.0,41.664,-260000000.0
81,PPL,MRQ,2001-03-31,2001-03-31,2001-03-31,2021-08-05,-253000000.0,12546000000.0,,1933000000.0,10613000000.0,,6.891,-271000000.0,269000000.0,269000000.0,1112000000.0,222000000.0,0.64,5.267,5735000000.0,1539000000.0,4196000000.0,5735000000.0,0.0,0.0,0.0,0.024,0.133,452000000.0,452000000.0,0.289,452000000.0,452000000.0,348000000.0,0.765,0.76,0.765,2002000000.0,,2002000000.0,11726533152.0,9.0,6.562,-90000000.0,-0.31,1.0,454000000.0,0.29,0.0,104000000.0,14990000000.0,,208000000.0,1350000000.0,110000000.0,1240000000.0,10544000000.0,3022000000.0,7522000000.0,6385533152.0,-211000000.0,0.0,24000000.0,-87000000.0,-44000000.0,-112000000.0,-280000000.0,0.0,181000000.0,0.0,222000000.0,222000000.0,222000000.0,0.0,0.0,0.142,0.0,454000000.0,385000000.0,0.174,3.19,11.048,11.018,6068000000.0,0.0,21.98,1.359,1.359,812000000.0,1182000000.0,1566000000.0,1566000000.0,0.0,,,,,0.0,0.0,1.0,290515612.0,290515612,,5.39,12546000000.0,205000000.0,126000000.0,1715000000.0,43.185,-1089000000.0
82,PPL,MRQ,2000-12-31,2000-12-31,2000-12-31,2021-08-05,-36000000.0,12360000000.0,,1931000000.0,10429000000.0,,6.941,-72000000.0,480000000.0,480000000.0,47000000.0,135000000.0,0.771,5.143,5686000000.0,1219000000.0,4467000000.0,5686000000.0,0.0,459000000.0,0.0,0.023,0.133,316000000.0,775000000.0,2.112,775000000.0,316000000.0,214000000.0,0.44,0.435,0.44,2012000000.0,,2012000000.0,11857228851.0,10.0,7.173,270000000.0,0.932,1.0,320000000.0,0.872,0.0,102000000.0,15062000000.0,,197000000.0,1114000000.0,0.0,1114000000.0,10348000000.0,2504000000.0,7844000000.0,6549228851.0,200000000.0,0.0,13000000.0,111000000.0,-45000000.0,77000000.0,-219000000.0,-114000000.0,342000000.0,0.0,135000000.0,128000000.0,128000000.0,0.0,0.0,0.349,0.0,320000000.0,641000000.0,0.302,3.255,13.151,13.099,5948000000.0,7000000.0,22.595,1.441,1.441,981000000.0,999000000.0,367000000.0,367000000.0,0.0,,,,,0.0,0.0,1.0,289853014.0,289853014,,1.266,12360000000.0,75000000.0,79000000.0,1635000000.0,42.642,-573000000.0
83,PPL,MRQ,2000-09-30,2000-09-30,2000-09-30,2021-08-05,-47000000.0,11972000000.0,,1742000000.0,10230000000.0,,6.565,-326000000.0,280000000.0,280000000.0,1155000000.0,142000000.0,0.853,5.304,5588000000.0,1024000000.0,4564000000.0,5588000000.0,0.0,0.0,0.0,0.025,0.133,311000000.0,311000000.0,0.212,311000000.0,311000000.0,217000000.0,0.47,0.47,0.47,1899000000.0,,1899000000.0,11496355288.0,10.0,7.304,-51000000.0,-0.176,1.0,313000000.0,0.213,0.0,94000000.0,15237000000.0,,192000000.0,974000000.0,0.0,974000000.0,10073000000.0,2043000000.0,8030000000.0,6041355288.0,65000000.0,0.0,9000000.0,-240000000.0,-46000000.0,-277000000.0,67000000.0,0.0,275000000.0,0.0,142000000.0,136000000.0,136000000.0,0.0,0.0,0.093,0.0,313000000.0,376000000.0,0.283,3.181,11.708,11.733,5795000000.0,6000000.0,20.885,1.138,1.138,833000000.0,910000000.0,1468000000.0,1468000000.0,0.0,,,,,0.0,0.0,1.0,289267670.0,289267670,,5.075,11972000000.0,0.0,75000000.0,1474000000.0,41.387,-301000000.0
84,PPL,MRQ,2000-06-30,2000-06-30,2000-06-30,2021-08-05,-63000000.0,11869000000.0,,1613000000.0,10256000000.0,,6.155,-512000000.0,215000000.0,215000000.0,1056000000.0,99000000.0,0.71,5.683,5670000000.0,1341000000.0,4329000000.0,5670000000.0,0.0,0.0,0.0,0.047,0.133,249000000.0,249000000.0,0.192,249000000.0,249000000.0,157000000.0,0.32,0.32,0.32,1776000000.0,,1776000000.0,8239146763.0,8.0,5.766,-383000000.0,-1.327,1.0,241000000.0,0.186,0.0,92000000.0,15051000000.0,,190000000.0,849000000.0,0.0,849000000.0,10093000000.0,2273000000.0,7820000000.0,3165146763.0,55000000.0,0.0,13000000.0,438000000.0,-44000000.0,441000000.0,-515000000.0,0.0,129000000.0,0.0,99000000.0,92000000.0,92000000.0,0.0,0.0,0.071,0.0,241000000.0,422000000.0,0.416,1.782,6.567,6.648,5796000000.0,7000000.0,10.97,0.605,0.605,842000000.0,812000000.0,1297000000.0,1297000000.0,0.0,,,,,0.0,0.0,1.0,288527508.0,288527508,,4.495,11869000000.0,0.0,58000000.0,1529000000.0,41.136,-660000000.0
85,PPL,MRQ,2000-03-31,2000-03-31,2000-03-31,2021-08-05,-35000000.0,11427000000.0,,1517000000.0,9910000000.0,,6.044,-120000000.0,160000000.0,160000000.0,1093000000.0,148000000.0,0.738,5.579,5234000000.0,1111000000.0,4123000000.0,5234000000.0,0.0,0.0,0.0,0.049,0.133,318000000.0,318000000.0,0.225,318000000.0,318000000.0,230000000.0,0.495,0.495,0.495,1737000000.0,,1737000000.0,8015007328.0,9.0,5.933,5000000.0,0.017,1.0,320000000.0,0.226,0.0,88000000.0,14445000000.0,,182000000.0,744000000.0,0.0,744000000.0,9690000000.0,2056000000.0,7634000000.0,3009007328.0,27000000.0,0.0,0.0,204000000.0,-42000000.0,-8000000.0,-90000000.0,0.0,125000000.0,0.0,148000000.0,142000000.0,142000000.0,0.0,0.0,0.1,1000000.0,319000000.0,362000000.0,0.269,1.732,6.642,6.843,5651000000.0,6000000.0,10.47,0.61,0.61,786000000.0,758000000.0,1413000000.0,1413000000.0,0.0,,,,,0.0,0.0,1.0,287393250.0,287393250,,4.917,11427000000.0,0.0,82000000.0,1552000000.0,39.761,-539000000.0
86,PPL,MRQ,1999-12-31,1999-12-31,1999-12-31,2021-08-05,-55000000.0,11174000000.0,,1293000000.0,9881000000.0,,5.613,-712000000.0,133000000.0,133000000.0,977000000.0,127000000.0,0.567,5.927,5014000000.0,1325000000.0,3689000000.0,5014000000.0,0.0,413000000.0,0.0,0.044,0.125,283000000.0,696000000.0,0.614,696000000.0,283000000.0,209000000.0,0.495,0.495,0.495,1613000000.0,,1613000000.0,7656725698.0,9.0,5.908,-536000000.0,-1.865,1.0,156000000.0,0.138,0.0,74000000.0,13775000000.0,,200000000.0,679000000.0,0.0,679000000.0,9561000000.0,2280000000.0,7281000000.0,3287725698.0,-207000000.0,0.0,0.0,423000000.0,-43000000.0,388000000.0,-771000000.0,0.0,176000000.0,0.0,127000000.0,146000000.0,146000000.0,0.0,0.0,0.129,0.0,156000000.0,399000000.0,0.253,2.038,7.61,8.056,5624000000.0,-19000000.0,11.44,0.716,0.716,709000000.0,654000000.0,1133000000.0,1133000000.0,0.0,,,,,0.0,0.0,1.0,287388610.0,287388610,,3.942,11174000000.0,0.0,82000000.0,1658000000.0,38.881,-987000000.0
87,PPL,MRQ,1999-09-30,1999-09-30,1999-09-30,2021-08-05,-47000000.0,10609000000.0,,340000000.0,10269000000.0,,4.788,-252000000.0,340000000.0,340000000.0,1148000000.0,108000000.0,0.179,6.026,4709000000.0,976000000.0,3733000000.0,4709000000.0,0.0,0.0,0.0,0.037,0.125,166000000.0,166000000.0,0.12,166000000.0,166000000.0,86000000.0,0.34,0.34,0.34,1510000000.0,,1510000000.0,7900207893.0,10.0,6.846,-9000000.0,-0.029,1.0,238000000.0,0.172,0.0,80000000.0,13078000000.0,,206000000.0,751000000.0,0.0,0.0,9099000000.0,1900000000.0,7199000000.0,4267207893.0,-53000000.0,0.0,-417000000.0,492000000.0,-46000000.0,-49000000.0,-247000000.0,0.0,243000000.0,0.0,108000000.0,102000000.0,102000000.0,0.0,0.0,0.074,0.0,238000000.0,438000000.0,0.368,2.826,11.41,11.664,4881000000.0,6000000.0,13.53,0.979,0.979,339000000.0,543000000.0,1386000000.0,1386000000.0,0.0,,,,,0.0,0.0,1.0,315388610.0,315388610,,4.395,10609000000.0,0.0,-22000000.0,1514000000.0,33.638,-1560000000.0
88,PPL,MRQ,1999-06-30,1999-06-30,1999-06-30,2021-08-05,-20000000.0,10104000000.0,,393000000.0,9711000000.0,,5.98,-162000000.0,393000000.0,393000000.0,840000000.0,70000000.0,0.211,4.357,4026000000.0,1098000000.0,2928000000.0,4026000000.0,0.0,0.0,0.0,0.033,0.125,171000000.0,171000000.0,0.17,171000000.0,171000000.0,110000000.0,0.2,0.2,0.2,1886000000.0,,1886000000.0,8443099879.0,9.0,6.669,3000000.0,0.01,1.0,164000000.0,0.163,0.0,61000000.0,11874000000.0,,198000000.0,930000000.0,0.0,0.0,8218000000.0,1863000000.0,6355000000.0,4849099879.0,253000000.0,0.0,0.0,286000000.0,-45000000.0,241000000.0,-153000000.0,0.0,165000000.0,0.0,70000000.0,63000000.0,63000000.0,0.0,0.0,0.063,0.0,164000000.0,341000000.0,0.625,2.571,11.885,12.551,4567000000.0,7000000.0,15.375,1.172,1.172,318000000.0,477000000.0,1004000000.0,1004000000.0,0.0,,,,,0.0,0.0,1.0,315388610.0,315388610,,3.183,10104000000.0,0.0,40000000.0,1576000000.0,32.037,-1470000000.0
89,PPL,MRQ,1999-03-31,1999-03-31,1999-03-31,2021-08-05,0.0,9729000000.0,,140000000.0,9589000000.0,,5.938,-66000000.0,140000000.0,140000000.0,805000000.0,126000000.0,0.103,4.197,3734000000.0,668000000.0,3066000000.0,3734000000.0,0.0,0.0,0.0,0.047,0.125,262000000.0,262000000.0,0.246,262000000.0,262000000.0,200000000.0,0.38,0.38,0.38,1872000000.0,,1872000000.0,7495691845.0,-208.0,25.069,56000000.0,0.178,1.0,262000000.0,0.246,0.0,62000000.0,11959000000.0,,200000000.0,911000000.0,0.0,0.0,7857000000.0,1364000000.0,6493000000.0,3902691845.0,-55000000.0,0.0,8000000.0,-69000000.0,-46000000.0,-107000000.0,-70000000.0,0.0,122000000.0,0.0,126000000.0,120000000.0,120000000.0,0.0,0.0,0.112,0.0,262000000.0,258000000.0,0.329,2.085,-7.109,-7.523,4476000000.0,6000000.0,12.375,0.982,0.982,348000000.0,453000000.0,1067000000.0,1067000000.0,0.0,,,,,0.0,0.0,1.0,315369038.0,315242000,315242000.0,3.385,9729000000.0,0.0,74000000.0,1572000000.0,30.862,-1224000000.0
90,PPL,MRQ,1998-12-31,1998-12-31,1998-12-31,2021-08-05,-4000000.0,9607000000.0,,948000000.0,8659000000.0,,5.665,-127000000.0,195000000.0,195000000.0,722000000.0,95000000.0,0.743,4.367,3788000000.0,696000000.0,3092000000.0,3788000000.0,0.0,335000000.0,0.0,0.048,0.125,220000000.0,555000000.0,0.615,555000000.0,220000000.0,154000000.0,0.24,0.24,0.24,1790000000.0,,1790000000.0,8097757858.0,-147.0,28.921,75000000.0,0.237,1.0,180000000.0,0.2,0.0,66000000.0,11924000000.0,,207000000.0,894000000.0,0.0,894000000.0,7817000000.0,1276000000.0,6541000000.0,4381757858.0,152000000.0,0.0,14000000.0,-10000000.0,-50000000.0,-45000000.0,-5000000.0,53000000.0,202000000.0,0.0,95000000.0,89000000.0,89000000.0,0.0,0.0,0.099,0.0,180000000.0,197000000.0,0.521,2.448,-7.701,-8.058,4480000000.0,6000000.0,13.94,1.157,1.212,468000000.0,372000000.0,902000000.0,902000000.0,0.0,,,,,0.0,0.0,1.0,314329832.0,315982000,315982000.0,2.855,9607000000.0,0.0,59000000.0,1574000000.0,30.404,-328000000.0
91,PPL,MRQ,1998-09-30,1998-09-30,1998-09-30,2021-08-05,0.0,9531000000.0,,43000000.0,9488000000.0,,5.211,-334000000.0,43000000.0,43000000.0,904000000.0,142000000.0,0.03,4.487,3759000000.0,835000000.0,2924000000.0,3759000000.0,0.0,0.0,0.0,0.058,0.125,278000000.0,278000000.0,0.238,278000000.0,278000000.0,220000000.0,0.405,0.405,0.405,1737000000.0,,1737000000.0,7606732362.0,-74.0,26.974,-180000000.0,-0.54,1.0,262000000.0,0.225,0.0,58000000.0,11824000000.0,,192000000.0,915000000.0,0.0,0.0,7794000000.0,1423000000.0,6371000000.0,4354732362.0,7000000.0,276000000.0,-404000000.0,412000000.0,-76000000.0,-69000000.0,-78000000.0,-19000000.0,154000000.0,0.0,142000000.0,136000000.0,136000000.0,0.0,0.0,0.117,0.0,262000000.0,200000000.0,0.309,2.507,-7.457,-7.415,4455000000.0,6000000.0,12.94,1.183,1.172,275000000.0,323000000.0,1166000000.0,1166000000.0,0.0,,,,,0.0,0.0,1.0,336532640.0,333304000,333304000.0,3.498,9531000000.0,0.0,78000000.0,1579000000.0,28.596,-1380000000.0
92,PPL,MRQ,1998-06-30,1998-06-30,1998-06-30,2021-08-05,0.0,9199000000.0,,36000000.0,9163000000.0,,5.695,-70000000.0,36000000.0,36000000.0,690000000.0,-888000000.0,0.035,3.824,3288000000.0,455000000.0,2833000000.0,3288000000.0,0.0,0.0,0.0,0.074,0.209,-796000000.0,-796000000.0,-0.95,-796000000.0,-796000000.0,-850000000.0,-2.67,-2.67,-2.67,1907000000.0,,1907000000.0,6866984344.0,-32.0,40.633,37000000.0,0.11,1.0,148000000.0,0.177,0.0,54000000.0,11413000000.0,,175000000.0,891000000.0,0.0,0.0,7292000000.0,1038000000.0,6254000000.0,3801984344.0,-112000000.0,-178000000.0,17000000.0,60000000.0,-76000000.0,0.0,-219000000.0,20000000.0,107000000.0,0.0,-888000000.0,-894000000.0,-894000000.0,0.0,0.0,-1.067,0.0,148000000.0,182000000.0,-0.078,1.994,-5.608,-5.602,4325000000.0,6000000.0,11.345,1.15,1.149,244000000.0,231000000.0,838000000.0,838000000.0,0.0,,,,,0.0,0.0,1.0,335124226.0,334872000,334872000.0,2.502,9199000000.0,32000000.0,38000000.0,1615000000.0,27.47,-1002000000.0
93,PPL,MRQ,1998-03-31,1998-03-31,1998-03-31,2021-08-05,0.0,9778000000.0,,148000000.0,9630000000.0,,8.565,-79000000.0,148000000.0,148000000.0,644000000.0,107000000.0,0.153,2.424,3213000000.0,469000000.0,2744000000.0,3213000000.0,0.0,0.0,0.0,0.071,0.209,243000000.0,243000000.0,0.276,243000000.0,243000000.0,191000000.0,0.3,0.3,0.3,2856000000.0,,2856000000.0,6902087763.0,9.0,6.086,95000000.0,0.285,1.0,236000000.0,0.268,0.0,52000000.0,11877000000.0,,201000000.0,728000000.0,0.0,0.0,6922000000.0,966000000.0,5956000000.0,3911087763.0,98000000.0,-98000000.0,16000000.0,167000000.0,-76000000.0,107000000.0,-183000000.0,1000000.0,174000000.0,0.0,107000000.0,101000000.0,101000000.0,0.0,0.0,0.115,0.0,236000000.0,144000000.0,0.697,1.369,13.918,13.952,6806000000.0,6000000.0,11.72,1.237,1.236,274000000.0,1195000000.0,880000000.0,880000000.0,0.0,,,,,0.0,0.0,1.0,333710560.0,333468000,333468000.0,2.639,9778000000.0,21000000.0,84000000.0,2331000000.0,29.322,-818000000.0
94,PPL,MRQ,1997-12-31,1997-12-31,1997-12-31,2021-08-05,0.0,9485000000.0,,50000000.0,9435000000.0,,8.467,-113000000.0,50000000.0,50000000.0,628000000.0,80000000.0,0.065,2.377,3041000000.0,343000000.0,2698000000.0,3041000000.0,0.0,385000000.0,0.0,0.07,0.209,172000000.0,557000000.0,0.699,557000000.0,172000000.0,120000000.0,0.22,0.22,0.22,2809000000.0,,2809000000.0,,,,85000000.0,0.256,1.0,169000000.0,0.212,0.0,52000000.0,11707000000.0,,200000000.0,592000000.0,0.0,0.0,6676000000.0,769000000.0,5907000000.0,3994515403.0,1000000.0,0.0,23000000.0,-65000000.0,-75000000.0,-117000000.0,-80000000.0,-24000000.0,198000000.0,0.0,80000000.0,73000000.0,73000000.0,0.0,0.0,0.092,0.0,169000000.0,140000000.0,0.95,1.422,13.495,13.3,6820000000.0,7000000.0,11.97,1.298,1.28,280000000.0,1164000000.0,797000000.0,797000000.0,0.0,,,,,0.0,0.0,1.0,333710560.0,331740000,331740000.0,2.402,9485000000.0,0.0,40000000.0,2221000000.0,28.592,-719000000.0
95,PPL,MRQ,1997-09-30,1997-09-30,1997-09-30,2021-08-05,,,,,,,,-187000000.0,,,591000000.0,48000000.0,,,,,,,,0.0,,0.076,0.209,165000000.0,165000000.0,0.208,165000000.0,165000000.0,112000000.0,0.125,0.125,0.125,,,,,,,85000000.0,0.258,1.0,201000000.0,0.254,,53000000.0,,,,,,,,,,,4000000.0,0.0,17000000.0,-25000000.0,-73000000.0,-81000000.0,-187000000.0,1000000.0,272000000.0,0.0,48000000.0,42000000.0,42000000.0,0.0,0.0,0.053,0.0,201000000.0,,1.672,,,,,6000000.0,10.94,,,,,792000000.0,792000000.0,0.0,,,,,0.0,0.0,1.0,,329922000,329922000.0,2.401,,,64000000.0,,,
96,PPL,MRQ,1997-06-30,1997-06-30,1997-06-30,2021-08-05,,,,,,,,-77000000.0,,,527000000.0,69000000.0,,,,,,,,0.0,,0.084,0.209,169000000.0,169000000.0,0.244,169000000.0,169000000.0,114000000.0,0.195,0.195,0.195,,,,,,,28000000.0,0.085,1.0,166000000.0,0.24,,55000000.0,,,,,,,,,,,-27000000.0,0.0,19000000.0,313000000.0,-75000000.0,-132000000.0,0.0,77000000.0,105000000.0,0.0,69000000.0,65000000.0,65000000.0,0.0,0.0,0.094,0.0,166000000.0,,1.072,,,,,4000000.0,9.97,,,,,693000000.0,693000000.0,0.0,,,,,0.0,0.0,1.0,,328136000,328136000.0,2.112,,,45000000.0,,,
97,PPL,MRQ,1997-03-31,1997-03-31,1997-03-31,2021-08-05,,,,,,,,-85000000.0,,,531000000.0,124000000.0,,,,,,,,0.0,,0.083,0.209,266000000.0,266000000.0,0.335,266000000.0,266000000.0,212000000.0,0.36,0.36,0.36,,,,,,,117000000.0,0.358,1.0,264000000.0,0.332,,54000000.0,,,,,,,,,,,-29000000.0,0.0,17000000.0,-149000000.0,-75000000.0,-207000000.0,-24000000.0,61000000.0,202000000.0,0.0,124000000.0,117000000.0,117000000.0,0.0,0.0,0.147,0.0,264000000.0,,0.581,,,,,7000000.0,10.125,,,,,795000000.0,795000000.0,0.0,,,,,0.0,0.0,1.0,,326384000,326384000.0,2.436,,,88000000.0,,,
98,PPL,MRQ,1996-12-31,1996-12-31,1996-12-31,2021-08-05,0.0,9670000000.0,,101000000.0,9569000000.0,,8.522,,101000000.0,101000000.0,,,0.154,2.523,3223000000.0,255000000.0,2968000000.0,3223000000.0,0.0,,0.0,0.073,0.209,,,,,,,,,,2745000000.0,,2745000000.0,,,,,,1.0,,,0.0,,12137000000.0,,201000000.0,593000000.0,0.0,0.0,6925000000.0,655000000.0,6270000000.0,,,,,,,,,,,,,,,,,,,,133000000.0,,,,11.22,6960000000.0,,11.5,,1.266,281000000.0,1143000000.0,,,,,,,,,,1.0,,322120000,,,9670000000.0,21000000.0,,2314000000.0,30.02,-554000000.0
0,PPL,MRT,2021-06-30,2021-06-30,2021-06-30,2021-08-05,-191000000.0,36759000000.0,45145000000.0,9018000000.0,27741000000.0,0.146,19.432,-2642000000.0,7629000000.0,7629000000.0,4524000000.0,-1250000000.0,2.162,1.458,13295000000.0,2200000000.0,11095000000.0,13295000000.0,0.0,1270000000.0,0.0,0.059,1.66,569000000.0,1839000000.0,0.279,1839000000.0,569000000.0,-558000000.0,-1.61,-1.61,-1.61,14952000000.0,13391250000.0,14952000000.0,37337897776.0,66.0,20.303,326000000.0,0.424,1.0,2076000000.0,0.315,1063000000.0,1127000000.0,37190000000.0,48334000000.0,265000000.0,0.0,0.0,0.0,21807000000.0,4172000000.0,17635000000.0,21520897776.0,6613000000.0,10560000000.0,1000000.0,-2599000000.0,-1279000000.0,-3961000000.0,7291000000.0,0.0,2968000000.0,31000000.0,-1250000000.0,-1250000000.0,-1250000000.0,1488000000.0,0.0,-0.189,0.0,2076000000.0,683000000.0,-1.031,1.439,-17.217,-17.373,24945000000.0,0.0,27.97,3.261,3.261,816000000.0,2854000000.0,6600000000.0,6600000000.0,0.0,-0.028,-0.093,0.012,0.086,17000000.0,0.0,1.0,769427879.0,769466000,769466000.0,8.577,35696000000.0,0.0,692000000.0,3460000000.0,46.391,4846000000.0
1,PPL,MRT,2021-03-31,2021-03-31,2021-03-31,2021-08-05,-3882000000.0,47781000000.0,47585250000.0,20327000000.0,27454000000.0,0.138,15.022,-2686000000.0,421000000.0,421000000.0,4422000000.0,-925000000.0,1.301,3.135,16238000000.0,2523000000.0,13715000000.0,16238000000.0,0.0,1240000000.0,0.0,0.058,1.66,279000000.0,1519000000.0,0.231,1519000000.0,279000000.0,-538000000.0,-1.19,-1.19,-1.19,11554000000.0,12914250000.0,11554000000.0,46252689838.0,166.0,30.449,31000000.0,0.04,1.0,2153000000.0,0.327,1064000000.0,817000000.0,46911000000.0,54097000000.0,260000000.0,0.0,0.0,0.0,36227000000.0,15623000000.0,20604000000.0,22171689838.0,-187000000.0,0.0,15000000.0,1445000000.0,-1278000000.0,75000000.0,-3160000000.0,0.0,2717000000.0,24000000.0,-925000000.0,-925000000.0,-925000000.0,1852000000.0,0.0,-0.141,0.0,2153000000.0,660000000.0,-1.395,1.919,-23.969,-24.235,24697000000.0,0.0,28.84,3.372,3.374,859000000.0,3155000000.0,6575000000.0,6575000000.0,0.0,-0.019,-0.072,0.005,0.042,17000000.0,0.0,1.0,768782588.0,769159000,770710000.0,8.548,46717000000.0,0.0,387000000.0,3536000000.0,60.738,4704000000.0
2,PPL,MRT,2020-12-31,2020-12-31,2020-12-31,2021-08-05,-4220000000.0,48116000000.0,47222000000.0,20900000000.0,27216000000.0,0.161,17.399,-3249000000.0,442000000.0,442000000.0,4804000000.0,1469000000.0,1.388,2.598,15857000000.0,2242000000.0,13615000000.0,15857000000.0,0.0,1359000000.0,0.0,0.059,1.66,2972000000.0,4331000000.0,0.569,4331000000.0,2972000000.0,1971000000.0,1.91,1.91,1.91,13373000000.0,13336000000.0,13373000000.0,45070930452.0,15.0,10.407,-503000000.0,-0.654,1.0,2803000000.0,0.368,1067000000.0,1001000000.0,47409000000.0,57294500000.0,302000000.0,0.0,0.0,0.0,34743000000.0,15055000000.0,19688000000.0,21680930452.0,-109000000.0,0.0,34000000.0,1668000000.0,-1275000000.0,386000000.0,-3258000000.0,9000000.0,2746000000.0,17000000.0,1469000000.0,1469000000.0,1469000000.0,0.0,0.0,0.193,0.0,2803000000.0,745000000.0,0.869,1.621,14.759,14.764,24500000000.0,0.0,28.2,2.85,2.849,904000000.0,5315000000.0,7607000000.0,7607000000.0,0.0,0.031,0.11,0.052,0.391,29000000.0,0.0,1.0,768827321.0,768590000,769384000.0,9.897,47049000000.0,0.0,502000000.0,2727000000.0,61.215,5845000000.0
3,PPL,MRT,2020-09-30,2020-09-30,2020-09-30,2021-08-05,-3927000000.0,47924000000.0,46613000000.0,2695000000.0,45229000000.0,0.14,17.802,-2816000000.0,746000000.0,746000000.0,4391000000.0,1543000000.0,0.495,2.502,24136000000.0,2893000000.0,21243000000.0,24136000000.0,0.0,1198000000.0,298000000.0,0.061,1.657,2749000000.0,3947000000.0,0.603,3947000000.0,2749000000.0,1934000000.0,2.02,2.02,2.02,13686000000.0,13240500000.0,13686000000.0,43624600123.0,16.0,11.053,-30000000.0,-0.039,1.0,2151000000.0,0.329,4046000000.0,815000000.0,61826000000.0,60209500000.0,351000000.0,0.0,0.0,0.0,34238000000.0,5442000000.0,28796000000.0,20918600123.0,99000000.0,0.0,1150000000.0,618000000.0,-1255000000.0,506000000.0,-3244000000.0,-1000000.0,2786000000.0,31000000.0,1543000000.0,1543000000.0,1543000000.0,-541000000.0,0.0,0.236,0.0,2151000000.0,864000000.0,0.82,1.528,13.557,13.47,38320000000.0,0.0,27.21,3.198,3.198,1124000000.0,5345000000.0,6542000000.0,6542000000.0,0.0,0.033,0.117,0.046,0.42,17000000.0,0.0,1.0,768783540.0,768786000,769660000.0,8.51,43878000000.0,0.0,391000000.0,3784000000.0,57.074,-2747000000.0
4,PPL,MRT,2020-06-30,2020-06-30,2020-06-30,2021-08-05,-4602000000.0,46520000000.0,45771750000.0,3268000000.0,43252000000.0,0.144,16.967,-2767000000.0,1278000000.0,1278000000.0,4400000000.0,1737000000.0,0.632,2.566,23984000000.0,2886000000.0,21098000000.0,23984000000.0,0.0,1192000000.0,267000000.0,0.064,1.655,2862000000.0,4054000000.0,0.615,4054000000.0,2862000000.0,2037000000.0,2.31,2.3,2.31,13044000000.0,12794500000.0,13044000000.0,42485848607.0,15.0,10.48,-111000000.0,-0.144,1.0,2190000000.0,0.332,3816000000.0,825000000.0,60242000000.0,59559000000.0,333000000.0,0.0,0.0,0.0,33476000000.0,5168000000.0,28308000000.0,19864848607.0,893000000.0,0.0,1165000000.0,1468000000.0,-1234000000.0,1383000000.0,-3174000000.0,8000000.0,2656000000.0,8000000.0,1737000000.0,1737000000.0,1737000000.0,-541000000.0,0.0,0.264,0.0,2190000000.0,804000000.0,0.716,1.523,11.436,11.186,36785000000.0,0.0,25.84,3.014,3.014,1053000000.0,5383000000.0,6590000000.0,6590000000.0,0.0,0.038,0.136,0.048,0.434,17000000.0,0.0,1.0,768763491.0,768768000,769408000.0,8.572,42704000000.0,0.0,300000000.0,3478000000.0,55.549,-1900000000.0
5,PPL,MRT,2020-03-31,2020-03-31,2020-03-31,2021-08-05,-4366000000.0,46328000000.0,45192750000.0,2956000000.0,43372000000.0,0.158,17.242,-2970000000.0,915000000.0,915000000.0,4647000000.0,1834000000.0,0.555,2.499,23536000000.0,2866000000.0,20670000000.0,23536000000.0,0.0,1233000000.0,265000000.0,0.067,1.652,3085000000.0,4318000000.0,0.606,4318000000.0,3085000000.0,2178000000.0,2.47,2.45,2.47,13241000000.0,12529250000.0,13241000000.0,40044016284.0,13.0,9.274,-325000000.0,-0.423,1.0,2483000000.0,0.348,3926000000.0,907000000.0,59701000000.0,59154250000.0,320000000.0,0.0,0.0,0.0,33087000000.0,5322000000.0,27765000000.0,17815016284.0,373000000.0,0.0,1165000000.0,1051000000.0,-1213000000.0,934000000.0,-3191000000.0,12000000.0,2645000000.0,8000000.0,1834000000.0,1834000000.0,1834000000.0,-350000000.0,0.0,0.257,0.0,2483000000.0,833000000.0,0.669,1.345,9.714,9.992,36835000000.0,0.0,24.68,2.499,2.658,1164000000.0,5360000000.0,7130000000.0,7130000000.0,0.0,0.041,0.146,0.052,0.433,28000000.0,0.0,1.0,721840206.0,767948000,768738000.0,9.284,42402000000.0,0.0,344000000.0,3440000000.0,55.215,-2366000000.0
6,PPL,MRT,2019-12-31,2019-12-31,2019-12-31,2021-08-05,-4358000000.0,45680000000.0,44752500000.0,2767000000.0,42913000000.0,0.174,17.832,-3083000000.0,815000000.0,815000000.0,4929000000.0,1746000000.0,0.565,2.516,23044000000.0,2323000000.0,20721000000.0,23044000000.0,0.0,1280000000.0,261000000.0,0.046,1.65,3149000000.0,4429000000.0,0.57,4429000000.0,3149000000.0,2155000000.0,2.39,2.37,2.39,12991000000.0,12262000000.0,12991000000.0,48206425583.0,15.0,10.884,-656000000.0,-0.9,1.0,2840000000.0,0.366,3940000000.0,994000000.0,59069000000.0,58915000000.0,332000000.0,0.0,0.0,0.0,32689000000.0,4900000000.0,27789000000.0,25942425583.0,193000000.0,0.0,1167000000.0,887000000.0,-1192000000.0,836000000.0,-3080000000.0,14000000.0,2427000000.0,10000000.0,1746000000.0,1746000000.0,1746000000.0,0.0,0.0,0.225,0.0,2840000000.0,956000000.0,0.69,1.997,14.858,15.013,36482000000.0,0.0,35.88,3.339,3.365,1191000000.0,5127000000.0,7769000000.0,7769000000.0,0.0,0.039,0.142,0.053,0.405,36000000.0,0.0,1.0,723033043.0,728512000,736754000.0,10.664,41740000000.0,0.0,409000000.0,3311000000.0,57.295,-2133000000.0
7,PPL,MRT,2019-09-30,2019-09-30,2019-09-30,2021-08-05,-4272000000.0,44559000000.0,44181500000.0,2534000000.0,42025000000.0,0.176,16.479,-3091000000.0,670000000.0,670000000.0,4950000000.0,1797000000.0,0.66,2.744,22934000000.0,1387000000.0,21547000000.0,22934000000.0,0.0,1249000000.0,262000000.0,0.052,1.647,3212000000.0,4461000000.0,0.575,4461000000.0,3212000000.0,2221000000.0,2.49,2.46,2.49,11902000000.0,11928500000.0,11902000000.0,45074567571.0,14.0,10.104,-592000000.0,-0.82,1.0,2804000000.0,0.362,3759000000.0,991000000.0,59224000000.0,58238500000.0,295000000.0,0.0,0.0,0.0,32657000000.0,3840000000.0,28817000000.0,22743567571.0,-174000000.0,0.0,69000000.0,1570000000.0,-1180000000.0,435000000.0,-3089000000.0,11000000.0,2499000000.0,-19000000.0,1797000000.0,1797000000.0,1797000000.0,0.0,0.0,0.232,0.0,2804000000.0,846000000.0,0.661,1.911,12.656,12.647,35108000000.0,0.0,31.49,2.933,2.933,1055000000.0,5080000000.0,7754000000.0,7754000000.0,0.0,0.041,0.151,0.055,0.414,29000000.0,0.0,1.0,722247303.0,722259000,731151000.0,10.736,40800000000.0,0.0,424000000.0,3294000000.0,56.489,-1306000000.0
8,PPL,MRT,2019-06-30,2019-06-30,2019-06-30,2021-08-05,-3996000000.0,44204000000.0,43802250000.0,2231000000.0,41973000000.0,0.176,16.602,-3185000000.0,406000000.0,406000000.0,4929000000.0,1767000000.0,0.549,2.689,22737000000.0,1772000000.0,20965000000.0,22737000000.0,0.0,1211000000.0,265000000.0,0.053,1.645,3152000000.0,4363000000.0,0.567,4363000000.0,3152000000.0,2176000000.0,2.46,2.43,2.46,11983000000.0,11898750000.0,11983000000.0,44607228785.0,14.0,10.224,-619000000.0,-0.858,1.0,2764000000.0,0.359,3849000000.0,976000000.0,58623000000.0,57352000000.0,286000000.0,0.0,0.0,0.0,32221000000.0,4063000000.0,28158000000.0,22381228785.0,-447000000.0,0.0,586000000.0,798000000.0,-1169000000.0,193000000.0,-3191000000.0,12000000.0,2566000000.0,-15000000.0,1767000000.0,1767000000.0,1767000000.0,0.0,0.0,0.23,0.0,2764000000.0,830000000.0,0.669,1.868,12.666,12.606,35130000000.0,0.0,31.01,2.909,2.909,1087000000.0,4903000000.0,7693000000.0,7693000000.0,0.0,0.04,0.149,0.055,0.41,29000000.0,0.0,1.0,721742302.0,721785000,730915000.0,10.658,40355000000.0,0.0,409000000.0,3222000000.0,55.91,-1832000000.0
9,PPL,MRT,2019-03-31,2019-03-31,2019-03-31,2021-08-05,-3647000000.0,44567000000.0,43458750000.0,2429000000.0,42138000000.0,0.178,16.882,-3217000000.0,518000000.0,518000000.0,4956000000.0,1841000000.0,0.598,2.661,22744000000.0,1630000000.0,21114000000.0,22744000000.0,0.0,1188000000.0,260000000.0,0.052,1.642,3273000000.0,4461000000.0,0.577,4461000000.0,3273000000.0,2308000000.0,2.59,2.56,2.59,12172000000.0,11713000000.0,12172000000.0,43598320816.0,13.0,9.773,-488000000.0,-0.677,1.0,2782000000.0,0.36,3988000000.0,965000000.0,58744000000.0,56649250000.0,274000000.0,0.0,0.0,0.0,32395000000.0,4061000000.0,28334000000.0,22190320816.0,-113000000.0,0.0,620000000.0,1056000000.0,-1156000000.0,501000000.0,-3330000000.0,-57000000.0,2729000000.0,-13000000.0,1841000000.0,1841000000.0,1841000000.0,0.0,0.0,0.238,0.0,2782000000.0,823000000.0,0.634,1.823,12.053,12.255,35307000000.0,0.0,31.74,2.868,2.958,1205000000.0,4761000000.0,7738000000.0,7738000000.0,0.0,0.042,0.157,0.058,0.423,25000000.0,0.0,1.0,699127940.0,721023000,729953000.0,10.732,40579000000.0,0.0,467000000.0,3178000000.0,56.28,-1632000000.0
10,PPL,MRT,2018-12-31,2018-12-31,2018-12-31,2021-08-05,-3964000000.0,43396000000.0,42914000000.0,2432000000.0,40964000000.0,0.181,16.548,-3238000000.0,621000000.0,621000000.0,4933000000.0,1827000000.0,0.533,2.723,22029000000.0,1960000000.0,20069000000.0,22029000000.0,0.0,1172000000.0,257000000.0,0.058,1.64,3248000000.0,4420000000.0,0.568,4420000000.0,3248000000.0,2285000000.0,2.59,2.58,2.59,11657000000.0,11464000000.0,11657000000.0,41364263790.0,13.0,9.358,-417000000.0,-0.592,1.0,2852000000.0,0.366,3878000000.0,963000000.0,56363000000.0,55822500000.0,303000000.0,0.0,0.0,0.0,31739000000.0,4563000000.0,27176000000.0,20403263790.0,132000000.0,0.0,698000000.0,1145000000.0,-1133000000.0,690000000.0,-3361000000.0,-59000000.0,2821000000.0,-18000000.0,1827000000.0,1827000000.0,1827000000.0,0.0,0.0,0.235,0.0,2852000000.0,989000000.0,0.633,1.75,11.168,10.938,34458000000.0,0.0,28.33,2.621,2.563,1159000000.0,4593000000.0,7785000000.0,7785000000.0,0.0,0.043,0.159,0.058,0.417,26000000.0,0.0,1.0,720199922.0,704439000,708619000.0,11.051,39518000000.0,0.0,458000000.0,3032000000.0,56.099,-2131000000.0
11,PPL,MRT,2018-09-30,2018-09-30,2018-09-30,2021-08-05,-3648000000.0,43042000000.0,42434750000.0,2545000000.0,40497000000.0,0.183,16.744,-3325000000.0,842000000.0,842000000.0,4828000000.0,1490000000.0,0.581,2.653,21803000000.0,1879000000.0,19924000000.0,21803000000.0,0.0,1161000000.0,265000000.0,0.056,1.625,3265000000.0,4426000000.0,0.569,4426000000.0,3265000000.0,2315000000.0,2.13,2.11,2.13,11783000000.0,11240000000.0,11783000000.0,41901437512.0,13.0,9.467,-408000000.0,-0.58,1.0,2944000000.0,0.379,3942000000.0,950000000.0,55678000000.0,55304500000.0,295000000.0,0.0,0.0,0.0,31259000000.0,4383000000.0,26876000000.0,20469437512.0,161000000.0,0.0,856000000.0,971000000.0,-1118000000.0,704000000.0,-3459000000.0,-62000000.0,2917000000.0,-1000000.0,1490000000.0,1490000000.0,1490000000.0,0.0,0.0,0.192,0.0,2944000000.0,814000000.0,0.763,1.737,13.738,13.737,34018000000.0,0.0,29.26,2.634,2.649,1095000000.0,4423000000.0,7772000000.0,7772000000.0,0.0,0.035,0.133,0.059,0.42,29000000.0,0.0,1.0,699570660.0,703730000,710517000.0,11.044,39100000000.0,0.0,825000000.0,2965000000.0,55.561,-1838000000.0
12,PPL,MRT,2018-06-30,2018-06-30,2018-06-30,2021-08-05,-3495000000.0,42830000000.0,41863750000.0,2600000000.0,40230000000.0,0.185,16.08,-3287000000.0,852000000.0,852000000.0,4751000000.0,1400000000.0,0.585,2.81,22284000000.0,2067000000.0,20217000000.0,22284000000.0,0.0,1148000000.0,271000000.0,0.056,1.61,3174000000.0,4322000000.0,0.558,4322000000.0,3174000000.0,2238000000.0,2.02,2.0,2.02,11240000000.0,10967250000.0,11240000000.0,41249674053.0,13.0,9.544,-291000000.0,-0.416,1.0,2994000000.0,0.387,4002000000.0,936000000.0,55812000000.0,54610500000.0,288000000.0,0.0,0.0,0.0,31590000000.0,4448000000.0,27142000000.0,19957674053.0,380000000.0,0.0,423000000.0,1496000000.0,-1101000000.0,808000000.0,-3425000000.0,-65000000.0,2996000000.0,1000000.0,1400000000.0,1400000000.0,1400000000.0,0.0,0.0,0.181,0.0,2994000000.0,804000000.0,0.797,1.776,14.255,14.134,33823000000.0,0.0,28.55,2.577,2.577,1128000000.0,4266000000.0,7745000000.0,7745000000.0,0.0,0.033,0.128,0.058,0.41,32000000.0,0.0,1.0,699042874.0,699006000,700976000.0,11.08,38828000000.0,0.0,838000000.0,2892000000.0,55.547,-1848000000.0
13,PPL,MRT,2018-03-31,2018-03-31,2018-03-31,2021-08-05,-3279000000.0,42388000000.0,41147250000.0,2490000000.0,39898000000.0,0.185,16.092,-3203000000.0,629000000.0,629000000.0,4628000000.0,1177000000.0,0.588,2.793,21921000000.0,1707000000.0,20214000000.0,21921000000.0,0.0,1130000000.0,286000000.0,0.056,1.595,2872000000.0,4002000000.0,0.525,4002000000.0,2872000000.0,1949000000.0,1.71,1.7,1.71,11176000000.0,10779750000.0,11176000000.0,40182028058.0,14.0,10.04,-311000000.0,-0.448,1.0,2994000000.0,0.393,4005000000.0,923000000.0,55437000000.0,53636750000.0,279000000.0,0.0,0.0,0.0,31212000000.0,4238000000.0,26974000000.0,19392028058.0,215000000.0,0.0,480000000.0,1167000000.0,-1087000000.0,548000000.0,-3235000000.0,0.0,2892000000.0,10000000.0,1177000000.0,1177000000.0,1177000000.0,0.0,0.0,0.154,0.0,2994000000.0,836000000.0,0.933,1.735,16.476,16.544,33736000000.0,0.0,28.29,2.544,2.578,1249000000.0,4037000000.0,7622000000.0,7622000000.0,0.0,0.029,0.109,0.054,0.377,34000000.0,0.0,1.0,685472890.0,694514000,695322000.0,10.975,38383000000.0,0.0,772000000.0,2813000000.0,55.266,-1748000000.0
14,PPL,MRT,2017-12-31,2017-12-31,2017-12-31,2021-08-05,-3422000000.0,41479000000.0,40308750000.0,2294000000.0,39185000000.0,0.185,15.704,-3133000000.0,485000000.0,485000000.0,4546000000.0,1128000000.0,0.57,2.855,21275000000.0,1428000000.0,19847000000.0,21275000000.0,0.0,1105000000.0,292000000.0,0.051,1.58,2813000000.0,3918000000.0,0.526,3918000000.0,2813000000.0,1912000000.0,1.64,1.64,1.64,10761000000.0,10513000000.0,10761000000.0,41400970580.0,15.0,10.567,-672000000.0,-0.981,1.0,2901000000.0,0.39,3955000000.0,901000000.0,54291000000.0,52456500000.0,320000000.0,0.0,0.0,0.0,30718000000.0,4023000000.0,26695000000.0,21307970580.0,139000000.0,0.0,453000000.0,1462000000.0,-1072000000.0,824000000.0,-3161000000.0,0.0,2461000000.0,15000000.0,1128000000.0,1128000000.0,1128000000.0,0.0,0.0,0.151,0.0,2901000000.0,924000000.0,0.963,1.98,18.89,18.872,33092000000.0,0.0,30.95,2.861,2.848,1224000000.0,3871000000.0,7447000000.0,7447000000.0,0.0,0.028,0.107,0.054,0.378,38000000.0,0.0,1.0,688464316.0,685240000,687334000.0,10.868,37524000000.0,0.0,784000000.0,2696000000.0,54.76,-1729000000.0
15,PPL,MRT,2017-09-30,2017-09-30,2017-09-30,2021-08-05,-3503000000.0,40758000000.0,39517750000.0,2331000000.0,38427000000.0,0.186,15.573,-2976000000.0,676000000.0,676000000.0,4599000000.0,1515000000.0,0.562,2.812,20769000000.0,1659000000.0,19110000000.0,20769000000.0,0.0,1077000000.0,291000000.0,0.041,1.565,2860000000.0,3937000000.0,0.535,3937000000.0,2860000000.0,1974000000.0,2.22,2.21,2.22,10692000000.0,10297500000.0,10692000000.0,46126223170.0,16.0,11.716,-562000000.0,-0.819,1.0,2754000000.0,0.375,3800000000.0,886000000.0,52902000000.0,51290250000.0,323000000.0,0.0,0.0,0.0,30066000000.0,4149000000.0,25917000000.0,26028223170.0,248000000.0,0.0,286000000.0,1670000000.0,-1058000000.0,857000000.0,-3028000000.0,0.0,2414000000.0,5000000.0,1515000000.0,1515000000.0,1515000000.0,0.0,0.0,0.206,0.0,2754000000.0,838000000.0,0.705,2.434,17.18,17.095,31816000000.0,0.0,37.95,3.54,3.543,1022000000.0,4066000000.0,7353000000.0,7353000000.0,0.0,0.038,0.147,0.056,0.389,35000000.0,0.0,1.0,685855683.0,686563000,688746000.0,10.71,36958000000.0,0.0,459000000.0,4464000000.0,53.83,-1818000000.0
16,PPL,MRT,2017-06-30,2017-06-30,2017-06-30,2021-08-05,-3523000000.0,39964000000.0,38837750000.0,2166000000.0,37798000000.0,0.19,15.34,-2933000000.0,467000000.0,467000000.0,4593000000.0,1633000000.0,0.498,2.81,20565000000.0,2168000000.0,18397000000.0,20565000000.0,0.0,1042000000.0,289000000.0,0.04,1.55,2994000000.0,4036000000.0,0.546,4036000000.0,2994000000.0,2115000000.0,2.4,2.39,2.4,10490000000.0,10118250000.0,10490000000.0,46043536917.0,15.0,11.408,-423000000.0,-0.619,1.0,2804000000.0,0.379,3795000000.0,879000000.0,51917000000.0,50437250000.0,316000000.0,0.0,0.0,0.0,29474000000.0,4350000000.0,25124000000.0,26411536917.0,-36000000.0,0.0,245000000.0,1259000000.0,-1046000000.0,424000000.0,-2964000000.0,0.0,2510000000.0,-6000000.0,1633000000.0,1633000000.0,1633000000.0,0.0,0.0,0.221,0.0,2804000000.0,752000000.0,0.646,2.518,16.174,16.108,31233000000.0,0.0,38.66,3.571,3.574,1044000000.0,3983000000.0,7397000000.0,7397000000.0,0.0,0.042,0.161,0.059,0.405,32000000.0,0.0,1.0,683174778.0,683841000,686351000.0,10.817,36169000000.0,0.0,482000000.0,4338000000.0,52.891,-2184000000.0
17,PPL,MRT,2017-03-31,2017-03-31,2017-03-31,2021-08-05,-3777000000.0,39034000000.0,38728750000.0,2227000000.0,36807000000.0,0.193,14.847,-2938000000.0,409000000.0,409000000.0,4586000000.0,1824000000.0,0.523,2.861,20041000000.0,2083000000.0,17958000000.0,20041000000.0,0.0,1024000000.0,277000000.0,0.041,1.535,3303000000.0,4327000000.0,0.58,4327000000.0,3303000000.0,2422000000.0,2.68,2.67,2.68,10109000000.0,10077000000.0,10109000000.0,44241546678.0,13.0,10.225,-470000000.0,-0.69,1.0,2871000000.0,0.385,3694000000.0,881000000.0,50716000000.0,50330250000.0,312000000.0,0.0,0.0,0.0,28925000000.0,4256000000.0,24669000000.0,25333546678.0,-415000000.0,0.0,175000000.0,898000000.0,-1033000000.0,53000000.0,-2944000000.0,0.0,2468000000.0,8000000.0,1824000000.0,1824000000.0,1824000000.0,0.0,0.0,0.245,0.0,2871000000.0,700000000.0,0.573,2.506,13.889,13.951,30407000000.0,0.0,37.39,3.397,3.414,1129000000.0,3962000000.0,7457000000.0,7457000000.0,0.0,0.047,0.181,0.066,0.443,34000000.0,0.0,1.0,677548721.0,680882000,683084000.0,10.952,35340000000.0,0.0,598000000.0,4267000000.0,51.903,-2029000000.0
18,PPL,MRT,2016-12-31,2016-12-31,2016-12-31,2021-08-05,-3778000000.0,38315000000.0,38647500000.0,2067000000.0,36248000000.0,0.195,14.609,-2920000000.0,341000000.0,341000000.0,4581000000.0,1902000000.0,0.539,2.871,19249000000.0,1441000000.0,17808000000.0,19249000000.0,0.0,1006000000.0,276000000.0,0.045,1.52,3438000000.0,4444000000.0,0.591,4444000000.0,3438000000.0,2550000000.0,2.8,2.79,2.8,9899000000.0,9990250000.0,9899000000.0,41873310348.0,12.0,9.422,-30000000.0,-0.044,1.0,2936000000.0,0.391,3760000000.0,888000000.0,49626000000.0,50063750000.0,356000000.0,0.0,0.0,0.0,28416000000.0,3837000000.0,24579000000.0,23141310348.0,-503000000.0,0.0,144000000.0,441000000.0,-1030000000.0,-439000000.0,-2926000000.0,0.0,2890000000.0,-28000000.0,1902000000.0,1902000000.0,1902000000.0,0.0,0.0,0.253,0.0,2936000000.0,820000000.0,0.543,2.338,12.167,12.161,30074000000.0,0.0,34.05,3.079,3.069,1146000000.0,3829000000.0,7517000000.0,7517000000.0,0.0,0.049,0.19,0.069,0.457,28000000.0,0.0,1.0,679627323.0,677592000,680446000.0,11.094,34555000000.0,0.0,648000000.0,4122000000.0,50.997,-1770000000.0
19,PPL,MRT,2016-09-30,2016-09-30,2016-09-30,2021-08-05,-3480000000.0,38038000000.0,38894000000.0,2099000000.0,35939000000.0,0.192,14.71,-3074000000.0,416000000.0,416000000.0,4514000000.0,1836000000.0,0.615,2.813,19148000000.0,1079000000.0,18069000000.0,19148000000.0,0.0,984000000.0,302000000.0,0.044,1.518,3276000000.0,4260000000.0,0.571,4260000000.0,3276000000.0,2379000000.0,2.71,2.7,2.71,9975000000.0,9995250000.0,9975000000.0,42973711931.0,13.0,10.088,-260000000.0,-0.383,1.0,2951000000.0,0.395,3868000000.0,897000000.0,49490000000.0,50238250000.0,346000000.0,0.0,0.0,0.0,28063000000.0,3412000000.0,24651000000.0,23441711931.0,-565000000.0,0.0,191000000.0,532000000.0,-1026000000.0,-307000000.0,-3042000000.0,0.0,2814000000.0,-30000000.0,1836000000.0,1836000000.0,1836000000.0,6000000.0,0.0,0.246,0.0,2951000000.0,741000000.0,0.56,2.35,12.768,12.756,29969000000.0,0.0,34.57,3.14,3.14,1080000000.0,3624000000.0,7465000000.0,7465000000.0,0.0,0.047,0.184,0.065,0.439,28000000.0,0.0,1.0,678094068.0,678114000,680348000.0,11.008,34170000000.0,0.0,543000000.0,4060000000.0,50.39,-1313000000.0
20,PPL,MRT,2016-06-30,2016-06-30,2016-06-30,2021-08-05,-2857000000.0,39528000000.0,39196000000.0,2360000000.0,37168000000.0,0.19,15.248,-3227000000.0,492000000.0,492000000.0,4603000000.0,1756000000.0,0.692,2.828,20024000000.0,1075000000.0,18949000000.0,20024000000.0,0.0,980000000.0,326000000.0,0.04,1.514,3199000000.0,4179000000.0,0.561,4179000000.0,3199000000.0,2304000000.0,2.59,2.59,2.59,10325000000.0,10057000000.0,10325000000.0,44564680394.0,14.0,10.664,-755000000.0,-1.115,1.0,2851000000.0,0.382,4163000000.0,895000000.0,51489000000.0,50184250000.0,336000000.0,0.0,0.0,0.0,29203000000.0,3408000000.0,25795000000.0,25554680394.0,-354000000.0,0.0,196000000.0,1236000000.0,-1017000000.0,401000000.0,-3211000000.0,1000000.0,2472000000.0,-16000000.0,1756000000.0,1756000000.0,1756000000.0,9000000.0,0.0,0.236,0.0,2851000000.0,726000000.0,0.585,2.475,14.553,14.575,30794000000.0,0.0,37.75,3.428,3.429,1114000000.0,3409000000.0,7454000000.0,7454000000.0,0.0,0.045,0.175,0.064,0.429,11000000.0,0.0,1.0,676945176.0,677145000,680729000.0,11.008,35365000000.0,0.0,548000000.0,3989000000.0,52.227,-1048000000.0
21,PPL,MRT,2016-03-31,2016-03-31,2016-03-31,2021-08-05,-3159000000.0,38709000000.0,38875000000.0,2713000000.0,35996000000.0,0.192,14.453,-3389000000.0,814000000.0,814000000.0,4686000000.0,516000000.0,0.667,2.965,19824000000.0,1750000000.0,18074000000.0,19824000000.0,0.0,962000000.0,306000000.0,0.105,4.012,1829000000.0,2791000000.0,0.375,2791000000.0,1829000000.0,943000000.0,0.75,0.75,0.75,9762000000.0,9961000000.0,9762000000.0,44616407459.0,24.0,15.986,-890000000.0,-1.318,1.0,2764000000.0,0.371,4003000000.0,886000000.0,49650000000.0,49273000000.0,332000000.0,0.0,0.0,0.0,28947000000.0,4066000000.0,24881000000.0,25488407459.0,-300000000.0,0.0,210000000.0,1518000000.0,-1009000000.0,280000000.0,-3259000000.0,151000000.0,2499000000.0,-41000000.0,516000000.0,516000000.0,516000000.0,1016000000.0,0.0,0.069,0.0,2764000000.0,707000000.0,5.349,2.611,49.396,50.76,29832000000.0,0.0,38.07,3.421,3.452,1146000000.0,3185000000.0,7450000000.0,7450000000.0,0.0,0.013,0.052,0.037,0.246,30000000.0,0.0,1.0,669514249.0,675441000,678817000.0,11.03,34706000000.0,0.0,427000000.0,3783000000.0,51.383,-1353000000.0
22,PPL,MRT,2015-12-31,2015-12-31,2015-12-31,2021-08-05,-2728000000.0,39301000000.0,41428000000.0,2646000000.0,36655000000.0,0.185,14.809,-3570000000.0,836000000.0,836000000.0,4838000000.0,682000000.0,0.683,2.962,19964000000.0,1401000000.0,18563000000.0,19964000000.0,0.0,942000000.0,326000000.0,0.117,4.005,2018000000.0,2960000000.0,0.386,2960000000.0,2018000000.0,1147000000.0,1.01,1.01,1.01,9919000000.0,11029500000.0,9919000000.0,41745219782.0,21.0,14.103,-955000000.0,-1.426,1.0,2831000000.0,0.369,4229000000.0,871000000.0,50324000000.0,51159750000.0,357000000.0,0.0,0.0,0.0,29382000000.0,3876000000.0,25506000000.0,22964219782.0,-563000000.0,0.0,203000000.0,1330000000.0,-1004000000.0,68000000.0,-3588000000.0,136000000.0,2615000000.0,-10000000.0,682000000.0,682000000.0,682000000.0,921000000.0,0.0,0.089,0.0,2831000000.0,812000000.0,3.965,2.315,33.672,33.792,30382000000.0,0.0,34.13,2.994,2.981,1126000000.0,2953000000.0,7669000000.0,7669000000.0,0.0,0.016,0.062,0.039,0.263,31000000.0,0.0,1.0,672845584.0,669814000,672586000.0,11.449,35072000000.0,0.0,465000000.0,3653000000.0,52.361,-1230000000.0
23,PPL,MRT,2015-09-30,2015-09-30,2015-09-30,2021-08-05,-2206000000.0,39246000000.0,43754250000.0,2990000000.0,36256000000.0,0.179,15.239,-3677000000.0,981000000.0,981000000.0,4921000000.0,978000000.0,0.669,2.839,19762000000.0,2017000000.0,17745000000.0,19762000000.0,0.0,953000000.0,312000000.0,0.122,4.001,2419000000.0,3372000000.0,0.43,3372000000.0,2419000000.0,1568000000.0,1.46,1.45,1.46,10222000000.0,11956750000.0,10222000000.0,40392304650.0,17.0,11.979,-871000000.0,-1.299,1.0,2914000000.0,0.372,4285000000.0,851000000.0,49274000000.0,52159500000.0,321000000.0,0.0,0.0,0.0,29024000000.0,4468000000.0,24556000000.0,22035304650.0,-13000000.0,0.0,182000000.0,1205000000.0,-999000000.0,-19000000.0,-2967000000.0,16000000.0,2806000000.0,-27000000.0,978000000.0,978000000.0,978000000.0,628000000.0,0.0,0.125,0.0,2914000000.0,808000000.0,2.74,2.156,22.531,22.527,29962000000.0,0.0,32.89,2.812,2.816,1134000000.0,2791000000.0,7835000000.0,7835000000.0,0.0,0.022,0.082,0.046,0.309,2000000.0,0.0,1.0,669969737.0,670763000,673702000.0,11.681,34961000000.0,223000000.0,590000000.0,3983000000.0,52.121,-1478000000.0
24,PPL,MRT,2015-06-30,2015-06-30,2015-06-30,2021-08-05,-2284000000.0,38244000000.0,45990000000.0,2870000000.0,35374000000.0,0.17,14.872,-3724000000.0,846000000.0,846000000.0,4920000000.0,1082000000.0,0.637,2.847,19203000000.0,2100000000.0,17103000000.0,19203000000.0,0.0,957000000.0,309000000.0,0.136,3.996,2572000000.0,3529000000.0,0.45,3529000000.0,2572000000.0,1729000000.0,1.62,1.61,1.62,9941000000.0,12894750000.0,9941000000.0,40066120599.0,16.0,11.353,-591000000.0,-0.884,1.0,2916000000.0,0.372,4248000000.0,843000000.0,47844000000.0,54353000000.0,315000000.0,0.0,0.0,0.0,28303000000.0,4509000000.0,23794000000.0,19689120599.0,-159000000.0,0.0,140000000.0,730000000.0,-997000000.0,-573000000.0,-2950000000.0,15000000.0,3133000000.0,-33000000.0,1082000000.0,1082000000.0,1082000000.0,538000000.0,0.0,0.138,0.0,2916000000.0,902000000.0,2.467,1.981,18.197,18.191,29218000000.0,0.0,29.47,2.513,2.514,1168000000.0,2654000000.0,7836000000.0,7836000000.0,0.0,0.024,0.084,0.047,0.328,18000000.0,0.0,1.0,668107248.0,668415000,671286000.0,11.723,33996000000.0,159000000.0,647000000.0,3798000000.0,50.861,-1639000000.0
25,PPL,MRT,2015-03-31,2015-03-31,2015-03-31,2021-08-05,-2311000000.0,48921000000.0,48477250000.0,5699000000.0,43222000000.0,0.163,21.044,-3658000000.0,1525000000.0,1525000000.0,4948000000.0,2068000000.0,0.79,2.485,21902000000.0,3130000000.0,18772000000.0,21902000000.0,0.0,850000000.0,0.0,0.044,1.491,3646000000.0,4496000000.0,0.569,4496000000.0,3646000000.0,2810000000.0,3.1,3.08,3.1,14036000000.0,13843250000.0,14036000000.0,42276859613.0,12.0,9.403,-513000000.0,-0.769,1.0,2956000000.0,0.374,4884000000.0,836000000.0,57197000000.0,56920500000.0,687000000.0,1134000000.0,135000000.0,999000000.0,34885000000.0,7217000000.0,27668000000.0,22350859613.0,97000000.0,0.0,1094000000.0,-270000000.0,-983000000.0,94000000.0,-3136000000.0,-130000000.0,3145000000.0,-24000000.0,2068000000.0,2068000000.0,2068000000.0,-468000000.0,0.0,0.262,0.0,2956000000.0,1128000000.0,0.481,1.592,10.808,10.858,34959000000.0,0.0,33.66,2.828,2.84,1725000000.0,6860000000.0,7904000000.0,7904000000.0,0.0,0.043,0.149,0.064,0.461,-14000000.0,0.0,1.0,664018408.0,666974000,668732000.0,11.851,44037000000.0,155000000.0,742000000.0,5058000000.0,66.025,-1518000000.0
26,PPL,MRT,2014-12-31,2014-12-31,2014-12-31,2021-08-05,-2274000000.0,48606000000.0,48240250000.0,6026000000.0,42580000000.0,0.163,20.854,-3723000000.0,1399000000.0,1399000000.0,4985000000.0,1737000000.0,0.81,2.567,18890000000.0,1836000000.0,17054000000.0,18890000000.0,0.0,988000000.0,304000000.0,0.041,1.491,3272000000.0,4260000000.0,0.543,4260000000.0,3272000000.0,2429000000.0,2.64,2.61,2.64,13628000000.0,13513500000.0,13628000000.0,44556066123.0,14.0,10.459,-320000000.0,-0.49,1.0,2867000000.0,0.365,4335000000.0,843000000.0,54323000000.0,56891500000.0,381000000.0,120000000.0,120000000.0,0.0,34978000000.0,7439000000.0,27539000000.0,24162066123.0,536000000.0,0.0,1074000000.0,206000000.0,-967000000.0,583000000.0,-3329000000.0,-120000000.0,3403000000.0,-8000000.0,1737000000.0,1737000000.0,1737000000.0,-300000000.0,0.0,0.221,0.0,2867000000.0,995000000.0,0.565,1.773,13.91,13.761,28169000000.0,0.0,36.33,3.077,3.024,1254000000.0,6462000000.0,7852000000.0,7852000000.0,0.0,0.036,0.129,0.058,0.417,0.0,0.0,1.0,665072010.0,653504000,665973000.0,12.015,44271000000.0,0.0,692000000.0,3497000000.0,67.744,-1413000000.0
27,PPL,MRT,2014-09-30,2014-09-30,2014-09-30,2021-08-05,-1438000000.0,48189000000.0,47653500000.0,5760000000.0,42429000000.0,0.069,21.031,-3491000000.0,1462000000.0,1462000000.0,890000000.0,943000000.0,1.064,2.448,21856000000.0,1334000000.0,20522000000.0,21856000000.0,0.0,625000000.0,0.0,0.045,1.485,2170000000.0,2795000000.0,0.851,2795000000.0,2170000000.0,1456000000.0,1.41,1.43,1.41,13974000000.0,13223000000.0,13974000000.0,42148276736.0,19.0,15.08,-230000000.0,-0.346,1.0,2393000000.0,0.729,5123000000.0,714000000.0,58048000000.0,57460250000.0,763000000.0,947000000.0,0.0,947000000.0,34215000000.0,5412000000.0,28803000000.0,21818276736.0,116000000.0,0.0,1039000000.0,1905000000.0,-951000000.0,1084000000.0,-4481000000.0,10000000.0,3261000000.0,32000000.0,944000000.0,944000000.0,944000000.0,160000000.0,-1000000.0,0.288,0.0,2393000000.0,1208000000.0,1.053,1.561,23.113,23.291,34397000000.0,0.0,32.84,6.646,6.646,1587000000.0,6017000000.0,3283000000.0,3283000000.0,0.0,0.02,0.071,0.038,0.661,-21000000.0,0.0,1.0,664381143.0,664432000,666402000.0,4.941,43066000000.0,242000000.0,512000000.0,4865000000.0,64.816,348000000.0
28,PPL,MRT,2014-06-30,2014-06-30,2014-06-30,2021-08-05,-1398000000.0,48193000000.0,46853250000.0,5537000000.0,42656000000.0,0.096,21.029,-3547000000.0,1601000000.0,1601000000.0,1927000000.0,857000000.0,1.074,2.509,21931000000.0,1112000000.0,20819000000.0,21931000000.0,0.0,716000000.0,0.0,0.042,1.48,1994000000.0,2710000000.0,0.605,2710000000.0,1994000000.0,1249000000.0,1.32,1.31,1.32,13735000000.0,12815500000.0,13735000000.0,43170882085.0,22.0,15.93,-55000000.0,-0.084,1.0,2551000000.0,0.57,5253000000.0,745000000.0,58114000000.0,56462500000.0,651000000.0,950000000.0,0.0,950000000.0,34458000000.0,5156000000.0,29302000000.0,22445882085.0,707000000.0,0.0,2123000000.0,1279000000.0,-922000000.0,1592000000.0,-4564000000.0,7000000.0,3492000000.0,37000000.0,857000000.0,857000000.0,857000000.0,247000000.0,0.0,0.191,0.0,2551000000.0,1178000000.0,1.121,1.634,26.191,26.917,34431000000.0,0.0,35.53,5.012,5.182,1661000000.0,5768000000.0,4478000000.0,4478000000.0,0.0,0.018,0.067,0.035,0.445,20000000.0,0.0,1.0,631744500.0,653132000,665792000.0,6.856,42940000000.0,317000000.0,392000000.0,4663000000.0,65.745,381000000.0
29,PPL,MRT,2014-03-31,2014-03-31,2014-03-31,2021-08-05,-1429000000.0,47973000000.0,45741500000.0,6094000000.0,41879000000.0,0.133,20.162,-3762000000.0,1672000000.0,1672000000.0,3448000000.0,1033000000.0,0.956,2.772,22397000000.0,1883000000.0,20514000000.0,22397000000.0,0.0,926000000.0,0.0,0.045,1.475,2163000000.0,3089000000.0,0.508,3089000000.0,2163000000.0,1368000000.0,1.65,1.6,1.65,12717000000.0,12115750000.0,12717000000.0,42428570041.0,20.0,13.735,-219000000.0,-0.347,1.0,2631000000.0,0.433,5241000000.0,795000000.0,57081000000.0,55269750000.0,607000000.0,918000000.0,0.0,918000000.0,35256000000.0,6376000000.0,28880000000.0,22005570041.0,577000000.0,0.0,1352000000.0,2224000000.0,-902000000.0,1402000000.0,-4579000000.0,-1000000.0,3543000000.0,36000000.0,1033000000.0,1033000000.0,1033000000.0,245000000.0,0.0,0.17,0.0,2631000000.0,1345000000.0,0.894,1.73,21.303,20.085,33774000000.0,0.0,33.14,3.62,3.439,1982000000.0,5788000000.0,6079000000.0,6079000000.0,0.0,0.023,0.085,0.039,0.356,28000000.0,0.0,1.0,664018408.0,630749000,663939000.0,9.638,42732000000.0,342000000.0,335000000.0,4617000000.0,67.748,-282000000.0
30,PPL,MRT,2013-12-31,2013-12-31,2013-12-31,2021-08-05,-1565000000.0,46259000000.0,44583500000.0,5153000000.0,41106000000.0,0.163,20.47,-3682000000.0,1185000000.0,1185000000.0,4702000000.0,1130000000.0,1.049,2.711,21608000000.0,1016000000.0,20592000000.0,21608000000.0,0.0,909000000.0,0.0,0.049,1.47,2268000000.0,3177000000.0,0.437,3177000000.0,2268000000.0,1490000000.0,1.85,1.76,1.85,12466000000.0,11567500000.0,12466000000.0,37963211487.0,17.0,11.949,-826000000.0,-1.356,1.0,2561000000.0,0.353,5172000000.0,778000000.0,56598000000.0,54126250000.0,702000000.0,907000000.0,0.0,907000000.0,33793000000.0,4912000000.0,28881000000.0,18964211487.0,375000000.0,0.0,1337000000.0,2443000000.0,-878000000.0,1631000000.0,-4295000000.0,0.0,2856000000.0,8000000.0,1130000000.0,1130000000.0,1130000000.0,238000000.0,0.0,0.156,0.0,2561000000.0,1308000000.0,0.795,1.521,16.782,16.265,33087000000.0,0.0,30.09,2.611,2.523,1758000000.0,5709000000.0,7263000000.0,7263000000.0,0.0,0.025,0.098,0.042,0.312,0.0,0.0,1.0,630249634.0,608983000,663073000.0,11.926,41087000000.0,246000000.0,360000000.0,4384000000.0,67.468,241000000.0
31,PPL,MRT,2013-09-30,2013-09-30,2013-09-30,2021-08-05,-2007000000.0,44988000000.0,43927250000.0,4971000000.0,40017000000.0,0.274,19.561,-3927000000.0,1343000000.0,1343000000.0,9013000000.0,1589000000.0,1.005,2.643,20342000000.0,1250000000.0,19092000000.0,20342000000.0,0.0,1352000000.0,0.0,0.048,1.462,3072000000.0,4424000000.0,0.367,4424000000.0,3072000000.0,2082000000.0,2.64,2.5,2.64,12344000000.0,11071000000.0,12344000000.0,39228058425.0,13.0,8.867,-1034000000.0,-1.639,1.0,3036000000.0,0.252,4982000000.0,990000000.0,54057000000.0,53001500000.0,686000000.0,851000000.0,0.0,851000000.0,32626000000.0,4948000000.0,27678000000.0,19191058425.0,345000000.0,0.0,1353000000.0,926000000.0,-855000000.0,1254000000.0,-3795000000.0,-15000000.0,2893000000.0,-7000000.0,1587000000.0,1587000000.0,1587000000.0,-7000000.0,2000000.0,0.132,0.0,3036000000.0,1079000000.0,0.554,1.555,12.093,11.508,31588000000.0,0.0,30.38,1.593,1.591,1509000000.0,6040000000.0,12049000000.0,12049000000.0,0.0,0.036,0.143,0.058,0.255,94000000.0,0.0,1.0,631700409.0,631046000,664343000.0,19.094,40006000000.0,0.0,495000000.0,4292000000.0,63.396,23000000.0
32,PPL,MRT,2013-06-30,2013-06-30,2013-06-30,2021-08-05,-2128000000.0,43746000000.0,43490250000.0,4775000000.0,38971000000.0,0.262,18.541,-3704000000.0,795000000.0,795000000.0,8524000000.0,1533000000.0,0.862,2.999,20832000000.0,1957000000.0,18875000000.0,20832000000.0,0.0,1346000000.0,0.0,0.048,1.455,2957000000.0,4303000000.0,0.378,4303000000.0,2957000000.0,1963000000.0,2.6,2.49,2.6,10936000000.0,10788500000.0,10936000000.0,37645198929.0,13.0,8.749,-940000000.0,-1.594,1.0,2854000000.0,0.251,4898000000.0,994000000.0,53343000000.0,52443750000.0,642000000.0,818000000.0,0.0,818000000.0,32792000000.0,5542000000.0,27250000000.0,17924198929.0,-270000000.0,0.0,268000000.0,1307000000.0,-846000000.0,567000000.0,-3604000000.0,-16000000.0,2764000000.0,3000000.0,1532000000.0,1532000000.0,1532000000.0,-7000000.0,1000000.0,0.135,0.0,2854000000.0,1114000000.0,0.56,1.639,11.7,11.638,30600000000.0,0.0,30.26,1.575,1.569,1580000000.0,5863000000.0,11378000000.0,11378000000.0,0.0,0.035,0.142,0.056,0.26,49000000.0,0.0,1.0,592339687.0,589834000,664615000.0,19.29,38848000000.0,0.0,431000000.0,4198000000.0,65.863,-767000000.0
33,PPL,MRT,2013-03-31,2013-03-31,2013-03-31,2021-08-05,-2146000000.0,43341000000.0,43430750000.0,4989000000.0,38352000000.0,0.241,18.063,-3322000000.0,972000000.0,972000000.0,7809000000.0,1399000000.0,0.883,3.117,20693000000.0,1812000000.0,18881000000.0,20693000000.0,0.0,1315000000.0,0.0,0.046,1.447,2780000000.0,4095000000.0,0.391,4095000000.0,2780000000.0,1808000000.0,2.38,2.32,2.38,10524000000.0,10795000000.0,10524000000.0,39963416354.0,14.0,9.759,-1042000000.0,-1.788,1.0,2668000000.0,0.255,4905000000.0,972000000.0,52507000000.0,52048500000.0,616000000.0,812000000.0,0.0,812000000.0,32799000000.0,5650000000.0,27149000000.0,20790416354.0,-250000000.0,-84000000.0,56000000.0,1954000000.0,-840000000.0,793000000.0,-3311000000.0,-31000000.0,2280000000.0,-12000000.0,1398000000.0,1398000000.0,1398000000.0,0.0,1000000.0,0.133,0.0,2668000000.0,1071000000.0,0.608,1.976,14.872,13.155,29975000000.0,0.0,31.31,1.984,1.741,1644000000.0,5676000000.0,10477000000.0,10477000000.0,0.0,0.032,0.13,0.053,0.265,49000000.0,0.0,1.0,664018408.0,582640000,657020000.0,17.982,38436000000.0,0.0,410000000.0,4055000000.0,65.969,-661000000.0
34,PPL,MRT,2012-12-31,2012-12-31,2012-12-31,2021-08-05,-1940000000.0,43634000000.0,43616000000.0,5068000000.0,38566000000.0,0.278,18.06,-3176000000.0,955000000.0,955000000.0,9106000000.0,1531000000.0,0.901,3.162,20128000000.0,1403000000.0,18725000000.0,20128000000.0,0.0,1286000000.0,0.0,0.05,1.44,2995000000.0,4281000000.0,0.353,4281000000.0,2995000000.0,2044000000.0,2.61,2.6,2.61,10480000000.0,10980750000.0,10480000000.0,35170240375.0,12.0,8.215,-412000000.0,-0.71,1.0,3026000000.0,0.249,5083000000.0,951000000.0,52099000000.0,51532750000.0,673000000.0,759000000.0,0.0,759000000.0,33136000000.0,5625000000.0,27511000000.0,16654240375.0,-301000000.0,-84000000.0,72000000.0,1189000000.0,-833000000.0,48000000.0,-3123000000.0,-15000000.0,2764000000.0,10000000.0,1526000000.0,1526000000.0,1526000000.0,0.0,5000000.0,0.126,0.0,3026000000.0,1252000000.0,0.552,1.589,10.914,10.969,30032000000.0,0.0,28.63,1.373,1.369,1602000000.0,5478000000.0,12132000000.0,12132000000.0,0.0,0.035,0.139,0.058,0.247,49000000.0,0.0,1.0,581705916.0,580276000,581626000.0,20.907,38551000000.0,30000000.0,518000000.0,3805000000.0,66.436,-557000000.0
35,PPL,MRT,2012-09-30,2012-09-30,2012-09-30,2021-08-05,-1039000000.0,43240000000.0,43369500000.0,5227000000.0,38013000000.0,0.306,19.315,-2982000000.0,1034000000.0,1034000000.0,10061000000.0,1629000000.0,1.07,2.854,19550000000.0,839000000.0,18711000000.0,19550000000.0,0.0,1295000000.0,0.0,0.049,1.43,3181000000.0,4476000000.0,0.337,4476000000.0,3181000000.0,2247000000.0,2.79,2.79,2.79,11214000000.0,11067750000.0,11214000000.0,35387382369.0,11.0,7.906,-227000000.0,-0.391,1.0,3221000000.0,0.243,5043000000.0,934000000.0,51826000000.0,50865750000.0,663000000.0,778000000.0,0.0,778000000.0,32008000000.0,4887000000.0,27121000000.0,16870382369.0,-565000000.0,-84000000.0,70000000.0,863000000.0,-826000000.0,-277000000.0,-3029000000.0,-13000000.0,2755000000.0,-14000000.0,1621000000.0,1621000000.0,1621000000.0,8000000.0,8000000.0,0.122,0.0,3221000000.0,1071000000.0,0.513,1.504,10.407,10.412,29047000000.0,0.0,29.05,1.27,1.27,1474000000.0,5335000000.0,13282000000.0,13282000000.0,0.0,0.037,0.146,0.063,0.239,0.0,0.0,1.0,580736054.0,580585000,582636000.0,22.877,38197000000.0,0.0,626000000.0,4115000000.0,65.791,340000000.0
36,PPL,MRT,2012-06-30,2012-06-30,2012-06-30,2021-08-05,-1120000000.0,43508000000.0,42798500000.0,6151000000.0,37357000000.0,0.327,18.904,-2895000000.0,1082000000.0,1082000000.0,10675000000.0,1723000000.0,1.157,2.967,19599000000.0,901000000.0,18698000000.0,19599000000.0,0.0,1266000000.0,0.0,0.051,1.42,3355000000.0,4621000000.0,0.33,4621000000.0,3355000000.0,2429000000.0,2.94,2.94,2.94,10962000000.0,10976250000.0,10962000000.0,33605407204.0,10.0,7.272,-255000000.0,-0.44,1.0,3324000000.0,0.237,4945000000.0,926000000.0,51762000000.0,49948250000.0,719000000.0,749000000.0,0.0,749000000.0,32528000000.0,5318000000.0,27210000000.0,16130407204.0,-288000000.0,-84000000.0,66000000.0,1267000000.0,-819000000.0,111000000.0,-3006000000.0,-12000000.0,2640000000.0,-33000000.0,1710000000.0,1710000000.0,1710000000.0,8000000.0,13000000.0,0.122,0.0,3324000000.0,1037000000.0,0.483,1.471,9.433,9.459,28269000000.0,0.0,27.81,1.152,1.152,1504000000.0,5190000000.0,13999000000.0,13999000000.0,0.0,0.04,0.156,0.067,0.24,0.0,0.0,1.0,580021834.0,579881000,580593000.0,24.141,38563000000.0,0.0,719000000.0,4037000000.0,66.502,833000000.0
37,PPL,MRT,2012-03-31,2012-03-31,2012-03-31,2021-08-05,-730000000.0,44082000000.0,42055750000.0,7062000000.0,37020000000.0,0.331,19.458,-2843000000.0,1275000000.0,1275000000.0,10592000000.0,1652000000.0,1.199,2.889,18750000000.0,674000000.0,18076000000.0,18750000000.0,0.0,1279000000.0,0.0,0.05,1.41,3316000000.0,4595000000.0,0.33,4595000000.0,3316000000.0,2362000000.0,2.83,2.83,2.83,11267000000.0,10898500000.0,11267000000.0,35982160210.0,11.0,7.831,196000000.0,0.338,1.0,3347000000.0,0.24,5225000000.0,954000000.0,50444000000.0,48954500000.0,669000000.0,768000000.0,0.0,768000000.0,32547000000.0,5888000000.0,26659000000.0,18765160210.0,-142000000.0,-5763000000.0,2297000000.0,4316000000.0,-779000000.0,5630000000.0,-8761000000.0,3000000.0,3039000000.0,-50000000.0,1635000000.0,1635000000.0,1635000000.0,2000000.0,17000000.0,0.117,0.0,3347000000.0,1027000000.0,0.498,1.665,11.477,9.986,27706000000.0,0.0,28.26,1.346,1.174,1497000000.0,5129000000.0,13939000000.0,13939000000.0,0.0,0.039,0.15,0.068,0.238,0.0,0.0,1.0,664018408.0,579041000,579527000.0,24.073,38857000000.0,0.0,727000000.0,4016000000.0,67.106,1174000000.0
38,PPL,MRT,2011-12-31,2011-12-31,2011-12-31,2021-08-05,-788000000.0,42648000000.0,39220500000.0,6426000000.0,36222000000.0,0.325,19.673,-2208000000.0,1354000000.0,1354000000.0,9636000000.0,1512000000.0,1.223,2.914,18571000000.0,578000000.0,17993000000.0,18571000000.0,0.0,1215000000.0,0.0,0.048,1.4,3084000000.0,4299000000.0,0.338,4299000000.0,3084000000.0,2186000000.0,2.71,2.7,2.71,10828000000.0,10214250000.0,10828000000.0,34045545018.0,11.0,7.919,299000000.0,0.543,1.0,3101000000.0,0.243,5179000000.0,898000000.0,49431000000.0,45688750000.0,654000000.0,734000000.0,16000000.0,718000000.0,31552000000.0,5255000000.0,26297000000.0,17013545018.0,277000000.0,-5763000000.0,2297000000.0,4410000000.0,-746000000.0,5767000000.0,-7952000000.0,150000000.0,2507000000.0,-45000000.0,1495000000.0,1495000000.0,1495000000.0,0.0,17000000.0,0.117,0.0,3101000000.0,1150000000.0,0.517,1.571,11.38,10.856,27266000000.0,0.0,29.42,1.336,1.271,1566000000.0,4797000000.0,12737000000.0,12737000000.0,0.0,0.038,0.146,0.068,0.242,0.0,0.0,1.0,578298607.0,550395000,550952000.0,23.142,37469000000.0,0.0,691000000.0,3676000000.0,68.077,1171000000.0
39,PPL,MRT,2011-09-30,2011-09-30,2011-09-30,2021-08-05,-500000000.0,40956000000.0,36767750000.0,5412000000.0,35544000000.0,0.282,18.781,-1921000000.0,1573000000.0,1573000000.0,7573000000.0,1413000000.0,1.192,2.751,18605000000.0,930000000.0,17675000000.0,18605000000.0,0.0,1114000000.0,0.0,0.049,1.4,2794000000.0,3908000000.0,0.376,3908000000.0,2794000000.0,1936000000.0,2.7,2.7,2.7,10848000000.0,9559750000.0,10848000000.0,33641963937.0,12.0,8.608,262000000.0,0.454,1.0,2809000000.0,0.271,5292000000.0,858000000.0,48156000000.0,42656000000.0,633000000.0,687000000.0,16000000.0,671000000.0,29840000000.0,4540000000.0,25300000000.0,16488963937.0,-3342000000.0,-12537000000.0,2297000000.0,7600000000.0,-712000000.0,8925000000.0,-14428000000.0,149000000.0,2183000000.0,-22000000.0,1396000000.0,1396000000.0,1396000000.0,0.0,17000000.0,0.134,0.0,2809000000.0,1120000000.0,0.519,1.52,11.812,10.57,26922000000.0,0.0,28.54,1.588,1.588,1417000000.0,4547000000.0,10382000000.0,10382000000.0,0.0,0.038,0.146,0.066,0.269,0.0,0.0,1.0,577749262.0,577595000,578054000.0,17.975,35664000000.0,0.0,540000000.0,3833000000.0,61.746,872000000.0
40,PPL,MRT,2011-06-30,2011-06-30,2011-06-30,2021-08-05,-435000000.0,40537000000.0,33210750000.0,5364000000.0,35173000000.0,0.284,18.964,-1595000000.0,1312000000.0,1312000000.0,6877000000.0,1217000000.0,1.168,2.781,18465000000.0,933000000.0,17532000000.0,18465000000.0,0.0,1007000000.0,0.0,0.05,1.4,2438000000.0,3445000000.0,0.365,3445000000.0,2438000000.0,1649000000.0,2.45,2.45,2.45,10651000000.0,8928750000.0,10651000000.0,28414122460.0,12.0,8.248,680000000.0,1.211,1.0,2564000000.0,0.272,5310000000.0,789000000.0,47787000000.0,36903000000.0,647000000.0,726000000.0,0.0,726000000.0,29618000000.0,4593000000.0,25025000000.0,16062122460.0,-3236000000.0,-12537000000.0,2297000000.0,7132000000.0,-643000000.0,8559000000.0,-14070000000.0,149000000.0,2275000000.0,0.0,1200000000.0,1200000000.0,1200000000.0,0.0,17000000.0,0.127,0.0,2564000000.0,1246000000.0,0.571,1.508,13.385,11.359,26608000000.0,0.0,27.83,1.701,1.656,1420000000.0,4306000000.0,9441000000.0,9441000000.0,0.0,0.036,0.134,0.066,0.258,0.0,0.0,1.0,577151364.0,561652000,562019000.0,16.809,35227000000.0,0.0,449000000.0,3806000000.0,62.72,771000000.0
41,PPL,MRT,2011-03-31,2011-03-31,2011-03-31,2021-08-05,-424000000.0,32741000000.0,29554750000.0,5747000000.0,26994000000.0,0.285,17.619,-1361000000.0,1278000000.0,1278000000.0,6230000000.0,1109000000.0,1.172,2.807,13630000000.0,1383000000.0,12247000000.0,13630000000.0,0.0,874000000.0,0.0,0.055,1.4,2105000000.0,2979000000.0,0.354,2979000000.0,2105000000.0,1449000000.0,2.32,2.32,2.32,8530000000.0,8250250000.0,8530000000.0,24603354654.0,12.0,8.259,70000000.0,0.145,1.0,2195000000.0,0.261,2810000000.0,656000000.0,37381000000.0,31211000000.0,621000000.0,720000000.0,0.0,720000000.0,23943000000.0,4902000000.0,19041000000.0,12199354654.0,-479000000.0,-6774000000.0,2443000000.0,4318000000.0,-605000000.0,5890000000.0,-7821000000.0,150000000.0,1431000000.0,21000000.0,1089000000.0,1089000000.0,1089000000.0,0.0,20000000.0,0.129,0.0,2195000000.0,941000000.0,0.603,1.43,11.202,10.905,21182000000.0,0.0,25.3,1.448,1.454,1327000000.0,4312000000.0,8425000000.0,8425000000.0,0.0,0.037,0.132,0.067,0.25,0.0,0.0,1.0,482187931.0,484138000,484345000.0,17.402,29931000000.0,0.0,360000000.0,3230000000.0,61.823,845000000.0
42,PPL,MRT,2010-12-31,2010-12-31,2010-12-31,2021-08-05,-479000000.0,32837000000.0,27603250000.0,6188000000.0,26649000000.0,0.309,19.033,-1597000000.0,953000000.0,953000000.0,6655000000.0,959000000.0,1.187,2.967,13357000000.0,1196000000.0,12161000000.0,13357000000.0,0.0,780000000.0,0.0,0.053,1.4,1794000000.0,2574000000.0,0.302,2574000000.0,1794000000.0,1201000000.0,2.17,2.17,2.17,8210000000.0,7590750000.0,8210000000.0,16855237755.0,9.0,6.548,436000000.0,1.011,1.0,1866000000.0,0.219,2727000000.0,593000000.0,37300000000.0,27875250000.0,643000000.0,856000000.0,163000000.0,693000000.0,24359000000.0,5214000000.0,19145000000.0,12720237755.0,124000000.0,-6650000000.0,2441000000.0,4692000000.0,-566000000.0,6307000000.0,-8229000000.0,-14000000.0,2033000000.0,13000000.0,938000000.0,938000000.0,938000000.0,0.0,21000000.0,0.11,0.0,1866000000.0,1028000000.0,0.645,1.549,13.561,12.129,20823000000.0,0.0,26.32,1.493,1.332,1441000000.0,4082000000.0,8521000000.0,8521000000.0,0.0,0.034,0.124,0.064,0.211,0.0,0.0,1.0,483291708.0,431345000,431569000.0,19.754,30110000000.0,0.0,263000000.0,2934000000.0,69.805,974000000.0
43,PPL,MRT,2010-09-30,2010-09-30,2010-09-30,2021-08-05,-160000000.0,26728000000.0,24935250000.0,9192000000.0,17536000000.0,0.336,17.25,-1317000000.0,4885000000.0,4885000000.0,6896000000.0,757000000.0,2.116,2.179,9020000000.0,181000000.0,8839000000.0,9020000000.0,0.0,772000000.0,0.0,0.051,1.395,1430000000.0,2202000000.0,0.263,2202000000.0,1430000000.0,918000000.0,1.8,1.8,1.8,8324000000.0,6912250000.0,8324000000.0,17786559053.0,12.0,8.077,984000000.0,2.039,1.0,1472000000.0,0.176,1374000000.0,512000000.0,25144000000.0,24403500000.0,338000000.0,624000000.0,0.0,624000000.0,18136000000.0,4345000000.0,13791000000.0,13144559053.0,4157000000.0,205000000.0,2440000000.0,1239000000.0,-528000000.0,2975000000.0,-1129000000.0,-13000000.0,2301000000.0,10000000.0,736000000.0,736000000.0,736000000.0,0.0,21000000.0,0.088,0.0,1472000000.0,733000000.0,0.775,1.579,17.859,15.128,12911000000.0,0.0,27.23,1.571,1.57,1052000000.0,3897000000.0,8368000000.0,8368000000.0,0.0,0.03,0.106,0.059,0.171,0.0,0.0,1.0,482723432.0,482552000,482762000.0,17.341,25354000000.0,0.0,182000000.0,2603000000.0,52.541,4847000000.0
44,PPL,MRT,2010-06-30,2010-06-30,2010-06-30,2021-08-05,-439000000.0,25913000000.0,23739250000.0,8599000000.0,17314000000.0,0.336,20.783,-1277000000.0,4535000000.0,4535000000.0,6850000000.0,530000000.0,2.05,2.231,9177000000.0,466000000.0,8711000000.0,9177000000.0,0.0,798000000.0,0.0,0.056,1.39,1141000000.0,1939000000.0,0.243,1939000000.0,1141000000.0,696000000.0,1.34,1.34,1.34,7937000000.0,6235750000.0,7937000000.0,15726994202.0,14.0,8.111,579000000.0,1.516,1.0,1121000000.0,0.141,1341000000.0,445000000.0,25019000000.0,24048250000.0,378000000.0,597000000.0,0.0,597000000.0,17708000000.0,4195000000.0,13513000000.0,9445994202.0,3532000000.0,205000000.0,2440000000.0,1037000000.0,-524000000.0,2779000000.0,-1098000000.0,-17000000.0,1856000000.0,-5000000.0,508000000.0,508000000.0,508000000.0,0.0,22000000.0,0.064,0.0,1121000000.0,730000000.0,1.037,1.19,18.594,18.619,13048000000.0,0.0,24.95,1.185,1.195,1152000000.0,3818000000.0,7971000000.0,7971000000.0,0.0,0.021,0.081,0.047,0.143,0.0,0.0,1.0,378596962.0,381896000,382075000.0,20.872,24572000000.0,0.0,188000000.0,2396000000.0,64.342,4404000000.0
45,PPL,MRT,2010-03-31,2010-03-31,2010-03-31,2021-08-05,-288000000.0,24935000000.0,22863500000.0,7221000000.0,17714000000.0,0.357,15.599,-1208000000.0,1960000000.0,1960000000.0,7170000000.0,435000000.0,1.247,3.178,8241000000.0,589000000.0,7652000000.0,8241000000.0,0.0,911000000.0,0.0,0.05,1.385,979000000.0,1890000000.0,0.231,1890000000.0,979000000.0,566000000.0,1.1,1.1,1.1,5892000000.0,5631250000.0,5892000000.0,17298955006.0,18.0,9.153,1132000000.0,2.997,1.0,999000000.0,0.122,1386000000.0,413000000.0,24038000000.0,23711250000.0,339000000.0,638000000.0,0.0,638000000.0,18724000000.0,5792000000.0,12932000000.0,10422955006.0,1093000000.0,205000000.0,58000000.0,302000000.0,-522000000.0,-212000000.0,-1040000000.0,130000000.0,2340000000.0,5000000.0,416000000.0,416000000.0,416000000.0,32000000.0,19000000.0,0.051,0.0,999000000.0,796000000.0,1.259,1.769,25.055,25.191,13058000000.0,0.0,27.71,1.276,1.281,1279000000.0,3866000000.0,8169000000.0,8169000000.0,0.0,0.018,0.074,0.041,0.12,0.0,0.0,1.0,376144172.0,377717000,377986000.0,21.627,23549000000.0,0.0,150000000.0,2485000000.0,62.346,1429000000.0
46,PPL,MRT,2009-12-31,2009-12-31,2009-12-31,2021-08-05,-537000000.0,22165000000.0,22077250000.0,4752000000.0,17413000000.0,0.337,14.614,-1225000000.0,906000000.0,906000000.0,6553000000.0,426000000.0,1.136,2.975,7782000000.0,639000000.0,7143000000.0,7782000000.0,0.0,860000000.0,0.0,0.043,1.38,899000000.0,1759000000.0,0.236,1759000000.0,899000000.0,512000000.0,1.08,1.08,1.08,5496000000.0,5467500000.0,5496000000.0,19206081975.0,21.0,10.919,627000000.0,1.667,1.0,896000000.0,0.12,1446000000.0,387000000.0,23413000000.0,23424750000.0,357000000.0,613000000.0,0.0,613000000.0,16350000000.0,4182000000.0,12168000000.0,12183081975.0,-299000000.0,81000000.0,60000000.0,-770000000.0,-517000000.0,-1271000000.0,-880000000.0,128000000.0,1852000000.0,0.0,407000000.0,407000000.0,407000000.0,0.0,19000000.0,0.055,0.0,896000000.0,619000000.0,1.278,2.217,29.934,29.917,13174000000.0,0.0,32.31,1.636,1.631,1003000000.0,3749000000.0,7449000000.0,7449000000.0,0.0,0.018,0.074,0.038,0.121,0.0,0.0,1.0,377068461.0,376082000,376406000.0,19.807,20719000000.0,0.0,105000000.0,2245000000.0,55.092,570000000.0
47,PPL,MRT,2009-09-30,2009-09-30,2009-09-30,2021-08-05,-376000000.0,21944000000.0,21887250000.0,4299000000.0,17645000000.0,0.372,14.926,-1376000000.0,847000000.0,847000000.0,7005000000.0,551000000.0,1.133,2.849,7870000000.0,620000000.0,7250000000.0,7870000000.0,0.0,1128000000.0,0.0,0.045,1.37,1146000000.0,2274000000.0,0.279,2274000000.0,1146000000.0,742000000.0,1.41,1.41,1.41,5618000000.0,5362750000.0,5618000000.0,18642447728.0,16.0,8.198,299000000.0,0.794,1.0,1148000000.0,0.141,1451000000.0,404000000.0,23723000000.0,23261750000.0,361000000.0,582000000.0,0.0,582000000.0,16007000000.0,3793000000.0,12214000000.0,11425447728.0,344000000.0,303000000.0,45000000.0,44000000.0,-512000000.0,-455000000.0,-868000000.0,43000000.0,1675000000.0,-8000000.0,531000000.0,531000000.0,531000000.0,32000000.0,20000000.0,0.065,0.0,1148000000.0,567000000.0,0.972,2.034,21.517,21.518,12877000000.0,0.0,30.34,1.401,1.401,915000000.0,3726000000.0,8153000000.0,8153000000.0,0.0,0.024,0.099,0.049,0.141,0.0,0.0,1.0,376580347.0,376384000,376716000.0,21.661,20493000000.0,0.0,211000000.0,2292000000.0,54.447,506000000.0
48,PPL,MRT,2009-06-30,2009-06-30,2009-06-30,2021-08-05,-568000000.0,22410000000.0,21527750000.0,4795000000.0,17615000000.0,0.434,14.683,-1403000000.0,1104000000.0,1104000000.0,7981000000.0,733000000.0,1.062,3.003,8321000000.0,1097000000.0,7224000000.0,8321000000.0,0.0,1021000000.0,0.0,0.041,1.36,1376000000.0,2397000000.0,0.257,2397000000.0,1376000000.0,957000000.0,1.9,1.9,1.9,5519000000.0,5354250000.0,5519000000.0,19456580874.0,14.0,8.117,-179000000.0,-0.476,1.0,1361000000.0,0.146,1440000000.0,419000000.0,23671000000.0,23035000000.0,382000000.0,522000000.0,0.0,522000000.0,16572000000.0,4516000000.0,12056000000.0,12394580874.0,505000000.0,303000000.0,32000000.0,455000000.0,-508000000.0,-57000000.0,-651000000.0,43000000.0,1224000000.0,-11000000.0,714000000.0,714000000.0,714000000.0,32000000.0,19000000.0,0.076,0.0,1361000000.0,585000000.0,0.716,2.246,17.359,17.347,12682000000.0,0.0,32.96,1.327,1.326,918000000.0,3837000000.0,9342000000.0,9342000000.0,0.0,0.033,0.133,0.06,0.147,0.0,0.0,1.0,376049177.0,375881000,376206000.0,24.854,20970000000.0,0.0,243000000.0,2002000000.0,55.789,279000000.0
49,PPL,MRT,2009-03-31,2009-03-31,2009-03-31,2021-08-05,-968000000.0,21790000000.0,21900500000.0,4451000000.0,17339000000.0,0.397,13.961,-1697000000.0,795000000.0,795000000.0,7043000000.0,931000000.0,0.966,3.1,7857000000.0,1076000000.0,6781000000.0,7857000000.0,0.0,842000000.0,0.0,0.047,1.35,1707000000.0,2549000000.0,0.293,2549000000.0,1707000000.0,1279000000.0,2.42,2.42,2.42,5237000000.0,5270250000.0,5237000000.0,17849449046.0,10.0,7.003,-222000000.0,-0.592,1.0,1642000000.0,0.189,1350000000.0,428000000.0,22892000000.0,23135000000.0,349000000.0,648000000.0,150000000.0,498000000.0,16234000000.0,4610000000.0,11624000000.0,10752449046.0,133000000.0,303000000.0,31000000.0,486000000.0,-504000000.0,-16000000.0,-1315000000.0,-97000000.0,1475000000.0,-11000000.0,911000000.0,911000000.0,911000000.0,0.0,20000000.0,0.105,0.0,1642000000.0,663000000.0,0.558,2.053,11.803,11.864,12282000000.0,0.0,28.71,1.238,1.24,1052000000.0,3973000000.0,8685000000.0,8685000000.0,0.0,0.042,0.173,0.074,0.197,0.0,0.0,1.0,374519298.0,375112000,375409000.0,23.153,20440000000.0,0.0,368000000.0,1871000000.0,54.49,-159000000.0
50,PPL,MRT,2008-12-31,2008-12-31,2008-12-31,2021-08-05,-985000000.0,21405000000.0,21716750000.0,4383000000.0,17022000000.0,0.362,13.588,-1750000000.0,1420000000.0,1420000000.0,6154000000.0,950000000.0,1.014,3.153,8517000000.0,1375000000.0,7142000000.0,8517000000.0,0.0,844000000.0,0.0,0.044,1.34,1773000000.0,2617000000.0,0.333,2617000000.0,1773000000.0,1326000000.0,2.48,2.47,2.48,5077000000.0,5357000000.0,5077000000.0,18809753951.0,11.0,7.188,-161000000.0,-0.431,1.0,1703000000.0,0.217,1417000000.0,447000000.0,22761000000.0,23222750000.0,337000000.0,672000000.0,150000000.0,522000000.0,16009000000.0,4324000000.0,11685000000.0,11495753951.0,670000000.0,303000000.0,-19000000.0,1255000000.0,-491000000.0,721000000.0,-1627000000.0,-122000000.0,1589000000.0,-13000000.0,930000000.0,930000000.0,930000000.0,0.0,20000000.0,0.118,0.0,1703000000.0,766000000.0,0.54,2.264,12.361,12.375,12375000000.0,0.0,30.69,1.463,1.459,1055000000.0,3862000000.0,7857000000.0,7857000000.0,0.0,0.043,0.174,0.076,0.226,0.0,0.0,1.0,374576538.0,373626000,374901000.0,21.029,19988000000.0,0.0,396000000.0,1838000000.0,53.497,59000000.0
51,PPL,MRT,2008-09-30,2008-09-30,2008-09-30,2021-08-05,-330000000.0,20506000000.0,21358500000.0,3350000000.0,17156000000.0,0.331,14.919,-1841000000.0,675000000.0,675000000.0,5460000000.0,1113000000.0,0.956,2.672,7989000000.0,1275000000.0,6714000000.0,7989000000.0,0.0,133000000.0,0.0,0.035,1.31,1872000000.0,2005000000.0,0.283,2005000000.0,1872000000.0,1422000000.0,2.83,3.01,2.83,5584000000.0,5476750000.0,5584000000.0,21089666778.0,11.0,10.519,-361000000.0,-0.964,1.0,1620000000.0,0.229,1499000000.0,450000000.0,22816000000.0,23211250000.0,321000000.0,654000000.0,82000000.0,572000000.0,14922000000.0,3505000000.0,11417000000.0,13863666778.0,-100000000.0,660000000.0,-159000000.0,238000000.0,-481000000.0,-411000000.0,-1167000000.0,163000000.0,1480000000.0,-2000000.0,1071000000.0,1071000000.0,1071000000.0,72000000.0,42000000.0,0.151,0.0,1620000000.0,656000000.0,0.463,2.483,12.945,13.081,12702000000.0,0.0,37.02,1.958,1.957,1013000000.0,3725000000.0,7080000000.0,7080000000.0,0.0,0.05,0.196,0.081,0.264,0.0,0.0,1.0,374491269.0,374290000,,18.916,19007000000.0,35000000.0,351000000.0,2073000000.0,50.781,-155000000.0
52,PPL,MRT,2008-06-30,2008-06-30,2008-06-30,2021-08-05,-648000000.0,23901000000.0,21188250000.0,5686000000.0,18215000000.0,0.278,13.89,-1929000000.0,955000000.0,955000000.0,4126000000.0,1227000000.0,1.041,3.611,8181000000.0,1162000000.0,7019000000.0,8181000000.0,0.0,243000000.0,325000000.0,0.024,1.28,2020000000.0,2263000000.0,0.385,2263000000.0,2020000000.0,1572000000.0,3.14,3.34,3.14,5183000000.0,5370750000.0,5183000000.0,26630639338.0,13.0,11.768,-44000000.0,-0.118,1.0,1757000000.0,0.299,1594000000.0,448000000.0,24071000000.0,23179000000.0,325000000.0,683000000.0,89000000.0,594000000.0,18718000000.0,5462000000.0,13256000000.0,19498639338.0,-113000000.0,718000000.0,-646000000.0,414000000.0,-473000000.0,-712000000.0,-1288000000.0,216000000.0,1885000000.0,2000000.0,1190000000.0,1190000000.0,1190000000.0,83000000.0,37000000.0,0.202,0.0,1757000000.0,828000000.0,0.408,3.762,16.385,16.646,12839000000.0,0.0,52.27,3.314,3.315,1209000000.0,3647000000.0,5883000000.0,5883000000.0,0.0,0.056,0.222,0.087,0.343,0.0,0.0,1.0,373036911.0,373158000,,15.765,22307000000.0,11000000.0,382000000.0,1795000000.0,59.779,224000000.0
53,PPL,MRT,2008-03-31,2008-03-31,2008-03-31,2021-08-05,-160000000.0,21055000000.0,20214500000.0,3989000000.0,17066000000.0,0.319,14.979,-1734000000.0,773000000.0,773000000.0,4692000000.0,1377000000.0,1.122,2.771,7905000000.0,838000000.0,7067000000.0,7905000000.0,0.0,338000000.0,0.0,0.027,1.25,2124000000.0,2462000000.0,0.382,2462000000.0,2124000000.0,1664000000.0,3.53,3.46,3.53,5584000000.0,5417250000.0,5584000000.0,24702747137.0,12.0,10.034,-25000000.0,-0.067,1.0,1750000000.0,0.272,1388000000.0,460000000.0,23243000000.0,22773500000.0,305000000.0,712000000.0,100000000.0,612000000.0,15471000000.0,3556000000.0,11915000000.0,17675747137.0,-503000000.0,898000000.0,-719000000.0,-245000000.0,-467000000.0,-1439000000.0,-777000000.0,211000000.0,1709000000.0,4000000.0,1345000000.0,1345000000.0,1345000000.0,-18000000.0,32000000.0,0.209,0.0,1750000000.0,659000000.0,0.354,3.165,13.142,13.008,12658000000.0,0.0,45.92,2.744,2.657,1014000000.0,3583000000.0,6442000000.0,6442000000.0,0.0,0.067,0.248,0.093,0.33,0.0,0.0,1.0,384924807.0,372782000,,17.281,19667000000.0,40000000.0,319000000.0,2291000000.0,52.757,433000000.0
54,PPL,MRT,2007-12-31,2007-12-31,2007-12-31,2021-08-05,-68000000.0,19972000000.0,19977500000.0,3168000000.0,16804000000.0,0.323,14.599,-1722000000.0,633000000.0,633000000.0,4803000000.0,1315000000.0,1.099,2.595,7660000000.0,770000000.0,6890000000.0,7660000000.0,0.0,458000000.0,0.0,0.023,1.22,2019000000.0,2477000000.0,0.383,2477000000.0,2019000000.0,1547000000.0,3.37,3.34,3.37,5556000000.0,5339500000.0,5556000000.0,26646690161.0,13.0,10.758,-151000000.0,-0.397,1.0,1659000000.0,0.257,1402000000.0,472000000.0,22715000000.0,22551000000.0,316000000.0,716000000.0,108000000.0,608000000.0,14416000000.0,2882000000.0,11534000000.0,19387690161.0,-364000000.0,898000000.0,-680000000.0,-170000000.0,-459000000.0,-1326000000.0,-614000000.0,244000000.0,1571000000.0,5000000.0,1288000000.0,1288000000.0,1288000000.0,0.0,27000000.0,0.199,0.0,1659000000.0,689000000.0,0.362,3.49,15.053,15.457,12605000000.0,0.0,52.09,3.0,3.068,1117000000.0,3448000000.0,6462000000.0,6462000000.0,0.0,0.064,0.241,0.09,0.312,0.0,0.0,1.0,372196010.0,380563000,383492000.0,16.98,18570000000.0,25000000.0,259000000.0,2319000000.0,48.796,286000000.0
55,PPL,MRT,2007-09-30,2007-09-30,2007-09-30,2021-08-05,-291000000.0,19825000000.0,19921250000.0,3957000000.0,15868000000.0,0.322,13.469,-1758000000.0,574000000.0,574000000.0,4803000000.0,1048000000.0,1.309,2.842,7833000000.0,662000000.0,7171000000.0,7833000000.0,0.0,867000000.0,0.0,0.026,1.19,1756000000.0,2623000000.0,0.409,2623000000.0,1756000000.0,1290000000.0,2.73,2.49,2.73,5160000000.0,5231000000.0,5160000000.0,24675518888.0,14.0,9.407,-6000000.0,-0.016,1.0,1617000000.0,0.252,1373000000.0,466000000.0,22687000000.0,22306000000.0,320000000.0,920000000.0,308000000.0,612000000.0,14665000000.0,3024000000.0,11641000000.0,17737518888.0,-348000000.0,233000000.0,-532000000.0,507000000.0,-450000000.0,-508000000.0,-1596000000.0,-193000000.0,1752000000.0,4000000.0,1048000000.0,1048000000.0,1048000000.0,-82000000.0,0.0,0.163,0.0,1617000000.0,539000000.0,0.436,3.438,16.925,16.96,12123000000.0,0.0,46.3,2.763,2.763,989000000.0,3144000000.0,6420000000.0,6420000000.0,0.0,0.053,0.2,0.079,0.274,0.0,0.0,1.0,383099760.0,383099760,,16.758,18452000000.0,76000000.0,242000000.0,2196000000.0,48.165,933000000.0
56,PPL,MRT,2007-06-30,2007-06-30,2007-06-30,2021-08-05,-355000000.0,20006000000.0,19679250000.0,4079000000.0,15927000000.0,0.317,13.911,-1708000000.0,742000000.0,742000000.0,4779000000.0,952000000.0,1.342,2.726,7680000000.0,839000000.0,6841000000.0,7680000000.0,0.0,830000000.0,0.0,0.025,1.16,1613000000.0,2443000000.0,0.392,2443000000.0,1613000000.0,1150000000.0,2.47,2.17,2.47,5369000000.0,5213500000.0,5369000000.0,25016573455.0,16.0,10.24,-26000000.0,-0.067,1.0,1456000000.0,0.234,1455000000.0,463000000.0,22449000000.0,21732500000.0,350000000.0,946000000.0,351000000.0,595000000.0,14637000000.0,3040000000.0,11597000000.0,18058573455.0,113000000.0,175000000.0,-41000000.0,709000000.0,-436000000.0,190000000.0,-1762000000.0,-294000000.0,1682000000.0,3000000.0,952000000.0,952000000.0,952000000.0,-104000000.0,0.0,0.153,0.0,1456000000.0,533000000.0,0.47,3.363,18.969,18.943,11982000000.0,0.0,46.79,2.896,2.896,994000000.0,2937000000.0,6235000000.0,6235000000.0,0.0,0.048,0.183,0.074,0.259,0.0,0.0,1.0,385949422.0,385949422,,16.155,18551000000.0,147000000.0,198000000.0,2187000000.0,48.066,1039000000.0
57,PPL,MRT,2007-03-31,2007-03-31,2007-03-31,2021-08-05,-271000000.0,20107000000.0,19262500000.0,4606000000.0,15501000000.0,0.32,13.847,-1617000000.0,1061000000.0,1061000000.0,4729000000.0,788000000.0,1.414,2.813,8019000000.0,1086000000.0,6933000000.0,8019000000.0,0.0,802000000.0,0.0,0.028,1.13,1492000000.0,2294000000.0,0.372,2294000000.0,1492000000.0,1035000000.0,2.06,2.04,2.06,5273000000.0,5093750000.0,5273000000.0,22556265442.0,15.0,9.833,130000000.0,0.341,1.0,1437000000.0,0.233,1454000000.0,457000000.0,22353000000.0,21166250000.0,308000000.0,925000000.0,354000000.0,571000000.0,14834000000.0,3258000000.0,11576000000.0,15575265442.0,663000000.0,110000000.0,24000000.0,871000000.0,-421000000.0,671000000.0,-1757000000.0,-365000000.0,1747000000.0,2000000.0,788000000.0,788000000.0,788000000.0,6000000.0,0.0,0.128,0.0,1437000000.0,592000000.0,0.549,2.954,19.766,19.854,11715000000.0,0.0,40.9,2.526,2.526,955000000.0,2711000000.0,6166000000.0,6166000000.0,0.0,0.041,0.155,0.07,0.242,0.0,0.0,1.0,380813336.0,380813336,,16.192,18653000000.0,196000000.0,247000000.0,2359000000.0,48.982,1348000000.0
58,PPL,MRT,2006-12-31,2006-12-31,2006-12-31,2021-08-05,-318000000.0,19747000000.0,18708750000.0,3630000000.0,16117000000.0,0.328,13.424,-1474000000.0,896000000.0,896000000.0,4622000000.0,865000000.0,1.084,2.855,7877000000.0,1149000000.0,6728000000.0,7877000000.0,0.0,755000000.0,0.0,0.031,1.1,1580000000.0,2335000000.0,0.381,2335000000.0,1580000000.0,1133000000.0,2.27,2.17,2.27,5122000000.0,4956000000.0,5122000000.0,20109309670.0,13.0,8.612,284000000.0,0.744,1.0,1509000000.0,0.246,1645000000.0,447000000.0,21735000000.0,20535000000.0,378000000.0,923000000.0,359000000.0,564000000.0,14625000000.0,3348000000.0,11277000000.0,13675309670.0,239000000.0,110000000.0,21000000.0,277000000.0,-411000000.0,95000000.0,-1617000000.0,-312000000.0,1758000000.0,3000000.0,865000000.0,865000000.0,865000000.0,-26000000.0,0.0,0.141,0.0,1509000000.0,667000000.0,0.485,2.67,15.81,15.789,12069000000.0,0.0,35.84,2.231,2.231,968000000.0,2626000000.0,6131000000.0,6131000000.0,0.0,0.046,0.175,0.077,0.258,0.0,0.0,1.0,381565560.0,381565560,,16.068,18102000000.0,162000000.0,268000000.0,2525000000.0,47.441,282000000.0
59,PPL,MRT,2006-09-30,2006-09-30,2006-09-30,2021-08-05,-265000000.0,18857000000.0,18253500000.0,3310000000.0,15547000000.0,0.307,13.36,-1132000000.0,888000000.0,888000000.0,4185000000.0,872000000.0,1.003,2.705,7322000000.0,1217000000.0,6105000000.0,7322000000.0,0.0,740000000.0,0.0,0.033,1.075,1508000000.0,2248000000.0,0.402,2248000000.0,1508000000.0,1081000000.0,2.3,2.13,2.3,5090000000.0,4780000000.0,5090000000.0,18948474504.0,13.0,8.429,391000000.0,1.026,1.0,1412000000.0,0.252,1599000000.0,427000000.0,20393000000.0,20045250000.0,369000000.0,539000000.0,0.0,539000000.0,13767000000.0,3299000000.0,10468000000.0,12534474504.0,565000000.0,115000000.0,14000000.0,404000000.0,-399000000.0,237000000.0,-1198000000.0,-139000000.0,1523000000.0,3000000.0,872000000.0,872000000.0,872000000.0,-55000000.0,0.0,0.156,0.0,1412000000.0,543000000.0,0.467,2.463,14.374,14.304,11546000000.0,0.0,32.9,2.239,2.239,956000000.0,2553000000.0,5597000000.0,5597000000.0,0.0,0.048,0.182,0.075,0.269,-30000000.0,0.0,1.0,380987067.0,380987067,,14.691,17258000000.0,175000000.0,209000000.0,2493000000.0,45.298,11000000.0
60,PPL,MRT,2006-06-30,2006-06-30,2006-06-30,2021-08-05,-333000000.0,18339000000.0,17980000000.0,3039000000.0,15300000000.0,0.313,12.852,-930000000.0,569000000.0,569000000.0,4193000000.0,843000000.0,1.024,2.75,6983000000.0,975000000.0,6008000000.0,6983000000.0,0.0,744000000.0,0.0,0.033,1.05,1512000000.0,2256000000.0,0.401,2256000000.0,1512000000.0,1072000000.0,2.23,2.08,2.23,4890000000.0,4583750000.0,4890000000.0,18969993636.0,13.0,8.409,502000000.0,1.319,1.0,1435000000.0,0.255,1602000000.0,440000000.0,20184000000.0,19890750000.0,373000000.0,516000000.0,0.0,516000000.0,13449000000.0,2967000000.0,10482000000.0,12289993636.0,102000000.0,115000000.0,11000000.0,-219000000.0,-382000000.0,-358000000.0,-976000000.0,-89000000.0,1432000000.0,4000000.0,843000000.0,843000000.0,843000000.0,-46000000.0,0.0,0.15,0.0,1435000000.0,505000000.0,0.471,2.513,14.579,14.484,11233000000.0,0.0,32.3,2.184,2.184,1015000000.0,2433000000.0,5628000000.0,5628000000.0,0.0,0.047,0.184,0.076,0.269,-27000000.0,0.0,1.0,380495159.0,380495159,,14.791,16737000000.0,186000000.0,229000000.0,2493000000.0,43.987,72000000.0
61,PPL,MRT,2006-03-31,2006-03-31,2006-03-31,2021-08-05,-422000000.0,17892000000.0,17752000000.0,2828000000.0,15064000000.0,0.315,12.428,-650000000.0,438000000.0,438000000.0,4181000000.0,790000000.0,0.89,2.789,7118000000.0,1164000000.0,5954000000.0,7118000000.0,0.0,732000000.0,0.0,0.034,1.005,1430000000.0,2162000000.0,0.387,2162000000.0,1430000000.0,979000000.0,2.09,2.05,2.09,4722000000.0,4438000000.0,4722000000.0,17906529530.0,13.0,8.282,728000000.0,1.916,1.0,1410000000.0,0.252,1565000000.0,451000000.0,19828000000.0,19859750000.0,366000000.0,518000000.0,0.0,518000000.0,13170000000.0,3179000000.0,9991000000.0,11170529530.0,-416000000.0,0.0,15000000.0,-586000000.0,-365000000.0,-953000000.0,-845000000.0,-23000000.0,1378000000.0,4000000.0,790000000.0,790000000.0,790000000.0,-5000000.0,0.0,0.141,0.0,1410000000.0,529000000.0,0.481,2.366,14.14,14.067,11034000000.0,0.0,29.4,1.998,1.998,1058000000.0,2357000000.0,5591000000.0,5591000000.0,0.0,0.045,0.178,0.072,0.256,-22000000.0,0.0,1.0,379949984.0,379949984,,14.715,16327000000.0,191000000.0,189000000.0,2517000000.0,42.971,-351000000.0
62,PPL,MRT,2005-12-31,2005-12-31,2005-12-31,2021-08-05,-532000000.0,17926000000.0,17823500000.0,2906000000.0,15020000000.0,0.311,11.622,-621000000.0,648000000.0,648000000.0,4266000000.0,678000000.0,0.866,3.057,7384000000.0,1340000000.0,6044000000.0,7384000000.0,0.0,721000000.0,0.0,0.033,0.96,1278000000.0,1999000000.0,0.361,1999000000.0,1278000000.0,806000000.0,1.79,1.81,1.79,4418000000.0,4337000000.0,4418000000.0,17733084718.0,14.0,8.871,767000000.0,2.018,1.0,1273000000.0,0.23,1532000000.0,472000000.0,19776000000.0,20122000000.0,346000000.0,571000000.0,63000000.0,508000000.0,13508000000.0,3354000000.0,10154000000.0,11176084718.0,-61000000.0,0.0,37000000.0,-340000000.0,-347000000.0,-676000000.0,-779000000.0,-14000000.0,1388000000.0,6000000.0,678000000.0,678000000.0,678000000.0,7000000.0,0.0,0.122,0.0,1273000000.0,542000000.0,0.536,2.53,16.484,16.425,10916000000.0,0.0,29.4,2.018,2.018,1023000000.0,2182000000.0,5539000000.0,5539000000.0,0.0,0.038,0.156,0.064,0.231,0.0,0.0,1.0,380138936.0,380138936,,14.571,16394000000.0,192000000.0,128000000.0,2365000000.0,43.126,-448000000.0
63,PPL,MRT,2005-09-30,2005-09-30,2005-09-30,2021-08-05,-552000000.0,17763000000.0,17775250000.0,2693000000.0,15070000000.0,0.344,11.326,-549000000.0,321000000.0,321000000.0,4720000000.0,670000000.0,0.876,3.126,6878000000.0,910000000.0,5968000000.0,6878000000.0,0.0,748000000.0,0.0,0.028,0.915,1348000000.0,2096000000.0,0.343,2096000000.0,1348000000.0,830000000.0,1.78,1.88,1.78,4305000000.0,4292250000.0,4305000000.0,19021285000.0,14.0,9.075,1019000000.0,2.681,1.0,1390000000.0,0.227,1471000000.0,518000000.0,19775000000.0,20452500000.0,275000000.0,488000000.0,0.0,488000000.0,13458000000.0,3074000000.0,10384000000.0,12288285000.0,-499000000.0,0.0,37000000.0,-1081000000.0,-331000000.0,-1397000000.0,-679000000.0,10000000.0,1568000000.0,9000000.0,670000000.0,670000000.0,670000000.0,50000000.0,0.0,0.11,0.0,1390000000.0,500000000.0,0.514,2.854,18.341,18.163,10880000000.0,0.0,32.33,2.011,2.011,952000000.0,2092000000.0,6110000000.0,6110000000.0,0.0,0.038,0.156,0.066,0.221,32000000.0,0.0,1.0,380089236.0,380089236,,16.075,16292000000.0,321000000.0,160000000.0,2570000000.0,42.864,-381000000.0
64,PPL,MRT,2005-06-30,2005-06-30,2005-06-30,2021-08-05,-442000000.0,17427000000.0,17727750000.0,2382000000.0,15045000000.0,0.335,11.349,-528000000.0,481000000.0,481000000.0,4554000000.0,669000000.0,0.899,3.046,7214000000.0,1063000000.0,6151000000.0,7214000000.0,0.0,1038000000.0,0.0,0.029,0.87,1358000000.0,2396000000.0,0.403,2396000000.0,1358000000.0,839000000.0,1.78,1.9,1.78,4307000000.0,4257500000.0,4307000000.0,18245579694.0,13.0,7.615,991000000.0,2.611,1.0,1390000000.0,0.234,1451000000.0,519000000.0,20060000000.0,20751500000.0,296000000.0,474000000.0,0.0,474000000.0,13120000000.0,2649000000.0,10471000000.0,11267579694.0,8000000.0,0.0,40000000.0,-499000000.0,-321000000.0,-803000000.0,-720000000.0,-29000000.0,1519000000.0,12000000.0,669000000.0,669000000.0,669000000.0,52000000.0,0.0,0.113,0.0,1390000000.0,434000000.0,0.489,2.616,16.842,16.68,10848000000.0,0.0,29.69,1.896,1.896,917000000.0,1991000000.0,5944000000.0,5944000000.0,0.0,0.038,0.157,0.065,0.228,39000000.0,0.0,1.0,379507568.0,379507568,,15.662,15976000000.0,251000000.0,170000000.0,2578000000.0,42.097,-267000000.0
65,PPL,MRT,2005-03-31,2005-03-31,2005-03-31,2021-08-05,-378000000.0,18178000000.0,17679500000.0,2699000000.0,15479000000.0,0.33,11.43,-711000000.0,807000000.0,807000000.0,4480000000.0,689000000.0,0.964,3.21,7785000000.0,1146000000.0,6639000000.0,7785000000.0,0.0,865000000.0,0.0,0.031,0.845,1376000000.0,2241000000.0,0.384,2241000000.0,1376000000.0,849000000.0,1.845,1.865,1.845,4318000000.0,4194750000.0,4318000000.0,17321407522.0,13.0,7.729,776000000.0,2.054,1.0,1358000000.0,0.233,1478000000.0,527000000.0,20877000000.0,20957000000.0,267000000.0,459000000.0,0.0,459000000.0,13860000000.0,2801000000.0,11059000000.0,10198407522.0,223000000.0,0.0,608000000.0,-779000000.0,-305000000.0,-498000000.0,-773000000.0,17000000.0,1487000000.0,7000000.0,689000000.0,689000000.0,689000000.0,9000000.0,0.0,0.118,0.0,1358000000.0,412000000.0,0.458,2.362,14.802,14.631,11227000000.0,0.0,26.995,1.747,1.747,931000000.0,1951000000.0,5838000000.0,5838000000.0,0.0,0.039,0.164,0.066,0.236,34000000.0,0.0,1.0,377788758.0,377788758,,15.453,16700000000.0,227000000.0,160000000.0,2633000000.0,44.205,-102000000.0
66,PPL,MRT,2004-12-31,2004-12-31,2004-12-31,2021-08-05,-323000000.0,17733000000.0,17530750000.0,2276000000.0,15457000000.0,0.328,11.212,-734000000.0,666000000.0,666000000.0,4359000000.0,698000000.0,0.992,3.183,7789000000.0,908000000.0,6881000000.0,7789000000.0,0.0,691000000.0,0.0,0.031,0.82,1412000000.0,2103000000.0,0.365,2103000000.0,1412000000.0,899000000.0,1.89,1.92,1.89,4239000000.0,3973250000.0,4239000000.0,17189220950.0,12.0,8.174,763000000.0,2.018,1.0,1395000000.0,0.242,1463000000.0,513000000.0,21098000000.0,21282500000.0,309000000.0,472000000.0,0.0,472000000.0,13494000000.0,2295000000.0,11199000000.0,10072220950.0,150000000.0,123000000.0,596000000.0,-863000000.0,-297000000.0,-578000000.0,-778000000.0,-77000000.0,1497000000.0,9000000.0,698000000.0,698000000.0,698000000.0,12000000.0,0.0,0.121,0.0,1395000000.0,407000000.0,0.434,2.376,14.43,14.095,11149000000.0,0.0,26.64,1.75,1.75,866000000.0,1870000000.0,5754000000.0,5754000000.0,0.0,0.04,0.176,0.066,0.245,12000000.0,0.0,1.0,378086372.0,378086372,,15.219,16270000000.0,134000000.0,201000000.0,2562000000.0,43.032,-19000000.0
67,PPL,MRT,2004-09-30,2004-09-30,2004-09-30,2021-08-05,-292000000.0,17573000000.0,17378250000.0,2424000000.0,15149000000.0,0.324,11.026,-783000000.0,831000000.0,831000000.0,4213000000.0,729000000.0,1.009,3.218,7948000000.0,1035000000.0,6913000000.0,7948000000.0,0.0,1120000000.0,0.0,0.034,0.807,1386000000.0,2506000000.0,0.446,2506000000.0,1386000000.0,883000000.0,2.02,2.21,2.02,4166000000.0,3728250000.0,4166000000.0,16229717278.0,12.0,6.476,605000000.0,1.601,1.0,1409000000.0,0.251,1316000000.0,503000000.0,20971000000.0,21547250000.0,294000000.0,582000000.0,0.0,582000000.0,13407000000.0,2403000000.0,11004000000.0,8912717278.0,147000000.0,123000000.0,597000000.0,-764000000.0,-286000000.0,-488000000.0,-765000000.0,-65000000.0,1388000000.0,12000000.0,729000000.0,729000000.0,729000000.0,41000000.0,0.0,0.13,0.0,1409000000.0,408000000.0,0.4,2.139,12.226,11.678,10765000000.0,0.0,23.59,1.585,1.585,830000000.0,1771000000.0,5622000000.0,5622000000.0,0.0,0.042,0.196,0.064,0.247,21000000.0,0.0,1.0,377817604.0,377817604,,14.88,16257000000.0,101000000.0,154000000.0,2454000000.0,43.029,21000000.0
68,PPL,MRT,2004-06-30,2004-06-30,2004-06-30,2021-08-05,-274000000.0,17234000000.0,16968500000.0,1985000000.0,15249000000.0,0.332,11.405,-784000000.0,358000000.0,358000000.0,4241000000.0,704000000.0,0.846,3.249,7675000000.0,1004000000.0,6671000000.0,7675000000.0,0.0,636000000.0,0.0,0.035,0.795,1361000000.0,1997000000.0,0.355,1997000000.0,1361000000.0,867000000.0,1.985,2.175,1.985,4056000000.0,3429750000.0,4056000000.0,16155976143.0,12.0,8.09,702000000.0,1.974,1.0,1389000000.0,0.247,1324000000.0,494000000.0,20882000000.0,21422250000.0,270000000.0,577000000.0,0.0,577000000.0,13178000000.0,2345000000.0,10833000000.0,8161976143.0,-12000000.0,123000000.0,604000000.0,-1127000000.0,-279000000.0,-845000000.0,-660000000.0,-21000000.0,1486000000.0,7000000.0,704000000.0,704000000.0,704000000.0,41000000.0,0.0,0.125,0.0,1389000000.0,433000000.0,0.401,2.012,11.594,11.562,10789000000.0,0.0,22.95,1.45,1.45,876000000.0,1653000000.0,5630000000.0,5630000000.0,0.0,0.041,0.205,0.064,0.242,11000000.0,0.0,1.0,355641662.0,355641662,,15.831,15910000000.0,109000000.0,163000000.0,2425000000.0,44.736,-360000000.0
69,PPL,MRT,2004-03-31,2004-03-31,2004-03-31,2021-08-05,-247000000.0,17583000000.0,16663000000.0,2273000000.0,15310000000.0,0.337,9.712,-789000000.0,572000000.0,572000000.0,4235000000.0,672000000.0,1.119,4.123,8566000000.0,603000000.0,7963000000.0,8566000000.0,0.0,636000000.0,0.0,0.034,0.782,1343000000.0,1979000000.0,0.353,1979000000.0,1343000000.0,854000000.0,1.92,2.085,1.92,3432000000.0,3135750000.0,3432000000.0,16177016485.0,12.0,8.174,729000000.0,2.063,1.0,1373000000.0,0.245,1366000000.0,489000000.0,22179000000.0,21273000000.0,243000000.0,579000000.0,0.0,579000000.0,14151000000.0,2032000000.0,12119000000.0,8057016485.0,134000000.0,123000000.0,365000000.0,-733000000.0,-270000000.0,-716000000.0,-680000000.0,-62000000.0,1518000000.0,12000000.0,672000000.0,672000000.0,672000000.0,35000000.0,0.0,0.12,0.0,1373000000.0,498000000.0,0.407,2.348,11.99,11.875,10769000000.0,0.0,22.8,1.437,1.437,926000000.0,1582000000.0,5608000000.0,5608000000.0,0.0,0.04,0.214,0.063,0.239,11000000.0,0.0,1.0,353377916.0,353377916,,15.87,16217000000.0,116000000.0,182000000.0,2484000000.0,45.891,241000000.0
70,PPL,MRT,2003-12-31,2003-12-31,2003-12-31,2021-08-05,-297000000.0,17123000000.0,16255500000.0,2020000000.0,15103000000.0,0.344,9.189,-767000000.0,476000000.0,476000000.0,4219000000.0,734000000.0,1.138,4.254,8596000000.0,451000000.0,8145000000.0,8596000000.0,0.0,636000000.0,0.0,0.035,0.77,1386000000.0,2022000000.0,0.362,2022000000.0,1386000000.0,913000000.0,2.13,2.12,2.13,3259000000.0,2895250000.0,3259000000.0,14713035294.0,11.0,7.276,588000000.0,1.658,1.0,1366000000.0,0.245,1311000000.0,473000000.0,22157000000.0,20670000000.0,256000000.0,557000000.0,0.0,557000000.0,13864000000.0,1775000000.0,12089000000.0,7758035294.0,221000000.0,0.0,426000000.0,-460000000.0,-260000000.0,-387000000.0,-754000000.0,-31000000.0,1355000000.0,7000000.0,734000000.0,734000000.0,734000000.0,34000000.0,0.0,0.131,0.0,1366000000.0,456000000.0,0.362,2.38,10.57,10.27,10593000000.0,0.0,21.875,1.389,1.389,896000000.0,1478000000.0,5585000000.0,5585000000.0,0.0,0.045,0.254,0.067,0.248,11000000.0,0.0,1.0,354653042.0,354653042,,15.748,15812000000.0,105000000.0,179000000.0,2383000000.0,44.584,245000000.0
71,PPL,MRT,2003-09-30,2003-09-30,2003-09-30,2021-08-05,-438000000.0,15934000000.0,15862750000.0,2069000000.0,13865000000.0,0.355,8.41,-798000000.0,587000000.0,587000000.0,4353000000.0,590000000.0,1.168,4.361,7542000000.0,412000000.0,7130000000.0,7542000000.0,0.0,487000000.0,0.0,0.037,0.758,1292000000.0,1779000000.0,0.316,1779000000.0,1292000000.0,807000000.0,1.915,2.22,1.915,2972000000.0,2636500000.0,2972000000.0,13892055909.0,11.0,7.809,568000000.0,1.607,1.0,1282000000.0,0.228,646000000.0,485000000.0,20471000000.0,19935250000.0,255000000.0,659000000.0,0.0,659000000.0,12962000000.0,1772000000.0,11190000000.0,7236055909.0,292000000.0,0.0,472000000.0,-527000000.0,-193000000.0,-389000000.0,-686000000.0,44000000.0,1366000000.0,1000000.0,590000000.0,642000000.0,642000000.0,3000000.0,0.0,0.114,0.0,1282000000.0,404000000.0,0.396,2.435,11.271,10.692,9855000000.0,-52000000.0,20.475,1.284,1.284,794000000.0,1339000000.0,5635000000.0,5635000000.0,0.0,0.04,0.244,0.065,0.229,5000000.0,0.0,1.0,353409324.0,353409324,,15.945,15288000000.0,99000000.0,217000000.0,2724000000.0,43.259,297000000.0
72,PPL,MRT,2003-06-30,2003-06-30,2003-06-30,2021-08-05,-405000000.0,16012000000.0,15804750000.0,1985000000.0,14027000000.0,0.358,8.543,-756000000.0,370000000.0,370000000.0,4352000000.0,557000000.0,1.141,4.56,7026000000.0,437000000.0,6589000000.0,7026000000.0,0.0,487000000.0,0.0,0.035,0.745,1304000000.0,1791000000.0,0.316,1791000000.0,1304000000.0,770000000.0,1.835,2.135,1.835,2880000000.0,2502250000.0,2880000000.0,14246185694.0,11.0,7.954,497000000.0,1.474,1.0,1313000000.0,0.232,644000000.0,534000000.0,20285000000.0,19861500000.0,255000000.0,653000000.0,0.0,653000000.0,13132000000.0,1739000000.0,11393000000.0,7248185694.0,221000000.0,-211000000.0,978000000.0,-636000000.0,-193000000.0,-148000000.0,-886000000.0,44000000.0,1253000000.0,2000000.0,557000000.0,593000000.0,593000000.0,3000000.0,0.0,0.105,0.0,1313000000.0,348000000.0,0.406,2.517,12.223,11.717,9931000000.0,-36000000.0,21.5,1.279,1.279,807000000.0,1235000000.0,5665000000.0,5665000000.0,0.0,0.038,0.237,0.066,0.23,5000000.0,0.0,1.0,337124916.0,337124916,,16.804,15368000000.0,104000000.0,213000000.0,2668000000.0,45.585,246000000.0
73,PPL,MRT,2003-03-31,2003-03-31,2003-03-31,2021-08-05,-437000000.0,15953000000.0,14850250000.0,2155000000.0,13798000000.0,0.379,8.392,-786000000.0,397000000.0,397000000.0,4420000000.0,432000000.0,0.845,5.459,7395000000.0,1200000000.0,6195000000.0,7395000000.0,0.0,487000000.0,0.0,0.041,0.732,1163000000.0,1650000000.0,0.293,1650000000.0,1163000000.0,625000000.0,1.405,1.71,1.405,2470000000.0,2249750000.0,2470000000.0,12205561283.0,10.0,7.397,144000000.0,0.489,1.0,1205000000.0,0.214,633000000.0,538000000.0,19767000000.0,18777750000.0,224000000.0,620000000.0,0.0,620000000.0,13483000000.0,2551000000.0,10932000000.0,5240561283.0,-39000000.0,-211000000.0,641000000.0,-139000000.0,-200000000.0,-44000000.0,-926000000.0,44000000.0,930000000.0,1000000.0,432000000.0,450000000.0,450000000.0,2000000.0,0.0,0.08,0.0,1205000000.0,438000000.0,0.521,2.122,11.646,12.673,9699000000.0,-18000000.0,17.805,0.932,0.932,933000000.0,1187000000.0,5625000000.0,5625000000.0,0.0,0.03,0.2,0.062,0.207,5000000.0,0.0,1.0,294330878.0,294330878,,19.111,15320000000.0,92000000.0,193000000.0,2606000000.0,52.05,-396000000.0
74,PPL,MRT,2002-12-31,2002-12-31,2002-12-31,2021-08-05,-446000000.0,15552000000.0,13954000000.0,1819000000.0,13733000000.0,0.394,6.762,-902000000.0,245000000.0,245000000.0,4245000000.0,208000000.0,0.696,5.993,7210000000.0,1309000000.0,5901000000.0,7210000000.0,0.0,487000000.0,0.0,0.042,0.72,978000000.0,1465000000.0,0.267,1465000000.0,978000000.0,418000000.0,0.685,1.18,0.685,2224000000.0,2085750000.0,2224000000.0,12750214607.0,13.0,8.703,-128000000.0,-0.389,1.0,1246000000.0,0.227,686000000.0,560000000.0,19218000000.0,17744500000.0,242000000.0,628000000.0,0.0,628000000.0,13328000000.0,2613000000.0,10715000000.0,5703214607.0,-644000000.0,-211000000.0,587000000.0,-412000000.0,-198000000.0,-363000000.0,-1057000000.0,44000000.0,774000000.0,2000000.0,208000000.0,208000000.0,208000000.0,2000000.0,0.0,0.038,0.0,1246000000.0,452000000.0,1.051,2.564,27.419,25.314,9566000000.0,0.0,17.34,1.039,1.039,891000000.0,1013000000.0,5491000000.0,5491000000.0,0.0,0.015,0.1,0.055,0.178,5000000.0,0.0,1.0,328905110.0,328905110,,16.695,14866000000.0,104000000.0,210000000.0,2480000000.0,45.198,-794000000.0
75,PPL,MRT,2002-09-30,2002-09-30,2002-09-30,2021-08-05,-127000000.0,15702000000.0,13206500000.0,1871000000.0,13831000000.0,0.414,8.256,-890000000.0,339000000.0,339000000.0,4681000000.0,-203000000.0,0.727,5.448,7386000000.0,1360000000.0,6026000000.0,7386000000.0,0.0,490000000.0,0.0,0.041,0.673,538000000.0,1028000000.0,0.188,1028000000.0,538000000.0,5000000.0,-0.765,-0.8,-0.765,2435000000.0,1994000000.0,2435000000.0,10334639633.0,19.0,10.053,-128000000.0,-0.434,1.0,783000000.0,0.143,0.0,533000000.0,20176000000.0,16670000000.0,236000000.0,621000000.0,0.0,621000000.0,13267000000.0,2573000000.0,10694000000.0,4798639633.0,-491000000.0,-211000000.0,539000000.0,-70000000.0,-253000000.0,-116000000.0,-1134000000.0,0.0,762000000.0,-3000000.0,-203000000.0,-220000000.0,-220000000.0,0.0,0.0,-0.04,0.0,783000000.0,430000000.0,-0.88,1.971,-21.812,-21.268,9345000000.0,17000000.0,16.27,0.878,0.878,869000000.0,956000000.0,5464000000.0,5464000000.0,0.0,-0.017,-0.11,0.032,0.098,0.0,0.0,1.0,294937900.0,294937900,,18.526,15702000000.0,93000000.0,208000000.0,2616000000.0,53.238,-702000000.0
76,PPL,MRT,2002-06-30,2002-06-30,2002-06-30,2021-08-05,-120000000.0,12194000000.0,12476500000.0,1701000000.0,10493000000.0,0.417,6.354,-988000000.0,193000000.0,193000000.0,4471000000.0,-173000000.0,0.956,5.521,5729000000.0,847000000.0,4882000000.0,5729000000.0,0.0,490000000.0,0.0,0.038,0.625,498000000.0,988000000.0,0.19,988000000.0,498000000.0,42000000.0,-0.65,-0.68,-0.65,1870000000.0,1967500000.0,1870000000.0,10012457592.0,20.0,10.134,-257000000.0,-0.873,1.0,726000000.0,0.14,0.0,456000000.0,15950000000.0,15509750000.0,237000000.0,1047000000.0,0.0,1047000000.0,10324000000.0,1780000000.0,8544000000.0,4867457592.0,31000000.0,0.0,30000000.0,732000000.0,-238000000.0,338000000.0,-1035000000.0,0.0,731000000.0,-3000000.0,-173000000.0,-190000000.0,-190000000.0,0.0,0.0,-0.037,0.0,726000000.0,376000000.0,-0.962,2.603,-25.618,-25.446,6248000000.0,17000000.0,16.54,0.937,0.937,853000000.0,887000000.0,5197000000.0,5197000000.0,0.0,-0.015,-0.097,0.032,0.096,0.0,0.0,1.0,294284014.0,294284014,,17.66,12194000000.0,91000000.0,215000000.0,1542000000.0,41.436,-79000000.0
77,PPL,MRT,2002-03-31,2002-03-31,2002-03-31,2021-08-05,-255000000.0,12368000000.0,12468500000.0,2074000000.0,10294000000.0,0.426,6.188,-896000000.0,486000000.0,486000000.0,4513000000.0,-34000000.0,1.104,5.818,5631000000.0,691000000.0,4940000000.0,5631000000.0,0.0,490000000.0,0.0,0.029,0.578,599000000.0,1089000000.0,0.205,1089000000.0,599000000.0,187000000.0,-0.16,-0.19,-0.16,1814000000.0,2063000000.0,1814000000.0,10553082124.0,18.0,9.691,-170000000.0,-0.58,1.0,796000000.0,0.15,0.0,412000000.0,15634000000.0,15285250000.0,243000000.0,992000000.0,0.0,992000000.0,10554000000.0,1879000000.0,8675000000.0,5806082124.0,211000000.0,0.0,47000000.0,-80000000.0,-214000000.0,213000000.0,-725000000.0,210000000.0,726000000.0,-3000000.0,-34000000.0,-46000000.0,-46000000.0,0.0,0.0,-0.009,0.0,796000000.0,484000000.0,-3.612,3.201,-126.219,-123.781,6092000000.0,12000000.0,19.805,1.094,1.094,808000000.0,967000000.0,5309000000.0,5309000000.0,0.0,-0.004,-0.022,0.039,0.113,0.0,0.0,1.0,293162440.0,293162440,,18.109,12368000000.0,85000000.0,221000000.0,1672000000.0,42.188,195000000.0
78,PPL,MRT,2001-12-31,2001-12-31,2001-12-31,2021-08-05,-251000000.0,12562000000.0,12513000000.0,2326000000.0,10236000000.0,0.409,6.34,-881000000.0,933000000.0,933000000.0,4265000000.0,179000000.0,1.274,5.765,5697000000.0,616000000.0,5081000000.0,5697000000.0,0.0,490000000.0,0.0,0.03,0.53,826000000.0,1316000000.0,0.257,1316000000.0,826000000.0,440000000.0,0.615,0.575,0.615,1857000000.0,2110000000.0,1857000000.0,9794793304.0,12.0,7.443,28000000.0,0.096,1.0,850000000.0,0.166,580000000.0,386000000.0,14920000000.0,15124250000.0,251000000.0,976000000.0,0.0,976000000.0,10705000000.0,1826000000.0,8879000000.0,5103793304.0,453000000.0,0.0,52000000.0,-68000000.0,-201000000.0,249000000.0,-702000000.0,210000000.0,909000000.0,-3000000.0,179000000.0,179000000.0,179000000.0,0.0,0.0,0.035,0.0,850000000.0,565000000.0,0.862,2.748,28.513,28.333,5947000000.0,0.0,17.425,0.998,0.998,800000000.0,1023000000.0,5115000000.0,5115000000.0,0.0,0.014,0.085,0.055,0.161,0.0,0.0,1.0,292900620.0,292900620,,17.463,11982000000.0,77000000.0,261000000.0,1587000000.0,40.908,500000000.0
79,PPL,MRT,2001-09-30,2001-09-30,2001-09-30,2021-08-05,-126000000.0,12782000000.0,12462500000.0,2265000000.0,10517000000.0,0.367,7.974,-684000000.0,849000000.0,849000000.0,3210000000.0,655000000.0,1.169,4.488,5540000000.0,865000000.0,4675000000.0,5540000000.0,0.0,459000000.0,0.0,0.033,0.53,1366000000.0,1825000000.0,0.399,1825000000.0,1366000000.0,981000000.0,2.125,2.115,2.125,2329000000.0,2148750000.0,2329000000.0,9590908303.0,7.0,5.255,232000000.0,0.794,1.0,1359000000.0,0.297,0.0,385000000.0,15535000000.0,15159750000.0,250000000.0,1144000000.0,0.0,1144000000.0,10453000000.0,1938000000.0,8515000000.0,4760908303.0,550000000.0,0.0,65000000.0,-123000000.0,-190000000.0,279000000.0,-645000000.0,96000000.0,916000000.0,0.0,655000000.0,619000000.0,619000000.0,0.0,0.0,0.135,0.0,1359000000.0,355000000.0,0.249,2.044,7.691,7.671,6123000000.0,36000000.0,16.3,1.042,1.042,758000000.0,1374000000.0,4569000000.0,4569000000.0,0.0,0.05,0.288,0.09,0.299,0.0,0.0,1.0,292080264.0,292080264,,15.643,12782000000.0,67000000.0,326000000.0,1616000000.0,43.762,327000000.0
80,PPL,MRT,2001-06-30,2001-06-30,2001-06-30,2021-08-05,-75000000.0,12162000000.0,12260000000.0,1680000000.0,10482000000.0,0.392,7.715,-795000000.0,168000000.0,168000000.0,3477000000.0,629000000.0,0.866,4.401,4998000000.0,917000000.0,4081000000.0,4998000000.0,0.0,459000000.0,0.0,0.019,0.53,1332000000.0,1791000000.0,0.372,1791000000.0,1332000000.0,944000000.0,2.075,2.065,2.075,2252000000.0,2041250000.0,2252000000.0,13493518620.0,10.0,7.534,19000000.0,0.065,1.0,1335000000.0,0.277,0.0,388000000.0,15052000000.0,15085250000.0,243000000.0,1139000000.0,0.0,1139000000.0,9910000000.0,1940000000.0,7970000000.0,8027518620.0,-53000000.0,0.0,64000000.0,-957000000.0,-181000000.0,-525000000.0,-342000000.0,96000000.0,814000000.0,0.0,629000000.0,603000000.0,603000000.0,0.0,0.0,0.125,0.0,1335000000.0,387000000.0,0.255,3.565,13.313,13.253,6081000000.0,26000000.0,27.5,1.668,1.668,787000000.0,1260000000.0,4812000000.0,4812000000.0,0.0,0.049,0.295,0.088,0.277,0.0,0.0,1.0,291909768.0,291909768,,16.485,12162000000.0,49000000.0,315000000.0,1513000000.0,41.664,-260000000.0
81,PPL,MRT,2001-03-31,2001-03-31,2001-03-31,2021-08-05,-253000000.0,12546000000.0,12186750000.0,1933000000.0,10613000000.0,0.386,6.891,-1181000000.0,269000000.0,269000000.0,3370000000.0,598000000.0,0.64,5.267,5735000000.0,1539000000.0,4196000000.0,5735000000.0,0.0,459000000.0,0.0,0.024,0.53,1328000000.0,1787000000.0,0.38,1787000000.0,1328000000.0,936000000.0,1.995,1.985,1.995,2002000000.0,1922250000.0,2002000000.0,11726533152.0,9.0,6.562,-254000000.0,-0.874,1.0,1328000000.0,0.283,0.0,392000000.0,14990000000.0,15085000000.0,208000000.0,1350000000.0,110000000.0,1240000000.0,10544000000.0,3022000000.0,7522000000.0,6385533152.0,109000000.0,0.0,59000000.0,222000000.0,-179000000.0,129000000.0,-947000000.0,-114000000.0,927000000.0,0.0,598000000.0,578000000.0,578000000.0,0.0,0.0,0.123,0.0,1328000000.0,385000000.0,0.266,3.19,11.048,11.018,6068000000.0,20000000.0,21.98,1.359,1.359,812000000.0,1182000000.0,4698000000.0,4698000000.0,0.0,0.047,0.301,0.088,0.283,0.0,0.0,1.0,290515612.0,290515612,,16.171,12546000000.0,205000000.0,338000000.0,1715000000.0,43.185,-1089000000.0
82,PPL,MRT,2000-12-31,2000-12-31,2000-12-31,2021-08-05,-36000000.0,12360000000.0,11907000000.0,1931000000.0,10429000000.0,0.382,6.941,-1030000000.0,480000000.0,480000000.0,3351000000.0,524000000.0,0.771,5.143,5686000000.0,1219000000.0,4467000000.0,5686000000.0,0.0,459000000.0,0.0,0.023,0.53,1194000000.0,1653000000.0,0.364,1653000000.0,1194000000.0,818000000.0,1.725,1.72,1.725,2012000000.0,1856000000.0,2012000000.0,11857228851.0,10.0,7.173,-159000000.0,-0.549,1.0,1194000000.0,0.263,0.0,376000000.0,15062000000.0,14948750000.0,197000000.0,1114000000.0,0.0,1114000000.0,10348000000.0,2504000000.0,7844000000.0,6549228851.0,347000000.0,0.0,35000000.0,513000000.0,-177000000.0,233000000.0,-757000000.0,-114000000.0,871000000.0,0.0,524000000.0,498000000.0,498000000.0,0.0,0.0,0.11,0.0,1194000000.0,641000000.0,0.307,3.255,13.151,13.099,5948000000.0,26000000.0,22.595,1.441,1.441,981000000.0,999000000.0,4545000000.0,4545000000.0,0.0,0.042,0.268,0.08,0.263,0.0,0.0,1.0,289853014.0,289853014,,15.68,12360000000.0,75000000.0,294000000.0,1635000000.0,42.642,-573000000.0
83,PPL,MRT,2000-09-30,2000-09-30,2000-09-30,2021-08-05,-47000000.0,11972000000.0,11610500000.0,1742000000.0,10230000000.0,0.457,6.565,-1670000000.0,280000000.0,280000000.0,4281000000.0,516000000.0,0.853,5.304,5588000000.0,1024000000.0,4564000000.0,5588000000.0,0.0,413000000.0,0.0,0.025,0.522,1161000000.0,1574000000.0,0.296,1574000000.0,1161000000.0,813000000.0,1.78,1.78,1.78,1899000000.0,1756250000.0,1899000000.0,11496355288.0,10.0,7.304,-965000000.0,-3.336,1.0,1030000000.0,0.194,0.0,348000000.0,15237000000.0,14627000000.0,192000000.0,974000000.0,0.0,974000000.0,10073000000.0,2043000000.0,8030000000.0,6041355288.0,-60000000.0,0.0,22000000.0,825000000.0,-175000000.0,544000000.0,-1309000000.0,0.0,705000000.0,0.0,516000000.0,516000000.0,516000000.0,0.0,0.0,0.097,1000000.0,1029000000.0,376000000.0,0.293,3.181,11.708,11.733,5795000000.0,0.0,20.885,1.138,1.138,833000000.0,910000000.0,5311000000.0,5311000000.0,0.0,0.044,0.294,0.079,0.219,0.0,0.0,1.0,289267670.0,289267670,,18.36,11972000000.0,0.0,297000000.0,1474000000.0,41.387,-301000000.0
84,PPL,MRT,2000-06-30,2000-06-30,2000-06-30,2021-08-05,-63000000.0,11869000000.0,11269750000.0,1613000000.0,10256000000.0,0.464,6.155,-1596000000.0,215000000.0,215000000.0,4274000000.0,482000000.0,0.71,5.683,5670000000.0,1341000000.0,4329000000.0,5670000000.0,0.0,413000000.0,0.0,0.047,0.515,1016000000.0,1429000000.0,0.273,1429000000.0,1016000000.0,682000000.0,1.65,1.65,1.65,1776000000.0,1659000000.0,1776000000.0,8239146763.0,8.0,5.766,-923000000.0,-3.199,1.0,955000000.0,0.183,0.0,334000000.0,15051000000.0,14087250000.0,190000000.0,849000000.0,0.0,849000000.0,10093000000.0,2273000000.0,7820000000.0,3165146763.0,-178000000.0,0.0,-404000000.0,1557000000.0,-175000000.0,772000000.0,-1623000000.0,0.0,673000000.0,0.0,482000000.0,482000000.0,482000000.0,0.0,0.0,0.092,1000000.0,954000000.0,422000000.0,0.312,1.782,6.567,6.648,5796000000.0,0.0,10.97,0.605,0.605,842000000.0,812000000.0,5229000000.0,5229000000.0,0.0,0.043,0.291,0.072,0.194,0.0,0.0,1.0,288527508.0,288527508,,18.123,11869000000.0,0.0,200000000.0,1529000000.0,41.136,-660000000.0
85,PPL,MRT,2000-03-31,2000-03-31,2000-03-31,2021-08-05,-35000000.0,11427000000.0,10828500000.0,1517000000.0,9910000000.0,0.456,6.044,-1246000000.0,160000000.0,160000000.0,4058000000.0,453000000.0,0.738,5.579,5234000000.0,1111000000.0,4123000000.0,5234000000.0,0.0,413000000.0,0.0,0.049,0.508,938000000.0,1351000000.0,0.274,1351000000.0,938000000.0,635000000.0,1.53,1.53,1.53,1737000000.0,1686500000.0,1737000000.0,8015007328.0,9.0,5.933,-537000000.0,-1.869,1.0,878000000.0,0.178,0.0,303000000.0,14445000000.0,13293000000.0,182000000.0,744000000.0,0.0,744000000.0,9690000000.0,2056000000.0,7634000000.0,3009007328.0,20000000.0,0.0,-417000000.0,1405000000.0,-176000000.0,572000000.0,-1261000000.0,0.0,709000000.0,0.0,453000000.0,453000000.0,453000000.0,0.0,0.0,0.092,1000000.0,877000000.0,362000000.0,0.332,1.732,6.642,6.843,5651000000.0,0.0,10.47,0.61,0.61,786000000.0,758000000.0,4936000000.0,4936000000.0,0.0,0.042,0.269,0.071,0.19,0.0,0.0,1.0,287393250.0,287393250,,17.175,11427000000.0,0.0,182000000.0,1552000000.0,39.761,-539000000.0
86,PPL,MRT,1999-12-31,1999-12-31,1999-12-31,2021-08-05,-55000000.0,11174000000.0,10404000000.0,1293000000.0,9881000000.0,0.441,5.613,-1192000000.0,133000000.0,133000000.0,3769000000.0,432000000.0,0.567,5.927,5014000000.0,1325000000.0,3689000000.0,5014000000.0,0.0,413000000.0,0.0,0.044,0.5,883000000.0,1296000000.0,0.282,1296000000.0,883000000.0,606000000.0,1.42,1.42,1.42,1613000000.0,1720250000.0,1613000000.0,7656725698.0,9.0,5.908,-486000000.0,-1.691,1.0,821000000.0,0.179,0.0,277000000.0,13775000000.0,12671500000.0,200000000.0,679000000.0,0.0,679000000.0,9561000000.0,2280000000.0,7281000000.0,3287725698.0,-62000000.0,0.0,-409000000.0,1132000000.0,-180000000.0,473000000.0,-1241000000.0,0.0,706000000.0,0.0,432000000.0,432000000.0,432000000.0,0.0,0.0,0.094,0.0,821000000.0,399000000.0,0.352,2.038,7.61,8.056,5624000000.0,0.0,11.44,0.716,0.716,709000000.0,654000000.0,4590000000.0,4590000000.0,0.0,0.042,0.251,0.07,0.192,0.0,0.0,1.0,287388610.0,287388610,,15.971,11174000000.0,0.0,174000000.0,1658000000.0,38.881,-987000000.0
87,PPL,MRT,1999-09-30,1999-09-30,1999-09-30,2021-08-05,-47000000.0,10609000000.0,10012250000.0,340000000.0,10269000000.0,0.435,4.788,-607000000.0,340000000.0,340000000.0,3515000000.0,399000000.0,0.179,6.026,4709000000.0,976000000.0,3733000000.0,4709000000.0,0.0,335000000.0,0.0,0.037,0.5,819000000.0,1154000000.0,0.265,1154000000.0,819000000.0,550000000.0,1.16,1.16,1.16,1510000000.0,1764500000.0,1510000000.0,7900207893.0,10.0,6.846,125000000.0,0.396,1.0,844000000.0,0.194,0.0,269000000.0,13078000000.0,12208750000.0,206000000.0,751000000.0,0.0,0.0,9099000000.0,1900000000.0,7199000000.0,4267207893.0,297000000.0,0.0,-395000000.0,699000000.0,-187000000.0,40000000.0,-475000000.0,53000000.0,732000000.0,0.0,399000000.0,374000000.0,374000000.0,0.0,0.0,0.086,0.0,844000000.0,438000000.0,0.431,2.826,11.41,11.664,4881000000.0,25000000.0,13.53,0.979,0.979,339000000.0,543000000.0,4359000000.0,4359000000.0,0.0,0.037,0.212,0.067,0.188,0.0,0.0,1.0,315388610.0,315388610,,13.821,10609000000.0,0.0,151000000.0,1514000000.0,33.638,-1560000000.0
88,PPL,MRT,1999-06-30,1999-06-30,1999-06-30,2021-08-05,-20000000.0,10104000000.0,9742750000.0,393000000.0,9711000000.0,0.425,5.98,-689000000.0,393000000.0,393000000.0,3271000000.0,433000000.0,0.211,4.357,4026000000.0,1098000000.0,2928000000.0,4026000000.0,0.0,335000000.0,0.0,0.033,0.5,931000000.0,1266000000.0,0.306,1266000000.0,931000000.0,684000000.0,1.225,1.225,1.225,1886000000.0,1821250000.0,1886000000.0,8443099879.0,9.0,6.669,-46000000.0,-0.146,1.0,868000000.0,0.21,0.0,247000000.0,11874000000.0,11895250000.0,198000000.0,930000000.0,0.0,0.0,8218000000.0,1863000000.0,6355000000.0,4849099879.0,357000000.0,276000000.0,-382000000.0,619000000.0,-217000000.0,20000000.0,-306000000.0,34000000.0,643000000.0,0.0,433000000.0,408000000.0,408000000.0,0.0,0.0,0.099,0.0,868000000.0,341000000.0,0.408,2.571,11.885,12.551,4567000000.0,25000000.0,15.375,1.172,1.172,318000000.0,477000000.0,4139000000.0,4139000000.0,0.0,0.042,0.224,0.078,0.225,0.0,0.0,1.0,315388610.0,315388610,,13.123,10104000000.0,0.0,251000000.0,1576000000.0,32.037,-1470000000.0
89,PPL,MRT,1999-03-31,1999-03-31,1999-03-31,2021-08-05,0.0,9729000000.0,9516500000.0,140000000.0,9589000000.0,0.417,5.938,-597000000.0,140000000.0,140000000.0,3121000000.0,-525000000.0,0.103,4.197,3734000000.0,668000000.0,3066000000.0,3734000000.0,0.0,335000000.0,0.0,0.047,0.584,-36000000.0,299000000.0,0.075,299000000.0,-36000000.0,-276000000.0,-1.645,-1.645,-1.645,1872000000.0,1826500000.0,1872000000.0,7495691845.0,-208.0,25.069,-12000000.0,-0.038,1.0,852000000.0,0.214,0.0,240000000.0,11959000000.0,11780000000.0,200000000.0,911000000.0,0.0,0.0,7857000000.0,1364000000.0,6493000000.0,3902691845.0,-8000000.0,98000000.0,-365000000.0,393000000.0,-248000000.0,-221000000.0,-372000000.0,54000000.0,585000000.0,0.0,-525000000.0,-549000000.0,-549000000.0,0.0,0.0,-0.138,0.0,852000000.0,258000000.0,-0.355,2.085,-7.109,-7.523,4476000000.0,24000000.0,12.375,0.982,0.982,348000000.0,453000000.0,3973000000.0,3973000000.0,0.0,-0.058,-0.301,-0.003,-0.009,0.0,0.0,1.0,315369038.0,315242000,315242000.0,12.603,9729000000.0,0.0,249000000.0,1572000000.0,30.862,-1224000000.0
90,PPL,MRT,1998-12-31,1998-12-31,1998-12-31,2021-08-05,-4000000.0,9607000000.0,9528750000.0,948000000.0,8659000000.0,0.397,5.436,-610000000.0,195000000.0,195000000.0,2959000000.0,-544000000.0,0.743,4.367,3788000000.0,696000000.0,3092000000.0,3788000000.0,0.0,335000000.0,0.0,0.048,0.668,-55000000.0,280000000.0,0.074,280000000.0,-55000000.0,-285000000.0,-1.73,-1.73,-1.73,1790000000.0,2072500000.0,1790000000.0,8097757858.0,-147.0,28.921,27000000.0,0.082,1.0,827000000.0,0.218,0.0,230000000.0,11924000000.0,11759500000.0,207000000.0,894000000.0,0.0,894000000.0,7817000000.0,1276000000.0,6541000000.0,4381757858.0,145000000.0,0.0,-357000000.0,629000000.0,-278000000.0,-7000000.0,-485000000.0,55000000.0,637000000.0,0.0,-544000000.0,-569000000.0,-569000000.0,0.0,0.0,-0.15,-66000000.0,893000000.0,197000000.0,-0.386,2.448,-7.701,-8.058,4480000000.0,25000000.0,13.94,1.157,1.212,468000000.0,372000000.0,3786000000.0,3786000000.0,0.0,-0.06,-0.275,-0.005,-0.015,0.0,0.0,1.0,314329832.0,329302000,329302000.0,11.497,9607000000.0,0.0,259000000.0,1574000000.0,29.174,-328000000.0
91,PPL,MRT,1998-09-30,1998-09-30,1998-09-30,2021-08-05,0.0,9531000000.0,9498250000.0,43000000.0,9488000000.0,0.388,5.211,-596000000.0,43000000.0,43000000.0,2866000000.0,-559000000.0,0.03,4.487,3759000000.0,835000000.0,2924000000.0,3759000000.0,0.0,385000000.0,0.0,0.058,0.752,-103000000.0,282000000.0,0.077,282000000.0,-103000000.0,-319000000.0,-1.745,-1.745,-1.745,1737000000.0,2327250000.0,1737000000.0,7606732362.0,-74.0,26.974,37000000.0,0.111,1.0,815000000.0,0.221,0.0,216000000.0,11824000000.0,11705250000.0,192000000.0,915000000.0,0.0,0.0,7794000000.0,1423000000.0,6371000000.0,4354732362.0,-6000000.0,0.0,-348000000.0,574000000.0,-303000000.0,-79000000.0,-560000000.0,-22000000.0,633000000.0,0.0,-559000000.0,-584000000.0,-584000000.0,0.0,0.0,-0.159,0.0,815000000.0,200000000.0,-0.431,2.507,-7.457,-7.415,4455000000.0,25000000.0,12.94,1.183,1.172,275000000.0,323000000.0,3681000000.0,3681000000.0,0.0,-0.061,-0.251,-0.009,-0.028,0.0,0.0,1.0,336532640.0,333304000,333304000.0,11.044,9531000000.0,0.0,240000000.0,1579000000.0,28.596,-1380000000.0
92,PPL,MRT,1998-06-30,1998-06-30,1998-06-30,2021-08-05,0.0,9199000000.0,,36000000.0,9163000000.0,,5.695,-449000000.0,36000000.0,36000000.0,2553000000.0,-653000000.0,0.035,3.824,3288000000.0,455000000.0,2833000000.0,3288000000.0,0.0,385000000.0,0.0,0.074,0.836,-216000000.0,169000000.0,0.051,169000000.0,-216000000.0,-427000000.0,-2.025,-2.025,-2.025,1907000000.0,,1907000000.0,6866984344.0,-32.0,40.633,302000000.0,0.902,1.0,754000000.0,0.228,0.0,211000000.0,11413000000.0,,175000000.0,891000000.0,0.0,0.0,7292000000.0,1038000000.0,6254000000.0,3801984344.0,-9000000.0,-276000000.0,73000000.0,137000000.0,-300000000.0,-91000000.0,-669000000.0,-2000000.0,751000000.0,0.0,-653000000.0,-678000000.0,-678000000.0,0.0,0.0,-0.205,0.0,754000000.0,182000000.0,-0.413,1.994,-5.608,-5.602,4325000000.0,25000000.0,11.345,1.15,1.149,244000000.0,231000000.0,3307000000.0,3307000000.0,0.0,,,,-0.065,0.0,0.0,1.0,335124226.0,334872000,334872000.0,9.875,9199000000.0,32000000.0,226000000.0,1615000000.0,27.47,-1002000000.0
93,PPL,MRT,1998-03-31,1998-03-31,1998-03-31,2021-08-05,0.0,9778000000.0,,148000000.0,9630000000.0,,8.565,-456000000.0,148000000.0,148000000.0,2390000000.0,304000000.0,0.153,2.424,3213000000.0,469000000.0,2744000000.0,3213000000.0,0.0,385000000.0,0.0,0.071,0.836,749000000.0,1134000000.0,0.359,1134000000.0,749000000.0,537000000.0,0.84,0.84,0.84,2856000000.0,,2856000000.0,6902087763.0,9.0,6.086,293000000.0,0.879,1.0,772000000.0,0.244,0.0,212000000.0,11877000000.0,,201000000.0,728000000.0,0.0,0.0,6922000000.0,966000000.0,5956000000.0,3911087763.0,76000000.0,-98000000.0,75000000.0,390000000.0,-299000000.0,-223000000.0,-450000000.0,55000000.0,749000000.0,0.0,304000000.0,281000000.0,281000000.0,0.0,0.0,0.089,0.0,772000000.0,144000000.0,0.995,1.369,13.918,13.952,6806000000.0,23000000.0,11.72,1.237,1.236,274000000.0,1195000000.0,3162000000.0,3162000000.0,0.0,,,,0.237,0.0,0.0,1.0,333710560.0,333468000,333468000.0,9.482,9778000000.0,21000000.0,233000000.0,2331000000.0,29.322,-818000000.0
94,PPL,MRT,1997-12-31,1997-12-31,1997-12-31,2021-08-05,0.0,9485000000.0,9577500000.0,50000000.0,9435000000.0,0.321,8.535,-462000000.0,50000000.0,50000000.0,2277000000.0,320000000.0,0.065,2.377,3041000000.0,343000000.0,2698000000.0,3041000000.0,0.0,385000000.0,0.0,0.07,0.836,772000000.0,1157000000.0,0.376,1157000000.0,772000000.0,557000000.0,0.9,0.9,0.9,2809000000.0,2777000000.0,2809000000.0,,,,315000000.0,0.957,1.0,800000000.0,0.26,0.0,215000000.0,11707000000.0,11922000000.0,200000000.0,592000000.0,0.0,0.0,6676000000.0,769000000.0,5907000000.0,3994515403.0,-51000000.0,0.0,76000000.0,74000000.0,-298000000.0,-537000000.0,-291000000.0,115000000.0,777000000.0,0.0,320000000.0,296000000.0,296000000.0,0.0,0.0,0.096,0.0,800000000.0,140000000.0,0.929,1.422,13.495,13.3,6820000000.0,24000000.0,11.97,1.298,1.28,280000000.0,1164000000.0,3077000000.0,3077000000.0,0.0,0.031,0.107,0.065,0.251,0.0,0.0,1.0,333710560.0,329100000,329100000.0,9.35,9485000000.0,0.0,237000000.0,2221000000.0,28.821,-719000000.0
95,PPL,MRT,1997-09-30,1997-09-30,1997-09-30,2021-08-05,,,,,,,,,,,,,,,,,,,,,,0.076,0.836,,,,,,,,,,,,,,,,,,1.0,,,,,,,,,,,,,,,,,,,,,,,,,,,,,,,,,,,,,,,,10.94,,,,,,,,,,,,,,1.0,,329922000,,,,,,,,
96,PPL,MRT,1997-06-30,1997-06-30,1997-06-30,2021-08-05,,,,,,,,,,,,,,,,,,,,,,0.084,0.836,,,,,,,,,,,,,,,,,,1.0,,,,,,,,,,,,,,,,,,,,,,,,,,,,,,,,,,,,,,,,9.97,,,,,,,,,,,,,,1.0,,328136000,,,,,,,,
97,PPL,MRT,1997-03-31,1997-03-31,1997-03-31,2021-08-05,,,,,,,,,,,,,,,,,,,,,,0.083,0.836,,,,,,,,,,,,,,,,,,1.0,,,,,,,,,,,,,,,,,,,,,,,,,,,,,,,,,,,,,,,,10.125,,,,,,,,,,,,,,1.0,,326384000,,,,,,,,
98,PPL,MRT,1996-12-31,1996-12-31,1996-12-31,2021-08-05,0.0,9670000000.0,,101000000.0,9569000000.0,,8.522,-360000000.0,101000000.0,101000000.0,2116000000.0,357000000.0,0.154,2.523,3223000000.0,255000000.0,2968000000.0,3223000000.0,0.0,375000000.0,0.0,0.073,0.836,831000000.0,1206000000.0,0.412,1206000000.0,831000000.0,611000000.0,1.025,1.025,1.025,2745000000.0,,2745000000.0,,,,433000000.0,1.344,1.0,810000000.0,0.277,0.0,220000000.0,12137000000.0,,201000000.0,593000000.0,0.0,0.0,6925000000.0,655000000.0,6270000000.0,,81000000.0,-201000000.0,77000000.0,-60000000.0,-296000000.0,-280000000.0,-432000000.0,124000000.0,793000000.0,0.0,357000000.0,329000000.0,329000000.0,0.0,0.0,0.112,0.0,810000000.0,133000000.0,0.816,,,11.22,6960000000.0,28000000.0,11.5,,1.266,281000000.0,1143000000.0,2926000000.0,2926000000.0,0.0,,,,0.284,0.0,0.0,1.0,,322120000,322120000.0,9.084,9670000000.0,21000000.0,254000000.0,2314000000.0,30.02,-554000000.0
99,PPL,MRT,1995-12-31,1995-12-31,1995-12-31,2021-08-05,,,,,,,,-363000000.0,,,2178000000.0,323000000.0,,,,,,,,352000000.0,,0.067,0.836,834000000.0,1186000000.0,0.431,1186000000.0,834000000.0,609000000.0,1.025,1.025,1.025,,,,,,,329000000.0,1.043,1.0,574000000.0,0.209,,225000000.0,,,,,,,,,,,10000000.0,0.0,81000000.0,-149000000.0,-290000000.0,-369000000.0,-313000000.0,42000000.0,692000000.0,0.0,323000000.0,323000000.0,323000000.0,0.0,0.0,0.117,0.0,574000000.0,,0.816,,,12.195,,0.0,12.5,,1.432,,,2752000000.0,2752000000.0,0.0,,,,0.303,0.0,0.0,1.0,,315298000,315298000.0,8.728,,,286000000.0,,,
