None,ticker,dimension,calendardate,datekey,reportperiod,lastupdated,accoci,assets,assetsavg,assetsc,assetsnc,assetturnover,bvps,capex,cashneq,cashnequsd,cor,consolinc,currentratio,de,debt,debtc,debtnc,debtusd,deferredrev,depamor,deposits,divyield,dps,ebit,ebitda,ebitdamargin,ebitdausd,ebitusd,ebt,eps,epsdil,epsusd,equity,equityavg,equityusd,ev,evebit,evebitda,fcf,fcfps,fxusd,gp,grossmargin,intangibles,intexp,invcap,invcapavg,inventory,investments,investmentsc,investmentsnc,liabilities,liabilitiesc,liabilitiesnc,marketcap,ncf,ncfbus,ncfcommon,ncfdebt,ncfdiv,ncff,ncfi,ncfinv,ncfo,ncfx,netinc,netinccmn,netinccmnusd,netincdis,netincnci,netmargin,opex,opinc,payables,payoutratio,pb,pe,pe1,ppnenet,prefdivis,price,ps,ps1,receivables,retearn,revenue,revenueusd,rnd,roa,roe,roic,ros,sbcomp,sgna,sharefactor,sharesbas,shareswa,shareswadil,sps,tangibles,taxassets,taxexp,taxliabilities,tbvps,workingcapital
0,CF,MRY,2020-12-31,2020-12-31,2020-12-31,2021-08-09,-320000000.0,12023000000.0,12086250000.0,1367000000.0,10656000000.0,0.341,13.597,-307000000.0,683000000.0,683000000.0,3323000000.0,432000000.0,1.509,2.197,4223000000.0,337000000.0,3886000000.0,4223000000.0,0.0,892000000.0,130000000.0,0.031,1.2,527000000.0,1419000000.0,0.344,1419000000.0,527000000.0,348000000.0,1.48,1.47,1.48,2922000000.0,2837250000.0,2922000000.0,11975695908.0,23.0,8.44,924000000.0,4.3,1.0,801000000.0,0.194,2374000000.0,179000000.0,12283000000.0,12598750000.0,287000000.0,80000000.0,0.0,80000000.0,6420000000.0,906000000.0,5514000000.0,8280695908.0,396000000.0,6000000.0,-95000000.0,0.0,-258000000.0,-542000000.0,-299000000.0,0.0,1231000000.0,6000000.0,317000000.0,317000000.0,317000000.0,0.0,115000000.0,0.077,189000000.0,612000000.0,424000000.0,0.811,2.834,26.122,26.155,7891000000.0,0.0,38.71,2.008,2.017,265000000.0,1927000000.0,4124000000.0,4124000000.0,0.0,0.026,0.112,0.042,0.128,25000000.0,206000000.0,1.0,213916195.0,214900000.0,215200000.0,19.19,9649000000.0,97000000.0,31000000.0,1184000000.0,44.9,461000000.0
1,CF,MRY,2019-12-31,2019-12-31,2019-12-31,2021-08-09,-366000000.0,12172000000.0,12719750000.0,974000000.0,11198000000.0,0.361,13.156,-334000000.0,287000000.0,287000000.0,3416000000.0,646000000.0,1.465,2.256,4240000000.0,90000000.0,4150000000.0,4240000000.0,0.0,875000000.0,119000000.0,0.025,1.2,856000000.0,1731000000.0,0.377,1731000000.0,856000000.0,619000000.0,2.24,2.23,2.24,2897000000.0,2974500000.0,2897000000.0,14332194657.0,17.0,8.28,1171000000.0,5.318,1.0,1174000000.0,0.256,2365000000.0,237000000.0,13095000000.0,13507500000.0,351000000.0,88000000.0,0.0,88000000.0,6535000000.0,665000000.0,5870000000.0,10380194657.0,-395000000.0,0.0,-351000000.0,-769000000.0,-265000000.0,-1583000000.0,-319000000.0,0.0,1505000000.0,2000000.0,493000000.0,493000000.0,493000000.0,0.0,153000000.0,0.107,166000000.0,1008000000.0,437000000.0,0.536,3.583,21.055,21.312,8450000000.0,0.0,47.74,2.261,2.29,242000000.0,1958000000.0,4590000000.0,4590000000.0,0.0,0.039,0.166,0.063,0.186,28000000.0,239000000.0,1.0,217431811.0,220200000.0,221600000.0,20.845,9807000000.0,71000000.0,126000000.0,1247000000.0,44.537,309000000.0
2,CF,MRY,2018-12-31,2018-12-31,2018-12-31,2021-08-09,-371000000.0,12661000000.0,13081500000.0,1274000000.0,11387000000.0,0.339,12.717,-396000000.0,682000000.0,682000000.0,3512000000.0,428000000.0,1.807,2.343,4698000000.0,0.0,4698000000.0,4698000000.0,0.0,888000000.0,149000000.0,0.028,1.2,650000000.0,1538000000.0,0.347,1538000000.0,650000000.0,409000000.0,1.25,1.24,1.25,2958000000.0,3386000000.0,2958000000.0,13716736468.0,21.0,8.919,1101000000.0,4.733,1.0,917000000.0,0.207,2353000000.0,241000000.0,13619000000.0,13920250000.0,309000000.0,93000000.0,0.0,93000000.0,6930000000.0,705000000.0,6225000000.0,10041736468.0,-153000000.0,10000000.0,-455000000.0,0.0,-280000000.0,-1270000000.0,-375000000.0,0.0,1497000000.0,-5000000.0,290000000.0,290000000.0,290000000.0,0.0,138000000.0,0.065,187000000.0,730000000.0,545000000.0,0.96,3.395,34.627,34.808,8623000000.0,0.0,43.51,2.267,2.285,235000000.0,2463000000.0,4429000000.0,4429000000.0,0.0,0.022,0.086,0.047,0.147,22000000.0,214000000.0,1.0,230791461.0,232600000.0,233800000.0,19.041,10308000000.0,28000000.0,119000000.0,1122000000.0,44.316,569000000.0
3,CF,MRY,2017-12-31,2017-12-31,2017-12-31,2021-08-09,-263000000.0,13463000000.0,14610250000.0,1465000000.0,11998000000.0,0.283,15.328,-453000000.0,835000000.0,835000000.0,3696000000.0,450000000.0,2.526,1.894,4692000000.0,0.0,4692000000.0,4692000000.0,0.0,883000000.0,89000000.0,0.028,1.2,98000000.0,981000000.0,0.238,981000000.0,98000000.0,-217000000.0,1.53,1.53,1.53,3579000000.0,3323750000.0,3579000000.0,13716882442.0,140.0,13.983,1178000000.0,5.045,1.0,434000000.0,0.105,2371000000.0,315000000.0,14369000000.0,15114750000.0,275000000.0,108000000.0,0.0,108000000.0,6779000000.0,580000000.0,6199000000.0,9922882442.0,-334000000.0,14000000.0,1000000.0,-1148000000.0,-280000000.0,-1564000000.0,-413000000.0,25000000.0,1631000000.0,12000000.0,358000000.0,358000000.0,358000000.0,0.0,92000000.0,0.087,209000000.0,225000000.0,472000000.0,0.784,2.773,27.718,27.804,9175000000.0,0.0,42.54,2.403,2.405,307000000.0,2443000000.0,4130000000.0,4130000000.0,0.0,0.025,0.108,0.006,0.024,17000000.0,191000000.0,1.0,233260048.0,233500000.0,233900000.0,17.687,11092000000.0,33000000.0,-575000000.0,1049000000.0,47.503,885000000.0
4,CF,MRY,2016-12-31,2016-12-31,2016-12-31,2021-08-09,-398000000.0,15131000000.0,15526500000.0,2655000000.0,12476000000.0,0.237,14.363,-2197000000.0,1169000000.0,1169000000.0,2842000000.0,-158000000.0,3.87,2.58,5778000000.0,0.0,5778000000.0,5778000000.0,0.0,678000000.0,42000000.0,0.038,1.2,-145000000.0,533000000.0,0.145,533000000.0,-145000000.0,-345000000.0,-1.19,-1.19,-1.19,3348000000.0,3808500000.0,3348000000.0,11317434040.0,-78.0,21.233,-1580000000.0,-6.778,1.0,843000000.0,0.229,2345000000.0,200000000.0,16709000000.0,15977000000.0,339000000.0,139000000.0,0.0,139000000.0,8639000000.0,686000000.0,7953000000.0,7338434040.0,860000000.0,0.0,0.0,74000000.0,-280000000.0,2439000000.0,-2195000000.0,0.0,617000000.0,-1000000.0,-277000000.0,-277000000.0,-277000000.0,0.0,119000000.0,-0.075,560000000.0,283000000.0,638000000.0,-1.008,2.192,-26.493,-26.454,9652000000.0,0.0,31.48,1.991,1.991,236000000.0,2365000000.0,3685000000.0,3685000000.0,0.0,-0.018,-0.073,-0.009,-0.039,19000000.0,173000000.0,1.0,233114169.0,233100000.0,233100000.0,15.809,12786000000.0,841000000.0,-68000000.0,1631000000.0,54.852,1969000000.0
5,CF,MRY,2015-12-31,2015-12-31,2015-12-31,2021-08-09,-250000000.0,12683000000.0,12009125000.0,1127000000.0,11556000000.0,0.359,17.148,-2457000000.0,309000000.0,309000000.0,2761000000.0,734000000.0,0.928,2.056,5537000000.0,0.0,5537000000.0,5537000000.0,0.0,480000000.0,162000000.0,0.029,1.2,1229000000.0,1709000000.0,0.397,1709000000.0,1229000000.0,1096000000.0,2.97,2.96,2.97,4035000000.0,4081200000.0,4035000000.0,14135304462.0,12.0,8.271,-1250000000.0,-5.312,1.0,1547000000.0,0.359,2390000000.0,133000000.0,14306000000.0,12708825000.0,321000000.0,298000000.0,0.0,298000000.0,8296000000.0,1215000000.0,7081000000.0,9511804462.0,-1711000000.0,-552000000.0,-548000000.0,1000000000.0,-282000000.0,77000000.0,-2976000000.0,13000000.0,1207000000.0,-19000000.0,700000000.0,700000000.0,700000000.0,0.0,34000000.0,0.162,319000000.0,1228000000.0,918000000.0,0.404,2.357,13.588,13.741,8539000000.0,0.0,40.81,2.208,2.229,267000000.0,3058000000.0,4308000000.0,4308000000.0,0.0,0.058,0.172,0.097,0.285,17000000.0,170000000.0,1.0,233075336.0,235300000.0,236100000.0,18.309,10293000000.0,185000000.0,396000000.0,921000000.0,43.744,-88000000.0
6,CF,MRY,2014-12-31,2014-12-31,2014-12-31,2021-08-09,-159800000.0,11254200000.0,11673600000.0,2530500000.0,8723700000.0,0.406,16.451,-1798000000.0,2082700000.0,2082700000.0,2965000000.0,1437000000.0,2.583,1.587,4592500000.0,0.0,4592500000.0,4592500000.0,0.0,393000000.0,325400000.0,0.018,1.0,2341000000.0,2734000000.0,0.576,2734000000.0,2341000000.0,2163000000.0,5.43,5.42,5.43,4209700000.0,4533200000.0,4209700000.0,15350437404.0,7.0,5.615,-377000000.0,-1.473,1.0,1778000000.0,0.375,2092800000.0,178000000.0,10691500000.0,10150075000.0,202900000.0,861500000.0,0.0,861500000.0,6681700000.0,979700000.0,5702000000.0,13554837404.0,286000000.0,1372000000.0,-1917000000.0,1494000000.0,-256000000.0,-787000000.0,-344000000.0,5000000.0,1421000000.0,-4000000.0,1390000000.0,1390000000.0,1390000000.0,0.0,47000000.0,0.293,205000000.0,1573000000.0,589900000.0,0.184,3.22,9.752,10.038,5525800000.0,0.0,54.508,2.858,2.941,191500000.0,3175300000.0,4743000000.0,4743000000.0,0.0,0.119,0.307,0.231,0.494,17000000.0,152000000.0,1.0,248676110.0,255900000.0,256700000.0,18.535,9161400000.0,34800000.0,773000000.0,750600000.0,35.801,1550800000.0
7,CF,MRY,2013-12-31,2013-12-31,2013-12-31,2021-08-09,-42600000.0,10678100000.0,10516775000.0,2630100000.0,8048000000.0,0.521,17.242,-811200000.0,1864800000.0,1864800000.0,2954500000.0,1532800000.0,3.175,1.032,3098100000.0,0.0,3098100000.0,3098100000.0,0.0,410600000.0,120600000.0,0.009,0.44,2303300000.0,2713900000.0,0.496,2713900000.0,2303300000.0,2151100000.0,4.97,4.95,4.97,5076100000.0,5223225000.0,5076100000.0,14056544151.0,6.0,5.179,655600000.0,2.227,1.0,2520200000.0,0.46,2095800000.0,152200000.0,8987300000.0,8148025000.0,274300000.0,926000000.0,0.0,926000000.0,5239700000.0,828300000.0,4411400000.0,13356144151.0,-564100000.0,-72500000.0,-1398800000.0,1498000000.0,-129100000.0,-980300000.0,-1019300000.0,13500000.0,1466800000.0,-31300000.0,1464600000.0,1464600000.0,1464600000.0,0.0,68200000.0,0.268,150200000.0,2370000000.0,564100000.0,0.089,2.631,9.119,9.378,4101700000.0,0.0,46.608,2.44,2.506,230900000.0,3725600000.0,5474700000.0,5474700000.0,0.0,0.139,0.28,0.283,0.421,-900000.0,166000000.0,1.0,286563340.0,294400000.0,296000000.0,18.596,8582300000.0,93400000.0,686500000.0,906500000.0,29.152,1801800000.0
8,CF,MRY,2012-12-31,2012-12-31,2012-12-31,2021-08-09,-49600000.0,10166900000.0,9771350000.0,2807600000.0,7359300000.0,0.625,18.473,-506500000.0,2274900000.0,2274900000.0,2990700000.0,1923400000.0,2.955,0.658,1605000000.0,5000000.0,1600000000.0,1605000000.0,0.0,419800000.0,380700000.0,0.008,0.32,2948200000.0,3368000000.0,0.552,3368000000.0,2948200000.0,2812900000.0,5.788,5.718,5.788,5902200000.0,5327700000.0,5902200000.0,12156487642.0,4.0,3.609,1869100000.0,5.85,1.0,3113300000.0,0.51,2064500000.0,135300000.0,6482300000.0,6429500000.0,277900000.0,935600000.0,0.0,935600000.0,3884700000.0,950200000.0,2934500000.0,12772787642.0,1067900000.0,0.0,-485400000.0,-13000000.0,-102700000.0,-796800000.0,-513500000.0,48400000.0,2375600000.0,2600000.0,1848700000.0,1848700000.0,1848700000.0,0.0,74700000.0,0.303,200900000.0,2912400000.0,366500000.0,0.055,2.164,6.909,7.02,3900500000.0,0.0,40.632,2.093,2.127,217400000.0,3461100000.0,6104000000.0,6104000000.0,0.0,0.189,0.347,0.459,0.483,-24200000.0,151800000.0,1.0,314352915.0,319500000.0,323500000.0,19.105,8102400000.0,9500000.0,964200000.0,1125900000.0,25.36,1857400000.0
9,CF,MRY,2011-12-31,2011-12-31,2011-12-31,2021-08-09,-99300000.0,8974500000.0,9207550000.0,1798600000.0,7175900000.0,0.662,13.104,-192500000.0,1207000000.0,1207000000.0,3202300000.0,1761000000.0,1.744,0.889,1617800000.0,0.0,1617800000.0,1617800000.0,0.0,416200000.0,257200000.0,0.007,0.2,2612900000.0,3029100000.0,0.497,3029100000.0,2612900000.0,2465700000.0,4.436,4.396,4.436,4547000000.0,4510350000.0,4547000000.0,10616148408.0,4.0,3.505,1886400000.0,5.436,1.0,2895600000.0,0.475,2064500000.0,147200000.0,6289600000.0,6227225000.0,304200000.0,928600000.0,0.0,928600000.0,4041600000.0,1031200000.0,3010400000.0,10424548408.0,409300000.0,0.0,-984700000.0,-346000000.0,-68700000.0,-1499400000.0,-173800000.0,37900000.0,2078900000.0,3600000.0,1539200000.0,1539200000.0,1539200000.0,0.0,221800000.0,0.252,155300000.0,2740300000.0,327700000.0,0.045,2.293,6.773,6.537,3736000000.0,0.0,28.996,1.71,1.65,269400000.0,2841000000.0,6097900000.0,6097900000.0,0.0,0.167,0.341,0.42,0.428,-36600000.0,130000000.0,1.0,359516775.0,347000000.0,350000000.0,17.573,6910000000.0,0.0,926500000.0,1175400000.0,19.914,767400000.0
10,CF,MRY,2010-12-31,2010-12-31,2010-12-31,2021-08-09,-53300000.0,8754000000.0,7149975000.0,1341400000.0,7412600000.0,0.555,12.521,-241600000.0,797700000.0,797700000.0,2785500000.0,440700000.0,1.414,1.067,1959000000.0,4900000.0,1954100000.0,1959000000.0,0.0,394800000.0,431500000.0,0.003,0.08,844200000.0,1239000000.0,0.312,1239000000.0,844200000.0,622900000.0,1.08,1.068,1.08,4050400000.0,3349075000.0,4050400000.0,11220249076.0,13.0,9.056,952800000.0,2.945,1.0,1179500000.0,0.297,2064500000.0,221300000.0,6902200000.0,5804150000.0,270300000.0,1083000000.0,3100000.0,1079900000.0,4320600000.0,948600000.0,3372000000.0,9613049076.0,100600000.0,-3177800000.0,1155000000.0,1188500000.0,-26200000.0,1977000000.0,-3070200000.0,376700000.0,1194400000.0,-600000.0,349200000.0,349200000.0,349200000.0,0.0,91500000.0,0.088,294400000.0,885100000.0,323200000.0,0.074,2.373,27.529,25.028,3942300000.0,0.0,27.03,2.424,2.205,238900000.0,1370800000.0,3965000000.0,3965000000.0,0.0,0.049,0.104,0.145,0.213,2500000.0,106100000.0,1.0,355643695.0,323500000.0,327000000.0,12.257,6689500000.0,0.0,273700000.0,1175500000.0,20.679,392800000.0
11,CF,MRY,2009-12-31,2009-12-31,2009-12-31,2021-08-09,-43200000.0,2494900000.0,2409375000.0,1283100000.0,1211800000.0,1.083,7.129,-226400000.0,697100000.0,697100000.0,1769000000.0,448500000.0,2.674,0.434,4700000.0,0.0,4700000.0,4700000.0,0.0,101000000.0,159500000.0,0.004,0.08,613100000.0,714100000.0,0.274,714100000.0,613100000.0,611600000.0,1.508,1.484,1.508,1728900000.0,1599700000.0,1728900000.0,3915250616.0,6.0,5.483,455400000.0,1.878,1.0,839400000.0,0.322,900000.0,1500000.0,1321800000.0,1213125000.0,207800000.0,524700000.0,185000000.0,339700000.0,750000000.0,479800000.0,270200000.0,4408150616.0,72100000.0,0.0,3200000.0,0.0,-19400000.0,-123900000.0,-487700000.0,-251300000.0,681800000.0,1900000.0,365600000.0,365600000.0,365600000.0,0.0,82900000.0,0.14,159600000.0,679800000.0,172500000.0,0.053,2.55,12.057,12.04,793800000.0,0.0,18.156,1.69,1.688,167400000.0,1048100000.0,2608400000.0,2608400000.0,0.0,0.152,0.229,0.505,0.235,2000000.0,62900000.0,1.0,242793050.0,242500000.0,246000000.0,10.756,2494000000.0,14700000.0,246000000.0,120900000.0,10.285,803300000.0
12,CF,MRY,2008-12-31,2008-12-31,2008-12-31,2021-08-09,-75200000.0,2387600000.0,2676000000.0,1433200000.0,954400000.0,1.465,4.831,-131400000.0,625000000.0,625000000.0,2698400000.0,801500000.0,1.752,0.775,4100000.0,4100000.0,0.0,4100000.0,0.0,100800000.0,347800000.0,0.008,0.08,1064300000.0,1165100000.0,0.297,1165100000.0,1064300000.0,1062700000.0,2.47,2.426,2.47,1338100000.0,1503000000.0,1338100000.0,1971419460.0,2.0,1.692,507200000.0,1.831,1.0,1222700000.0,0.312,900000.0,1600000.0,947700000.0,982250000.0,588600000.0,222600000.0,0.0,222600000.0,1036900000.0,818100000.0,218800000.0,2795219460.0,258500000.0,0.0,-490100000.0,0.0,-22000000.0,-540500000.0,159500000.0,295900000.0,638600000.0,900000.0,684600000.0,684600000.0,684600000.0,0.0,116900000.0,0.175,72500000.0,1150200000.0,207900000.0,0.032,2.089,4.083,3.981,661900000.0,0.0,9.832,0.713,0.695,175100000.0,703400000.0,3921100000.0,3921100000.0,0.0,0.256,0.455,1.084,0.271,-16000000.0,68000000.0,1.0,284298155.0,277000000.0,282000000.0,14.156,2386700000.0,26300000.0,378100000.0,72400000.0,8.616,615100000.0
13,CF,MRY,2007-12-31,2007-12-31,2007-12-31,2021-08-09,-21200000.0,2012500000.0,1755850000.0,1279100000.0,733400000.0,1.57,4.262,-101000000.0,366500000.0,366500000.0,2086700000.0,427300000.0,2.033,0.695,4900000.0,0.0,4900000.0,4900000.0,0.0,84500000.0,305800000.0,0.001,0.016,573900000.0,658400000.0,0.239,658400000.0,573900000.0,572200000.0,1.34,1.312,1.34,1187000000.0,994750000.0,1187000000.0,6005300000.0,10.0,9.121,589100000.0,2.115,1.0,670000000.0,0.243,900000.0,1700000.0,1020700000.0,1082175000.0,231700000.0,536100000.0,494500000.0,41600000.0,825500000.0,629300000.0,196200000.0,6053300000.0,341100000.0,-39600000.0,16600000.0,0.0,-4500000.0,-4900000.0,-343100000.0,-194300000.0,690100000.0,-1000000.0,372700000.0,372700000.0,372700000.0,0.0,54600000.0,0.135,68400000.0,601600000.0,210400000.0,0.012,5.1,16.242,16.427,623600000.0,0.0,22.012,2.196,2.224,148700000.0,416800000.0,2756700000.0,2756700000.0,0.0,0.212,0.375,0.53,0.208,-3600000.0,65200000.0,1.0,275000000.0,278500000.0,284000000.0,9.898,2011600000.0,0.0,199500000.0,65400000.0,7.223,649800000.0
14,CF,MRY,2006-12-31,2006-12-31,2006-12-31,2021-08-09,-33400000.0,1290400000.0,1266250000.0,633100000.0,657300000.0,1.605,2.789,-59300000.0,25400000.0,25400000.0,1885700000.0,33300000.0,1.791,0.682,4200000.0,0.0,4200000.0,4200000.0,0.0,94600000.0,102700000.0,0.003,0.016,55900000.0,150500000.0,0.074,150500000.0,55900000.0,53000000.0,0.12,0.12,0.12,767000000.0,762700000.0,767000000.0,1397356270.0,25.0,9.285,144300000.0,0.525,1.0,147200000.0,0.072,900000.0,2900000.0,914900000.0,894175000.0,176100000.0,300200000.0,300200000.0,0.0,523400000.0,353400000.0,170000000.0,1414356270.0,-12000000.0,0.0,100000.0,0.0,-4400000.0,-23300000.0,-191300000.0,-120900000.0,203600000.0,-1000000.0,33300000.0,33300000.0,33300000.0,0.0,0.0,0.016,75900000.0,71300000.0,172300000.0,0.133,1.844,42.473,42.733,597000000.0,0.0,5.128,0.696,0.694,113900000.0,48600000.0,2032900000.0,2032900000.0,0.0,0.026,0.044,0.063,0.027,8100000.0,54500000.0,1.0,275810505.0,275000000.0,275500000.0,7.392,1289500000.0,1700000.0,19700000.0,11700000.0,4.689,279700000.0
15,CF,MRY,2005-12-31,2005-12-31,2005-12-31,2021-08-09,-7400000.0,1228100000.0,1392400000.0,552700000.0,675400000.0,1.413,2.749,-69400000.0,37400000.0,37400000.0,1758700000.0,-39000000.0,1.62,0.625,4200000.0,0.0,4200000.0,4200000.0,0.0,97500000.0,131600000.0,0.001,0.004,103700000.0,201200000.0,0.102,201200000.0,103700000.0,89700000.0,-0.408,-0.408,-0.408,755900000.0,771600000.0,755900000.0,803030776.0,8.0,3.991,67800000.0,0.247,1.0,209200000.0,0.106,900000.0,14000000.0,852900000.0,1091300000.0,227700000.0,179300000.0,179300000.0,0.0,472200000.0,341100000.0,131100000.0,839172776.0,-12600000.0,18600000.0,715400000.0,-281200000.0,-1100000.0,-290700000.0,139300000.0,190100000.0,137200000.0,1600000.0,-39000000.0,-39000000.0,-39000000.0,0.0,0.0,-0.02,71100000.0,138100000.0,171600000.0,-0.01,1.11,-21.517,-7.475,630100000.0,0.0,3.05,0.426,0.426,52800000.0,19700000.0,1967900000.0,1967900000.0,0.0,-0.028,-0.051,0.095,0.053,3700000.0,57000000.0,1.0,275138615.0,274999995.0,274999995.0,7.156,1227200000.0,1100000.0,128700000.0,14200000.0,4.463,211600000.0
16,CF,MRY,2004-12-31,2004-12-31,2004-12-31,2021-08-09,-12300000.0,1556700000.0,1480789500.0,798500000.0,758200000.0,1.115,2.863,-33700000.0,50000000.0,50000000.0,1434600000.0,67700000.0,1.838,0.977,258800000.0,19900000.0,238900000.0,258800000.0,0.0,108600000.0,211500000.0,,0.0,131800000.0,240400000.0,0.146,240400000.0,131800000.0,109100000.0,,,,787300000.0,760405500.0,787300000.0,,,,310500000.0,1.129,1.0,216100000.0,0.131,1300000.0,22700000.0,1329700000.0,1300047000.0,241300000.0,388000000.0,369300000.0,18700000.0,769400000.0,434500000.0,334900000.0,,-27200000.0,2000000.0,0.0,-34900000.0,0.0,-61300000.0,-309300000.0,-277600000.0,344200000.0,-800000.0,67700000.0,67700000.0,67700000.0,0.0,0.0,0.041,66900000.0,149200000.0,169200000.0,,,,,645600000.0,0.0,,,,41500000.0,59800000.0,1650700000.0,1650700000.0,0.0,0.046,0.089,0.101,0.08,0.0,41800000.0,1.0,275000000.0,275000000.0,,6.003,1555400000.0,110200000.0,41400000.0,0.0,5.656,364000000.0
17,CF,MRY,2003-12-31,2003-12-31,2003-12-31,2021-08-09,1598000.0,1404879000.0,,525982000.0,878897000.0,,,-28700000.0,77146000.0,77146000.0,1335500000.0,-18400000.0,1.505,0.915,293503000.0,38753000.0,254750000.0,293503000.0,0.0,105000000.0,166022000.0,,0.0,-7100000.0,97900000.0,0.071,97900000.0,-7100000.0,-31000000.0,,,,733511000.0,,733511000.0,,,,108200000.0,,1.0,34400000.0,0.025,1327000.0,23900000.0,1270394000.0,,206284000.0,113195000.0,91725000.0,21470000.0,671368000.0,349515000.0,321853000.0,,20700000.0,3600000.0,0.0,-33400000.0,0.0,-40400000.0,-78600000.0,-53500000.0,136900000.0,2800000.0,-18400000.0,-18400000.0,-18400000.0,0.0,0.0,-0.013,40000000.0,-5600000.0,132935000.0,,,,,708696000.0,0.0,,,,92821000.0,-7952000.0,1369900000.0,1369900000.0,0.0,,,,-0.005,0.0,38400000.0,1.0,,,,,1403552000.0,133568000.0,-12600000.0,0.0,,176467000.0
18,CF,MRY,2002-12-31,2002-12-31,2002-12-31,2021-08-09,,,,,,,,-26303000.0,,,986295000.0,-28120000.0,,,,,,,,108471000.0,,,0.0,-21155000.0,87316000.0,0.086,87316000.0,-21155000.0,-44720000.0,,,,,,,,,,50576000.0,,1.0,27776000.0,0.027,,23565000.0,,,,,,,,,,,7551000.0,900000.0,0.0,-8736000.0,0.0,-9912000.0,-59817000.0,-34414000.0,76879000.0,401000.0,-28120000.0,-28120000.0,-28120000.0,0.0,0.0,-0.028,46611000.0,-18835000.0,,,,,,,0.0,,,,,,1014071000.0,1014071000.0,0.0,,,,-0.021,0.0,37317000.0,1.0,,,,,,,-16600000.0,,,
0,CF,MRQ,2021-06-30,2021-06-30,2021-06-30,2021-08-09,-296000000.0,12007000000.0,,1569000000.0,10438000000.0,,15.063,-110000000.0,777000000.0,777000000.0,1085000000.0,317000000.0,2.44,1.864,3946000000.0,83000000.0,3863000000.0,3946000000.0,0.0,243000000.0,9000000.0,0.023,0.3,377000000.0,620000000.0,0.39,620000000.0,377000000.0,331000000.0,1.14,1.14,1.14,3246000000.0,,3246000000.0,14199791811.0,20.0,8.803,18000000.0,0.084,1.0,503000000.0,0.317,2378000000.0,46000000.0,12155000000.0,,290000000.0,82000000.0,0.0,82000000.0,6049000000.0,643000000.0,5406000000.0,11036791811.0,-27000000.0,0.0,19000000.0,0.0,-65000000.0,-46000000.0,-111000000.0,0.0,128000000.0,2000000.0,246000000.0,246000000.0,246000000.0,0.0,71000000.0,0.155,64000000.0,439000000.0,545000000.0,0.263,3.4,24.203,24.269,7665000000.0,0.0,51.45,2.407,2.418,401000000.0,2183000000.0,1588000000.0,1588000000.0,0.0,,,,,8000000.0,60000000.0,1.0,214514904.0,215500000.0,216600000.0,7.369,9629000000.0,68000000.0,85000000.0,1156000000.0,44.682,926000000.0
1,CF,MRQ,2021-03-31,2021-03-31,2021-03-31,2021-08-09,-305000000.0,12011000000.0,,1489000000.0,10522000000.0,,14.095,-71000000.0,804000000.0,804000000.0,759000000.0,175000000.0,1.671,2.093,3967000000.0,88000000.0,3879000000.0,3967000000.0,0.0,204000000.0,341000000.0,0.026,0.3,217000000.0,421000000.0,0.402,421000000.0,217000000.0,169000000.0,0.7,0.7,0.7,3029000000.0,,3029000000.0,13258569001.0,21.0,8.816,507000000.0,2.359,1.0,289000000.0,0.276,2377000000.0,48000000.0,11906000000.0,,379000000.0,91000000.0,0.0,91000000.0,6341000000.0,891000000.0,5450000000.0,9718569001.0,121000000.0,0.0,7000000.0,-255000000.0,-65000000.0,-387000000.0,-71000000.0,0.0,578000000.0,1000000.0,151000000.0,151000000.0,151000000.0,0.0,24000000.0,0.144,53000000.0,236000000.0,451000000.0,0.429,3.209,24.296,24.267,7741000000.0,0.0,45.38,2.313,2.321,271000000.0,2013000000.0,1048000000.0,1048000000.0,0.0,,,,,8000000.0,55000000.0,1.0,214159740.0,214900000.0,216000000.0,4.877,9634000000.0,11000000.0,18000000.0,1180000000.0,44.83,598000000.0
2,CF,MRQ,2020-12-31,2020-12-31,2020-12-31,2021-08-09,-320000000.0,12023000000.0,,1367000000.0,10656000000.0,,13.616,-103000000.0,683000000.0,683000000.0,922000000.0,119000000.0,1.509,2.197,4223000000.0,337000000.0,3886000000.0,4223000000.0,0.0,230000000.0,130000000.0,0.031,0.3,123000000.0,353000000.0,0.32,353000000.0,123000000.0,85000000.0,0.41,0.4,0.41,2922000000.0,,2922000000.0,11975695908.0,23.0,8.44,187000000.0,0.871,1.0,180000000.0,0.163,2374000000.0,38000000.0,12283000000.0,,287000000.0,80000000.0,0.0,80000000.0,6420000000.0,906000000.0,5514000000.0,8280695908.0,130000000.0,5000000.0,1000000.0,0.0,-65000000.0,-69000000.0,-98000000.0,0.0,290000000.0,7000000.0,87000000.0,87000000.0,87000000.0,0.0,32000000.0,0.079,27000000.0,153000000.0,424000000.0,0.732,2.834,26.122,26.155,7891000000.0,0.0,38.71,2.008,2.017,265000000.0,1927000000.0,1102000000.0,1102000000.0,0.0,,,,,5000000.0,52000000.0,1.0,213916195.0,214600000.0,214900000.0,5.135,9649000000.0,97000000.0,-2000000.0,1184000000.0,44.963,461000000.0
3,CF,MRQ,2020-09-30,2020-09-30,2020-09-30,2021-08-09,-388000000.0,11931000000.0,,1171000000.0,10760000000.0,,13.212,-85000000.0,553000000.0,553000000.0,764000000.0,4000000.0,1.72,2.285,4248000000.0,93000000.0,4155000000.0,4248000000.0,0.0,212000000.0,143000000.0,0.039,0.3,7000000.0,219000000.0,0.259,219000000.0,7000000.0,-41000000.0,-0.13,-0.13,-0.13,2826000000.0,,2826000000.0,10247252988.0,19.0,7.314,138000000.0,0.645,1.0,83000000.0,0.098,2357000000.0,48000000.0,12588000000.0,,298000000.0,86000000.0,0.0,86000000.0,6456000000.0,681000000.0,5775000000.0,6568252988.0,-10000000.0,1000000.0,1000000.0,0.0,-64000000.0,-150000000.0,-84000000.0,0.0,223000000.0,1000000.0,-28000000.0,-28000000.0,-28000000.0,0.0,32000000.0,-0.033,45000000.0,38000000.0,424000000.0,-2.308,2.324,23.047,23.09,8008000000.0,0.0,30.71,1.613,1.614,234000000.0,1905000000.0,847000000.0,847000000.0,0.0,,,,,7000000.0,49000000.0,1.0,213879941.0,213900000.0,213900000.0,3.96,9574000000.0,53000000.0,-13000000.0,1204000000.0,44.759,490000000.0
4,CF,MRQ,2020-06-30,2020-06-30,2020-06-30,2021-08-09,-426000000.0,11950000000.0,,1136000000.0,10814000000.0,,13.394,-52000000.0,563000000.0,563000000.0,870000000.0,218000000.0,1.847,2.219,4242000000.0,92000000.0,4150000000.0,4242000000.0,0.0,239000000.0,8000000.0,0.043,0.3,272000000.0,511000000.0,0.424,511000000.0,272000000.0,223000000.0,0.89,0.89,0.89,2873000000.0,,2873000000.0,10012255375.0,15.0,6.451,374000000.0,1.744,1.0,334000000.0,0.277,2346000000.0,49000000.0,12668000000.0,,273000000.0,94000000.0,0.0,94000000.0,6374000000.0,615000000.0,5759000000.0,6016255375.0,-190000000.0,0.0,0.0,-500000000.0,-64000000.0,-565000000.0,-52000000.0,0.0,426000000.0,1000000.0,190000000.0,190000000.0,190000000.0,0.0,28000000.0,0.158,57000000.0,277000000.0,389000000.0,0.337,2.094,15.916,16.08,8070000000.0,0.0,28.14,1.412,1.416,250000000.0,1997000000.0,1204000000.0,1204000000.0,0.0,,,,,6000000.0,51000000.0,1.0,213797277.0,214500000.0,214600000.0,5.613,9604000000.0,20000000.0,33000000.0,1284000000.0,44.774,521000000.0
5,CF,MRQ,2020-03-31,2020-03-31,2020-03-31,2021-08-09,-440000000.0,12441000000.0,,1480000000.0,10961000000.0,,12.63,-67000000.0,753000000.0,753000000.0,767000000.0,91000000.0,1.198,2.58,4749000000.0,594000000.0,4155000000.0,4749000000.0,0.0,211000000.0,239000000.0,0.044,0.3,125000000.0,336000000.0,0.346,336000000.0,125000000.0,81000000.0,0.31,0.31,0.31,2728000000.0,,2728000000.0,9832856014.0,12.0,5.661,225000000.0,1.042,1.0,204000000.0,0.21,2346000000.0,44000000.0,12856000000.0,,379000000.0,91000000.0,0.0,91000000.0,7038000000.0,1235000000.0,5803000000.0,5879856014.0,466000000.0,0.0,-97000000.0,500000000.0,-65000000.0,242000000.0,-65000000.0,0.0,292000000.0,-3000000.0,68000000.0,68000000.0,68000000.0,0.0,23000000.0,0.07,60000000.0,144000000.0,378000000.0,0.968,2.155,12.484,12.71,8225000000.0,0.0,27.2,1.289,1.288,251000000.0,1961000000.0,971000000.0,971000000.0,0.0,,,,,7000000.0,54000000.0,1.0,216171177.0,216000000.0,216600000.0,4.495,10095000000.0,78000000.0,13000000.0,1236000000.0,46.736,245000000.0
6,CF,MRQ,2019-12-31,2019-12-31,2019-12-31,2021-08-09,-366000000.0,12172000000.0,,974000000.0,11198000000.0,,13.338,-108000000.0,287000000.0,287000000.0,822000000.0,94000000.0,1.465,2.256,4240000000.0,90000000.0,4150000000.0,4240000000.0,0.0,212000000.0,119000000.0,0.025,0.3,123000000.0,335000000.0,0.319,335000000.0,123000000.0,68000000.0,0.26,0.26,0.26,2897000000.0,,2897000000.0,14332194657.0,17.0,8.28,194000000.0,0.893,1.0,227000000.0,0.216,2365000000.0,55000000.0,13095000000.0,,351000000.0,88000000.0,0.0,88000000.0,6535000000.0,665000000.0,5870000000.0,10380194657.0,-732000000.0,0.0,-88000000.0,-769000000.0,-65000000.0,-930000000.0,-108000000.0,0.0,302000000.0,4000000.0,55000000.0,55000000.0,55000000.0,0.0,39000000.0,0.052,53000000.0,174000000.0,437000000.0,1.154,3.583,21.055,21.312,8450000000.0,0.0,47.74,2.261,2.29,242000000.0,1958000000.0,1049000000.0,1049000000.0,0.0,,,,,4000000.0,63000000.0,1.0,217431811.0,217200000.0,218900000.0,4.83,9807000000.0,71000000.0,13000000.0,1247000000.0,45.152,309000000.0
7,CF,MRQ,2019-09-30,2019-09-30,2019-09-30,2021-08-09,-374000000.0,12902000000.0,,1669000000.0,11233000000.0,,13.607,-135000000.0,1019000000.0,1019000000.0,810000000.0,114000000.0,1.341,2.423,4971000000.0,586000000.0,4385000000.0,4971000000.0,0.0,223000000.0,184000000.0,0.024,0.3,147000000.0,370000000.0,0.356,370000000.0,147000000.0,84000000.0,0.29,0.29,0.29,2980000000.0,,2980000000.0,14870631279.0,17.0,8.387,375000000.0,1.712,1.0,228000000.0,0.22,2344000000.0,63000000.0,13265000000.0,,296000000.0,87000000.0,0.0,87000000.0,7221000000.0,1245000000.0,5976000000.0,10741631279.0,161000000.0,0.0,-60000000.0,0.0,-67000000.0,-227000000.0,-120000000.0,0.0,510000000.0,-2000000.0,65000000.0,65000000.0,65000000.0,0.0,49000000.0,0.063,26000000.0,202000000.0,459000000.0,1.034,3.605,22.057,22.466,8511000000.0,0.0,49.2,2.299,2.306,311000000.0,2109000000.0,1038000000.0,1038000000.0,0.0,,,,,7000000.0,56000000.0,1.0,218325839.0,219000000.0,220700000.0,4.74,10558000000.0,17000000.0,19000000.0,1242000000.0,48.21,424000000.0
8,CF,MRQ,2019-06-30,2019-06-30,2019-06-30,2021-08-09,-344000000.0,12863000000.0,,1488000000.0,11375000000.0,,13.867,-16000000.0,858000000.0,858000000.0,1003000000.0,320000000.0,1.428,2.298,4987000000.0,587000000.0,4400000000.0,4987000000.0,0.0,252000000.0,21000000.0,0.026,0.3,444000000.0,696000000.0,0.463,696000000.0,444000000.0,385000000.0,1.28,1.28,1.28,3066000000.0,,3066000000.0,14643537826.0,17.0,8.43,371000000.0,1.678,1.0,499000000.0,0.332,2353000000.0,59000000.0,13597000000.0,,290000000.0,101000000.0,0.0,101000000.0,7045000000.0,1042000000.0,6003000000.0,10326537826.0,187000000.0,0.0,-118000000.0,0.0,-66000000.0,-184000000.0,-16000000.0,0.0,387000000.0,0.0,283000000.0,283000000.0,283000000.0,0.0,37000000.0,0.188,25000000.0,474000000.0,416000000.0,0.234,3.368,22.846,23.01,8617000000.0,0.0,46.71,2.209,2.209,313000000.0,2111000000.0,1502000000.0,1502000000.0,0.0,,,,,11000000.0,62000000.0,1.0,221077667.0,221100000.0,222300000.0,6.793,10510000000.0,1000000.0,102000000.0,1220000000.0,47.535,446000000.0
9,CF,MRQ,2019-03-31,2019-03-31,2019-03-31,2021-08-09,-341000000.0,12942000000.0,,1412000000.0,11530000000.0,,13.227,-75000000.0,671000000.0,671000000.0,781000000.0,118000000.0,1.709,2.461,4988000000.0,85000000.0,4903000000.0,4988000000.0,0.0,188000000.0,301000000.0,0.029,0.3,142000000.0,330000000.0,0.33,330000000.0,142000000.0,82000000.0,0.4,0.4,0.4,2955000000.0,,2955000000.0,13127765970.0,20.0,8.552,231000000.0,1.034,1.0,220000000.0,0.22,2360000000.0,60000000.0,14073000000.0,,446000000.0,100000000.0,0.0,100000000.0,7272000000.0,826000000.0,6446000000.0,9111765970.0,-11000000.0,0.0,-85000000.0,0.0,-67000000.0,-242000000.0,-75000000.0,0.0,306000000.0,0.0,90000000.0,90000000.0,90000000.0,0.0,28000000.0,0.09,62000000.0,158000000.0,432000000.0,0.75,3.084,28.744,29.623,8756000000.0,0.0,40.88,2.037,2.042,264000000.0,2047000000.0,1001000000.0,1001000000.0,0.0,,,,,6000000.0,58000000.0,1.0,222890557.0,223400000.0,224600000.0,4.481,10582000000.0,1000000.0,-8000000.0,1138000000.0,47.368,586000000.0
10,CF,MRQ,2018-12-31,2018-12-31,2018-12-31,2021-08-09,-371000000.0,12661000000.0,,1274000000.0,11387000000.0,,12.917,-137000000.0,682000000.0,682000000.0,890000000.0,95000000.0,1.807,2.343,4698000000.0,0.0,4698000000.0,4698000000.0,0.0,221000000.0,149000000.0,0.028,0.3,156000000.0,377000000.0,0.333,377000000.0,156000000.0,95000000.0,0.22,0.21,0.22,2958000000.0,,2958000000.0,13716736468.0,21.0,8.919,117000000.0,0.511,1.0,242000000.0,0.214,2353000000.0,61000000.0,13619000000.0,,309000000.0,93000000.0,0.0,93000000.0,6930000000.0,705000000.0,6225000000.0,10041736468.0,-340000000.0,0.0,-378000000.0,0.0,-70000000.0,-456000000.0,-137000000.0,0.0,254000000.0,-1000000.0,49000000.0,49000000.0,49000000.0,0.0,46000000.0,0.043,53000000.0,189000000.0,545000000.0,1.364,3.395,34.627,34.808,8623000000.0,0.0,43.51,2.267,2.285,235000000.0,2463000000.0,1132000000.0,1132000000.0,0.0,,,,,5000000.0,51000000.0,1.0,230791461.0,229000000.0,230500000.0,4.943,10308000000.0,28000000.0,46000000.0,1122000000.0,45.013,569000000.0
11,CF,MRQ,2018-09-30,2018-09-30,2018-09-30,2021-08-09,-308000000.0,13156000000.0,,1597000000.0,11559000000.0,,14.715,-130000000.0,1022000000.0,1022000000.0,867000000.0,71000000.0,2.027,2.035,4697000000.0,0.0,4697000000.0,4697000000.0,0.0,233000000.0,313000000.0,0.022,0.3,101000000.0,334000000.0,0.321,334000000.0,101000000.0,42000000.0,0.13,0.13,0.13,3436000000.0,,3436000000.0,16677034014.0,33.0,11.786,515000000.0,2.206,1.0,173000000.0,0.166,2361000000.0,59000000.0,13682000000.0,,264000000.0,96000000.0,0.0,96000000.0,6993000000.0,788000000.0,6205000000.0,12710034014.0,294000000.0,0.0,-81000000.0,0.0,-70000000.0,-231000000.0,-120000000.0,0.0,645000000.0,0.0,30000000.0,30000000.0,30000000.0,0.0,41000000.0,0.029,42000000.0,131000000.0,467000000.0,2.308,3.699,18.003,18.026,8772000000.0,0.0,54.44,2.891,2.892,273000000.0,2474000000.0,1040000000.0,1040000000.0,0.0,,,,,6000000.0,53000000.0,1.0,233468663.0,233500000.0,235200000.0,4.454,10795000000.0,17000000.0,12000000.0,1087000000.0,46.231,809000000.0
12,CF,MRQ,2018-06-30,2018-06-30,2018-06-30,2021-08-09,-309000000.0,12987000000.0,,1348000000.0,11639000000.0,,15.197,-69000000.0,728000000.0,728000000.0,988000000.0,174000000.0,2.797,1.874,4695000000.0,0.0,4695000000.0,4695000000.0,0.0,241000000.0,21000000.0,0.027,0.3,253000000.0,494000000.0,0.38,494000000.0,253000000.0,192000000.0,0.63,0.63,0.63,3556000000.0,,3556000000.0,14118168593.0,39.0,11.259,247000000.0,1.056,1.0,312000000.0,0.24,2364000000.0,61000000.0,14108000000.0,,257000000.0,94000000.0,0.0,94000000.0,6665000000.0,482000000.0,6183000000.0,10361168593.0,-208000000.0,6000000.0,2000000.0,0.0,-70000000.0,-456000000.0,-63000000.0,0.0,316000000.0,-5000000.0,148000000.0,148000000.0,148000000.0,0.0,26000000.0,0.114,56000000.0,256000000.0,429000000.0,0.476,2.914,17.591,17.619,8841000000.0,0.0,44.4,2.452,2.458,338000000.0,2514000000.0,1300000000.0,1300000000.0,0.0,,,,,5000000.0,53000000.0,1.0,233359653.0,234000000.0,234900000.0,5.556,10623000000.0,1000000.0,44000000.0,1074000000.0,45.397,866000000.0
13,CF,MRQ,2018-03-31,2018-03-31,2018-03-31,2021-08-09,-248000000.0,13522000000.0,,1660000000.0,11862000000.0,,15.366,-60000000.0,936000000.0,936000000.0,767000000.0,88000000.0,2.652,1.908,4693000000.0,0.0,4693000000.0,4693000000.0,0.0,193000000.0,154000000.0,0.032,0.3,140000000.0,333000000.0,0.348,333000000.0,140000000.0,80000000.0,0.27,0.27,0.27,3594000000.0,,3594000000.0,12659109009.0,65.0,11.886,222000000.0,0.949,1.0,190000000.0,0.199,2381000000.0,60000000.0,14272000000.0,,401000000.0,100000000.0,0.0,100000000.0,6857000000.0,626000000.0,6231000000.0,8802109009.0,101000000.0,4000000.0,2000000.0,0.0,-70000000.0,-127000000.0,-55000000.0,0.0,282000000.0,1000000.0,63000000.0,63000000.0,63000000.0,0.0,25000000.0,0.066,36000000.0,154000000.0,447000000.0,1.111,2.449,19.825,19.858,9031000000.0,0.0,37.73,2.173,2.179,247000000.0,2436000000.0,957000000.0,957000000.0,0.0,,,,,6000000.0,57000000.0,1.0,233292049.0,233900000.0,234800000.0,4.091,11141000000.0,55000000.0,17000000.0,1086000000.0,47.631,1034000000.0
14,CF,MRQ,2017-12-31,2017-12-31,2017-12-31,2021-08-09,-263000000.0,13463000000.0,,1465000000.0,11998000000.0,,15.269,-176000000.0,835000000.0,835000000.0,956000000.0,503000000.0,2.526,1.894,4692000000.0,0.0,4692000000.0,4692000000.0,0.0,235000000.0,89000000.0,0.028,0.3,19000000.0,254000000.0,0.231,254000000.0,19000000.0,-55000000.0,1.99,1.99,1.99,3579000000.0,,3579000000.0,13716882442.0,140.0,13.983,54000000.0,0.23,1.0,143000000.0,0.13,2371000000.0,74000000.0,14369000000.0,,275000000.0,108000000.0,0.0,108000000.0,6779000000.0,580000000.0,6199000000.0,9922882442.0,-1157000000.0,2000000.0,0.0,-1148000000.0,-70000000.0,-1229000000.0,-157000000.0,16000000.0,230000000.0,-1000000.0,465000000.0,465000000.0,465000000.0,0.0,38000000.0,0.423,55000000.0,88000000.0,472000000.0,0.151,2.773,27.718,27.804,9175000000.0,0.0,42.54,2.403,2.405,307000000.0,2443000000.0,1099000000.0,1099000000.0,0.0,,,,,4000000.0,51000000.0,1.0,233260048.0,234400000.0,236000000.0,4.689,11092000000.0,33000000.0,-520000000.0,1049000000.0,47.321,885000000.0
15,CF,MRQ,2017-09-30,2017-09-30,2017-09-30,2021-08-09,-275000000.0,14857000000.0,,2651000000.0,12206000000.0,,13.581,-104000000.0,1992000000.0,1992000000.0,859000000.0,-68000000.0,1.709,2.721,5786000000.0,798000000.0,4988000000.0,5786000000.0,0.0,226000000.0,92000000.0,0.034,0.3,-53000000.0,173000000.0,0.199,173000000.0,-53000000.0,-134000000.0,-0.37,-0.37,-0.37,3167000000.0,,3167000000.0,11978972431.0,-55.0,18.924,110000000.0,0.472,1.0,11000000.0,0.013,2369000000.0,81000000.0,14731000000.0,,316000000.0,109000000.0,0.0,109000000.0,8617000000.0,1551000000.0,7066000000.0,8200972431.0,-13000000.0,6000000.0,1000000.0,0.0,-70000000.0,-136000000.0,-98000000.0,0.0,214000000.0,7000000.0,-87000000.0,-87000000.0,-87000000.0,0.0,19000000.0,-0.1,43000000.0,-32000000.0,635000000.0,-0.811,2.59,-19.206,-19.109,9372000000.0,0.0,35.16,2.104,2.103,279000000.0,2048000000.0,870000000.0,870000000.0,0.0,,,,,5000000.0,45000000.0,1.0,233247225.0,233200000.0,233200000.0,3.731,12488000000.0,42000000.0,-47000000.0,1599000000.0,53.551,1100000000.0
16,CF,MRQ,2017-06-30,2017-06-30,2017-06-30,2021-08-09,-325000000.0,14936000000.0,,2675000000.0,12261000000.0,,14.004,-87000000.0,2005000000.0,2005000000.0,951000000.0,24000000.0,1.856,2.613,5783000000.0,797000000.0,4986000000.0,5783000000.0,0.0,217000000.0,5000000.0,0.043,0.3,88000000.0,305000000.0,0.271,305000000.0,88000000.0,8000000.0,0.01,0.01,0.01,3270000000.0,,3270000000.0,10983841668.0,-37.0,22.979,744000000.0,3.186,1.0,173000000.0,0.154,2360000000.0,80000000.0,14913000000.0,,325000000.0,120000000.0,0.0,120000000.0,8546000000.0,1441000000.0,7105000000.0,6519841668.0,689000000.0,6000000.0,0.0,0.0,-70000000.0,-75000000.0,-72000000.0,9000000.0,831000000.0,5000000.0,3000000.0,3000000.0,3000000.0,0.0,21000000.0,0.003,59000000.0,114000000.0,616000000.0,30.0,1.994,-17.621,-17.475,9441000000.0,0.0,27.96,1.758,1.761,282000000.0,2205000000.0,1124000000.0,1124000000.0,0.0,,,,,4000000.0,49000000.0,1.0,233184609.0,233500000.0,233700000.0,4.814,12576000000.0,34000000.0,5000000.0,1632000000.0,53.859,1234000000.0
17,CF,MRQ,2017-03-31,2017-03-31,2017-03-31,2021-08-09,-378000000.0,15185000000.0,,2805000000.0,12380000000.0,,14.067,-86000000.0,1316000000.0,1316000000.0,930000000.0,-9000000.0,3.288,2.684,5780000000.0,0.0,5780000000.0,5780000000.0,0.0,205000000.0,184000000.0,0.041,0.3,44000000.0,249000000.0,0.24,249000000.0,44000000.0,-36000000.0,-0.1,-0.1,-0.1,3279000000.0,,3279000000.0,11450916181.0,-64.0,20.558,270000000.0,1.158,1.0,107000000.0,0.103,2350000000.0,80000000.0,16446000000.0,,364000000.0,141000000.0,0.0,141000000.0,8802000000.0,853000000.0,7949000000.0,6841916181.0,147000000.0,0.0,0.0,0.0,-70000000.0,-124000000.0,-86000000.0,0.0,356000000.0,1000000.0,-23000000.0,-23000000.0,-23000000.0,0.0,14000000.0,-0.022,52000000.0,55000000.0,657000000.0,-3.0,2.087,-20.987,-20.816,9552000000.0,0.0,29.35,1.84,1.84,252000000.0,2272000000.0,1037000000.0,1037000000.0,0.0,,,,,4000000.0,46000000.0,1.0,233114691.0,233100000.0,233100000.0,4.449,12835000000.0,844000000.0,-13000000.0,1616000000.0,55.062,1952000000.0
18,CF,MRQ,2016-12-31,2016-12-31,2016-12-31,2021-08-09,-398000000.0,15131000000.0,,2655000000.0,12476000000.0,,14.381,-386000000.0,1169000000.0,1169000000.0,770000000.0,-288000000.0,3.87,2.58,5778000000.0,0.0,5778000000.0,5778000000.0,0.0,203000000.0,42000000.0,0.038,0.3,-297000000.0,-94000000.0,-0.108,-94000000.0,-297000000.0,-367000000.0,-1.38,-1.38,-1.38,3348000000.0,,3348000000.0,11317434040.0,-78.0,21.233,-360000000.0,-1.546,1.0,97000000.0,0.112,2345000000.0,70000000.0,16709000000.0,,339000000.0,139000000.0,0.0,139000000.0,8639000000.0,686000000.0,7953000000.0,7338434040.0,-408000000.0,0.0,0.0,74000000.0,-71000000.0,-30000000.0,-404000000.0,0.0,26000000.0,0.0,-320000000.0,-320000000.0,-320000000.0,0.0,32000000.0,-0.369,59000000.0,38000000.0,638000000.0,-0.217,2.192,-26.493,-26.454,9652000000.0,0.0,31.48,1.991,1.991,236000000.0,2365000000.0,867000000.0,867000000.0,0.0,,,,,4000000.0,32000000.0,1.0,233114169.0,232800000.0,231900000.0,3.724,12786000000.0,841000000.0,-47000000.0,1631000000.0,54.923,1969000000.0
19,CF,MRQ,2016-09-30,2016-09-30,2016-09-30,2021-08-09,-273000000.0,15632000000.0,,2931000000.0,12701000000.0,,16.559,-434000000.0,1561000000.0,1561000000.0,678000000.0,0.0,3.034,2.241,5540000000.0,0.0,5540000000.0,5540000000.0,0.0,148000000.0,86000000.0,0.049,0.3,-130000000.0,18000000.0,0.026,18000000.0,-130000000.0,-161000000.0,-0.13,-0.13,-0.13,3860000000.0,,3860000000.0,9201713333.0,33.0,10.351,-289000000.0,-1.24,1.0,2000000.0,0.003,2359000000.0,31000000.0,16286000000.0,,312000000.0,287000000.0,0.0,287000000.0,8652000000.0,966000000.0,7686000000.0,5676713333.0,-454000000.0,0.0,0.0,0.0,-69000000.0,-166000000.0,-433000000.0,0.0,145000000.0,0.0,-30000000.0,-30000000.0,-30000000.0,0.0,30000000.0,-0.044,101000000.0,-99000000.0,843000000.0,-2.308,1.471,81.096,81.167,9725000000.0,0.0,24.35,1.443,1.443,207000000.0,2892000000.0,680000000.0,680000000.0,0.0,,,,,6000000.0,44000000.0,1.0,233129911.0,233100000.0,233100000.0,2.917,13273000000.0,830000000.0,-131000000.0,1643000000.0,56.941,1965000000.0
20,CF,MRQ,2016-06-30,2016-06-30,2016-06-30,2021-08-09,-243000000.0,15762000000.0,,3374000000.0,12388000000.0,,17.077,-703000000.0,2015000000.0,2015000000.0,607000000.0,83000000.0,4.365,2.158,5540000000.0,0.0,5540000000.0,5540000000.0,0.0,181000000.0,13000000.0,0.05,0.3,203000000.0,384000000.0,0.339,384000000.0,203000000.0,142000000.0,0.2,0.2,0.2,3984000000.0,,3984000000.0,8455555808.0,15.0,7.417,-603000000.0,-2.585,1.0,527000000.0,0.465,2363000000.0,61000000.0,16151000000.0,,231000000.0,289000000.0,0.0,289000000.0,8597000000.0,773000000.0,7824000000.0,5617555808.0,-681000000.0,0.0,0.0,0.0,-70000000.0,-82000000.0,-696000000.0,0.0,100000000.0,-3000000.0,47000000.0,47000000.0,47000000.0,0.0,36000000.0,0.041,280000000.0,247000000.0,742000000.0,1.5,1.41,29.566,29.39,9413000000.0,0.0,24.1,1.344,1.345,239000000.0,2991000000.0,1134000000.0,1134000000.0,0.0,,,,,5000000.0,52000000.0,1.0,233093602.0,233300000.0,233500000.0,4.861,13399000000.0,855000000.0,95000000.0,1788000000.0,57.432,2601000000.0
21,CF,MRQ,2016-03-31,2016-03-31,2016-03-31,2021-08-09,-202000000.0,15581000000.0,,3520000000.0,12061000000.0,,17.333,-674000000.0,2701000000.0,2701000000.0,787000000.0,47000000.0,2.765,2.075,5539000000.0,0.0,5539000000.0,5539000000.0,0.0,146000000.0,227000000.0,0.038,0.3,79000000.0,225000000.0,0.224,225000000.0,79000000.0,41000000.0,0.11,0.11,0.11,4042000000.0,,4042000000.0,12588707305.0,14.0,8.736,-328000000.0,-1.407,1.0,217000000.0,0.216,2384000000.0,38000000.0,14762000000.0,,304000000.0,298000000.0,0.0,298000000.0,8387000000.0,1273000000.0,7114000000.0,7304807305.0,2403000000.0,0.0,0.0,0.0,-70000000.0,2717000000.0,-662000000.0,0.0,346000000.0,2000000.0,26000000.0,26000000.0,26000000.0,0.0,21000000.0,0.026,120000000.0,97000000.0,880000000.0,2.727,1.807,14.757,14.783,9052000000.0,0.0,31.34,1.676,1.677,262000000.0,3014000000.0,1004000000.0,1004000000.0,0.0,,,,,4000000.0,45000000.0,1.0,233082556.0,233200000.0,233500000.0,4.305,13197000000.0,207000000.0,15000000.0,959000000.0,56.591,2247000000.0
22,CF,MRQ,2015-12-31,2015-12-31,2015-12-31,2021-08-09,-250000000.0,12683000000.0,,1127000000.0,11556000000.0,,17.303,-675000000.0,309000000.0,309000000.0,835000000.0,36000000.0,0.928,2.056,5537000000.0,0.0,5537000000.0,5537000000.0,0.0,132000000.0,162000000.0,0.029,0.3,130000000.0,262000000.0,0.235,262000000.0,130000000.0,90000000.0,0.12,0.12,0.12,4035000000.0,,4035000000.0,14135304462.0,12.0,8.271,-542000000.0,-2.324,1.0,280000000.0,0.251,2390000000.0,40000000.0,14306000000.0,,321000000.0,298000000.0,0.0,298000000.0,8296000000.0,1215000000.0,7081000000.0,9511804462.0,-657000000.0,2000000.0,0.0,0.0,-70000000.0,-102000000.0,-677000000.0,0.0,133000000.0,-11000000.0,27000000.0,27000000.0,27000000.0,0.0,9000000.0,0.024,88000000.0,192000000.0,918000000.0,2.5,2.357,13.588,13.741,8539000000.0,0.0,40.81,2.208,2.229,267000000.0,3058000000.0,1115000000.0,1115000000.0,0.0,,,,,4000000.0,50000000.0,1.0,233075336.0,233200000.0,233700000.0,4.781,10293000000.0,185000000.0,63000000.0,921000000.0,44.138,-88000000.0
23,CF,MRQ,2015-09-30,2015-09-30,2015-09-30,2021-08-09,-213600000.0,12869800000.0,,1764200000.0,11105600000.0,,17.64,-758000000.0,969100000.0,969100000.0,763000000.0,97000000.0,1.385,2.043,5592600000.0,0.0,5592600000.0,5592600000.0,0.0,129000000.0,381900000.0,0.027,0.3,140000000.0,269000000.0,0.29,269000000.0,140000000.0,110000000.0,0.39,0.39,0.39,4112000000.0,,4112000000.0,14192545546.0,9.0,7.269,-183000000.0,-0.785,1.0,165000000.0,0.178,2407200000.0,30000000.0,13812500000.0,,329800000.0,359800000.0,0.0,359800000.0,8402300000.0,1273600000.0,7128700000.0,10463845546.0,133000000.0,-554000000.0,-32000000.0,1000000000.0,-69000000.0,859000000.0,-1298000000.0,0.0,575000000.0,-3000000.0,90000000.0,90000000.0,90000000.0,0.0,7000000.0,0.097,112000000.0,53000000.0,825400000.0,0.769,2.545,11.486,11.723,7939600000.0,0.0,44.9,2.373,2.374,251900000.0,3101300000.0,928000000.0,928000000.0,0.0,,,,,7000000.0,42000000.0,1.0,233047785.0,233100000.0,234000000.0,3.981,10462600000.0,178800000.0,20000000.0,913700000.0,44.885,490600000.0
24,CF,MRQ,2015-06-30,2015-06-30,2015-06-30,2021-08-09,-205800000.0,10998400000.0,,1366400000.0,9632000000.0,,17.5,-582000000.0,863900000.0,863900000.0,625000000.0,365000000.0,1.813,1.585,4592600000.0,0.0,4592600000.0,4592600000.0,0.0,104000000.0,17300000.0,0.019,0.3,581000000.0,685000000.0,0.523,685000000.0,581000000.0,552000000.0,1.5,1.49,1.5,4115900000.0,,4115900000.0,17878520587.0,11.0,8.821,-614000000.0,-2.611,1.0,686000000.0,0.523,2090800000.0,29000000.0,11882800000.0,,205300000.0,808700000.0,0.0,808700000.0,6522600000.0,753500000.0,5769100000.0,15128120587.0,-969000000.0,0.0,-286000000.0,0.0,-71000000.0,-366000000.0,-571000000.0,13000000.0,-32000000.0,0.0,352000000.0,352000000.0,352000000.0,0.0,13000000.0,0.268,61000000.0,625000000.0,701200000.0,0.2,3.676,15.893,16.191,6465600000.0,0.0,64.28,3.436,3.434,194900000.0,3080300000.0,1311000000.0,1311000000.0,0.0,,,,,3000000.0,38000000.0,1.0,235347240.0,235200000.0,236100000.0,5.574,8907600000.0,68500000.0,200000000.0,788900000.0,37.872,612900000.0
25,CF,MRQ,2015-03-31,2015-03-31,2015-03-31,2021-08-09,-240300000.0,11485300000.0,,2379700000.0,9105600000.0,,16.946,-442000000.0,1842100000.0,1842100000.0,538000000.0,236000000.0,1.815,1.74,4592500000.0,0.0,4592500000.0,4592500000.0,0.0,115000000.0,495200000.0,0.019,0.3,378000000.0,493000000.0,0.517,493000000.0,378000000.0,344000000.0,0.96,0.96,0.96,4061900000.0,,4061900000.0,16100316476.0,10.0,8.214,89000000.0,0.371,1.0,416000000.0,0.436,2090400000.0,34000000.0,10834000000.0,,267700000.0,853500000.0,0.0,853500000.0,7066800000.0,1311300000.0,5755500000.0,13590516476.0,-218000000.0,0.0,-230000000.0,0.0,-72000000.0,-314000000.0,-430000000.0,0.0,531000000.0,-5000000.0,231000000.0,231000000.0,231000000.0,0.0,5000000.0,0.242,58000000.0,358000000.0,693200000.0,0.312,3.346,14.894,15.376,5925000000.0,0.0,56.736,2.978,2.979,167100000.0,3334100000.0,954000000.0,954000000.0,0.0,,,,,3000000.0,40000000.0,1.0,239539560.0,239700000.0,240600000.0,3.98,9394900000.0,82800000.0,113000000.0,862400000.0,39.194,1068400000.0
26,CF,MRQ,2014-12-31,2014-12-31,2014-12-31,2021-08-09,-159800000.0,11254200000.0,,2530500000.0,8723700000.0,,17.071,-535500000.0,2082700000.0,2082700000.0,772500000.0,251300000.0,2.583,1.587,4592500000.0,0.0,4592500000.0,4592500000.0,0.0,94500000.0,325400000.0,0.018,0.3,411000000.0,505500000.0,0.416,505500000.0,411000000.0,370100000.0,0.98,0.99,0.98,4209700000.0,,4209700000.0,15350437404.0,7.0,5.615,-291400000.0,-1.182,1.0,443800000.0,0.365,2092800000.0,40900000.0,10691500000.0,,202900000.0,861500000.0,0.0,861500000.0,6681700000.0,979700000.0,5702000000.0,13554837404.0,-654400000.0,18400000.0,-337800000.0,-200000.0,-74600000.0,-432500000.0,-465900000.0,0.0,244100000.0,-100000.0,238000000.0,238000000.0,238000000.0,0.0,13300000.0,0.196,44100000.0,399700000.0,589900000.0,0.306,3.22,9.752,10.038,5525800000.0,0.0,54.508,2.858,2.941,191500000.0,3175300000.0,1216300000.0,1216300000.0,0.0,,,,,12100000.0,32600000.0,1.0,248676110.0,246600000.0,247100000.0,4.932,9161400000.0,34800000.0,132100000.0,750600000.0,37.151,1550800000.0
27,CF,MRQ,2014-09-30,2014-09-30,2014-09-30,2021-08-09,-72400000.0,11659800000.0,,3338700000.0,8321100000.0,,18.104,-583400000.0,2796800000.0,2796800000.0,620300000.0,140600000.0,3.183,1.513,4592400000.0,0.0,4592400000.0,4592400000.0,0.0,95400000.0,460800000.0,0.016,0.3,247800000.0,343200000.0,0.372,343200000.0,247800000.0,201400000.0,0.53,0.52,0.53,4497100000.0,,4497100000.0,15622361231.0,6.0,5.428,38200000.0,0.154,1.0,301100000.0,0.327,2094000000.0,46400000.0,10312600000.0,,254800000.0,925200000.0,0.0,925200000.0,6804500000.0,1048800000.0,5755700000.0,13869061231.0,457100000.0,0.0,2300000.0,0.0,-74200000.0,-82700000.0,-78400000.0,5000000.0,621600000.0,-3400000.0,130900000.0,130900000.0,130900000.0,0.0,9700000.0,0.142,63900000.0,237200000.0,555700000.0,0.566,3.084,9.385,10.183,5050200000.0,0.0,55.844,2.858,2.858,156900000.0,3679100000.0,921400000.0,921400000.0,0.0,,,,,100000.0,38200000.0,1.0,248353650.0,248400000.0,249300000.0,3.709,9565800000.0,83300000.0,70500000.0,823300000.0,38.51,2289900000.0
28,CF,MRQ,2014-06-30,2014-06-30,2014-06-30,2021-08-09,-22400000.0,11304900000.0,,3405700000.0,7899200000.0,,17.557,-288000000.0,2839100000.0,2839100000.0,882400000.0,324700000.0,4.728,1.441,4592400000.0,0.0,4592400000.0,4592400000.0,0.0,97800000.0,63400000.0,0.014,0.2,520500000.0,618300000.0,0.42,618300000.0,520500000.0,469800000.0,1.22,1.22,1.22,4482300000.0,,4482300000.0,12934014902.0,5.0,4.284,-482700000.0,-1.891,1.0,590300000.0,0.401,2095700000.0,50700000.0,10242200000.0,,205000000.0,943000000.0,0.0,943000000.0,6459800000.0,720300000.0,5739500000.0,12525214902.0,-1336100000.0,0.0,-809100000.0,0.0,-52000000.0,-874600000.0,-268700000.0,0.0,-194700000.0,1900000.0,312600000.0,312600000.0,312600000.0,0.0,12100000.0,0.212,61100000.0,529200000.0,551900000.0,0.164,2.794,7.922,8.334,4605100000.0,0.0,48.106,2.491,2.442,258300000.0,3622400000.0,1472700000.0,1472700000.0,0.0,,,,,5500000.0,39500000.0,1.0,260367000.0,255300000.0,256000000.0,5.769,9209200000.0,52500000.0,157200000.0,917100000.0,36.072,2685400000.0
29,CF,MRQ,2014-03-31,2014-03-31,2014-03-31,2021-08-09,-52000000.0,12475500000.0,,4911100000.0,7564400000.0,,18.043,-391100000.0,4183500000.0,4183500000.0,689800000.0,720400000.0,3.421,1.45,4592300000.0,0.0,4592300000.0,4592300000.0,0.0,105300000.0,477300000.0,0.011,0.2,1161700000.0,1267000000.0,1.119,1267000000.0,1161700000.0,1121700000.0,2.588,2.58,2.588,4943700000.0,,4943700000.0,15689926963.0,5.0,4.725,358900000.0,1.31,1.0,442800000.0,0.391,2094600000.0,40000000.0,9354000000.0,,384400000.0,933500000.0,0.0,933500000.0,7167200000.0,1435700000.0,5731500000.0,14456626963.0,1819400000.0,1353600000.0,-772400000.0,1494200000.0,-55200000.0,602800000.0,469000000.0,0.0,750000000.0,-2400000.0,708500000.0,708500000.0,708500000.0,0.0,11900000.0,0.626,35900000.0,406900000.0,593700000.0,0.077,2.924,8.183,8.357,4281900000.0,0.0,52.128,2.743,2.71,215700000.0,4378900000.0,1132600000.0,1132600000.0,0.0,,,,,-700000.0,41700000.0,1.0,277329400.0,274000000.0,274500000.0,4.134,10380900000.0,44600000.0,413200000.0,1168100000.0,37.886,3475400000.0
30,CF,MRQ,2013-12-31,2013-12-31,2013-12-31,2021-08-09,-42600000.0,10678100000.0,,2630100000.0,8048000000.0,,17.899,-189400000.0,1864800000.0,1864800000.0,732500000.0,341400000.0,3.175,1.032,3098100000.0,0.0,3098100000.0,3098100000.0,0.0,96800000.0,120600000.0,0.009,0.2,552800000.0,649600000.0,0.49,649600000.0,552800000.0,513000000.0,1.146,1.148,1.146,5076100000.0,,5076100000.0,14056544151.0,6.0,5.179,-151900000.0,-0.536,1.0,593800000.0,0.448,2095800000.0,39800000.0,8987300000.0,,274300000.0,926000000.0,0.0,926000000.0,5239700000.0,828300000.0,4411400000.0,13356144151.0,-575400000.0,-72500000.0,-293600000.0,0.0,-57200000.0,-315000000.0,-288400000.0,6900000.0,37500000.0,-9500000.0,325800000.0,325800000.0,325800000.0,0.0,15600000.0,0.246,38400000.0,555400000.0,564100000.0,0.175,2.631,9.119,9.378,4101700000.0,0.0,46.608,2.44,2.506,230900000.0,3725600000.0,1326300000.0,1326300000.0,0.0,,,,,1000000.0,45000000.0,1.0,286563340.0,283600000.0,285500000.0,4.677,8582300000.0,93400000.0,187200000.0,906500000.0,30.262,1801800000.0
31,CF,MRQ,2013-09-30,2013-09-30,2013-09-30,2021-08-09,-72600000.0,10799000000.0,,3059700000.0,7739300000.0,,17.822,-226800000.0,2397600000.0,2397600000.0,710900000.0,243900000.0,3.352,1.045,3098000000.0,0.0,3098000000.0,3098000000.0,0.0,100100000.0,433300000.0,0.008,0.08,384100000.0,484200000.0,0.441,484200000.0,384100000.0,343100000.0,0.818,0.814,0.818,5105900000.0,,5105900000.0,13166595407.0,5.0,4.527,634200000.0,2.214,1.0,386100000.0,0.352,2064500000.0,41000000.0,8522000000.0,,357400000.0,931800000.0,0.0,931800000.0,5337000000.0,912900000.0,4424100000.0,12076895407.0,352100000.0,0.0,-194800000.0,0.0,-23000000.0,-235500000.0,-265000000.0,1000000.0,861000000.0,-8400000.0,234100000.0,234100000.0,234100000.0,0.0,9800000.0,0.213,11900000.0,374200000.0,466900000.0,0.098,2.365,7.504,7.95,4250000000.0,0.0,42.166,2.145,2.146,186900000.0,3880600000.0,1097000000.0,1097000000.0,0.0,,,,,1500000.0,32200000.0,1.0,286413115.0,286500000.0,287500000.0,3.829,8734500000.0,79900000.0,109000000.0,873700000.0,30.487,2146800000.0
32,CF,MRQ,2013-06-30,2013-06-30,2013-06-30,2021-08-09,-115300000.0,10251600000.0,,2719500000.0,7532100000.0,,16.848,-245500000.0,2008300000.0,2008300000.0,849700000.0,518100000.0,4.712,0.986,3098000000.0,0.0,3098000000.0,3098000000.0,0.0,106600000.0,67700000.0,0.009,0.08,813400000.0,920000000.0,0.536,920000000.0,813400000.0,781100000.0,1.686,1.676,1.686,4978600000.0,,4978600000.0,9562393200.0,3.0,3.024,-355900000.0,-1.204,1.0,865200000.0,0.505,2064500000.0,32300000.0,8699700000.0,,321000000.0,898600000.0,0.0,898600000.0,4908200000.0,577100000.0,4331100000.0,10167893200.0,-276200000.0,0.0,-414900000.0,1498000000.0,-23700000.0,98600000.0,-269200000.0,5600000.0,-110400000.0,4800000.0,498200000.0,498200000.0,498200000.0,0.0,19900000.0,0.291,41000000.0,824200000.0,489900000.0,0.047,2.042,5.716,5.942,4086500000.0,0.0,34.3,1.726,1.72,294300000.0,3673100000.0,1714900000.0,1714900000.0,0.0,,,,,2400000.0,44500000.0,1.0,296440035.0,295500000.0,297500000.0,5.803,8187100000.0,69400000.0,282900000.0,799100000.0,27.706,2142400000.0
33,CF,MRQ,2013-03-31,2013-03-31,2013-03-31,2021-08-09,-110100000.0,10338400000.0,,2907700000.0,7430700000.0,,18.402,-149500000.0,2210300000.0,2210300000.0,661400000.0,429400000.0,2.262,0.736,1604800000.0,4800000.0,1600000000.0,1604800000.0,0.0,107100000.0,698600000.0,0.008,0.08,553000000.0,660100000.0,0.494,660100000.0,553000000.0,513900000.0,1.306,1.294,1.306,5732300000.0,,5732300000.0,11324220405.0,4.0,3.412,529200000.0,1.699,1.0,675100000.0,0.505,2064500000.0,39100000.0,6383100000.0,,385800000.0,905800000.0,0.0,905800000.0,4220700000.0,1285300000.0,2935400000.0,11994120405.0,-64600000.0,0.0,-495500000.0,0.0,-25200000.0,-528400000.0,-196700000.0,0.0,678700000.0,-18200000.0,406500000.0,406500000.0,406500000.0,0.0,22900000.0,0.304,58900000.0,616200000.0,448500000.0,0.061,2.092,6.357,6.378,3938100000.0,0.0,38.074,2.028,2.006,242700000.0,3842400000.0,1336500000.0,1336500000.0,0.0,,,,,-5800000.0,44300000.0,1.0,315021285.0,311500000.0,314000000.0,4.291,8273900000.0,38500000.0,107400000.0,1008700000.0,26.561,1622400000.0
34,CF,MRQ,2012-12-31,2012-12-31,2012-12-31,2021-08-09,-49600000.0,10166900000.0,,2807600000.0,7359300000.0,,18.737,-256700000.0,2274900000.0,2274900000.0,825200000.0,355300000.0,2.955,0.658,1605000000.0,5000000.0,1600000000.0,1605000000.0,0.0,101100000.0,380700000.0,0.008,0.08,743300000.0,844400000.0,0.57,844400000.0,743300000.0,712900000.0,1.494,1.48,1.494,5902200000.0,,5902200000.0,12156487642.0,4.0,3.609,164600000.0,0.523,1.0,656200000.0,0.443,2064500000.0,30400000.0,6482300000.0,,277900000.0,935600000.0,0.0,935600000.0,3884700000.0,950200000.0,2934500000.0,12772787642.0,53600000.0,0.0,2000000.0,0.0,-25300000.0,-76700000.0,-292500000.0,17400000.0,421300000.0,1500000.0,470700000.0,470700000.0,470700000.0,0.0,-115400000.0,0.318,47600000.0,608600000.0,366500000.0,0.054,2.164,6.909,7.02,3900500000.0,0.0,40.632,2.093,2.127,217400000.0,3461100000.0,1481400000.0,1481400000.0,0.0,,,,,-3000000.0,40200000.0,1.0,314352915.0,315000000.0,319000000.0,4.703,8102400000.0,9500000.0,242200000.0,1125900000.0,25.722,1857400000.0
35,CF,MRQ,2012-09-30,2012-09-30,2012-09-30,2021-08-09,-37900000.0,10182700000.0,,3015200000.0,7167500000.0,,17.38,-99200000.0,2221300000.0,2221300000.0,657400000.0,458100000.0,2.526,0.77,1605000000.0,0.0,1605000000.0,1605000000.0,0.0,99700000.0,617600000.0,0.007,0.08,638000000.0,737700000.0,0.543,737700000.0,638000000.0,609300000.0,1.286,1.27,1.286,5457300000.0,,5457300000.0,14155649063.0,5.0,4.166,806400000.0,2.568,1.0,702000000.0,0.516,2064500000.0,28700000.0,6308300000.0,,310000000.0,991900000.0,0.0,991900000.0,4204600000.0,1193600000.0,3011000000.0,13933849063.0,838300000.0,0.0,7200000.0,0.0,-25100000.0,17700000.0,-84200000.0,15000000.0,905600000.0,-800000.0,403300000.0,403300000.0,403300000.0,0.0,54800000.0,0.297,45100000.0,656900000.0,393300000.0,0.062,2.553,7.669,7.909,3721800000.0,0.0,44.448,2.197,2.201,340900000.0,3015700000.0,1359400000.0,1359400000.0,0.0,,,,,-11400000.0,36500000.0,1.0,313486525.0,314000000.0,317500000.0,4.329,8118200000.0,118100000.0,206000000.0,1147700000.0,25.854,1821600000.0
36,CF,MRQ,2012-06-30,2012-06-30,2012-06-30,2021-08-09,-75200000.0,9118900000.0,,1996700000.0,7122200000.0,,15.612,-90200000.0,1383000000.0,1383000000.0,692300000.0,678300000.0,3.596,0.721,1604800000.0,0.0,1604800000.0,1604800000.0,0.0,115900000.0,121000000.0,0.008,0.08,960800000.0,1076700000.0,0.62,1076700000.0,960800000.0,915500000.0,1.884,1.862,1.884,5019400000.0,,5019400000.0,12621294108.0,4.0,3.814,355300000.0,1.105,1.0,1043300000.0,0.601,2064500000.0,45300000.0,6720900000.0,,229600000.0,999800000.0,0.0,999800000.0,3618700000.0,555300000.0,3063400000.0,12716694108.0,-330300000.0,0.0,-498100000.0,-13000000.0,-26100000.0,-703600000.0,-74200000.0,16000000.0,445500000.0,2000000.0,606300000.0,606300000.0,606300000.0,0.0,72000000.0,0.349,52100000.0,991200000.0,334400000.0,0.042,2.534,7.29,7.328,3700800000.0,0.0,38.748,1.992,1.951,360200000.0,2637500000.0,1735600000.0,1735600000.0,0.0,,,,,-3600000.0,41300000.0,1.0,328189690.0,321500000.0,326000000.0,5.398,7054400000.0,0.0,309200000.0,1064300000.0,21.942,1441400000.0
37,CF,MRQ,2012-03-31,2012-03-31,2012-03-31,2021-08-09,-72000000.0,9616900000.0,,2458400000.0,7158500000.0,,15.059,-60400000.0,1713300000.0,1713300000.0,815800000.0,431700000.0,1.966,0.863,1617900000.0,0.0,1617900000.0,1617900000.0,0.0,103100000.0,399900000.0,0.007,0.08,606100000.0,709200000.0,0.464,709200000.0,606100000.0,575200000.0,1.124,1.108,1.124,4931900000.0,,4931900000.0,12370010030.0,5.0,3.956,542800000.0,1.657,1.0,711800000.0,0.466,2064500000.0,30900000.0,6206500000.0,,265500000.0,1005800000.0,0.0,1005800000.0,4256000000.0,1250500000.0,3005500000.0,11959210030.0,506300000.0,0.0,3500000.0,0.0,-26200000.0,-34200000.0,-62600000.0,0.0,603200000.0,-100000.0,368400000.0,368400000.0,368400000.0,0.0,63300000.0,0.241,56100000.0,655700000.0,319300000.0,0.071,2.425,7.357,7.665,3712500000.0,0.0,36.53,1.854,1.854,464900000.0,3183200000.0,1527600000.0,1527600000.0,0.0,,,,,-6200000.0,33800000.0,1.0,327380510.0,327500000.0,332500000.0,4.664,7552400000.0,0.0,206800000.0,1194600000.0,23.061,1207900000.0
38,CF,MRQ,2011-12-31,2011-12-31,2011-12-31,2021-08-09,-99300000.0,8974500000.0,,1798600000.0,7175900000.0,,13.884,-74600000.0,1207000000.0,1207000000.0,853200000.0,502200000.0,1.744,0.889,1617800000.0,0.0,1617800000.0,1617800000.0,0.0,101300000.0,257200000.0,0.007,0.08,772900000.0,874200000.0,0.509,874200000.0,772900000.0,740700000.0,1.326,1.314,1.326,4547000000.0,,4547000000.0,10616148408.0,4.0,3.505,49200000.0,0.15,1.0,865200000.0,0.503,2064500000.0,32200000.0,6289600000.0,,304200000.0,928600000.0,0.0,928600000.0,4041600000.0,1031200000.0,3010400000.0,10424548408.0,-219100000.0,0.0,-197300000.0,0.0,-26100000.0,-220200000.0,-124000000.0,1000000.0,123800000.0,1300000.0,438900000.0,438900000.0,438900000.0,0.0,63300000.0,0.255,45600000.0,819600000.0,327700000.0,0.06,2.293,6.773,6.537,3736000000.0,0.0,28.996,1.71,1.65,269400000.0,2841000000.0,1718400000.0,1718400000.0,0.0,,,,,-18900000.0,36800000.0,1.0,359516775.0,327500000.0,329000000.0,5.247,6910000000.0,0.0,301800000.0,1175400000.0,21.099,767400000.0
39,CF,MRQ,2011-09-30,2011-09-30,2011-09-30,2021-08-09,-67400000.0,9245800000.0,,2057900000.0,7187900000.0,,12.285,-59900000.0,1426100000.0,1426100000.0,765800000.0,382400000.0,1.37,1.055,1617700000.0,4700000.0,1613000000.0,1617700000.0,0.0,101600000.0,878200000.0,0.006,0.08,547900000.0,649500000.0,0.463,649500000.0,547900000.0,515800000.0,0.954,0.946,0.954,4262800000.0,,4262800000.0,9116148694.0,4.0,3.4,973100000.0,2.804,1.0,638000000.0,0.454,2064500000.0,32100000.0,5870400000.0,,341600000.0,1057000000.0,0.0,1057000000.0,4496000000.0,1502500000.0,2993500000.0,8853648694.0,70500000.0,0.0,-796000000.0,0.0,-28300000.0,-917500000.0,-47700000.0,12300000.0,1033000000.0,2700000.0,330900000.0,330900000.0,330900000.0,0.0,51500000.0,0.236,70700000.0,567300000.0,440400000.0,0.084,2.077,6.807,6.652,3739300000.0,0.0,24.678,1.576,1.524,268600000.0,2428200000.0,1403800000.0,1403800000.0,0.0,,,,,-4200000.0,30500000.0,1.0,358766865.0,347000000.0,349500000.0,4.046,7181300000.0,0.0,184900000.0,1180900000.0,20.695,555400000.0
40,CF,MRQ,2011-06-30,2011-06-30,2011-06-30,2021-08-09,-22200000.0,9420000000.0,,2080400000.0,7339600000.0,,13.599,-42300000.0,1355600000.0,1355600000.0,934300000.0,543800000.0,1.901,0.84,1618100000.0,5100000.0,1613000000.0,1618100000.0,0.0,94800000.0,401300000.0,0.003,0.02,799200000.0,894000000.0,0.496,894000000.0,799200000.0,768400000.0,1.362,1.35,1.362,4868500000.0,,4868500000.0,10611035144.0,6.0,4.679,208600000.0,0.583,1.0,867400000.0,0.481,2064500000.0,30800000.0,6523400000.0,,277000000.0,1088500000.0,3200000.0,1085300000.0,4088200000.0,1094600000.0,2993600000.0,10127035144.0,221500000.0,0.0,5700000.0,0.0,-7200000.0,-11200000.0,-18200000.0,24100000.0,250900000.0,0.0,487400000.0,487400000.0,487400000.0,0.0,56400000.0,0.271,36900000.0,830500000.0,346800000.0,0.015,2.08,9.949,9.797,3869500000.0,0.0,28.334,1.974,1.977,424500000.0,2125900000.0,1801700000.0,1801700000.0,0.0,,,,,-9900000.0,31700000.0,1.0,357416360.0,358000000.0,361000000.0,5.033,7355500000.0,0.0,281000000.0,1271800000.0,20.546,985800000.0
41,CF,MRQ,2011-03-31,2011-03-31,2011-03-31,2021-08-09,-26800000.0,9189900000.0,,1808800000.0,7381100000.0,,12.239,-15700000.0,1134100000.0,1134100000.0,649000000.0,332600000.0,1.307,1.008,1618100000.0,5100000.0,1613000000.0,1618100000.0,0.0,118500000.0,747300000.0,0.003,0.02,492900000.0,611400000.0,0.521,611400000.0,492900000.0,440800000.0,0.79,0.782,0.79,4363100000.0,,4363100000.0,10914144665.0,8.0,5.962,655500000.0,1.839,1.0,525000000.0,0.447,2064500000.0,52100000.0,6225500000.0,,395200000.0,1087600000.0,3200000.0,1084400000.0,4398300000.0,1383900000.0,3014400000.0,9752844665.0,336400000.0,0.0,2900000.0,-346000000.0,-7100000.0,-350500000.0,16100000.0,500000.0,671200000.0,-400000.0,282000000.0,282000000.0,282000000.0,0.0,50600000.0,0.24,2100000.0,522900000.0,338300000.0,0.025,2.235,15.344,14.852,3924100000.0,0.0,27.358,2.103,2.104,260300000.0,1645700000.0,1174000000.0,1174000000.0,0.0,,,,,-3600000.0,31000000.0,1.0,356489680.0,356500000.0,360500000.0,3.293,7125400000.0,0.0,158800000.0,1263500000.0,19.987,424900000.0
42,CF,MRQ,2010-12-31,2010-12-31,2010-12-31,2021-08-09,-53300000.0,8754000000.0,,1341400000.0,7412600000.0,,11.362,-65800000.0,797700000.0,797700000.0,753700000.0,226700000.0,1.414,1.067,1959000000.0,4900000.0,1954100000.0,1959000000.0,0.0,106300000.0,431500000.0,0.003,0.02,420300000.0,526600000.0,0.426,526600000.0,420300000.0,369600000.0,0.604,0.598,0.604,4050400000.0,,4050400000.0,11220249076.0,13.0,9.056,494600000.0,1.387,1.0,483900000.0,0.391,2064500000.0,50700000.0,6902200000.0,,270300000.0,1083000000.0,3100000.0,1079900000.0,4320600000.0,948600000.0,3372000000.0,9613049076.0,149300000.0,0.0,3800000.0,-300000000.0,12900000.0,-305200000.0,-105000000.0,15600000.0,560400000.0,-900000.0,200300000.0,200300000.0,200300000.0,0.0,26400000.0,0.162,52300000.0,431600000.0,323200000.0,0.033,2.373,27.529,25.028,3942300000.0,0.0,27.03,2.424,2.205,238900000.0,1370800000.0,1237600000.0,1237600000.0,0.0,,,,,-2100000.0,32800000.0,1.0,355643695.0,356500000.0,360000000.0,3.472,6689500000.0,0.0,169300000.0,1175500000.0,18.764,392800000.0
43,CF,MRQ,2010-09-30,2010-09-30,2010-09-30,2021-08-09,-36100000.0,8617500000.0,,1199000000.0,7418500000.0,,10.868,-81100000.0,648400000.0,648400000.0,747300000.0,71200000.0,1.653,1.117,2255600000.0,0.0,2255600000.0,2255600000.0,0.0,110400000.0,321100000.0,0.004,0.02,125400000.0,235800000.0,0.257,235800000.0,125400000.0,67100000.0,0.136,0.134,0.136,3863700000.0,,3863700000.0,8788062336.0,18.0,10.746,506900000.0,1.426,1.0,169800000.0,0.185,2096400000.0,58300000.0,7403000000.0,,271100000.0,1110900000.0,0.0,1110900000.0,4315600000.0,725300000.0,3590300000.0,6788262336.0,47000000.0,0.0,700000.0,-350000000.0,-7100000.0,-461800000.0,-79500000.0,800000.0,588000000.0,300000.0,48200000.0,48200000.0,48200000.0,0.0,23000000.0,0.053,38700000.0,131100000.0,329500000.0,0.147,1.757,33.89,29.844,3928800000.0,0.0,19.1,2.099,2.1,228800000.0,1177600000.0,917100000.0,917100000.0,0.0,,,,,1400000.0,28800000.0,1.0,355406405.0,355500000.0,359500000.0,2.58,6521100000.0,28600000.0,18900000.0,1075100000.0,18.343,473700000.0
44,CF,MRQ,2010-06-30,2010-06-30,2010-06-30,2021-08-09,-85300000.0,8595300000.0,,1267400000.0,7327900000.0,,11.19,-71700000.0,601400000.0,601400000.0,911100000.0,136600000.0,2.183,1.167,2601200000.0,18600000.0,2582600000.0,2601200000.0,0.0,149800000.0,10800000.0,0.006,0.02,306900000.0,456700000.0,0.349,456700000.0,306900000.0,195000000.0,0.312,0.308,0.312,3771000000.0,,3771000000.0,3502633538.0,8.0,5.151,-73200000.0,-0.217,1.0,396800000.0,0.303,2096400000.0,111900000.0,7918100000.0,,287300000.0,1064700000.0,0.0,1064700000.0,4400200000.0,580600000.0,3819600000.0,4508233538.0,-409100000.0,-3177800000.0,1150200000.0,1838500000.0,-27200000.0,2780200000.0,-3187900000.0,31600000.0,-1500000.0,100000.0,105100000.0,105100000.0,105100000.0,0.0,31500000.0,0.08,47900000.0,348900000.0,331600000.0,0.064,1.196,23.653,19.169,3907600000.0,0.0,12.69,1.641,1.557,347400000.0,1136800000.0,1307900000.0,1307900000.0,0.0,,,,,1800000.0,28300000.0,1.0,355258750.0,337000000.0,341000000.0,3.881,6498900000.0,7600000.0,89900000.0,1053100000.0,19.285,686800000.0
45,CF,MRQ,2010-03-31,2010-03-31,2010-03-31,2021-08-09,-54200000.0,2633100000.0,,1549800000.0,1083300000.0,,7.042,-23000000.0,1010500000.0,1010500000.0,373400000.0,6200000.0,2.447,0.522,4900000.0,0.0,4900000.0,4900000.0,0.0,28300000.0,282500000.0,0.004,0.02,-8400000.0,19900000.0,0.04,19900000.0,-8400000.0,-8800000.0,-0.018,-0.018,-0.018,1711200000.0,,1711200000.0,3736922345.0,7.0,6.148,24500000.0,0.101,1.0,129000000.0,0.257,900000.0,400000.0,993300000.0,,287200000.0,203800000.0,25200000.0,178600000.0,894100000.0,633300000.0,260800000.0,4429322345.0,313400000.0,0.0,300000.0,0.0,-4800000.0,-36200000.0,302200000.0,328700000.0,47500000.0,-100000.0,-4400000.0,-4400000.0,-4400000.0,0.0,10600000.0,-0.009,155500000.0,-26500000.0,181000000.0,-1.111,2.588,14.839,14.826,789700000.0,0.0,18.236,1.823,1.823,197500000.0,1038900000.0,502400000.0,502400000.0,0.0,,,,,1400000.0,16200000.0,1.0,242888920.0,243000000.0,243000000.0,2.067,2632200000.0,23000000.0,-4400000.0,113600000.0,10.832,916500000.0
46,CF,MRQ,2009-12-31,2009-12-31,2009-12-31,2021-08-09,-43200000.0,2494900000.0,,1283100000.0,1211800000.0,,7.086,-53900000.0,697100000.0,697100000.0,380600000.0,57300000.0,2.674,0.434,4700000.0,0.0,4700000.0,4700000.0,0.0,27700000.0,159500000.0,0.004,0.02,77700000.0,105400000.0,0.208,105400000.0,77700000.0,77300000.0,0.21,0.208,0.21,1728900000.0,,1728900000.0,3915250616.0,6.0,5.483,57400000.0,0.235,1.0,126100000.0,0.249,900000.0,400000.0,1321800000.0,,207800000.0,524700000.0,185000000.0,339700000.0,750000000.0,479800000.0,270200000.0,4408150616.0,199600000.0,0.0,300000.0,0.0,-4900000.0,-4400000.0,93600000.0,147500000.0,111300000.0,-900000.0,51400000.0,51400000.0,51400000.0,0.0,5900000.0,0.101,55000000.0,71100000.0,172500000.0,0.095,2.55,12.057,12.04,793800000.0,0.0,18.156,1.69,1.688,167400000.0,1048100000.0,506700000.0,506700000.0,0.0,,,,,1700000.0,15900000.0,1.0,242793050.0,244000000.0,246000000.0,2.077,2494000000.0,14700000.0,25900000.0,120900000.0,10.221,803300000.0
47,CF,MRQ,2009-09-30,2009-09-30,2009-09-30,2021-08-09,-64300000.0,2357100000.0,,1084800000.0,1272300000.0,,6.841,-50900000.0,497500000.0,497500000.0,306100000.0,60000000.0,3.296,0.36,4600000.0,4600000.0,0.0,4600000.0,0.0,27000000.0,123300000.0,0.005,0.02,71000000.0,98000000.0,0.228,98000000.0,71000000.0,70600000.0,0.158,0.156,0.158,1658900000.0,,1658900000.0,3366487611.0,4.0,3.627,32400000.0,0.134,1.0,124000000.0,0.288,900000.0,400000.0,1534200000.0,,219600000.0,633200000.0,205100000.0,428100000.0,597800000.0,329100000.0,268700000.0,4178387611.0,-318600000.0,0.0,1800000.0,0.0,-4900000.0,400000.0,-399600000.0,-346200000.0,83300000.0,-2700000.0,38500000.0,38500000.0,38500000.0,0.0,21500000.0,0.09,34200000.0,89800000.0,140000000.0,0.127,2.519,8.286,8.563,766900000.0,0.0,17.246,1.317,1.318,143300000.0,1001600000.0,430100000.0,430100000.0,0.0,,,,,-1800000.0,15100000.0,1.0,242281550.0,242500000.0,246500000.0,1.774,2356200000.0,0.0,32100000.0,122500000.0,9.716,755700000.0
48,CF,MRQ,2009-06-30,2009-06-30,2009-06-30,2021-08-09,-66100000.0,2279400000.0,,1284400000.0,995000000.0,,6.687,-52500000.0,816100000.0,816100000.0,564000000.0,248200000.0,4.15,0.364,4200000.0,4200000.0,0.0,4200000.0,0.0,24400000.0,70900000.0,0.005,0.02,360100000.0,384500000.0,0.388,384500000.0,360100000.0,359800000.0,0.88,0.866,0.88,1618300000.0,,1618300000.0,2788642889.0,3.0,3.0,142400000.0,0.588,1.0,427000000.0,0.431,900000.0,300000.0,1157100000.0,,213900000.0,285100000.0,105100000.0,180000000.0,589700000.0,309500000.0,280200000.0,3588542889.0,12300000.0,0.0,900000.0,0.0,-4800000.0,-115400000.0,-73100000.0,-20600000.0,194900000.0,5900000.0,213000000.0,213000000.0,213000000.0,0.0,35200000.0,0.215,31800000.0,395200000.0,175600000.0,0.023,2.217,6.997,7.333,738500000.0,0.0,14.828,0.953,0.953,137900000.0,969500000.0,991000000.0,991000000.0,0.0,,,,,700000.0,16500000.0,1.0,242011255.0,242000000.0,246000000.0,4.095,2278500000.0,0.0,146800000.0,132200000.0,9.415,974900000.0
49,CF,MRQ,2009-03-31,2009-03-31,2009-03-31,2021-08-09,-80300000.0,2506100000.0,,1495000000.0,1011100000.0,,5.755,-69100000.0,803800000.0,803800000.0,518300000.0,83000000.0,1.727,0.777,3900000.0,3900000.0,0.0,3900000.0,0.0,21900000.0,434600000.0,0.006,0.02,104300000.0,126200000.0,0.185,126200000.0,104300000.0,103900000.0,0.258,0.256,0.258,1392700000.0,,1392700000.0,2821314291.0,3.0,2.767,223200000.0,0.922,1.0,162300000.0,0.238,900000.0,400000.0,839400000.0,,460100000.0,246800000.0,35200000.0,211600000.0,1081500000.0,865900000.0,215600000.0,3442214291.0,178800000.0,0.0,200000.0,0.0,-4800000.0,-4500000.0,-108600000.0,-32000000.0,292300000.0,-400000.0,62700000.0,62700000.0,62700000.0,0.0,20300000.0,0.092,38600000.0,123700000.0,192000000.0,0.078,2.472,5.849,6.574,706400000.0,0.0,14.226,0.875,0.875,185400000.0,761300000.0,680600000.0,680600000.0,0.0,,,,,1400000.0,15400000.0,1.0,241966420.0,242000000.0,245500000.0,2.812,2505200000.0,18300000.0,41200000.0,95500000.0,10.352,629100000.0
50,CF,MRQ,2008-12-31,2008-12-31,2008-12-31,2021-08-09,-75200000.0,2387600000.0,,1433200000.0,954400000.0,,5.137,-27500000.0,625000000.0,625000000.0,711300000.0,239900000.0,1.752,0.775,4100000.0,4100000.0,0.0,4100000.0,0.0,25100000.0,347800000.0,0.008,0.02,294400000.0,319500000.0,0.298,319500000.0,294400000.0,294000000.0,0.718,0.708,0.718,1338100000.0,,1338100000.0,1971419460.0,2.0,1.692,-2800000.0,-0.011,1.0,360700000.0,0.336,900000.0,400000.0,947700000.0,,588600000.0,222600000.0,0.0,222600000.0,1036900000.0,818100000.0,218800000.0,2795219460.0,-203400000.0,0.0,-500000000.0,0.0,-5100000.0,-528900000.0,299600000.0,327100000.0,24700000.0,1200000.0,190100000.0,190100000.0,190100000.0,0.0,49800000.0,0.177,16800000.0,343900000.0,207900000.0,0.028,2.089,4.083,3.981,661900000.0,0.0,9.832,0.713,0.695,175100000.0,703400000.0,1072000000.0,1072000000.0,0.0,,,,,1200000.0,15000000.0,1.0,284298155.0,260500000.0,264000000.0,4.115,2386700000.0,26300000.0,103900000.0,72400000.0,9.162,615100000.0
51,CF,MRQ,2008-09-30,2008-09-30,2008-09-30,2021-08-09,-29800000.0,3018500000.0,,2041500000.0,977000000.0,,5.983,-33600000.0,828400000.0,828400000.0,899900000.0,76600000.0,2.126,0.779,4600000.0,0.0,4600000.0,4600000.0,0.0,24300000.0,578100000.0,0.003,0.02,75000000.0,99300000.0,0.097,99300000.0,75000000.0,74600000.0,0.166,0.164,0.166,1696300000.0,,1696300000.0,4365737924.0,4.0,4.053,63800000.0,0.225,1.0,120900000.0,0.118,900000.0,400000.0,1233400000.0,,617200000.0,563300000.0,323800000.0,239500000.0,1322200000.0,960400000.0,361800000.0,5166737924.0,22600000.0,0.0,5900000.0,0.0,-5600000.0,13900000.0,-88700000.0,-55100000.0,97400000.0,0.0,47100000.0,47100000.0,47100000.0,0.0,29500000.0,0.046,18300000.0,102600000.0,230000000.0,0.12,3.046,8.202,8.181,665100000.0,0.0,18.292,1.396,1.401,154000000.0,894400000.0,1020800000.0,1020800000.0,0.0,,,,,-11500000.0,16700000.0,1.0,282458885.0,283500000.0,288500000.0,3.601,3017600000.0,82300000.0,27500000.0,115200000.0,10.644,1081100000.0
52,CF,MRQ,2008-06-30,2008-06-30,2008-06-30,2021-08-09,-28300000.0,2767300000.0,,1770800000.0,996500000.0,,5.797,-36400000.0,805800000.0,805800000.0,691100000.0,307700000.0,1.937,0.693,4800000.0,0.0,4800000.0,4800000.0,0.0,25600000.0,413400000.0,0.002,0.02,448900000.0,474500000.0,0.409,474500000.0,448900000.0,448500000.0,1.022,1.002,1.022,1634700000.0,,1634700000.0,7766828795.0,7.0,6.864,182900000.0,0.649,1.0,469900000.0,0.405,900000.0,400000.0,1051300000.0,,368800000.0,514100000.0,238700000.0,275400000.0,1132600000.0,914100000.0,218500000.0,8614028795.0,-46200000.0,0.0,1900000.0,0.0,-5700000.0,-26700000.0,-238500000.0,-202100000.0,219300000.0,-300000.0,288600000.0,288600000.0,288600000.0,0.0,19100000.0,0.249,17800000.0,452100000.0,279400000.0,0.02,5.269,12.87,12.84,649300000.0,0.0,30.56,2.639,2.641,175300000.0,852900000.0,1161000000.0,1161000000.0,0.0,,,,,-3300000.0,18100000.0,1.0,281872670.0,282000000.0,288000000.0,4.117,2766400000.0,0.0,159900000.0,202200000.0,9.81,856700000.0
53,CF,MRQ,2008-03-31,2008-03-31,2008-03-31,2021-08-09,-27600000.0,2530600000.0,,1516500000.0,1014100000.0,,4.771,-33900000.0,852000000.0,852000000.0,396100000.0,177300000.0,1.538,0.884,4800000.0,0.0,4800000.0,4800000.0,0.0,25800000.0,553800000.0,0.002,0.02,246000000.0,271800000.0,0.407,271800000.0,246000000.0,245600000.0,0.564,0.552,0.564,1342900000.0,,1342900000.0,5467688375.0,7.0,6.647,263300000.0,0.935,1.0,271200000.0,0.406,900000.0,400000.0,696600000.0,,444500000.0,305100000.0,0.0,305100000.0,1187700000.0,985900000.0,201800000.0,5829288375.0,485500000.0,0.0,2100000.0,0.0,-5600000.0,1200000.0,187100000.0,226000000.0,297200000.0,0.0,158800000.0,158800000.0,158800000.0,0.0,18500000.0,0.238,19600000.0,251600000.0,254300000.0,0.035,4.341,12.29,12.219,636400000.0,0.0,20.724,1.975,1.976,154200000.0,570000000.0,667300000.0,667300000.0,0.0,,,,,-2400000.0,18200000.0,1.0,281282010.0,281500000.0,287500000.0,2.371,2529700000.0,0.0,86800000.0,138600000.0,8.987,530600000.0
54,CF,MRQ,2007-12-31,2007-12-31,2007-12-31,2021-08-09,-21200000.0,2012500000.0,,1279100000.0,733400000.0,,4.194,-27200000.0,366500000.0,366500000.0,616500000.0,190000000.0,2.033,0.695,4900000.0,0.0,4900000.0,4900000.0,0.0,23400000.0,305800000.0,0.001,0.004,208100000.0,231500000.0,0.272,231500000.0,208100000.0,207700000.0,0.484,0.474,0.484,1187000000.0,,1187000000.0,6005300000.0,10.0,9.121,159300000.0,0.563,1.0,236000000.0,0.277,900000.0,400000.0,1020700000.0,,231700000.0,536100000.0,494500000.0,41600000.0,825500000.0,629300000.0,196200000.0,6053300000.0,313500000.0,-39600000.0,6000000.0,0.0,-1200000.0,13000000.0,116200000.0,183000000.0,186500000.0,-2200000.0,135400000.0,135400000.0,135400000.0,0.0,54600000.0,0.159,21800000.0,214200000.0,210400000.0,0.008,5.1,16.242,16.427,623600000.0,0.0,22.012,2.196,2.224,148700000.0,416800000.0,852500000.0,852500000.0,0.0,,,,,-5900000.0,17400000.0,1.0,275000000.0,283000000.0,287000000.0,3.012,2011600000.0,0.0,72300000.0,65400000.0,7.108,649800000.0
55,CF,MRQ,2007-09-30,2007-09-30,2007-09-30,2021-08-09,-28900000.0,1825300000.0,,1138800000.0,686500000.0,,3.699,-34400000.0,53000000.0,53000000.0,431600000.0,86500000.0,2.02,0.775,5000000.0,0.0,5000000.0,5000000.0,0.0,20600000.0,332700000.0,0.001,0.004,133100000.0,153700000.0,0.264,153700000.0,133100000.0,132600000.0,0.31,0.304,0.31,1028400000.0,,1028400000.0,4120050000.0,11.0,8.878,167000000.0,0.601,1.0,151300000.0,0.26,900000.0,500000.0,1212700000.0,,236700000.0,677400000.0,677400000.0,0.0,796900000.0,563700000.0,233200000.0,4175050000.0,-6600000.0,0.0,2600000.0,0.0,-1100000.0,2900000.0,-205800000.0,-171400000.0,201400000.0,-5100000.0,86500000.0,86500000.0,86500000.0,0.0,0.0,0.148,13400000.0,137900000.0,175400000.0,0.013,4.06,17.02,17.174,618400000.0,0.0,15.182,1.718,1.736,142500000.0,282600000.0,582900000.0,582900000.0,0.0,,,,,1600000.0,16600000.0,1.0,275000000.0,278000000.0,284500000.0,2.097,1824400000.0,7200000.0,46100000.0,29400000.0,6.563,575100000.0
56,CF,MRQ,2007-06-30,2007-06-30,2007-06-30,2021-08-09,-30700000.0,1587900000.0,,923300000.0,664600000.0,,3.371,-18500000.0,59600000.0,59600000.0,671300000.0,93600000.0,2.15,0.7,4600000.0,0.0,4600000.0,4600000.0,0.0,20400000.0,167700000.0,0.001,0.004,145200000.0,165600000.0,0.195,165600000.0,145200000.0,144900000.0,0.338,0.33,0.338,933800000.0,,933800000.0,3270450000.0,13.0,9.485,92600000.0,0.334,1.0,177600000.0,0.209,900000.0,300000.0,1102600000.0,,180100000.0,506000000.0,506000000.0,0.0,654100000.0,429400000.0,224700000.0,3293950000.0,31800000.0,0.0,4700000.0,0.0,-1100000.0,-24000000.0,-61400000.0,-43000000.0,111100000.0,6100000.0,93600000.0,93600000.0,93600000.0,0.0,0.0,0.11,18200000.0,159400000.0,182000000.0,0.012,3.527,19.831,19.963,596000000.0,0.0,11.978,1.466,1.477,158000000.0,197200000.0,848900000.0,848900000.0,0.0,,,,,-200000.0,17500000.0,1.0,275000000.0,277000000.0,283000000.0,3.065,1587000000.0,0.0,51300000.0,60000000.0,5.729,493900000.0
57,CF,MRQ,2007-03-31,2007-03-31,2007-03-31,2021-08-09,-32900000.0,1597700000.0,,936700000.0,661000000.0,,3.012,-20900000.0,27800000.0,27800000.0,367300000.0,57200000.0,1.613,0.925,4300000.0,0.0,4300000.0,4300000.0,0.0,20100000.0,325000000.0,0.002,0.004,87500000.0,107600000.0,0.228,107600000.0,87500000.0,87000000.0,0.208,0.204,0.208,829800000.0,,829800000.0,2105684494.0,11.0,7.632,170200000.0,0.618,1.0,105100000.0,0.222,900000.0,500000.0,992700000.0,,303700000.0,463000000.0,463000000.0,0.0,767900000.0,580600000.0,187300000.0,2126884494.0,2400000.0,0.0,3300000.0,0.0,-1100000.0,3200000.0,-192100000.0,-162900000.0,191100000.0,200000.0,57200000.0,57200000.0,57200000.0,0.0,0.0,0.121,15000000.0,90100000.0,194800000.0,0.019,2.563,18.479,18.534,593900000.0,0.0,7.71,1.02,1.018,118500000.0,104700000.0,472400000.0,472400000.0,0.0,,,,,900000.0,13700000.0,1.0,275860505.0,275500000.0,281000000.0,1.715,1596800000.0,0.0,29800000.0,35500000.0,5.796,356100000.0
58,CF,MRQ,2006-12-31,2006-12-31,2006-12-31,2021-08-09,-33400000.0,1290400000.0,,633100000.0,657300000.0,,2.789,-18200000.0,25400000.0,25400000.0,483500000.0,8000000.0,1.791,0.682,4200000.0,0.0,4200000.0,4200000.0,0.0,24300000.0,102700000.0,0.003,0.004,12900000.0,37200000.0,0.071,37200000.0,12900000.0,12500000.0,0.028,0.028,0.028,767000000.0,,767000000.0,1397356270.0,25.0,9.285,22100000.0,0.08,1.0,42900000.0,0.081,900000.0,400000.0,914900000.0,,176100000.0,300200000.0,300200000.0,0.0,523400000.0,353400000.0,170000000.0,1414356270.0,4000000.0,0.0,100000.0,0.0,-1100000.0,-1000000.0,-34400000.0,-16200000.0,40300000.0,-900000.0,8000000.0,8000000.0,8000000.0,0.0,0.0,0.015,32000000.0,10900000.0,172300000.0,0.143,1.844,42.473,42.733,597000000.0,0.0,5.128,0.696,0.694,113900000.0,48600000.0,526400000.0,526400000.0,0.0,,,,,2000000.0,14000000.0,1.0,275810505.0,275000000.0,277000000.0,1.914,1289500000.0,1700000.0,4500000.0,11700000.0,4.689,279700000.0
59,CF,MRQ,2006-09-30,2006-09-30,2006-09-30,2021-08-09,-10600000.0,1291800000.0,,655300000.0,636500000.0,,2.839,-17900000.0,21400000.0,21400000.0,372800000.0,7300000.0,1.916,0.654,4400000.0,0.0,4400000.0,4400000.0,0.0,22900000.0,148800000.0,0.005,0.004,11500000.0,34400000.0,0.086,34400000.0,11500000.0,11000000.0,0.026,0.026,0.026,780800000.0,,780800000.0,919403517.0,42.0,8.108,82500000.0,0.3,1.0,25800000.0,0.065,900000.0,500000.0,931800000.0,,241400000.0,284000000.0,284000000.0,0.0,511000000.0,342100000.0,168900000.0,939703517.0,-3300000.0,0.0,0.0,0.0,-1100000.0,-5000000.0,-98600000.0,-80700000.0,100400000.0,-100000.0,7300000.0,7300000.0,7300000.0,0.0,0.0,0.018,13500000.0,12300000.0,145900000.0,0.154,1.204,75.176,77.591,603200000.0,0.0,3.414,0.467,0.467,86500000.0,41700000.0,398600000.0,398600000.0,0.0,,,,,2500000.0,13200000.0,1.0,275250005.0,275000000.0,275000000.0,1.449,1290900000.0,0.0,3700000.0,18000000.0,4.694,313200000.0
60,CF,MRQ,2006-06-30,2006-06-30,2006-06-30,2021-08-09,-9700000.0,1182000000.0,,540800000.0,641200000.0,,2.811,-11700000.0,24700000.0,24700000.0,587500000.0,42600000.0,2.131,0.529,4400000.0,0.0,4400000.0,4400000.0,0.0,24900000.0,70100000.0,0.004,0.004,71800000.0,96700000.0,0.14,96700000.0,71800000.0,70300000.0,0.154,0.154,0.154,773000000.0,,773000000.0,750195330.0,45.0,6.921,32700000.0,0.119,1.0,101200000.0,0.147,900000.0,1500000.0,907000000.0,,202600000.0,203300000.0,203300000.0,0.0,409000000.0,253800000.0,155200000.0,784695330.0,-14000000.0,0.0,0.0,0.0,-1100000.0,-1100000.0,-57400000.0,-45700000.0,44400000.0,100000.0,42600000.0,42600000.0,42600000.0,0.0,0.0,0.062,15900000.0,85300000.0,148100000.0,0.026,1.015,-9.103,-8.291,608400000.0,0.0,2.852,0.398,0.398,85000000.0,35500000.0,688700000.0,688700000.0,0.0,,,,,1800000.0,14300000.0,1.0,275138615.0,275000000.0,275000000.0,2.504,1181100000.0,0.0,27700000.0,20600000.0,4.295,287000000.0
61,CF,MRQ,2006-03-31,2006-03-31,2006-03-31,2021-08-09,-9400000.0,1300800000.0,,642400000.0,658400000.0,,2.655,-11500000.0,38700000.0,38700000.0,423200000.0,-24600000.0,1.452,0.782,4200000.0,0.0,4200000.0,4200000.0,0.0,22500000.0,245900000.0,0.002,0.004,-40300000.0,-17800000.0,-0.044,-17800000.0,-40300000.0,-40800000.0,-0.09,-0.09,-0.09,730000000.0,,730000000.0,901721014.0,42.0,7.862,7000000.0,0.025,1.0,-22700000.0,-0.057,900000.0,500000.0,823000000.0,,331300000.0,157600000.0,157600000.0,0.0,570800000.0,442400000.0,128400000.0,934921014.0,1300000.0,0.0,0.0,0.0,-1100000.0,-16200000.0,-900000.0,21700000.0,18500000.0,-100000.0,-24600000.0,-24600000.0,-24600000.0,0.0,0.0,-0.061,14500000.0,-37200000.0,155900000.0,-0.044,1.281,-10.884,,619200000.0,0.0,3.398,0.49,0.489,66400000.0,-6000000.0,400500000.0,400500000.0,0.0,,,,,1800000.0,13000000.0,1.0,275138615.0,275000000.0,275000000.0,1.456,1299900000.0,10800000.0,-16200000.0,5000000.0,4.727,200000000.0
62,CF,MRQ,2005-12-31,2005-12-31,2005-12-31,2021-08-09,-7400000.0,1228100000.0,,552700000.0,675400000.0,,2.749,-15600000.0,37400000.0,37400000.0,520200000.0,-12800000.0,1.62,0.625,4200000.0,0.0,4200000.0,4200000.0,0.0,21100000.0,131600000.0,0.001,0.004,-21000000.0,100000.0,0.0,100000.0,-21000000.0,-21500000.0,-0.046,-0.046,-0.046,755900000.0,,755900000.0,803030776.0,8.0,3.991,-100800000.0,-0.367,1.0,2300000.0,0.004,900000.0,500000.0,852900000.0,,227700000.0,179300000.0,179300000.0,0.0,472200000.0,341100000.0,131100000.0,839172776.0,-3000000.0,0.0,0.0,0.0,-1100000.0,-1200000.0,82300000.0,97900000.0,-85200000.0,1100000.0,-12800000.0,-12800000.0,-12800000.0,0.0,0.0,-0.024,24300000.0,-22000000.0,171600000.0,-0.087,1.11,-21.517,-7.475,630100000.0,0.0,3.05,0.426,0.426,52800000.0,19700000.0,522500000.0,522500000.0,0.0,,,,,1800000.0,14000000.0,1.0,275138615.0,274999980.0,274999980.0,1.9,1227200000.0,1100000.0,-8700000.0,14200000.0,4.463,211600000.0
63,CF,MRQ,2005-09-30,2005-09-30,2005-09-30,2021-08-09,33177000.0,1337850000.0,,687656000.0,650194000.0,,2.94,-20600000.0,40376000.0,40376000.0,303400000.0,-91400000.0,1.763,0.655,4234000.0,0.0,4234000.0,4234000.0,0.0,23200000.0,183352000.0,0.0,0.0,6200000.0,29400000.0,0.082,29400000.0,6200000.0,3200000.0,-0.362,-0.362,-0.362,808441000.0,,808441000.0,1023368000.0,6.0,3.886,68800000.0,0.25,1.0,56000000.0,0.156,1327000.0,3000000.0,910354000.0,,215816000.0,277100000.0,277100000.0,0.0,529409000.0,390027000.0,139382000.0,814550000.0,-39000000.0,18600000.0,715400000.0,-272700000.0,0.0,-281000000.0,151800000.0,153800000.0,89400000.0,800000.0,-91400000.0,-91400000.0,-91400000.0,0.0,0.0,-0.254,19000000.0,37000000.0,170363000.0,0.0,1.008,-100.351,,627428000.0,0.0,2.962,0.423,0.423,57160000.0,33542000.0,359400000.0,359400000.0,0.0,,,,,1900000.0,17700000.0,1.0,275000000.0,275000000.0,275000000.0,1.307,1336523000.0,3326000.0,94600000.0,54203000.0,4.86,297629000.0
64,CF,MRQ,2005-06-30,2005-06-30,2005-06-30,2021-08-09,,,,,,,,-16400000.0,,,531100000.0,42900000.0,,,,,,,,26600000.0,,,0.0,76400000.0,103000000.0,0.164,103000000.0,76400000.0,71200000.0,,,,,,,,,,52700000.0,0.192,1.0,95600000.0,0.153,,5200000.0,,,,,,,,,,,37300000.0,0.0,0.0,-7800000.0,0.0,-7800000.0,-23700000.0,-7300000.0,69100000.0,-300000.0,42900000.0,42900000.0,42900000.0,0.0,0.0,0.068,16000000.0,79600000.0,,,,,,,0.0,,,,,,626700000.0,626700000.0,0.0,,,,,0.0,14300000.0,1.0,275000000.0,275000000.0,,2.279,,,28300000.0,,,
65,CF,MRQ,2005-03-31,2005-03-31,2005-03-31,2021-08-09,,,,,,,,-16800000.0,,,404000000.0,22300000.0,,,,,,,,26600000.0,,,0.0,42100000.0,68700000.0,0.15,68700000.0,42100000.0,36800000.0,,,,,,,,,,47100000.0,0.171,1.0,55300000.0,0.12,,5300000.0,,,,,,,,,,,-7900000.0,0.0,0.0,-700000.0,0.0,-700000.0,-71100000.0,-54300000.0,63900000.0,0.0,22300000.0,22300000.0,22300000.0,0.0,0.0,0.049,11800000.0,43500000.0,,,,,,,0.0,,,,,,459300000.0,459300000.0,0.0,,,,,0.0,11000000.0,1.0,275000000.0,275000000.0,,1.67,,,14500000.0,,,
66,CF,MRQ,2004-12-31,2004-12-31,2004-12-31,2021-08-09,-12300000.0,1556700000.0,,798500000.0,758200000.0,,2.863,-7160000.0,50000000.0,50000000.0,407346000.0,18083000.0,1.838,0.977,258800000.0,19900000.0,238900000.0,258800000.0,0.0,27538000.0,211500000.0,,0.0,34711000.0,62249000.0,0.13,62249000.0,34711000.0,29242000.0,,,,787300000.0,,787300000.0,,,,76784000.0,0.279,1.0,71295000.0,0.149,1300000.0,5469000.0,1329700000.0,,241300000.0,388000000.0,369300000.0,18700000.0,769400000.0,434500000.0,334900000.0,,-18816000.0,300000.0,0.0,-15713000.0,0.0,-42078000.0,-58691000.0,-51831000.0,83944000.0,-1991000.0,18083000.0,18083000.0,18083000.0,0.0,0.0,0.038,29978000.0,41317000.0,169200000.0,,,,,645600000.0,0.0,,,,41500000.0,59800000.0,478641000.0,478641000.0,0.0,,,,,0.0,11634000.0,1.0,275000000.0,275000000.0,,1.741,1555400000.0,110200000.0,11159000.0,0.0,5.656,364000000.0
67,CF,MRQ,2004-09-30,2004-09-30,2004-09-30,2021-08-09,,,,,,,,,,,282781000.0,14302000.0,,,,,,,,,,,0.0,28477000.0,,,,28477000.0,23066000.0,,,,,,,,,,,,1.0,43913000.0,0.134,,5411000.0,,,,,,,,,,,,,,,,,,,,,14302000.0,14302000.0,14302000.0,0.0,0.0,0.044,11585000.0,32328000.0,,,,,,,0.0,,,,,,326694000.0,326694000.0,0.0,,,,,,9864000.0,1.0,,,,,,,8764000.0,,,
68,CF,MRQ,2003-12-31,2003-12-31,2003-12-31,2021-08-09,1598000.0,1404879000.0,,525982000.0,878897000.0,,,,77146000.0,77146000.0,,,1.505,0.915,293503000.0,38753000.0,254750000.0,293503000.0,0.0,,166022000.0,,0.0,,,,,,,,,,733511000.0,,733511000.0,,,,,,1.0,,,1327000.0,,1270394000.0,,206284000.0,113195000.0,91725000.0,21470000.0,671368000.0,349515000.0,321853000.0,,,,,,,,,,,,,,,,,,,,132935000.0,,,,,708696000.0,,,,,92821000.0,-7952000.0,,,,,,,,,,1.0,,,,,1403552000.0,133568000.0,,0.0,,176467000.0
0,CF,MRT,2021-06-30,2021-06-30,2021-06-30,2021-08-09,-296000000.0,12007000000.0,11993000000.0,1569000000.0,10438000000.0,0.382,15.063,-369000000.0,777000000.0,777000000.0,3530000000.0,615000000.0,2.44,1.864,3946000000.0,83000000.0,3863000000.0,3946000000.0,0.0,889000000.0,9000000.0,0.023,1.2,724000000.0,1613000000.0,0.352,1613000000.0,724000000.0,544000000.0,2.12,2.11,2.12,3246000000.0,3005750000.0,3246000000.0,14199791811.0,20.0,8.803,850000000.0,3.944,1.0,1055000000.0,0.23,2378000000.0,180000000.0,12155000000.0,12233000000.0,290000000.0,82000000.0,0.0,82000000.0,6049000000.0,643000000.0,5406000000.0,11036791811.0,214000000.0,6000000.0,28000000.0,-255000000.0,-259000000.0,-652000000.0,-364000000.0,0.0,1219000000.0,11000000.0,456000000.0,456000000.0,456000000.0,0.0,159000000.0,0.099,189000000.0,866000000.0,545000000.0,0.566,3.4,24.203,24.269,7665000000.0,0.0,51.45,2.407,2.418,401000000.0,2183000000.0,4585000000.0,4585000000.0,0.0,0.038,0.152,0.059,0.158,28000000.0,216000000.0,1.0,214514904.0,215500000.0,216600000.0,21.276,9629000000.0,68000000.0,88000000.0,1156000000.0,44.682,926000000.0
1,CF,MRT,2021-03-31,2021-03-31,2021-03-31,2021-08-09,-305000000.0,12011000000.0,11978750000.0,1489000000.0,10522000000.0,0.351,14.095,-311000000.0,804000000.0,804000000.0,3315000000.0,516000000.0,1.671,2.093,3967000000.0,88000000.0,3879000000.0,3967000000.0,0.0,885000000.0,341000000.0,0.026,1.2,619000000.0,1504000000.0,0.358,1504000000.0,619000000.0,436000000.0,1.87,1.86,1.87,3029000000.0,2912500000.0,3029000000.0,13258569001.0,21.0,8.816,1206000000.0,5.612,1.0,886000000.0,0.211,2377000000.0,183000000.0,11906000000.0,12361250000.0,379000000.0,91000000.0,0.0,91000000.0,6341000000.0,891000000.0,5450000000.0,9718569001.0,51000000.0,6000000.0,9000000.0,-755000000.0,-258000000.0,-1171000000.0,-305000000.0,0.0,1517000000.0,10000000.0,400000000.0,400000000.0,400000000.0,0.0,116000000.0,0.095,182000000.0,704000000.0,451000000.0,0.642,3.209,24.296,24.267,7741000000.0,0.0,45.38,2.313,2.321,271000000.0,2013000000.0,4201000000.0,4201000000.0,0.0,0.033,0.137,0.05,0.147,26000000.0,207000000.0,1.0,214159740.0,214900000.0,216000000.0,19.549,9634000000.0,11000000.0,36000000.0,1180000000.0,44.83,598000000.0
2,CF,MRT,2020-12-31,2020-12-31,2020-12-31,2021-08-09,-320000000.0,12023000000.0,12086250000.0,1367000000.0,10656000000.0,0.341,13.597,-307000000.0,683000000.0,683000000.0,3323000000.0,432000000.0,1.509,2.197,4223000000.0,337000000.0,3886000000.0,4223000000.0,0.0,892000000.0,130000000.0,0.031,1.2,527000000.0,1419000000.0,0.344,1419000000.0,527000000.0,348000000.0,1.48,1.47,1.48,2922000000.0,2837250000.0,2922000000.0,11975695908.0,23.0,8.44,924000000.0,4.3,1.0,801000000.0,0.194,2374000000.0,179000000.0,12283000000.0,12598750000.0,287000000.0,80000000.0,0.0,80000000.0,6420000000.0,906000000.0,5514000000.0,8280695908.0,396000000.0,6000000.0,-95000000.0,0.0,-258000000.0,-542000000.0,-299000000.0,0.0,1231000000.0,6000000.0,317000000.0,317000000.0,317000000.0,0.0,115000000.0,0.077,189000000.0,612000000.0,424000000.0,0.811,2.834,26.122,26.155,7891000000.0,0.0,38.71,2.008,2.017,265000000.0,1927000000.0,4124000000.0,4124000000.0,0.0,0.026,0.112,0.042,0.128,25000000.0,206000000.0,1.0,213916195.0,214900000.0,215200000.0,19.19,9649000000.0,97000000.0,31000000.0,1184000000.0,44.9,461000000.0
3,CF,MRT,2020-09-30,2020-09-30,2020-09-30,2021-08-09,-388000000.0,11931000000.0,12123500000.0,1171000000.0,10760000000.0,0.336,13.212,-312000000.0,553000000.0,553000000.0,3223000000.0,407000000.0,1.72,2.285,4248000000.0,93000000.0,4155000000.0,4248000000.0,0.0,874000000.0,143000000.0,0.039,1.2,527000000.0,1401000000.0,0.344,1401000000.0,527000000.0,331000000.0,1.33,1.33,1.33,2826000000.0,2831000000.0,2826000000.0,10247252988.0,19.0,7.314,931000000.0,4.353,1.0,848000000.0,0.208,2357000000.0,196000000.0,12588000000.0,12801750000.0,298000000.0,86000000.0,0.0,86000000.0,6456000000.0,681000000.0,5775000000.0,6568252988.0,-466000000.0,1000000.0,-184000000.0,-769000000.0,-258000000.0,-1403000000.0,-309000000.0,0.0,1243000000.0,3000000.0,285000000.0,285000000.0,285000000.0,0.0,122000000.0,0.07,215000000.0,633000000.0,424000000.0,0.902,2.324,23.047,23.09,8008000000.0,0.0,30.71,1.613,1.614,234000000.0,1905000000.0,4071000000.0,4071000000.0,0.0,0.024,0.101,0.041,0.129,24000000.0,217000000.0,1.0,213879941.0,213900000.0,213900000.0,19.032,9574000000.0,53000000.0,46000000.0,1204000000.0,44.759,490000000.0
4,CF,MRT,2020-06-30,2020-06-30,2020-06-30,2021-08-09,-426000000.0,11950000000.0,12366250000.0,1136000000.0,10814000000.0,0.345,13.394,-362000000.0,563000000.0,563000000.0,3269000000.0,517000000.0,1.847,2.219,4242000000.0,92000000.0,4150000000.0,4242000000.0,0.0,885000000.0,8000000.0,0.043,1.2,667000000.0,1552000000.0,0.364,1552000000.0,667000000.0,456000000.0,1.75,1.75,1.75,2873000000.0,2869500000.0,2873000000.0,10012255375.0,15.0,6.451,1168000000.0,5.445,1.0,993000000.0,0.233,2346000000.0,211000000.0,12668000000.0,12971000000.0,273000000.0,94000000.0,0.0,94000000.0,6374000000.0,615000000.0,5759000000.0,6016255375.0,-295000000.0,0.0,-245000000.0,-769000000.0,-261000000.0,-1480000000.0,-345000000.0,0.0,1530000000.0,0.0,378000000.0,378000000.0,378000000.0,0.0,139000000.0,0.089,196000000.0,797000000.0,389000000.0,0.686,2.094,15.916,16.08,8070000000.0,0.0,28.14,1.412,1.416,250000000.0,1997000000.0,4262000000.0,4262000000.0,0.0,0.031,0.132,0.051,0.156,24000000.0,224000000.0,1.0,213797277.0,214500000.0,214600000.0,19.869,9604000000.0,20000000.0,78000000.0,1284000000.0,44.774,521000000.0
5,CF,MRT,2020-03-31,2020-03-31,2020-03-31,2021-08-09,-440000000.0,12441000000.0,12594500000.0,1480000000.0,10961000000.0,0.362,12.63,-326000000.0,753000000.0,753000000.0,3402000000.0,619000000.0,1.198,2.58,4749000000.0,594000000.0,4155000000.0,4749000000.0,0.0,898000000.0,239000000.0,0.044,1.2,839000000.0,1737000000.0,0.381,1737000000.0,839000000.0,618000000.0,2.14,2.14,2.14,2728000000.0,2917750000.0,2728000000.0,9832856014.0,12.0,5.661,1165000000.0,5.394,1.0,1158000000.0,0.254,2346000000.0,221000000.0,12856000000.0,13203250000.0,379000000.0,91000000.0,0.0,91000000.0,7038000000.0,1235000000.0,5803000000.0,5879856014.0,82000000.0,0.0,-363000000.0,-269000000.0,-263000000.0,-1099000000.0,-309000000.0,0.0,1491000000.0,-1000000.0,471000000.0,471000000.0,471000000.0,0.0,148000000.0,0.103,164000000.0,994000000.0,378000000.0,0.561,2.155,12.484,12.71,8225000000.0,0.0,27.2,1.289,1.288,251000000.0,1961000000.0,4560000000.0,4560000000.0,0.0,0.037,0.161,0.064,0.184,29000000.0,235000000.0,1.0,216171177.0,216000000.0,216600000.0,21.111,10095000000.0,78000000.0,147000000.0,1236000000.0,46.736,245000000.0
6,CF,MRT,2019-12-31,2019-12-31,2019-12-31,2021-08-09,-366000000.0,12172000000.0,12719750000.0,974000000.0,11198000000.0,0.361,13.156,-334000000.0,287000000.0,287000000.0,3416000000.0,646000000.0,1.465,2.256,4240000000.0,90000000.0,4150000000.0,4240000000.0,0.0,875000000.0,119000000.0,0.025,1.2,856000000.0,1731000000.0,0.377,1731000000.0,856000000.0,619000000.0,2.24,2.23,2.24,2897000000.0,2974500000.0,2897000000.0,14332194657.0,17.0,8.28,1171000000.0,5.318,1.0,1174000000.0,0.256,2365000000.0,237000000.0,13095000000.0,13507500000.0,351000000.0,88000000.0,0.0,88000000.0,6535000000.0,665000000.0,5870000000.0,10380194657.0,-395000000.0,0.0,-351000000.0,-769000000.0,-265000000.0,-1583000000.0,-319000000.0,0.0,1505000000.0,2000000.0,493000000.0,493000000.0,493000000.0,0.0,153000000.0,0.107,166000000.0,1008000000.0,437000000.0,0.536,3.583,21.055,21.312,8450000000.0,0.0,47.74,2.261,2.29,242000000.0,1958000000.0,4590000000.0,4590000000.0,0.0,0.039,0.166,0.063,0.186,28000000.0,239000000.0,1.0,217431811.0,220200000.0,221600000.0,20.845,9807000000.0,71000000.0,126000000.0,1247000000.0,44.537,309000000.0
7,CF,MRT,2019-09-30,2019-09-30,2019-09-30,2021-08-09,-374000000.0,12902000000.0,12842000000.0,1669000000.0,11233000000.0,0.364,13.607,-363000000.0,1019000000.0,1019000000.0,3484000000.0,647000000.0,1.341,2.423,4971000000.0,586000000.0,4385000000.0,4971000000.0,0.0,884000000.0,184000000.0,0.024,1.2,889000000.0,1773000000.0,0.379,1773000000.0,889000000.0,646000000.0,2.19,2.18,2.19,2980000000.0,2989750000.0,2980000000.0,14870631279.0,17.0,8.387,1094000000.0,4.995,1.0,1189000000.0,0.254,2344000000.0,243000000.0,13265000000.0,13638500000.0,296000000.0,87000000.0,0.0,87000000.0,7221000000.0,1245000000.0,5976000000.0,10741631279.0,-3000000.0,0.0,-641000000.0,0.0,-270000000.0,-1109000000.0,-348000000.0,0.0,1457000000.0,-3000000.0,487000000.0,487000000.0,487000000.0,0.0,160000000.0,0.104,166000000.0,1023000000.0,459000000.0,0.548,3.605,22.057,22.466,8511000000.0,0.0,49.2,2.299,2.306,311000000.0,2109000000.0,4673000000.0,4673000000.0,0.0,0.038,0.163,0.065,0.19,29000000.0,227000000.0,1.0,218325839.0,219000000.0,220700000.0,21.338,10558000000.0,17000000.0,159000000.0,1242000000.0,48.21,424000000.0
8,CF,MRT,2019-06-30,2019-06-30,2019-06-30,2021-08-09,-344000000.0,12863000000.0,12905500000.0,1488000000.0,11375000000.0,0.362,13.867,-358000000.0,858000000.0,858000000.0,3541000000.0,604000000.0,1.428,2.298,4987000000.0,587000000.0,4400000000.0,4987000000.0,0.0,894000000.0,21000000.0,0.026,1.2,843000000.0,1737000000.0,0.372,1737000000.0,843000000.0,604000000.0,2.03,2.02,2.03,3066000000.0,3103750000.0,3066000000.0,14643537826.0,17.0,8.43,1234000000.0,5.581,1.0,1134000000.0,0.243,2353000000.0,239000000.0,13597000000.0,13742750000.0,290000000.0,101000000.0,0.0,101000000.0,7045000000.0,1042000000.0,6003000000.0,10326537826.0,130000000.0,0.0,-662000000.0,0.0,-273000000.0,-1113000000.0,-348000000.0,0.0,1592000000.0,-1000000.0,452000000.0,452000000.0,452000000.0,0.0,152000000.0,0.097,182000000.0,952000000.0,416000000.0,0.591,3.368,22.846,23.01,8617000000.0,0.0,46.71,2.209,2.209,313000000.0,2111000000.0,4675000000.0,4675000000.0,0.0,0.035,0.146,0.061,0.18,28000000.0,224000000.0,1.0,221077667.0,221100000.0,222300000.0,21.144,10510000000.0,1000000.0,152000000.0,1220000000.0,47.535,446000000.0
9,CF,MRT,2019-03-31,2019-03-31,2019-03-31,2021-08-09,-341000000.0,12942000000.0,12936500000.0,1412000000.0,11530000000.0,0.346,13.227,-411000000.0,671000000.0,671000000.0,3526000000.0,458000000.0,1.709,2.461,4988000000.0,85000000.0,4903000000.0,4988000000.0,0.0,883000000.0,301000000.0,0.029,1.2,652000000.0,1535000000.0,0.343,1535000000.0,652000000.0,411000000.0,1.38,1.37,1.38,2955000000.0,3226250000.0,2955000000.0,13127765970.0,20.0,8.552,1110000000.0,4.969,1.0,947000000.0,0.212,2360000000.0,241000000.0,14073000000.0,13870500000.0,446000000.0,100000000.0,0.0,100000000.0,7272000000.0,826000000.0,6446000000.0,9111765970.0,-265000000.0,6000000.0,-542000000.0,0.0,-277000000.0,-1385000000.0,-395000000.0,0.0,1521000000.0,-6000000.0,317000000.0,317000000.0,317000000.0,0.0,141000000.0,0.071,213000000.0,734000000.0,432000000.0,0.87,3.084,28.744,29.623,8756000000.0,0.0,40.88,2.037,2.042,264000000.0,2047000000.0,4473000000.0,4473000000.0,0.0,0.025,0.098,0.047,0.146,22000000.0,215000000.0,1.0,222890557.0,223400000.0,224600000.0,20.022,10582000000.0,1000000.0,94000000.0,1138000000.0,47.368,586000000.0
10,CF,MRT,2018-12-31,2018-12-31,2018-12-31,2021-08-09,-371000000.0,12661000000.0,13081500000.0,1274000000.0,11387000000.0,0.339,12.717,-396000000.0,682000000.0,682000000.0,3512000000.0,428000000.0,1.807,2.343,4698000000.0,0.0,4698000000.0,4698000000.0,0.0,888000000.0,149000000.0,0.028,1.2,650000000.0,1538000000.0,0.347,1538000000.0,650000000.0,409000000.0,1.25,1.24,1.25,2958000000.0,3386000000.0,2958000000.0,13716736468.0,21.0,8.919,1101000000.0,4.733,1.0,917000000.0,0.207,2353000000.0,241000000.0,13619000000.0,13920250000.0,309000000.0,93000000.0,0.0,93000000.0,6930000000.0,705000000.0,6225000000.0,10041736468.0,-153000000.0,10000000.0,-455000000.0,0.0,-280000000.0,-1270000000.0,-375000000.0,0.0,1497000000.0,-5000000.0,290000000.0,290000000.0,290000000.0,0.0,138000000.0,0.065,187000000.0,730000000.0,545000000.0,0.96,3.395,34.627,34.808,8623000000.0,0.0,43.51,2.267,2.285,235000000.0,2463000000.0,4429000000.0,4429000000.0,0.0,0.022,0.086,0.047,0.147,22000000.0,214000000.0,1.0,230791461.0,232600000.0,233800000.0,19.041,10308000000.0,28000000.0,119000000.0,1122000000.0,44.316,569000000.0
11,CF,MRT,2018-09-30,2018-09-30,2018-09-30,2021-08-09,-308000000.0,13156000000.0,13282000000.0,1597000000.0,11559000000.0,0.331,14.715,-435000000.0,1022000000.0,1022000000.0,3578000000.0,836000000.0,2.027,2.035,4697000000.0,0.0,4697000000.0,4697000000.0,0.0,902000000.0,313000000.0,0.022,1.2,513000000.0,1415000000.0,0.322,1415000000.0,513000000.0,259000000.0,3.02,3.02,3.02,3436000000.0,3541250000.0,3436000000.0,16677034014.0,33.0,11.786,1038000000.0,4.445,1.0,818000000.0,0.186,2361000000.0,254000000.0,13682000000.0,14107750000.0,264000000.0,96000000.0,0.0,96000000.0,6993000000.0,788000000.0,6205000000.0,12710034014.0,-970000000.0,12000000.0,-77000000.0,-1148000000.0,-280000000.0,-2043000000.0,-395000000.0,16000000.0,1473000000.0,-5000000.0,706000000.0,706000000.0,706000000.0,0.0,130000000.0,0.161,189000000.0,629000000.0,467000000.0,0.397,3.699,18.003,18.026,8772000000.0,0.0,54.44,2.891,2.892,273000000.0,2474000000.0,4396000000.0,4396000000.0,0.0,0.053,0.199,0.036,0.117,21000000.0,214000000.0,1.0,233468663.0,233500000.0,235200000.0,18.827,10795000000.0,17000000.0,-447000000.0,1087000000.0,46.231,809000000.0
12,CF,MRT,2018-06-30,2018-06-30,2018-06-30,2021-08-09,-309000000.0,12987000000.0,13707250000.0,1348000000.0,11639000000.0,0.308,15.197,-409000000.0,728000000.0,728000000.0,3570000000.0,697000000.0,2.797,1.874,4695000000.0,0.0,4695000000.0,4695000000.0,0.0,895000000.0,21000000.0,0.027,1.2,359000000.0,1254000000.0,0.297,1254000000.0,359000000.0,83000000.0,2.52,2.52,2.52,3556000000.0,3474000000.0,3556000000.0,14118168593.0,39.0,11.259,633000000.0,2.705,1.0,656000000.0,0.155,2364000000.0,276000000.0,14108000000.0,14370000000.0,257000000.0,94000000.0,0.0,94000000.0,6665000000.0,482000000.0,6183000000.0,10361168593.0,-1277000000.0,18000000.0,5000000.0,-1148000000.0,-280000000.0,-1948000000.0,-373000000.0,16000000.0,1042000000.0,2000000.0,589000000.0,589000000.0,589000000.0,0.0,108000000.0,0.139,190000000.0,466000000.0,429000000.0,0.476,2.914,17.591,17.619,8841000000.0,0.0,44.4,2.452,2.458,338000000.0,2514000000.0,4226000000.0,4226000000.0,0.0,0.043,0.17,0.025,0.085,20000000.0,206000000.0,1.0,233359653.0,234000000.0,234900000.0,18.06,10623000000.0,1000000.0,-506000000.0,1074000000.0,45.397,866000000.0
13,CF,MRT,2018-03-31,2018-03-31,2018-03-31,2021-08-09,-248000000.0,13522000000.0,14194500000.0,1660000000.0,11862000000.0,0.285,15.366,-427000000.0,936000000.0,936000000.0,3533000000.0,547000000.0,2.652,1.908,4693000000.0,0.0,4693000000.0,4693000000.0,0.0,871000000.0,154000000.0,0.032,1.2,194000000.0,1065000000.0,0.263,1065000000.0,194000000.0,-101000000.0,1.9,1.9,1.9,3594000000.0,3402500000.0,3594000000.0,12659109009.0,65.0,11.886,1130000000.0,4.831,1.0,517000000.0,0.128,2381000000.0,295000000.0,14272000000.0,14571250000.0,401000000.0,100000000.0,0.0,100000000.0,6857000000.0,626000000.0,6231000000.0,8802109009.0,-380000000.0,18000000.0,3000000.0,-1148000000.0,-280000000.0,-1567000000.0,-382000000.0,25000000.0,1557000000.0,12000000.0,444000000.0,444000000.0,444000000.0,0.0,103000000.0,0.11,193000000.0,324000000.0,447000000.0,0.632,2.449,19.825,19.858,9031000000.0,0.0,37.73,2.173,2.179,247000000.0,2436000000.0,4050000000.0,4050000000.0,0.0,0.031,0.13,0.013,0.048,19000000.0,202000000.0,1.0,233292049.0,233900000.0,234800000.0,17.315,11141000000.0,55000000.0,-545000000.0,1086000000.0,47.631,1034000000.0
14,CF,MRT,2017-12-31,2017-12-31,2017-12-31,2021-08-09,-263000000.0,13463000000.0,14610250000.0,1465000000.0,11998000000.0,0.283,15.328,-453000000.0,835000000.0,835000000.0,3696000000.0,450000000.0,2.526,1.894,4692000000.0,0.0,4692000000.0,4692000000.0,0.0,883000000.0,89000000.0,0.028,1.2,98000000.0,981000000.0,0.238,981000000.0,98000000.0,-217000000.0,1.53,1.53,1.53,3579000000.0,3323750000.0,3579000000.0,13716882442.0,140.0,13.983,1178000000.0,5.045,1.0,434000000.0,0.105,2371000000.0,315000000.0,14369000000.0,15114750000.0,275000000.0,108000000.0,0.0,108000000.0,6779000000.0,580000000.0,6199000000.0,9922882442.0,-334000000.0,14000000.0,1000000.0,-1148000000.0,-280000000.0,-1564000000.0,-413000000.0,25000000.0,1631000000.0,12000000.0,358000000.0,358000000.0,358000000.0,0.0,92000000.0,0.087,209000000.0,225000000.0,472000000.0,0.784,2.773,27.718,27.804,9175000000.0,0.0,42.54,2.403,2.405,307000000.0,2443000000.0,4130000000.0,4130000000.0,0.0,0.025,0.108,0.006,0.024,17000000.0,191000000.0,1.0,233260048.0,233500000.0,233900000.0,17.687,11092000000.0,33000000.0,-575000000.0,1049000000.0,47.503,885000000.0
15,CF,MRT,2017-09-30,2017-09-30,2017-09-30,2021-08-09,-275000000.0,14857000000.0,15027250000.0,2651000000.0,12206000000.0,0.259,13.581,-663000000.0,1992000000.0,1992000000.0,3510000000.0,-341000000.0,1.709,2.721,5786000000.0,798000000.0,4988000000.0,5786000000.0,0.0,851000000.0,92000000.0,0.034,1.2,-218000000.0,633000000.0,0.162,633000000.0,-218000000.0,-529000000.0,-1.84,-1.84,-1.84,3167000000.0,3266000000.0,3167000000.0,11978972431.0,-55.0,18.924,764000000.0,3.276,1.0,388000000.0,0.1,2369000000.0,311000000.0,14731000000.0,15699750000.0,316000000.0,109000000.0,0.0,109000000.0,8617000000.0,1551000000.0,7066000000.0,8200972431.0,415000000.0,12000000.0,1000000.0,74000000.0,-281000000.0,-365000000.0,-660000000.0,9000000.0,1427000000.0,13000000.0,-427000000.0,-427000000.0,-427000000.0,0.0,86000000.0,-0.11,213000000.0,175000000.0,635000000.0,-0.652,2.59,-19.206,-19.109,9372000000.0,0.0,35.16,2.104,2.103,279000000.0,2048000000.0,3898000000.0,3898000000.0,0.0,-0.028,-0.131,-0.014,-0.056,17000000.0,172000000.0,1.0,233247225.0,233200000.0,233200000.0,16.715,12488000000.0,42000000.0,-102000000.0,1599000000.0,53.551,1100000000.0
16,CF,MRT,2017-06-30,2017-06-30,2017-06-30,2021-08-09,-325000000.0,14936000000.0,15221000000.0,2675000000.0,12261000000.0,0.244,14.004,-993000000.0,2005000000.0,2005000000.0,3329000000.0,-273000000.0,1.856,2.613,5783000000.0,797000000.0,4986000000.0,5783000000.0,0.0,773000000.0,5000000.0,0.043,1.2,-295000000.0,478000000.0,0.129,478000000.0,-295000000.0,-556000000.0,-1.6,-1.6,-1.6,3270000000.0,3439250000.0,3270000000.0,10983841668.0,-37.0,22.979,365000000.0,1.563,1.0,379000000.0,0.102,2360000000.0,261000000.0,14913000000.0,16088500000.0,325000000.0,120000000.0,0.0,120000000.0,8546000000.0,1441000000.0,7105000000.0,6519841668.0,-26000000.0,6000000.0,0.0,74000000.0,-280000000.0,-395000000.0,-995000000.0,9000000.0,1358000000.0,6000000.0,-370000000.0,-370000000.0,-370000000.0,0.0,97000000.0,-0.1,271000000.0,108000000.0,616000000.0,-0.75,1.994,-17.621,-17.475,9441000000.0,0.0,27.96,1.758,1.761,282000000.0,2205000000.0,3708000000.0,3708000000.0,0.0,-0.024,-0.108,-0.018,-0.08,18000000.0,171000000.0,1.0,233184609.0,233500000.0,233700000.0,15.88,12576000000.0,34000000.0,-186000000.0,1632000000.0,53.859,1234000000.0
17,CF,MRT,2017-03-31,2017-03-31,2017-03-31,2021-08-09,-378000000.0,15185000000.0,15427500000.0,2805000000.0,12380000000.0,0.241,14.067,-1609000000.0,1316000000.0,1316000000.0,2985000000.0,-214000000.0,3.288,2.684,5780000000.0,0.0,5780000000.0,5780000000.0,0.0,737000000.0,184000000.0,0.041,1.2,-180000000.0,557000000.0,0.15,557000000.0,-180000000.0,-422000000.0,-1.41,-1.41,-1.41,3279000000.0,3617750000.0,3279000000.0,11450916181.0,-64.0,20.558,-982000000.0,-4.213,1.0,733000000.0,0.197,2350000000.0,242000000.0,16446000000.0,16398000000.0,364000000.0,141000000.0,0.0,141000000.0,8802000000.0,853000000.0,7949000000.0,6841916181.0,-1396000000.0,0.0,0.0,74000000.0,-280000000.0,-402000000.0,-1619000000.0,0.0,627000000.0,-2000000.0,-326000000.0,-326000000.0,-326000000.0,0.0,112000000.0,-0.088,492000000.0,241000000.0,657000000.0,-0.851,2.087,-20.987,-20.816,9552000000.0,0.0,29.35,1.84,1.84,252000000.0,2272000000.0,3718000000.0,3718000000.0,0.0,-0.021,-0.09,-0.011,-0.048,19000000.0,174000000.0,1.0,233114691.0,233100000.0,233100000.0,15.95,12835000000.0,844000000.0,-96000000.0,1616000000.0,55.062,1952000000.0
18,CF,MRT,2016-12-31,2016-12-31,2016-12-31,2021-08-09,-398000000.0,15131000000.0,15526500000.0,2655000000.0,12476000000.0,0.237,14.363,-2197000000.0,1169000000.0,1169000000.0,2842000000.0,-158000000.0,3.87,2.58,5778000000.0,0.0,5778000000.0,5778000000.0,0.0,678000000.0,42000000.0,0.038,1.2,-145000000.0,533000000.0,0.145,533000000.0,-145000000.0,-345000000.0,-1.19,-1.19,-1.19,3348000000.0,3808500000.0,3348000000.0,11317434040.0,-78.0,21.233,-1580000000.0,-6.778,1.0,843000000.0,0.229,2345000000.0,200000000.0,16709000000.0,15977000000.0,339000000.0,139000000.0,0.0,139000000.0,8639000000.0,686000000.0,7953000000.0,7338434040.0,860000000.0,0.0,0.0,74000000.0,-280000000.0,2439000000.0,-2195000000.0,0.0,617000000.0,-1000000.0,-277000000.0,-277000000.0,-277000000.0,0.0,119000000.0,-0.075,560000000.0,283000000.0,638000000.0,-1.008,2.192,-26.493,-26.454,9652000000.0,0.0,31.48,1.991,1.991,236000000.0,2365000000.0,3685000000.0,3685000000.0,0.0,-0.018,-0.073,-0.009,-0.039,19000000.0,173000000.0,1.0,233114169.0,233100000.0,233100000.0,15.809,12786000000.0,841000000.0,-68000000.0,1631000000.0,54.852,1969000000.0
19,CF,MRT,2016-09-30,2016-09-30,2016-09-30,2021-08-09,-273000000.0,15632000000.0,14914500000.0,2931000000.0,12701000000.0,0.264,16.559,-2486000000.0,1561000000.0,1561000000.0,2907000000.0,166000000.0,3.034,2.241,5540000000.0,0.0,5540000000.0,5540000000.0,0.0,607000000.0,86000000.0,0.049,1.2,282000000.0,889000000.0,0.226,889000000.0,282000000.0,112000000.0,0.3,0.3,0.3,3860000000.0,3980250000.0,3860000000.0,9201713333.0,33.0,10.351,-1762000000.0,-7.559,1.0,1026000000.0,0.261,2359000000.0,170000000.0,16286000000.0,15376250000.0,312000000.0,287000000.0,0.0,287000000.0,8652000000.0,966000000.0,7686000000.0,5676713333.0,611000000.0,2000000.0,0.0,0.0,-279000000.0,2367000000.0,-2468000000.0,0.0,724000000.0,-12000000.0,70000000.0,70000000.0,70000000.0,0.0,96000000.0,0.018,589000000.0,437000000.0,843000000.0,4.0,1.471,81.096,81.167,9725000000.0,0.0,24.35,1.443,1.443,207000000.0,2892000000.0,3933000000.0,3933000000.0,0.0,0.005,0.018,0.018,0.072,19000000.0,191000000.0,1.0,233129911.0,233100000.0,233100000.0,16.873,13273000000.0,830000000.0,42000000.0,1643000000.0,56.941,1965000000.0
20,CF,MRT,2016-06-30,2016-06-30,2016-06-30,2021-08-09,-243000000.0,15762000000.0,14223950000.0,3374000000.0,12388000000.0,0.294,17.077,-2810000000.0,2015000000.0,2015000000.0,2992000000.0,263000000.0,4.365,2.158,5540000000.0,0.0,5540000000.0,5540000000.0,0.0,588000000.0,13000000.0,0.05,1.2,552000000.0,1140000000.0,0.273,1140000000.0,552000000.0,383000000.0,0.82,0.82,0.82,3984000000.0,4043250000.0,3984000000.0,8455555808.0,15.0,7.417,-1656000000.0,-7.098,1.0,1189000000.0,0.284,2363000000.0,169000000.0,16151000000.0,14757875000.0,231000000.0,289000000.0,0.0,289000000.0,8597000000.0,773000000.0,7824000000.0,5617555808.0,1198000000.0,-552000000.0,-32000000.0,1000000000.0,-279000000.0,3392000000.0,-3333000000.0,0.0,1154000000.0,-15000000.0,190000000.0,190000000.0,190000000.0,0.0,73000000.0,0.045,600000000.0,589000000.0,742000000.0,1.463,1.41,29.566,29.39,9413000000.0,0.0,24.1,1.344,1.345,239000000.0,2991000000.0,4181000000.0,4181000000.0,0.0,0.013,0.047,0.037,0.132,20000000.0,189000000.0,1.0,233093602.0,233300000.0,233500000.0,17.921,13399000000.0,855000000.0,193000000.0,1788000000.0,57.432,2601000000.0
21,CF,MRT,2016-03-31,2016-03-31,2016-03-31,2021-08-09,-202000000.0,15581000000.0,13033050000.0,3520000000.0,12061000000.0,0.334,17.333,-2689000000.0,2701000000.0,2701000000.0,3010000000.0,545000000.0,2.765,2.075,5539000000.0,0.0,5539000000.0,5539000000.0,0.0,511000000.0,227000000.0,0.038,1.2,930000000.0,1441000000.0,0.331,1441000000.0,930000000.0,793000000.0,2.12,2.11,2.12,4042000000.0,4076225000.0,4042000000.0,12588707305.0,14.0,8.736,-1667000000.0,-7.148,1.0,1348000000.0,0.309,2384000000.0,137000000.0,14762000000.0,13690825000.0,304000000.0,298000000.0,0.0,298000000.0,8387000000.0,1273000000.0,7114000000.0,7304807305.0,910000000.0,-552000000.0,-318000000.0,1000000000.0,-280000000.0,3108000000.0,-3208000000.0,13000000.0,1022000000.0,-12000000.0,495000000.0,495000000.0,495000000.0,0.0,50000000.0,0.114,381000000.0,967000000.0,880000000.0,0.566,1.807,14.757,14.783,9052000000.0,0.0,31.34,1.676,1.677,262000000.0,3014000000.0,4358000000.0,4358000000.0,0.0,0.038,0.121,0.068,0.213,18000000.0,175000000.0,1.0,233082556.0,233200000.0,233500000.0,18.688,13197000000.0,207000000.0,298000000.0,959000000.0,56.591,2247000000.0
22,CF,MRT,2015-12-31,2015-12-31,2015-12-31,2021-08-09,-250000000.0,12683000000.0,12009125000.0,1127000000.0,11556000000.0,0.359,17.148,-2457000000.0,309000000.0,309000000.0,2761000000.0,734000000.0,0.928,2.056,5537000000.0,0.0,5537000000.0,5537000000.0,0.0,480000000.0,162000000.0,0.029,1.2,1229000000.0,1709000000.0,0.397,1709000000.0,1229000000.0,1096000000.0,2.97,2.96,2.97,4035000000.0,4081200000.0,4035000000.0,14135304462.0,12.0,8.271,-1250000000.0,-5.312,1.0,1547000000.0,0.359,2390000000.0,133000000.0,14306000000.0,12708825000.0,321000000.0,298000000.0,0.0,298000000.0,8296000000.0,1215000000.0,7081000000.0,9511804462.0,-1711000000.0,-552000000.0,-548000000.0,1000000000.0,-282000000.0,77000000.0,-2976000000.0,13000000.0,1207000000.0,-19000000.0,700000000.0,700000000.0,700000000.0,0.0,34000000.0,0.162,319000000.0,1228000000.0,918000000.0,0.404,2.357,13.588,13.741,8539000000.0,0.0,40.81,2.208,2.229,267000000.0,3058000000.0,4308000000.0,4308000000.0,0.0,0.058,0.172,0.097,0.285,17000000.0,170000000.0,1.0,233075336.0,235300000.0,236100000.0,18.309,10293000000.0,185000000.0,396000000.0,921000000.0,43.744,-88000000.0
23,CF,MRT,2015-09-30,2015-09-30,2015-09-30,2021-08-09,-213600000.0,12869800000.0,11651925000.0,1764200000.0,11105600000.0,0.378,17.64,-2317500000.0,969100000.0,969100000.0,2698500000.0,949300000.0,1.385,2.043,5592600000.0,0.0,5592600000.0,5592600000.0,0.0,442500000.0,381900000.0,0.027,1.2,1510000000.0,1952500000.0,0.443,1952500000.0,1510000000.0,1376100000.0,3.83,3.83,3.83,4112000000.0,4124875000.0,4112000000.0,14192545546.0,9.0,7.269,-999400000.0,-4.287,1.0,1710800000.0,0.388,2407200000.0,133900000.0,13812500000.0,11805200000.0,329800000.0,359800000.0,0.0,359800000.0,8402300000.0,1273600000.0,7128700000.0,10463845546.0,-1708400000.0,-535600000.0,-885800000.0,999800000.0,-286600000.0,-253500000.0,-2764900000.0,13000000.0,1318100000.0,-8100000.0,911000000.0,911000000.0,911000000.0,0.0,38300000.0,0.207,275100000.0,1435700000.0,825400000.0,0.313,2.545,11.486,11.723,7939600000.0,0.0,44.9,2.373,2.374,251900000.0,3101300000.0,4409300000.0,4409300000.0,0.0,0.078,0.221,0.128,0.342,25100000.0,152600000.0,1.0,233047785.0,233100000.0,234000000.0,18.916,10462600000.0,178800000.0,465100000.0,913700000.0,44.885,490600000.0
24,CF,MRT,2015-06-30,2015-06-30,2015-06-30,2021-08-09,-205800000.0,10998400000.0,11349425000.0,1366400000.0,9632000000.0,0.388,17.5,-2142900000.0,863900000.0,863900000.0,2555800000.0,992900000.0,1.813,1.585,4592600000.0,0.0,4592600000.0,4592600000.0,0.0,408900000.0,17300000.0,0.019,1.2,1617800000.0,2026700000.0,0.46,2026700000.0,1617800000.0,1467500000.0,3.97,3.96,3.97,4115900000.0,4221150000.0,4115900000.0,17878520587.0,11.0,8.821,-778200000.0,-3.309,1.0,1846900000.0,0.419,2090800000.0,150300000.0,11882800000.0,10930225000.0,205300000.0,808700000.0,0.0,808700000.0,6522600000.0,753500000.0,5769100000.0,15128120587.0,-1384300000.0,18400000.0,-851500000.0,-200000.0,-291800000.0,-1195200000.0,-1545300000.0,18000000.0,1364700000.0,-8500000.0,951900000.0,951900000.0,951900000.0,0.0,41000000.0,0.216,227000000.0,1619900000.0,701200000.0,0.302,3.676,15.893,16.191,6465600000.0,0.0,64.28,3.436,3.434,194900000.0,3080300000.0,4402700000.0,4402700000.0,0.0,0.084,0.226,0.148,0.367,18200000.0,148800000.0,1.0,235347240.0,235200000.0,236100000.0,18.719,8907600000.0,68500000.0,515600000.0,788900000.0,37.872,612900000.0
25,CF,MRT,2015-03-31,2015-03-31,2015-03-31,2021-08-09,-240300000.0,11485300000.0,11426050000.0,2379700000.0,9105600000.0,0.399,16.946,-1848900000.0,1842100000.0,1842100000.0,2813200000.0,952600000.0,1.815,1.74,4592500000.0,0.0,4592500000.0,4592500000.0,0.0,402700000.0,495200000.0,0.019,1.1,1557300000.0,1960000000.0,0.429,1960000000.0,1557300000.0,1385300000.0,3.69,3.69,3.69,4061900000.0,4312750000.0,4061900000.0,16100316476.0,10.0,8.214,-646900000.0,-2.699,1.0,1751200000.0,0.384,2090400000.0,172000000.0,10834000000.0,10520075000.0,267700000.0,853500000.0,0.0,853500000.0,7066800000.0,1311300000.0,5755500000.0,13590516476.0,-1751400000.0,18400000.0,-1374600000.0,-200000.0,-272800000.0,-1703800000.0,-1243000000.0,5000000.0,1202000000.0,-6600000.0,912500000.0,912500000.0,912500000.0,0.0,40100000.0,0.2,227100000.0,1524100000.0,693200000.0,0.298,3.346,14.894,15.376,5925000000.0,0.0,56.736,2.978,2.979,167100000.0,3334100000.0,4564400000.0,4564400000.0,0.0,0.08,0.212,0.148,0.341,20700000.0,150300000.0,1.0,239539560.0,239700000.0,240600000.0,19.042,9394900000.0,82800000.0,472800000.0,862400000.0,39.194,1068400000.0
26,CF,MRT,2014-12-31,2014-12-31,2014-12-31,2021-08-09,-159800000.0,11254200000.0,11673600000.0,2530500000.0,8723700000.0,0.406,16.451,-1798000000.0,2082700000.0,2082700000.0,2965000000.0,1437000000.0,2.583,1.587,4592500000.0,0.0,4592500000.0,4592500000.0,0.0,393000000.0,325400000.0,0.018,1.0,2341000000.0,2734000000.0,0.576,2734000000.0,2341000000.0,2163000000.0,5.43,5.42,5.43,4209700000.0,4533200000.0,4209700000.0,15350437404.0,7.0,5.615,-377000000.0,-1.473,1.0,1778000000.0,0.375,2092800000.0,178000000.0,10691500000.0,10150075000.0,202900000.0,861500000.0,0.0,861500000.0,6681700000.0,979700000.0,5702000000.0,13554837404.0,286000000.0,1372000000.0,-1917000000.0,1494000000.0,-256000000.0,-787000000.0,-344000000.0,5000000.0,1421000000.0,-4000000.0,1390000000.0,1390000000.0,1390000000.0,0.0,47000000.0,0.293,205000000.0,1573000000.0,589900000.0,0.184,3.22,9.752,10.038,5525800000.0,0.0,54.508,2.858,2.941,191500000.0,3175300000.0,4743000000.0,4743000000.0,0.0,0.119,0.307,0.231,0.494,17000000.0,152000000.0,1.0,248676110.0,255900000.0,256700000.0,18.535,9161400000.0,34800000.0,773000000.0,750600000.0,35.801,1550800000.0
27,CF,MRT,2014-09-30,2014-09-30,2014-09-30,2021-08-09,-72400000.0,11659800000.0,11529575000.0,3338700000.0,8321100000.0,0.421,18.104,-1451900000.0,2796800000.0,2796800000.0,2925000000.0,1527100000.0,3.183,1.513,4592400000.0,0.0,4592400000.0,4592400000.0,0.0,395300000.0,460800000.0,0.016,0.9,2482800000.0,2878100000.0,0.593,2878100000.0,2482800000.0,2305900000.0,5.484,5.468,5.484,4497100000.0,4749800000.0,4497100000.0,15622361231.0,6.0,5.428,-237500000.0,-0.956,1.0,1928000000.0,0.397,2094000000.0,176900000.0,10312600000.0,9724025000.0,254800000.0,925200000.0,0.0,925200000.0,6804500000.0,1048800000.0,5755700000.0,13869061231.0,365000000.0,1281100000.0,-1872800000.0,1494200000.0,-238600000.0,-669500000.0,-166500000.0,11900000.0,1214400000.0,-13400000.0,1477800000.0,1477800000.0,1477800000.0,0.0,49300000.0,0.305,199300000.0,1728700000.0,555700000.0,0.164,3.084,9.385,10.183,5050200000.0,0.0,55.844,2.858,2.858,156900000.0,3679100000.0,4853000000.0,4853000000.0,0.0,0.128,0.311,0.255,0.512,5900000.0,164400000.0,1.0,248353650.0,248400000.0,249300000.0,19.537,9565800000.0,83300000.0,828100000.0,823300000.0,38.51,2289900000.0
28,CF,MRT,2014-06-30,2014-06-30,2014-06-30,2021-08-09,-22400000.0,11304900000.0,11314375000.0,3405700000.0,7899200000.0,0.444,17.557,-1095300000.0,2839100000.0,2839100000.0,3015600000.0,1630400000.0,4.728,1.441,4592400000.0,0.0,4592400000.0,4592400000.0,0.0,400000000.0,63400000.0,0.014,0.68,2619100000.0,3019100000.0,0.6,3019100000.0,2619100000.0,2447600000.0,5.772,5.762,5.772,4482300000.0,4902000000.0,4482300000.0,12934014902.0,5.0,4.284,358500000.0,1.404,1.0,2013000000.0,0.4,2095700000.0,171500000.0,10242200000.0,9276375000.0,205000000.0,943000000.0,0.0,943000000.0,6459800000.0,720300000.0,5739500000.0,12525214902.0,260000000.0,1281100000.0,-2069900000.0,1494200000.0,-187400000.0,-822300000.0,-353100000.0,7900000.0,1453800000.0,-18400000.0,1581000000.0,1581000000.0,1581000000.0,0.0,49400000.0,0.314,147300000.0,1865700000.0,551900000.0,0.118,2.794,7.922,8.334,4605100000.0,0.0,48.106,2.491,2.442,258300000.0,3622400000.0,5028600000.0,5028600000.0,0.0,0.14,0.323,0.282,0.521,7300000.0,158400000.0,1.0,260367000.0,255300000.0,256000000.0,19.697,9209200000.0,52500000.0,866600000.0,917100000.0,36.072,2685400000.0
29,CF,MRT,2014-03-31,2014-03-31,2014-03-31,2021-08-09,-52000000.0,12475500000.0,11051050000.0,4911100000.0,7564400000.0,0.477,18.043,-1052800000.0,4183500000.0,4183500000.0,2982900000.0,1823800000.0,3.421,1.45,4592300000.0,0.0,4592300000.0,4592300000.0,0.0,408800000.0,477300000.0,0.011,0.56,2912000000.0,3320800000.0,0.63,3320800000.0,2912000000.0,2758900000.0,6.238,6.218,6.238,4943700000.0,5026075000.0,4943700000.0,15689926963.0,5.0,4.725,485300000.0,1.771,1.0,2287900000.0,0.434,2094600000.0,153100000.0,9354000000.0,8890750000.0,384400000.0,933500000.0,0.0,933500000.0,7167200000.0,1435700000.0,5731500000.0,14456626963.0,1319900000.0,1281100000.0,-1675700000.0,2992200000.0,-159100000.0,150900000.0,-353600000.0,13500000.0,1538100000.0,-15500000.0,1766600000.0,1766600000.0,1766600000.0,0.0,57200000.0,0.335,127200000.0,2160700000.0,593700000.0,0.09,2.924,8.183,8.357,4281900000.0,0.0,52.128,2.743,2.71,215700000.0,4378900000.0,5270800000.0,5270800000.0,0.0,0.16,0.351,0.328,0.552,4200000.0,163400000.0,1.0,277329400.0,274000000.0,274500000.0,19.236,10380900000.0,44600000.0,992300000.0,1168100000.0,37.886,3475400000.0
30,CF,MRT,2013-12-31,2013-12-31,2013-12-31,2021-08-09,-42600000.0,10678100000.0,10516775000.0,2630100000.0,8048000000.0,0.521,17.242,-811200000.0,1864800000.0,1864800000.0,2954500000.0,1532800000.0,3.175,1.032,3098100000.0,0.0,3098100000.0,3098100000.0,0.0,410600000.0,120600000.0,0.009,0.44,2303300000.0,2713900000.0,0.496,2713900000.0,2303300000.0,2151100000.0,4.97,4.95,4.97,5076100000.0,5223225000.0,5076100000.0,14056544151.0,6.0,5.179,655600000.0,2.227,1.0,2520200000.0,0.46,2095800000.0,152200000.0,8987300000.0,8148025000.0,274300000.0,926000000.0,0.0,926000000.0,5239700000.0,828300000.0,4411400000.0,13356144151.0,-564100000.0,-72500000.0,-1398800000.0,1498000000.0,-129100000.0,-980300000.0,-1019300000.0,13500000.0,1466800000.0,-31300000.0,1464600000.0,1464600000.0,1464600000.0,0.0,68200000.0,0.268,150200000.0,2370000000.0,564100000.0,0.089,2.631,9.119,9.378,4101700000.0,0.0,46.608,2.44,2.506,230900000.0,3725600000.0,5474700000.0,5474700000.0,0.0,0.139,0.28,0.283,0.421,-900000.0,166000000.0,1.0,286563340.0,294400000.0,296000000.0,18.596,8582300000.0,93400000.0,686500000.0,906500000.0,29.152,1801800000.0
31,CF,MRT,2013-09-30,2013-09-30,2013-09-30,2021-08-09,-72600000.0,10799000000.0,10388975000.0,3059700000.0,7739300000.0,0.542,17.822,-878500000.0,2397600000.0,2397600000.0,3047200000.0,1546700000.0,3.352,1.045,3098000000.0,0.0,3098000000.0,3098000000.0,0.0,414900000.0,433300000.0,0.008,0.32,2493800000.0,2908700000.0,0.517,2908700000.0,2493800000.0,2351000000.0,5.304,5.264,5.304,5105900000.0,5429750000.0,5105900000.0,13166595407.0,5.0,4.527,972100000.0,3.393,1.0,2582600000.0,0.459,2064500000.0,142800000.0,8522000000.0,7521775000.0,357400000.0,931800000.0,0.0,931800000.0,5337000000.0,912900000.0,4424100000.0,12076895407.0,64900000.0,0.0,-1103200000.0,1498000000.0,-97200000.0,-742000000.0,-1023400000.0,24000000.0,1850600000.0,-20300000.0,1609500000.0,1609500000.0,1609500000.0,0.0,-62800000.0,0.286,159400000.0,2423200000.0,466900000.0,0.06,2.365,7.504,7.95,4250000000.0,0.0,42.166,2.145,2.146,186900000.0,3880600000.0,5629800000.0,5629800000.0,0.0,0.155,0.296,0.332,0.443,-4900000.0,161200000.0,1.0,286413115.0,286500000.0,287500000.0,19.65,8734500000.0,79900000.0,741500000.0,873700000.0,30.487,2146800000.0
32,CF,MRT,2013-06-30,2013-06-30,2013-06-30,2021-08-09,-115300000.0,10251600000.0,10234900000.0,2719500000.0,7532100000.0,0.576,16.848,-750900000.0,2008300000.0,2008300000.0,2993700000.0,1760900000.0,4.712,0.986,3098000000.0,0.0,3098000000.0,3098000000.0,0.0,414500000.0,67700000.0,0.009,0.32,2747700000.0,3162200000.0,0.537,3162200000.0,2747700000.0,2617200000.0,5.772,5.72,5.772,4978600000.0,5517600000.0,4978600000.0,9562393200.0,3.0,3.024,1144300000.0,3.872,1.0,2898500000.0,0.492,2064500000.0,130500000.0,8699700000.0,6968350000.0,321000000.0,898600000.0,0.0,898600000.0,4908200000.0,577100000.0,4331100000.0,10167893200.0,551100000.0,0.0,-901200000.0,1498000000.0,-99300000.0,-488800000.0,-842600000.0,38000000.0,1895200000.0,-12700000.0,1778700000.0,1778700000.0,1778700000.0,0.0,-17800000.0,0.302,192600000.0,2705900000.0,489900000.0,0.055,2.042,5.716,5.942,4086500000.0,0.0,34.3,1.726,1.72,294300000.0,3673100000.0,5892200000.0,5892200000.0,0.0,0.174,0.322,0.394,0.466,-17800000.0,165500000.0,1.0,296440035.0,295500000.0,297500000.0,19.94,8187100000.0,69400000.0,838500000.0,799100000.0,27.706,2142400000.0
33,CF,MRT,2013-03-31,2013-03-31,2013-03-31,2021-08-09,-110100000.0,10338400000.0,9951725000.0,2907700000.0,7430700000.0,0.594,18.402,-595600000.0,2210300000.0,2210300000.0,2836300000.0,1921100000.0,2.262,0.736,1604800000.0,4800000.0,1600000000.0,1604800000.0,0.0,423800000.0,698600000.0,0.008,0.32,2895100000.0,3318900000.0,0.561,3318900000.0,2895100000.0,2751600000.0,5.97,5.906,5.97,5732300000.0,5527800000.0,5732300000.0,11324220405.0,4.0,3.412,1855500000.0,5.957,1.0,3076600000.0,0.52,2064500000.0,143500000.0,6383100000.0,6473650000.0,385800000.0,905800000.0,0.0,905800000.0,4220700000.0,1285300000.0,2935400000.0,11994120405.0,497000000.0,0.0,-984400000.0,-13000000.0,-101700000.0,-1291000000.0,-647600000.0,48400000.0,2451100000.0,-15500000.0,1886800000.0,1886800000.0,1886800000.0,0.0,34300000.0,0.319,203700000.0,2872900000.0,448500000.0,0.054,2.092,6.357,6.378,3938100000.0,0.0,38.074,2.028,2.006,242700000.0,3842400000.0,5912900000.0,5912900000.0,0.0,0.19,0.341,0.447,0.49,-23800000.0,162300000.0,1.0,315021285.0,311500000.0,314000000.0,18.982,8273900000.0,38500000.0,864800000.0,1008700000.0,26.561,1622400000.0
34,CF,MRT,2012-12-31,2012-12-31,2012-12-31,2021-08-09,-49600000.0,10166900000.0,9771350000.0,2807600000.0,7359300000.0,0.625,18.473,-506500000.0,2274900000.0,2274900000.0,2990700000.0,1923400000.0,2.955,0.658,1605000000.0,5000000.0,1600000000.0,1605000000.0,0.0,419800000.0,380700000.0,0.008,0.32,2948200000.0,3368000000.0,0.552,3368000000.0,2948200000.0,2812900000.0,5.788,5.718,5.788,5902200000.0,5327700000.0,5902200000.0,12156487642.0,4.0,3.609,1869100000.0,5.85,1.0,3113300000.0,0.51,2064500000.0,135300000.0,6482300000.0,6429500000.0,277900000.0,935600000.0,0.0,935600000.0,3884700000.0,950200000.0,2934500000.0,12772787642.0,1067900000.0,0.0,-485400000.0,-13000000.0,-102700000.0,-796800000.0,-513500000.0,48400000.0,2375600000.0,2600000.0,1848700000.0,1848700000.0,1848700000.0,0.0,74700000.0,0.303,200900000.0,2912400000.0,366500000.0,0.055,2.164,6.909,7.02,3900500000.0,0.0,40.632,2.093,2.127,217400000.0,3461100000.0,6104000000.0,6104000000.0,0.0,0.189,0.347,0.459,0.483,-24200000.0,151800000.0,1.0,314352915.0,319500000.0,323500000.0,19.105,8102400000.0,9500000.0,964200000.0,1125900000.0,25.36,1857400000.0
35,CF,MRT,2012-09-30,2012-09-30,2012-09-30,2021-08-09,-37900000.0,10182700000.0,9473250000.0,3015200000.0,7167500000.0,0.669,17.38,-324400000.0,2221300000.0,2221300000.0,3018700000.0,2070300000.0,2.526,0.77,1605000000.0,0.0,1605000000.0,1605000000.0,0.0,420000000.0,617600000.0,0.007,0.32,2977800000.0,3397800000.0,0.536,3397800000.0,2977800000.0,2840700000.0,5.62,5.554,5.62,5457300000.0,4988900000.0,5457300000.0,14155649063.0,5.0,4.166,1753700000.0,5.585,1.0,3322300000.0,0.524,2064500000.0,137100000.0,6308300000.0,6381325000.0,310000000.0,991900000.0,0.0,991900000.0,4204600000.0,1193600000.0,3011000000.0,13933849063.0,795200000.0,0.0,-684700000.0,-13000000.0,-103500000.0,-940300000.0,-345000000.0,32000000.0,2078100000.0,2400000.0,1816900000.0,1816900000.0,1816900000.0,0.0,253400000.0,0.287,198900000.0,3123400000.0,393300000.0,0.057,2.553,7.669,7.909,3721800000.0,0.0,44.448,2.197,2.201,340900000.0,3015700000.0,6341000000.0,6341000000.0,0.0,0.192,0.364,0.467,0.47,-40100000.0,148400000.0,1.0,313486525.0,314000000.0,317500000.0,20.194,8118200000.0,118100000.0,1023800000.0,1147700000.0,25.854,1821600000.0
36,CF,MRT,2012-06-30,2012-06-30,2012-06-30,2021-08-09,-75200000.0,9118900000.0,9239025000.0,1996700000.0,7122200000.0,0.691,15.612,-285100000.0,1383000000.0,1383000000.0,3127100000.0,1994600000.0,3.596,0.721,1604800000.0,0.0,1604800000.0,1604800000.0,0.0,421900000.0,121000000.0,0.008,0.32,2887700000.0,3309600000.0,0.518,3309600000.0,2887700000.0,2747200000.0,5.288,5.23,5.288,5019400000.0,4690275000.0,5019400000.0,12621294108.0,4.0,3.814,1920400000.0,5.973,1.0,3258300000.0,0.51,2064500000.0,140500000.0,6720900000.0,6271850000.0,229600000.0,999800000.0,0.0,999800000.0,3618700000.0,555300000.0,3063400000.0,12716694108.0,27400000.0,0.0,-1487900000.0,-13000000.0,-106700000.0,-1875500000.0,-308500000.0,29300000.0,2205500000.0,5900000.0,1744500000.0,1744500000.0,1744500000.0,0.0,250100000.0,0.273,224500000.0,3033800000.0,334400000.0,0.061,2.534,7.29,7.328,3700800000.0,0.0,38.748,1.992,1.951,360200000.0,2637500000.0,6385400000.0,6385400000.0,0.0,0.189,0.372,0.46,0.452,-32900000.0,142400000.0,1.0,328189690.0,321500000.0,326000000.0,19.861,7054400000.0,0.0,1002700000.0,1064300000.0,21.942,1441400000.0
37,CF,MRT,2012-03-31,2012-03-31,2012-03-31,2021-08-09,-72000000.0,9616900000.0,9314300000.0,2458400000.0,7158500000.0,0.693,15.059,-237200000.0,1713300000.0,1713300000.0,3369100000.0,1860100000.0,1.966,0.863,1617900000.0,0.0,1617900000.0,1617900000.0,0.0,400800000.0,399900000.0,0.007,0.26,2726100000.0,3126900000.0,0.485,3126900000.0,2726100000.0,2600100000.0,4.766,4.718,4.766,4931900000.0,4652550000.0,4931900000.0,12370010030.0,5.0,3.956,1773700000.0,5.416,1.0,3082400000.0,0.478,2064500000.0,126000000.0,6206500000.0,6222475000.0,265500000.0,1005800000.0,0.0,1005800000.0,4256000000.0,1250500000.0,3005500000.0,11959210030.0,579200000.0,0.0,-984100000.0,0.0,-87800000.0,-1183100000.0,-252500000.0,37400000.0,2010900000.0,3900000.0,1625600000.0,1625600000.0,1625600000.0,0.0,234500000.0,0.252,209300000.0,2873100000.0,319300000.0,0.055,2.425,7.357,7.665,3712500000.0,0.0,36.53,1.854,1.854,464900000.0,3183200000.0,6451500000.0,6451500000.0,0.0,0.175,0.349,0.438,0.423,-39200000.0,132800000.0,1.0,327380510.0,327500000.0,332500000.0,19.699,7552400000.0,0.0,974500000.0,1194600000.0,23.061,1207900000.0
38,CF,MRT,2011-12-31,2011-12-31,2011-12-31,2021-08-09,-99300000.0,8974500000.0,9207550000.0,1798600000.0,7175900000.0,0.662,13.104,-192500000.0,1207000000.0,1207000000.0,3202300000.0,1761000000.0,1.744,0.889,1617800000.0,0.0,1617800000.0,1617800000.0,0.0,416200000.0,257200000.0,0.007,0.2,2612900000.0,3029100000.0,0.497,3029100000.0,2612900000.0,2465700000.0,4.436,4.396,4.436,4547000000.0,4510350000.0,4547000000.0,10616148408.0,4.0,3.505,1886400000.0,5.436,1.0,2895600000.0,0.475,2064500000.0,147200000.0,6289600000.0,6227225000.0,304200000.0,928600000.0,0.0,928600000.0,4041600000.0,1031200000.0,3010400000.0,10424548408.0,409300000.0,0.0,-984700000.0,-346000000.0,-68700000.0,-1499400000.0,-173800000.0,37900000.0,2078900000.0,3600000.0,1539200000.0,1539200000.0,1539200000.0,0.0,221800000.0,0.252,155300000.0,2740300000.0,327700000.0,0.045,2.293,6.773,6.537,3736000000.0,0.0,28.996,1.71,1.65,269400000.0,2841000000.0,6097900000.0,6097900000.0,0.0,0.167,0.341,0.42,0.428,-36600000.0,130000000.0,1.0,359516775.0,347000000.0,350000000.0,17.573,6910000000.0,0.0,926500000.0,1175400000.0,19.914,767400000.0
39,CF,MRT,2011-09-30,2011-09-30,2011-09-30,2021-08-09,-67400000.0,9245800000.0,9152425000.0,2057900000.0,7187900000.0,0.614,12.285,-183700000.0,1426100000.0,1426100000.0,3102800000.0,1485500000.0,1.37,1.055,1617700000.0,4700000.0,1613000000.0,1617700000.0,0.0,421200000.0,878200000.0,0.006,0.14,2260300000.0,2681500000.0,0.477,2681500000.0,2260300000.0,2094600000.0,3.71,3.676,3.71,4262800000.0,4386200000.0,4262800000.0,9116148694.0,4.0,3.4,2331800000.0,6.72,1.0,2514300000.0,0.448,2064500000.0,165700000.0,5870400000.0,6380375000.0,341600000.0,1057000000.0,0.0,1057000000.0,4496000000.0,1502500000.0,2993500000.0,8853648694.0,777700000.0,0.0,-783600000.0,-646000000.0,-29700000.0,-1584400000.0,-154800000.0,52500000.0,2515500000.0,1400000.0,1300600000.0,1300600000.0,1300600000.0,0.0,184900000.0,0.232,162000000.0,2352300000.0,440400000.0,0.038,2.077,6.807,6.652,3739300000.0,0.0,24.678,1.576,1.524,268600000.0,2428200000.0,5617100000.0,5617100000.0,0.0,0.142,0.297,0.354,0.402,-19800000.0,126000000.0,1.0,358766865.0,347000000.0,349500000.0,16.188,7181300000.0,0.0,794000000.0,1180900000.0,20.695,555400000.0
40,CF,MRT,2011-06-30,2011-06-30,2011-06-30,2021-08-09,-22200000.0,9420000000.0,8995350000.0,2080400000.0,7339600000.0,0.57,13.599,-204900000.0,1355600000.0,1355600000.0,3084300000.0,1174300000.0,1.901,0.84,1618100000.0,5100000.0,1613000000.0,1618100000.0,0.0,430000000.0,401300000.0,0.003,0.08,1837800000.0,2267800000.0,0.442,2267800000.0,1837800000.0,1645900000.0,2.892,2.864,2.892,4868500000.0,4286425000.0,4868500000.0,10611035144.0,6.0,4.679,1865600000.0,5.211,1.0,2046100000.0,0.399,2064500000.0,191900000.0,6523400000.0,6763525000.0,277000000.0,1088500000.0,3200000.0,1085300000.0,4088200000.0,1094600000.0,2993600000.0,10127035144.0,754200000.0,0.0,13100000.0,-996000000.0,-8500000.0,-1128700000.0,-186600000.0,41000000.0,2070500000.0,-1000000.0,1017900000.0,1017900000.0,1017900000.0,0.0,156400000.0,0.198,130000000.0,1916100000.0,346800000.0,0.028,2.08,9.949,9.797,3869500000.0,0.0,28.334,1.974,1.977,424500000.0,2125900000.0,5130400000.0,5130400000.0,0.0,0.113,0.237,0.272,0.358,-14200000.0,124300000.0,1.0,357416360.0,358000000.0,361000000.0,14.331,7355500000.0,0.0,628000000.0,1271800000.0,20.546,985800000.0
41,CF,MRT,2011-03-31,2011-03-31,2011-03-31,2021-08-09,-26800000.0,9189900000.0,8789175000.0,1808800000.0,7381100000.0,0.528,12.239,-234300000.0,1134100000.0,1134100000.0,3061100000.0,767100000.0,1.307,1.008,1618100000.0,5100000.0,1613000000.0,1618100000.0,0.0,485000000.0,747300000.0,0.003,0.08,1345500000.0,1830500000.0,0.395,1830500000.0,1345500000.0,1072500000.0,1.842,1.822,1.842,4363100000.0,4012050000.0,4363100000.0,10914144665.0,8.0,5.962,1583800000.0,4.443,1.0,1575500000.0,0.34,2064500000.0,273000000.0,6225500000.0,7112200000.0,395200000.0,1087600000.0,3200000.0,1084400000.0,4398300000.0,1383900000.0,3014400000.0,9752844665.0,123600000.0,-3177800000.0,1157600000.0,842500000.0,-28500000.0,1662700000.0,-3356300000.0,48500000.0,1818100000.0,-900000.0,635600000.0,635600000.0,635600000.0,0.0,131500000.0,0.137,141000000.0,1434500000.0,338300000.0,0.043,2.235,15.344,14.852,3924100000.0,0.0,27.358,2.103,2.104,260300000.0,1645700000.0,4636600000.0,4636600000.0,0.0,0.072,0.158,0.189,0.29,-2500000.0,120900000.0,1.0,356489680.0,356500000.0,360500000.0,13.006,7125400000.0,0.0,436900000.0,1263500000.0,19.987,424900000.0
42,CF,MRT,2010-12-31,2010-12-31,2010-12-31,2021-08-09,-53300000.0,8754000000.0,7149975000.0,1341400000.0,7412600000.0,0.555,12.521,-241600000.0,797700000.0,797700000.0,2785500000.0,440700000.0,1.414,1.067,1959000000.0,4900000.0,1954100000.0,1959000000.0,0.0,394800000.0,431500000.0,0.003,0.08,844200000.0,1239000000.0,0.312,1239000000.0,844200000.0,622900000.0,1.08,1.068,1.08,4050400000.0,3349075000.0,4050400000.0,11220249076.0,13.0,9.056,952800000.0,2.945,1.0,1179500000.0,0.297,2064500000.0,221300000.0,6902200000.0,5804150000.0,270300000.0,1083000000.0,3100000.0,1079900000.0,4320600000.0,948600000.0,3372000000.0,9613049076.0,100600000.0,-3177800000.0,1155000000.0,1188500000.0,-26200000.0,1977000000.0,-3070200000.0,376700000.0,1194400000.0,-600000.0,349200000.0,349200000.0,349200000.0,0.0,91500000.0,0.088,294400000.0,885100000.0,323200000.0,0.074,2.373,27.529,25.028,3942300000.0,0.0,27.03,2.424,2.205,238900000.0,1370800000.0,3965000000.0,3965000000.0,0.0,0.049,0.104,0.145,0.213,2500000.0,106100000.0,1.0,355643695.0,323500000.0,327000000.0,12.257,6689500000.0,0.0,273700000.0,1175500000.0,20.679,392800000.0
43,CF,MRT,2010-09-30,2010-09-30,2010-09-30,2021-08-09,-36100000.0,8617500000.0,5585200000.0,1199000000.0,7418500000.0,0.579,10.868,-229700000.0,648400000.0,648400000.0,2412400000.0,271300000.0,1.653,1.117,2255600000.0,0.0,2255600000.0,2255600000.0,0.0,316200000.0,321100000.0,0.004,0.08,501600000.0,817800000.0,0.253,817800000.0,501600000.0,330600000.0,0.64,0.632,0.64,3863700000.0,2768700000.0,3863700000.0,8788062336.0,18.0,10.746,515600000.0,1.45,1.0,821700000.0,0.254,2096400000.0,171000000.0,7403000000.0,4409050000.0,271100000.0,1110900000.0,0.0,1110900000.0,4315600000.0,725300000.0,3590300000.0,6788262336.0,150900000.0,-3177800000.0,1151500000.0,1488500000.0,-44000000.0,2277800000.0,-2871600000.0,508600000.0,745300000.0,-600000.0,200300000.0,200300000.0,200300000.0,0.0,71000000.0,0.062,297100000.0,524600000.0,329500000.0,0.125,1.757,33.89,29.844,3928800000.0,0.0,19.1,2.099,2.1,228800000.0,1177600000.0,3234100000.0,3234100000.0,0.0,0.036,0.072,0.114,0.155,6300000.0,89200000.0,1.0,355406405.0,355500000.0,359500000.0,9.097,6521100000.0,28600000.0,130300000.0,1075100000.0,18.343,473700000.0
44,CF,MRT,2010-06-30,2010-06-30,2010-06-30,2021-08-09,-85300000.0,8595300000.0,4020100000.0,1267400000.0,7327900000.0,0.683,11.19,-199500000.0,601400000.0,601400000.0,1971200000.0,260100000.0,2.183,1.167,2601200000.0,18600000.0,2582600000.0,2601200000.0,0.0,232800000.0,10800000.0,0.006,0.08,447200000.0,680000000.0,0.248,680000000.0,447200000.0,334100000.0,0.662,0.654,0.662,3771000000.0,2217500000.0,3771000000.0,3502633538.0,8.0,5.151,41100000.0,0.122,1.0,775900000.0,0.282,2096400000.0,113100000.0,7918100000.0,2941850000.0,287300000.0,1064700000.0,0.0,1064700000.0,4400200000.0,580600000.0,3819600000.0,4508233538.0,-214700000.0,-3177800000.0,1152600000.0,1838500000.0,-41800000.0,2740000000.0,-3191700000.0,161600000.0,240600000.0,-3600000.0,190600000.0,190600000.0,190600000.0,0.0,69500000.0,0.069,292600000.0,483300000.0,331600000.0,0.121,1.196,23.653,19.169,3907600000.0,0.0,12.69,1.641,1.557,347400000.0,1136800000.0,2747100000.0,2747100000.0,0.0,0.047,0.086,0.152,0.163,3100000.0,75500000.0,1.0,355258750.0,337000000.0,341000000.0,8.152,6498900000.0,7600000.0,143500000.0,1053100000.0,19.285,686800000.0
45,CF,MRT,2010-03-31,2010-03-31,2010-03-31,2021-08-09,-54200000.0,2633100000.0,2441125000.0,1549800000.0,1083300000.0,0.996,7.042,-180300000.0,1010500000.0,1010500000.0,1624100000.0,371700000.0,2.447,0.522,4900000.0,0.0,4900000.0,4900000.0,0.0,107400000.0,282500000.0,0.004,0.08,500400000.0,607800000.0,0.25,607800000.0,500400000.0,498900000.0,1.23,1.212,1.23,1711200000.0,1679325000.0,1711200000.0,3736922345.0,7.0,6.148,256700000.0,1.056,1.0,806100000.0,0.332,900000.0,1500000.0,993300000.0,1251600000.0,287200000.0,203800000.0,25200000.0,178600000.0,894100000.0,633300000.0,260800000.0,4429322345.0,206700000.0,0.0,3300000.0,0.0,-19400000.0,-155600000.0,-76900000.0,109400000.0,437000000.0,2200000.0,298500000.0,298500000.0,298500000.0,0.0,73200000.0,0.123,276500000.0,529600000.0,181000000.0,0.065,2.588,14.839,14.826,789700000.0,0.0,18.236,1.823,1.823,197500000.0,1038900000.0,2430200000.0,2430200000.0,0.0,0.122,0.178,0.4,0.206,2000000.0,63700000.0,1.0,242888920.0,243000000.0,243000000.0,10.001,2632200000.0,23000000.0,200400000.0,113600000.0,10.832,916500000.0
46,CF,MRT,2009-12-31,2009-12-31,2009-12-31,2021-08-09,-43200000.0,2494900000.0,2409375000.0,1283100000.0,1211800000.0,1.083,7.129,-226400000.0,697100000.0,697100000.0,1769000000.0,448500000.0,2.674,0.434,4700000.0,0.0,4700000.0,4700000.0,0.0,101000000.0,159500000.0,0.004,0.08,613100000.0,714100000.0,0.274,714100000.0,613100000.0,611600000.0,1.508,1.484,1.508,1728900000.0,1599700000.0,1728900000.0,3915250616.0,6.0,5.483,455400000.0,1.878,1.0,839400000.0,0.322,900000.0,1500000.0,1321800000.0,1213125000.0,207800000.0,524700000.0,185000000.0,339700000.0,750000000.0,479800000.0,270200000.0,4408150616.0,72100000.0,0.0,3200000.0,0.0,-19400000.0,-123900000.0,-487700000.0,-251300000.0,681800000.0,1900000.0,365600000.0,365600000.0,365600000.0,0.0,82900000.0,0.14,159600000.0,679800000.0,172500000.0,0.053,2.55,12.057,12.04,793800000.0,0.0,18.156,1.69,1.688,167400000.0,1048100000.0,2608400000.0,2608400000.0,0.0,0.152,0.229,0.505,0.235,2000000.0,62900000.0,1.0,242793050.0,242500000.0,246000000.0,10.756,2494000000.0,14700000.0,246000000.0,120900000.0,10.285,803300000.0
47,CF,MRT,2009-09-30,2009-09-30,2009-09-30,2021-08-09,-64300000.0,2357100000.0,2382550000.0,1084800000.0,1272300000.0,1.332,6.841,-200000000.0,497500000.0,497500000.0,2099700000.0,631100000.0,3.296,0.36,4600000.0,4600000.0,0.0,4600000.0,0.0,98400000.0,123300000.0,0.005,0.08,829800000.0,928200000.0,0.292,928200000.0,829800000.0,828300000.0,2.014,1.986,2.014,1658900000.0,1502000000.0,1658900000.0,3366487611.0,4.0,3.627,395200000.0,1.63,1.0,1074000000.0,0.338,900000.0,1500000.0,1534200000.0,1119600000.0,219600000.0,633200000.0,205100000.0,428100000.0,597800000.0,329100000.0,268700000.0,4178387611.0,-330900000.0,0.0,-497100000.0,0.0,-19600000.0,-648400000.0,-281700000.0,-71700000.0,595200000.0,4000000.0,504300000.0,504300000.0,504300000.0,0.0,126800000.0,0.159,121400000.0,952600000.0,140000000.0,0.04,2.519,8.286,8.563,766900000.0,0.0,17.246,1.317,1.318,143300000.0,1001600000.0,3173700000.0,3173700000.0,0.0,0.212,0.336,0.741,0.261,1500000.0,62000000.0,1.0,242281550.0,242500000.0,246500000.0,13.087,2356200000.0,0.0,324000000.0,122500000.0,9.716,755700000.0
48,CF,MRT,2009-06-30,2009-06-30,2009-06-30,2021-08-09,-66100000.0,2279400000.0,2547900000.0,1284400000.0,995000000.0,1.477,6.687,-182700000.0,816100000.0,816100000.0,2693500000.0,647700000.0,4.15,0.364,4200000.0,4200000.0,0.0,4200000.0,0.0,95700000.0,70900000.0,0.005,0.08,833800000.0,929500000.0,0.247,929500000.0,833800000.0,832300000.0,2.022,1.994,2.022,1618300000.0,1511350000.0,1618300000.0,2788642889.0,3.0,3.0,426600000.0,1.763,1.0,1070900000.0,0.284,900000.0,1500000.0,1157100000.0,1044400000.0,213900000.0,285100000.0,105100000.0,180000000.0,589700000.0,309500000.0,280200000.0,3588542889.0,10300000.0,0.0,-493000000.0,0.0,-20300000.0,-634900000.0,29200000.0,219400000.0,609300000.0,6700000.0,512900000.0,512900000.0,512900000.0,0.0,134800000.0,0.136,105500000.0,965400000.0,175600000.0,0.04,2.217,6.997,7.333,738500000.0,0.0,14.828,0.953,0.953,137900000.0,969500000.0,3764400000.0,3764400000.0,0.0,0.201,0.339,0.798,0.221,-8200000.0,63600000.0,1.0,242011255.0,242000000.0,246000000.0,15.555,2278500000.0,0.0,319400000.0,132200000.0,9.415,974900000.0
49,CF,MRT,2009-03-31,2009-03-31,2009-03-31,2021-08-09,-80300000.0,2506100000.0,2669875000.0,1495000000.0,1011100000.0,1.474,5.755,-166600000.0,803800000.0,803800000.0,2820600000.0,707200000.0,1.727,0.777,3900000.0,3900000.0,0.0,3900000.0,0.0,96900000.0,434600000.0,0.006,0.08,922600000.0,1019500000.0,0.259,1019500000.0,922600000.0,921000000.0,2.164,2.13,2.164,1392700000.0,1515450000.0,1392700000.0,2821314291.0,3.0,2.767,467100000.0,1.93,1.0,1113800000.0,0.283,900000.0,1600000.0,839400000.0,1017950000.0,460100000.0,246800000.0,35200000.0,211600000.0,1081500000.0,865900000.0,215600000.0,3442214291.0,-48200000.0,0.0,-492000000.0,0.0,-21200000.0,-546200000.0,-136200000.0,37900000.0,633700000.0,500000.0,588500000.0,588500000.0,588500000.0,0.0,118700000.0,0.15,91500000.0,1022300000.0,192000000.0,0.037,2.472,5.849,6.574,706400000.0,0.0,14.226,0.875,0.875,185400000.0,761300000.0,3934400000.0,3934400000.0,0.0,0.22,0.388,0.906,0.234,-12200000.0,65200000.0,1.0,241966420.0,242000000.0,245500000.0,16.258,2505200000.0,18300000.0,332500000.0,95500000.0,10.352,629100000.0
50,CF,MRT,2008-12-31,2008-12-31,2008-12-31,2021-08-09,-75200000.0,2387600000.0,2676000000.0,1433200000.0,954400000.0,1.465,4.831,-131400000.0,625000000.0,625000000.0,2698400000.0,801500000.0,1.752,0.775,4100000.0,4100000.0,0.0,4100000.0,0.0,100800000.0,347800000.0,0.008,0.08,1064300000.0,1165100000.0,0.297,1165100000.0,1064300000.0,1062700000.0,2.47,2.426,2.47,1338100000.0,1503000000.0,1338100000.0,1971419460.0,2.0,1.692,507200000.0,1.831,1.0,1222700000.0,0.312,900000.0,1600000.0,947700000.0,982250000.0,588600000.0,222600000.0,0.0,222600000.0,1036900000.0,818100000.0,218800000.0,2795219460.0,258500000.0,0.0,-490100000.0,0.0,-22000000.0,-540500000.0,159500000.0,295900000.0,638600000.0,900000.0,684600000.0,684600000.0,684600000.0,0.0,116900000.0,0.175,72500000.0,1150200000.0,207900000.0,0.032,2.089,4.083,3.981,661900000.0,0.0,9.832,0.713,0.695,175100000.0,703400000.0,3921100000.0,3921100000.0,0.0,0.256,0.455,1.084,0.271,-16000000.0,68000000.0,1.0,284298155.0,277000000.0,282000000.0,14.156,2386700000.0,26300000.0,378100000.0,72400000.0,8.616,615100000.0
51,CF,MRT,2008-09-30,2008-09-30,2008-09-30,2021-08-09,-29800000.0,3018500000.0,2582225000.0,2041500000.0,977000000.0,1.433,5.983,-131100000.0,828400000.0,828400000.0,2603600000.0,751600000.0,2.126,0.779,4600000.0,0.0,4600000.0,4600000.0,0.0,99100000.0,578100000.0,0.003,0.064,978000000.0,1077100000.0,0.291,1077100000.0,978000000.0,976400000.0,2.236,2.192,2.236,1696300000.0,1465225000.0,1696300000.0,4365737924.0,4.0,4.053,669300000.0,2.361,1.0,1098000000.0,0.297,900000.0,1600000.0,1233400000.0,1000500000.0,617200000.0,563300000.0,323800000.0,239500000.0,1322200000.0,960400000.0,361800000.0,5166737924.0,775400000.0,-39600000.0,15900000.0,0.0,-18100000.0,1400000.0,-23900000.0,151800000.0,800400000.0,-2500000.0,629900000.0,629900000.0,629900000.0,0.0,121700000.0,0.17,77500000.0,1020500000.0,230000000.0,0.029,3.046,8.202,8.181,665100000.0,0.0,18.292,1.396,1.401,154000000.0,894400000.0,3701600000.0,3701600000.0,0.0,0.244,0.43,0.978,0.264,-23100000.0,70400000.0,1.0,282458885.0,283500000.0,288500000.0,13.057,3017600000.0,82300000.0,346500000.0,115200000.0,10.644,1081100000.0
52,CF,MRT,2008-06-30,2008-06-30,2008-06-30,2021-08-09,-28300000.0,2767300000.0,2283925000.0,1770800000.0,996500000.0,1.429,5.797,-131900000.0,805800000.0,805800000.0,2135300000.0,761500000.0,1.937,0.693,4800000.0,0.0,4800000.0,4800000.0,0.0,95400000.0,413400000.0,0.002,0.048,1036100000.0,1131500000.0,0.347,1131500000.0,1036100000.0,1034400000.0,2.38,2.332,2.38,1634700000.0,1298250000.0,1634700000.0,7766828795.0,7.0,6.864,772500000.0,2.739,1.0,1128400000.0,0.346,900000.0,1700000.0,1051300000.0,995325000.0,368800000.0,514100000.0,238700000.0,275400000.0,1132600000.0,914100000.0,218500000.0,8614028795.0,746200000.0,-39600000.0,12600000.0,0.0,-13600000.0,-9600000.0,-141000000.0,35500000.0,904400000.0,-7600000.0,669300000.0,669300000.0,669300000.0,0.0,92200000.0,0.205,72600000.0,1055800000.0,279400000.0,0.02,5.269,12.87,12.84,649300000.0,0.0,30.56,2.639,2.641,175300000.0,852900000.0,3263700000.0,3263700000.0,0.0,0.293,0.516,1.041,0.317,-10000000.0,70300000.0,1.0,281872670.0,282000000.0,288000000.0,11.573,2766400000.0,0.0,365100000.0,202200000.0,9.81,856700000.0
53,CF,MRT,2008-03-31,2008-03-31,2008-03-31,2021-08-09,-27600000.0,2530600000.0,1989075000.0,1516500000.0,1014100000.0,1.484,4.771,-114000000.0,852000000.0,852000000.0,2115500000.0,547400000.0,1.538,0.884,4800000.0,0.0,4800000.0,4800000.0,0.0,90200000.0,553800000.0,0.002,0.032,732400000.0,822600000.0,0.279,822600000.0,732400000.0,730800000.0,1.696,1.66,1.696,1342900000.0,1123025000.0,1342900000.0,5467688375.0,7.0,6.647,682200000.0,2.423,1.0,836100000.0,0.283,900000.0,1600000.0,696600000.0,1008150000.0,444500000.0,305100000.0,0.0,305100000.0,1187700000.0,985900000.0,201800000.0,5829288375.0,824200000.0,-39600000.0,15400000.0,0.0,-9000000.0,-6900000.0,36100000.0,194600000.0,796200000.0,-1200000.0,474300000.0,474300000.0,474300000.0,0.0,73100000.0,0.161,73000000.0,763100000.0,254300000.0,0.019,4.341,12.29,12.219,636400000.0,0.0,20.724,1.975,1.976,154200000.0,570000000.0,2951600000.0,2951600000.0,0.0,0.238,0.422,0.726,0.248,-6900000.0,69700000.0,1.0,281282010.0,281500000.0,287500000.0,10.485,2529700000.0,0.0,256500000.0,138600000.0,8.987,530600000.0
54,CF,MRT,2007-12-31,2007-12-31,2007-12-31,2021-08-09,-21200000.0,2012500000.0,1755850000.0,1279100000.0,733400000.0,1.57,4.262,-101000000.0,366500000.0,366500000.0,2086700000.0,427300000.0,2.033,0.695,4900000.0,0.0,4900000.0,4900000.0,0.0,84500000.0,305800000.0,0.001,0.016,573900000.0,658400000.0,0.239,658400000.0,573900000.0,572200000.0,1.34,1.312,1.34,1187000000.0,994750000.0,1187000000.0,6005300000.0,10.0,9.121,589100000.0,2.115,1.0,670000000.0,0.243,900000.0,1700000.0,1020700000.0,1082175000.0,231700000.0,536100000.0,494500000.0,41600000.0,825500000.0,629300000.0,196200000.0,6053300000.0,341100000.0,-39600000.0,16600000.0,0.0,-4500000.0,-4900000.0,-343100000.0,-194300000.0,690100000.0,-1000000.0,372700000.0,372700000.0,372700000.0,0.0,54600000.0,0.135,68400000.0,601600000.0,210400000.0,0.012,5.1,16.242,16.427,623600000.0,0.0,22.012,2.196,2.224,148700000.0,416800000.0,2756700000.0,2756700000.0,0.0,0.212,0.375,0.53,0.208,-3600000.0,65200000.0,1.0,275000000.0,278500000.0,284000000.0,9.898,2011600000.0,0.0,199500000.0,65400000.0,7.223,649800000.0
55,CF,MRT,2007-09-30,2007-09-30,2007-09-30,2021-08-09,-28900000.0,1825300000.0,1575325000.0,1138800000.0,686500000.0,1.543,3.699,-92000000.0,53000000.0,53000000.0,1953700000.0,245300000.0,2.02,0.775,5000000.0,0.0,5000000.0,5000000.0,0.0,85400000.0,332700000.0,0.001,0.016,378700000.0,464100000.0,0.191,464100000.0,378700000.0,377000000.0,0.884,0.866,0.884,1028400000.0,889750000.0,1028400000.0,4120050000.0,11.0,8.878,451900000.0,1.626,1.0,476900000.0,0.196,900000.0,1700000.0,1212700000.0,1055725000.0,236700000.0,677400000.0,677400000.0,0.0,796900000.0,563700000.0,233200000.0,4175050000.0,31600000.0,0.0,10700000.0,0.0,-4400000.0,-18900000.0,-493700000.0,-393500000.0,543900000.0,300000.0,245300000.0,245300000.0,245300000.0,0.0,0.0,0.101,78600000.0,398300000.0,175400000.0,0.018,4.06,17.02,17.174,618400000.0,0.0,15.182,1.718,1.736,142500000.0,282600000.0,2430600000.0,2430600000.0,0.0,0.156,0.276,0.359,0.156,4300000.0,61800000.0,1.0,275000000.0,278000000.0,284500000.0,8.743,1824400000.0,7200000.0,131700000.0,29400000.0,6.563,575100000.0
56,CF,MRT,2007-06-30,2007-06-30,2007-06-30,2021-08-09,-30700000.0,1587900000.0,1441950000.0,923300000.0,664600000.0,1.558,3.371,-75500000.0,59600000.0,59600000.0,1894900000.0,166100000.0,2.15,0.7,4600000.0,0.0,4600000.0,4600000.0,0.0,87700000.0,167700000.0,0.001,0.016,257100000.0,344800000.0,0.153,344800000.0,257100000.0,255400000.0,0.6,0.588,0.6,933800000.0,827850000.0,933800000.0,3270450000.0,13.0,9.485,367400000.0,1.326,1.0,351400000.0,0.156,900000.0,1700000.0,1102600000.0,985500000.0,180100000.0,506000000.0,506000000.0,0.0,654100000.0,429400000.0,224700000.0,3293950000.0,34900000.0,0.0,8100000.0,0.0,-4400000.0,-26800000.0,-386500000.0,-302800000.0,442900000.0,5300000.0,166100000.0,166100000.0,166100000.0,0.0,0.0,0.074,78700000.0,272700000.0,182000000.0,0.027,3.527,19.831,19.963,596000000.0,0.0,11.978,1.466,1.477,158000000.0,197200000.0,2246300000.0,2246300000.0,0.0,0.115,0.201,0.261,0.114,5200000.0,58400000.0,1.0,275000000.0,277000000.0,283000000.0,8.109,1587000000.0,0.0,89300000.0,60000000.0,5.729,493900000.0
57,CF,MRT,2007-03-31,2007-03-31,2007-03-31,2021-08-09,-32900000.0,1597700000.0,1340475000.0,936700000.0,661000000.0,1.556,3.012,-68700000.0,27800000.0,27800000.0,1811100000.0,115100000.0,1.613,0.925,4300000.0,0.0,4300000.0,4300000.0,0.0,92200000.0,325000000.0,0.002,0.016,183700000.0,275900000.0,0.132,275900000.0,183700000.0,180800000.0,0.416,0.412,0.416,829800000.0,787650000.0,829800000.0,2105684494.0,11.0,7.632,307500000.0,1.116,1.0,275000000.0,0.132,900000.0,2900000.0,992700000.0,936600000.0,303700000.0,463000000.0,463000000.0,0.0,767900000.0,580600000.0,187300000.0,2126884494.0,-10900000.0,0.0,3400000.0,0.0,-4400000.0,-3900000.0,-382500000.0,-305500000.0,376200000.0,-700000.0,115100000.0,115100000.0,115100000.0,0.0,0.0,0.055,76400000.0,198600000.0,194800000.0,0.038,2.563,18.479,18.534,593900000.0,0.0,7.71,1.02,1.018,118500000.0,104700000.0,2086100000.0,2086100000.0,0.0,0.086,0.146,0.196,0.088,7200000.0,55200000.0,1.0,275860505.0,275500000.0,281000000.0,7.572,1596800000.0,0.0,65700000.0,35500000.0,5.796,356100000.0
58,CF,MRT,2006-12-31,2006-12-31,2006-12-31,2021-08-09,-33400000.0,1290400000.0,1266250000.0,633100000.0,657300000.0,1.605,2.789,-59300000.0,25400000.0,25400000.0,1885700000.0,33300000.0,1.791,0.682,4200000.0,0.0,4200000.0,4200000.0,0.0,94600000.0,102700000.0,0.003,0.016,55900000.0,150500000.0,0.074,150500000.0,55900000.0,53000000.0,0.12,0.12,0.12,767000000.0,762700000.0,767000000.0,1397356270.0,25.0,9.285,144300000.0,0.525,1.0,147200000.0,0.072,900000.0,2900000.0,914900000.0,894175000.0,176100000.0,300200000.0,300200000.0,0.0,523400000.0,353400000.0,170000000.0,1414356270.0,-12000000.0,0.0,100000.0,0.0,-4400000.0,-23300000.0,-191300000.0,-120900000.0,203600000.0,-1000000.0,33300000.0,33300000.0,33300000.0,0.0,0.0,0.016,75900000.0,71300000.0,172300000.0,0.133,1.844,42.473,42.733,597000000.0,0.0,5.128,0.696,0.694,113900000.0,48600000.0,2032900000.0,2032900000.0,0.0,0.026,0.044,0.063,0.027,8100000.0,54500000.0,1.0,275810505.0,275000000.0,275500000.0,7.392,1289500000.0,1700000.0,19700000.0,11700000.0,4.689,279700000.0
59,CF,MRT,2006-09-30,2006-09-30,2006-09-30,2021-08-09,-10600000.0,1291800000.0,1250675000.0,655300000.0,636500000.0,1.607,2.839,-56700000.0,21400000.0,21400000.0,1903700000.0,12500000.0,1.916,0.654,4400000.0,0.0,4400000.0,4400000.0,0.0,91400000.0,148800000.0,0.005,0.016,22000000.0,113400000.0,0.056,113400000.0,22000000.0,19000000.0,0.044,0.044,0.044,780800000.0,759925000.0,780800000.0,919403517.0,42.0,8.108,21400000.0,0.078,1.0,106600000.0,0.053,900000.0,3000000.0,931800000.0,878675000.0,241400000.0,284000000.0,284000000.0,0.0,511000000.0,342100000.0,168900000.0,939703517.0,-19000000.0,0.0,0.0,0.0,-4400000.0,-23500000.0,-74600000.0,-6800000.0,78100000.0,1000000.0,12500000.0,12500000.0,12500000.0,0.0,0.0,0.006,68200000.0,38400000.0,145900000.0,0.364,1.204,75.176,77.591,603200000.0,0.0,3.414,0.467,0.467,86500000.0,41700000.0,2010300000.0,2010300000.0,0.0,0.01,0.016,0.025,0.011,7900000.0,54500000.0,1.0,275250005.0,275000000.0,275000000.0,7.31,1290900000.0,0.0,6500000.0,18000000.0,4.694,313200000.0
60,CF,MRT,2006-06-30,2006-06-30,2006-06-30,2021-08-09,-9700000.0,1182000000.0,1262187500.0,540800000.0,641200000.0,1.562,2.811,-59400000.0,24700000.0,24700000.0,1834300000.0,-86200000.0,2.131,0.529,4400000.0,0.0,4400000.0,4400000.0,0.0,91700000.0,70100000.0,0.004,0.012,16700000.0,108400000.0,0.055,108400000.0,16700000.0,11200000.0,-0.344,-0.344,-0.344,773000000.0,766835250.0,773000000.0,750195330.0,45.0,6.921,7700000.0,0.028,1.0,136800000.0,0.069,900000.0,5500000.0,907000000.0,873313500.0,202600000.0,203300000.0,203300000.0,0.0,409000000.0,253800000.0,155200000.0,784695330.0,-54700000.0,18600000.0,715400000.0,-272700000.0,-3300000.0,-299500000.0,175800000.0,227700000.0,67100000.0,1900000.0,-86200000.0,-86200000.0,-86200000.0,0.0,0.0,-0.044,73700000.0,63100000.0,148100000.0,-0.035,1.015,-9.103,-8.291,608400000.0,0.0,2.852,0.398,0.398,85000000.0,35500000.0,1971100000.0,1971100000.0,0.0,-0.068,-0.112,0.019,0.008,7300000.0,59000000.0,1.0,275138615.0,275000000.0,275000000.0,7.168,1181100000.0,0.0,97400000.0,20600000.0,4.295,287000000.0
61,CF,MRT,2006-03-31,2006-03-31,2006-03-31,2021-08-09,-9400000.0,1300800000.0,,642400000.0,658400000.0,,2.655,-64100000.0,38700000.0,38700000.0,1777900000.0,-85900000.0,1.452,0.782,4200000.0,0.0,4200000.0,4200000.0,0.0,93400000.0,245900000.0,0.002,0.008,21300000.0,114700000.0,0.06,114700000.0,21300000.0,12100000.0,,,,730000000.0,,730000000.0,901721014.0,42.0,7.862,27700000.0,0.101,1.0,131200000.0,0.069,900000.0,9200000.0,823000000.0,,331300000.0,157600000.0,157600000.0,0.0,570800000.0,442400000.0,128400000.0,934921014.0,-3400000.0,18600000.0,715400000.0,-280500000.0,-2200000.0,-306200000.0,209500000.0,266100000.0,91800000.0,1500000.0,-85900000.0,-85900000.0,-85900000.0,0.0,0.0,-0.045,73800000.0,57400000.0,155900000.0,,1.281,-10.884,,619200000.0,0.0,3.398,0.49,0.489,66400000.0,-6000000.0,1909100000.0,1909100000.0,0.0,,,,0.011,5500000.0,59000000.0,1.0,275138615.0,275000000.0,,6.942,1299900000.0,10800000.0,98000000.0,5000000.0,4.727,200000000.0
62,CF,MRT,2005-12-31,2005-12-31,2005-12-31,2021-08-09,-7400000.0,1228100000.0,1392400000.0,552700000.0,675400000.0,1.413,2.749,-69400000.0,37400000.0,37400000.0,1758700000.0,-39000000.0,1.62,0.625,4200000.0,0.0,4200000.0,4200000.0,0.0,97500000.0,131600000.0,0.001,0.004,103700000.0,201200000.0,0.102,201200000.0,103700000.0,89700000.0,-0.408,-0.408,-0.408,755900000.0,771600000.0,755900000.0,803030776.0,8.0,3.991,67800000.0,0.247,1.0,209200000.0,0.106,900000.0,14000000.0,852900000.0,1091300000.0,227700000.0,179300000.0,179300000.0,0.0,472200000.0,341100000.0,131100000.0,839172776.0,-12600000.0,18600000.0,715400000.0,-281200000.0,-1100000.0,-290700000.0,139300000.0,190100000.0,137200000.0,1600000.0,-39000000.0,-39000000.0,-39000000.0,0.0,0.0,-0.02,71100000.0,138100000.0,171600000.0,-0.01,1.11,-21.517,-7.475,630100000.0,0.0,3.05,0.426,0.426,52800000.0,19700000.0,1967900000.0,1967900000.0,0.0,-0.028,-0.051,0.095,0.053,3700000.0,57000000.0,1.0,275138615.0,274999995.0,274999995.0,7.156,1227200000.0,1100000.0,128700000.0,14200000.0,4.463,211600000.0
63,CF,MRT,2005-09-30,2005-09-30,2005-09-30,2021-08-09,33177000.0,1337850000.0,,687656000.0,650194000.0,,2.94,-60960000.0,40376000.0,40376000.0,1645846000.0,-8117000.0,1.763,0.655,4234000.0,0.0,4234000.0,4234000.0,0.0,103938000.0,183352000.0,0.0,0.0,159411000.0,263349000.0,0.137,263349000.0,159411000.0,140442000.0,,,,808441000.0,,808441000.0,1023368000.0,6.0,3.886,245384000.0,0.892,1.0,278195000.0,0.145,1327000.0,18969000.0,910354000.0,,215816000.0,277100000.0,277100000.0,0.0,529409000.0,390027000.0,139382000.0,814550000.0,-28416000.0,18900000.0,715400000.0,-296913000.0,0.0,-331578000.0,-1691000.0,40369000.0,306344000.0,-1491000.0,-8117000.0,-8117000.0,-8117000.0,0.0,0.0,-0.004,76778000.0,201417000.0,170363000.0,,1.008,-100.351,,627428000.0,0.0,2.962,0.423,0.423,57160000.0,33542000.0,1924041000.0,1924041000.0,0.0,,,,0.083,1900000.0,54634000.0,1.0,275000000.0,275000000.0,,6.997,1336523000.0,3326000.0,148559000.0,54203000.0,4.86,297629000.0
64,CF,MRT,2005-06-30,2005-06-30,2005-06-30,2021-08-09,,,,,,,,,,,1625227000.0,97585000.0,,,,,,,,,,,0.0,181688000.0,,,,181688000.0,160308000.0,,,,,,,,,,,,1.0,266108000.0,0.141,,21380000.0,,,,,,,,,,,,,,,,,,,,,97585000.0,97585000.0,97585000.0,0.0,0.0,0.052,69363000.0,196745000.0,,,,,,,0.0,,,,,,1891335000.0,1891335000.0,0.0,,,,0.096,,46798000.0,1.0,275000000.0,275000000.0,,6.878,,,62723000.0,,,
65,CF,MRT,2005-03-31,2005-03-31,2005-03-31,2021-08-09,,,,,,,,,,,,,,,,,,,,,,,0.0,,,,,,,,,,,,,,,,,,1.0,,,,,,,,,,,,,,,,,,,,,,,,,,,,,,,,,,,,,,,,,,,,,,,,,,,,,,1.0,275000000.0,275000000.0,,,,,,,,
66,CF,MRT,2004-12-31,2004-12-31,2004-12-31,2021-08-09,-12300000.0,1556700000.0,1480789500.0,798500000.0,758200000.0,1.115,2.863,-33700000.0,50000000.0,50000000.0,1434600000.0,67700000.0,1.838,0.977,258800000.0,19900000.0,238900000.0,258800000.0,0.0,108600000.0,211500000.0,,0.0,131800000.0,240400000.0,0.146,240400000.0,131800000.0,109100000.0,,,,787300000.0,760405500.0,787300000.0,,,,310500000.0,1.129,1.0,216100000.0,0.131,1300000.0,22700000.0,1329700000.0,1300047000.0,241300000.0,388000000.0,369300000.0,18700000.0,769400000.0,434500000.0,334900000.0,,-27200000.0,2000000.0,0.0,-34900000.0,0.0,-61300000.0,-309300000.0,-277600000.0,344200000.0,-800000.0,67700000.0,67700000.0,67700000.0,0.0,0.0,0.041,66900000.0,149200000.0,169200000.0,,,,,645600000.0,0.0,,,,41500000.0,59800000.0,1650700000.0,1650700000.0,0.0,0.046,0.089,0.101,0.08,0.0,41800000.0,1.0,275000000.0,275000000.0,,6.003,1555400000.0,110200000.0,41400000.0,0.0,5.656,364000000.0
67,CF,MRT,2004-09-30,2004-09-30,2004-09-30,2021-08-09,,,,,,,,,,,,,,,,,,,,,,,0.0,,,,,,,,,,,,,,,,,,1.0,,,,,,,,,,,,,,,,,,,,,,,,,,,,,,,,,,,,,,,,,,,,,,,,,,,,,,1.0,,,,,,,,,,
68,CF,MRT,2003-12-31,2003-12-31,2003-12-31,2021-08-09,1598000.0,1404879000.0,,525982000.0,878897000.0,,,-28700000.0,77146000.0,77146000.0,1335500000.0,-18400000.0,1.505,0.915,293503000.0,38753000.0,254750000.0,293503000.0,0.0,105000000.0,166022000.0,,0.0,-7100000.0,97900000.0,0.071,97900000.0,-7100000.0,-31000000.0,,,,733511000.0,,733511000.0,,,,108200000.0,,1.0,34400000.0,0.025,1327000.0,23900000.0,1270394000.0,,206284000.0,113195000.0,91725000.0,21470000.0,671368000.0,349515000.0,321853000.0,,20700000.0,3600000.0,0.0,-33400000.0,0.0,-40400000.0,-78600000.0,-53500000.0,136900000.0,2800000.0,-18400000.0,-18400000.0,-18400000.0,0.0,0.0,-0.013,40000000.0,-5600000.0,132935000.0,,,,,708696000.0,0.0,,,,92821000.0,-7952000.0,1369900000.0,1369900000.0,0.0,,,,-0.005,0.0,38400000.0,1.0,,,,,1403552000.0,133568000.0,-12600000.0,0.0,,176467000.0
69,CF,MRT,2002-12-31,2002-12-31,2002-12-31,2021-08-09,,,,,,,,-26303000.0,,,986295000.0,-28120000.0,,,,,,,,108471000.0,,,0.0,-21155000.0,87316000.0,0.086,87316000.0,-21155000.0,-44720000.0,,,,,,,,,,50576000.0,,1.0,27776000.0,0.027,,23565000.0,,,,,,,,,,,7551000.0,900000.0,0.0,-8736000.0,0.0,-9912000.0,-59817000.0,-34414000.0,76879000.0,401000.0,-28120000.0,-28120000.0,-28120000.0,0.0,0.0,-0.028,46611000.0,-18835000.0,,,,,,,0.0,,,,,,1014071000.0,1014071000.0,0.0,,,,-0.021,0.0,37317000.0,1.0,,,,,,,-16600000.0,,,
