None,ticker,dimension,calendardate,datekey,reportperiod,lastupdated,accoci,assets,assetsavg,assetsc,assetsnc,assetturnover,bvps,capex,cashneq,cashnequsd,cor,consolinc,currentratio,de,debt,debtc,debtnc,debtusd,deferredrev,depamor,deposits,divyield,dps,ebit,ebitda,ebitdamargin,ebitdausd,ebitusd,ebt,eps,epsdil,epsusd,equity,equityavg,equityusd,ev,evebit,evebitda,fcf,fcfps,fxusd,gp,grossmargin,intangibles,intexp,invcap,invcapavg,inventory,investments,investmentsc,investmentsnc,liabilities,liabilitiesc,liabilitiesnc,marketcap,ncf,ncfbus,ncfcommon,ncfdebt,ncfdiv,ncff,ncfi,ncfinv,ncfo,ncfx,netinc,netinccmn,netinccmnusd,netincdis,netincnci,netmargin,opex,opinc,payables,payoutratio,pb,pe,pe1,ppnenet,prefdivis,price,ps,ps1,receivables,retearn,revenue,revenueusd,rnd,roa,roe,roic,ros,sbcomp,sgna,sharefactor,sharesbas,shareswa,shareswadil,sps,tangibles,taxassets,taxexp,taxliabilities,tbvps,workingcapital
0,IDXX,MRY,2020-12-31,2020-12-31,2020-12-31,2021-08-02,-53615000.0,2294561000.0,2047231500.0,1062738000.0,1231823000.0,1.322,7.407,-106958000.0,383928000.0,383928000.0,1135615000.0,582131000.0,1.824,2.629,985519000.0,49988000.0,935531000.0,985519000.0,88730000.0,95998000.0,0.0,0.0,0.0,694755000.0,790753000.0,0.292,790753000.0,694755000.0,661630000.0,6.82,6.71,6.82,632088000.0,363325250.0,632088000.0,43437224514.0,63.0,54.931,541105000.0,6.34,1.0,1571040000.0,0.58,295890000.0,33125000.0,2017501000.0,2018848250.0,209873000.0,0.0,0.0,0.0,1661766000.0,582761000.0,1079005000.0,42638857514.0,293602000.0,-2418000.0,-131487000.0,-94650000.0,0.0,-248416000.0,-109376000.0,0.0,648063000.0,3331000.0,581776000.0,581776000.0,581776000.0,0.0,355000.0,0.215,876516000.0,694524000.0,74558000.0,0.0,67.457,73.291,73.295,646338000.0,0.0,499.87,15.753,15.761,331429000.0,2175595000.0,2706655000.0,2706655000.0,141249000.0,0.284,1.601,0.344,0.257,30951000.0,735267000.0,1.0,85299893.0,85342000.0,86722000.0,31.715,1998671000.0,0.0,79854000.0,11707000.0,23.42,479977000.0
1,IDXX,MRY,2019-12-31,2019-12-31,2019-12-31,2021-08-02,-46182000.0,1832475000.0,1747290250.0,679639000.0,1152836000.0,1.378,2.061,-154969000.0,90326000.0,90326000.0,1041359000.0,427792000.0,0.937,9.323,1055147000.0,288765000.0,766382000.0,1055147000.0,90205000.0,88011000.0,0.0,0.0,0.0,553201000.0,641212000.0,0.266,641212000.0,553201000.0,522146000.0,4.97,4.89,4.97,177473000.0,150674750.0,177473000.0,23288882026.0,42.0,36.32,304189000.0,3.532,1.0,1365549000.0,0.567,298192000.0,31055000.0,1773767000.0,1759504750.0,195019000.0,0.0,0.0,0.0,1654650000.0,725337000.0,929313000.0,22400403026.0,-33468000.0,-50559000.0,-265552000.0,-10429000.0,0.0,-286409000.0,-205528000.0,0.0,459158000.0,-689000.0,427720000.0,427720000.0,427720000.0,0.0,72000.0,0.178,812703000.0,552846000.0,72172000.0,0.0,126.219,52.372,52.541,614452000.0,0.0,261.13,9.307,9.343,269312000.0,1595648000.0,2406908000.0,2406908000.0,133193000.0,0.245,2.839,0.314,0.23,39278000.0,679510000.0,1.0,85782572.0,86115000.0,87542000.0,27.95,1534283000.0,0.0,94426000.0,33024000.0,17.817,-45698000.0
2,IDXX,MRY,2018-12-31,2018-12-31,2018-12-31,2021-08-02,-41791000.0,1537349000.0,1518014000.0,654172000.0,883177000.0,1.458,-0.11,-115751000.0,123794000.0,123794000.0,971700000.0,377047000.0,0.849,-162.576,1000285000.0,398937000.0,601348000.0,1000285000.0,101987000.0,83178000.0,0.0,0.0,0.0,492470000.0,575648000.0,0.26,575648000.0,492470000.0,457726000.0,4.34,4.26,4.34,-9513000.0,-25379000.0,-9513000.0,16911222387.0,34.0,29.378,284333000.0,3.273,1.0,1241542000.0,0.561,256314000.0,34744000.0,1387082000.0,1378898250.0,173303000.0,0.0,0.0,0.0,1546582000.0,770444000.0,776138000.0,16041183387.0,-63881000.0,-29685000.0,-331118000.0,-256040000.0,0.0,-597799000.0,138602000.0,284038000.0,400084000.0,-4768000.0,377031000.0,377031000.0,377031000.0,0.0,16000.0,0.17,750207000.0,491335000.0,69534000.0,0.0,-1686.238,42.546,42.862,437270000.0,0.0,186.02,7.248,7.301,248855000.0,1167928000.0,2213242000.0,2213242000.0,117863000.0,0.248,-14.856,0.357,0.223,25157000.0,632344000.0,1.0,86233649.0,86864000.0,88470000.0,25.479,1281035000.0,0.0,80695000.0,29267000.0,14.748,-116272000.0
3,IDXX,MRY,2017-12-31,2017-12-31,2017-12-31,2021-08-02,-36470000.0,1713416000.0,1647994500.0,971985000.0,741431000.0,1.195,-0.616,-74384000.0,187675000.0,187675000.0,871676000.0,263269000.0,0.968,-32.663,1261075000.0,655000000.0,606075000.0,1261075000.0,64726000.0,83140000.0,0.0,0.0,0.0,418157000.0,501297000.0,0.255,501297000.0,418157000.0,380932000.0,3.0,2.94,3.0,-54106000.0,-65788250.0,-54106000.0,14760642339.0,35.0,29.445,298892000.0,3.405,1.0,1097382000.0,0.557,243719000.0,37225000.0,1538530000.0,1533729250.0,164318000.0,284255000.0,284255000.0,0.0,1767258000.0,1004567000.0,762691000.0,13639262339.0,32774000.0,-16899000.0,-243943000.0,44000000.0,0.0,-208016000.0,-138688000.0,-47405000.0,373276000.0,6202000.0,263144000.0,263144000.0,263144000.0,0.0,125000.0,0.134,684354000.0,413028000.0,66968000.0,0.0,-252.084,51.832,52.127,379096000.0,0.0,156.38,6.927,6.97,234597000.0,803545000.0,1969058000.0,1969058000.0,109182000.0,0.16,-4.0,0.273,0.212,23517000.0,575172000.0,1.0,87218713.0,87769000.0,89567000.0,22.435,1469697000.0,0.0,117788000.0,25353000.0,16.745,-32582000.0
4,IDXX,MRY,2016-12-31,2016-12-31,2016-12-31,2021-08-02,-43053000.0,1530704000.0,1499740500.0,845584000.0,685120000.0,1.184,-1.208,-64787000.0,154901000.0,154901000.0,799987000.0,222054000.0,0.905,-15.126,1204110000.0,611000000.0,593110000.0,1204110000.0,60395000.0,78218000.0,0.0,0.0,0.0,353886000.0,432104000.0,0.243,432104000.0,353886000.0,321837000.0,2.47,2.44,2.47,-108352000.0,-34015500.0,-108352000.0,11451283169.0,32.0,26.501,274156000.0,3.055,1.0,975436000.0,0.549,224383000.0,32049000.0,1420962000.0,1443604500.0,158034000.0,236949000.0,236949000.0,0.0,1638917000.0,934568000.0,704349000.0,10514218169.0,25907000.0,-1964000.0,-265742000.0,37944000.0,0.0,-222196000.0,-90786000.0,-24035000.0,338943000.0,-54000.0,222045000.0,222045000.0,222045000.0,0.0,9000.0,0.125,625197000.0,350239000.0,60057000.0,0.0,-97.038,47.352,47.478,357422000.0,0.0,117.27,5.922,5.927,204494000.0,540401000.0,1775423000.0,1775423000.0,101122000.0,0.148,-6.528,0.245,0.199,5189000.0,524075000.0,1.0,89658209.0,89732000.0,90884000.0,19.786,1306321000.0,0.0,99792000.0,39287000.0,14.558,-88984000.0
5,IDXX,MRY,2015-12-31,2015-12-31,2015-12-31,2021-08-02,-42265000.0,1474993000.0,1465146750.0,821634000.0,653359000.0,1.093,-0.908,-82921000.0,128994000.0,128994000.0,711622000.0,192135000.0,0.959,-18.532,1170085000.0,573000000.0,597085000.0,1170085000.0,52638000.0,68956000.0,0.0,0.0,0.0,302323000.0,371279000.0,0.232,371279000.0,302323000.0,273084000.0,2.07,2.05,2.07,-84125000.0,-20131750.0,-84125000.0,7633967483.0,25.0,20.561,138881000.0,1.5,1.0,890270000.0,0.556,234843000.0,29239000.0,1424480000.0,1373836750.0,188833000.0,213591000.0,213591000.0,0.0,1558988000.0,856761000.0,702227000.0,6633061483.0,-193542000.0,-10302000.0,-379584000.0,272717000.0,0.0,-100990000.0,-308406000.0,-215183000.0,221802000.0,-5948000.0,192078000.0,192078000.0,192078000.0,0.0,57000.0,0.12,590358000.0,299912000.0,52648000.0,0.0,-78.848,34.533,35.227,333026000.0,0.0,72.92,4.141,4.215,188318000.0,318356000.0,1601892000.0,1601892000.0,99681000.0,0.131,-9.541,0.22,0.189,8569000.0,482465000.0,1.0,90963542.0,92601000.0,93649000.0,17.299,1240150000.0,39829000.0,81006000.0,49389000.0,13.392,-35127000.0
6,IDXX,MRY,2014-12-31,2014-12-31,2014-12-31,2021-08-02,-8071000.0,1384211000.0,1305090000.0,759398000.0,624813000.0,1.138,1.174,-60698000.0,322536000.0,322536000.0,669691000.0,181951000.0,0.925,10.778,899000000.0,549000000.0,350000000.0,899000000.0,53477000.0,58888000.0,0.0,0.0,0.0,261939000.0,320827000.0,0.216,320827000.0,261939000.0,246510000.0,1.82,1.79,1.82,117516000.0,327997000.0,117516000.0,7502129110.0,29.0,23.384,175148000.0,1.75,1.0,816116000.0,0.549,249572000.0,15429000.0,890197000.0,777262000.0,160342000.0,0.0,0.0,0.0,1266622000.0,820906000.0,445716000.0,7069864110.0,43478000.0,-25115000.0,-588716000.0,469200000.0,0.0,-103438000.0,-80413000.0,5400000.0,235846000.0,-8517000.0,181906000.0,181906000.0,181906000.0,0.0,45000.0,0.122,555861000.0,260255000.0,44743000.0,0.0,60.161,38.865,40.734,303587000.0,0.0,74.135,4.758,4.994,152380000.0,1675299000.0,1485807000.0,1485807000.0,98263000.0,0.139,0.555,0.337,0.176,2021000.0,457598000.0,1.0,95364728.0,100094000.0,101503000.0,14.844,1134639000.0,37689000.0,64604000.0,41688000.0,11.336,-61508000.0
7,IDXX,MRY,2013-12-31,2013-12-31,2013-12-31,2021-08-02,13622000.0,1230516000.0,1180615750.0,652706000.0,577810000.0,1.166,4.874,-78636000.0,279058000.0,279058000.0,620940000.0,187794000.0,1.364,1.375,428394000.0,278035000.0,150359000.0,428394000.0,39885000.0,54596000.0,0.0,0.0,0.0,268653000.0,323249000.0,0.235,323249000.0,268653000.0,263267000.0,1.77,1.74,1.77,518186000.0,558458000.0,518186000.0,5654022096.0,21.0,17.491,167360000.0,1.574,1.0,756118000.0,0.549,239365000.0,5386000.0,662134000.0,537736000.0,133427000.0,0.0,0.0,0.0,712302000.0,478353000.0,233949000.0,5519990096.0,55072000.0,-7423000.0,-329526000.0,212917000.0,0.0,-102451000.0,-86059000.0,0.0,245996000.0,-2414000.0,187800000.0,187800000.0,187800000.0,0.0,-6000.0,0.136,489356000.0,266762000.0,29941000.0,0.0,10.653,29.393,30.048,281214000.0,0.0,53.185,4.009,4.106,158038000.0,1493393000.0,1377058000.0,1377058000.0,88003000.0,0.159,0.336,0.5,0.195,2381000.0,401353000.0,1.0,103788476.0,106318000.0,107970000.0,12.952,991151000.0,33226000.0,75467000.0,33948000.0,9.323,174353000.0
8,IDXX,MRY,2012-12-31,2012-12-31,2012-12-31,2021-08-02,15954000.0,1103602000.0,1081343750.0,569537000.0,534065000.0,1.196,5.785,-58473000.0,223986000.0,223986000.0,594190000.0,178287000.0,1.402,0.735,214501000.0,213107000.0,1394000.0,214501000.0,32884000.0,52408000.0,0.0,0.0,0.0,264445000.0,316853000.0,0.245,316853000.0,264445000.0,260597000.0,1.62,1.585,1.62,636223000.0,602634750.0,636223000.0,5086920539.0,19.0,16.055,163935000.0,1.491,1.0,699148000.0,0.541,237827000.0,3848000.0,449957000.0,453134000.0,140946000.0,0.0,0.0,0.0,467345000.0,406333000.0,61012000.0,5073625539.0,40091000.0,342000.0,-108102000.0,-31917000.0,0.0,-125343000.0,-58131000.0,0.0,222408000.0,1157000.0,178267000.0,178267000.0,178267000.0,0.0,20000.0,0.138,436585000.0,262563000.0,35288000.0,0.0,7.975,28.461,28.642,245177000.0,0.0,46.4,3.923,3.945,138324000.0,1305593000.0,1293338000.0,1293338000.0,82014000.0,0.165,0.296,0.584,0.204,1276000.0,354571000.0,1.0,109345378.0,109970000.0,112310000.0,11.761,865775000.0,27714000.0,82330000.0,23028000.0,7.873,163204000.0
9,IDXX,MRY,2011-12-31,2011-12-31,2011-12-31,2021-08-02,15443000.0,1030814000.0,965016500.0,524227000.0,506587000.0,1.263,4.751,-50452000.0,183895000.0,183895000.0,572183000.0,161754000.0,1.2,0.91,246418000.0,243917000.0,2501000.0,246418000.0,25851000.0,48202000.0,0.0,0.0,0.0,238001000.0,286203000.0,0.235,286203000.0,238001000.0,234454000.0,1.425,1.39,1.425,539579000.0,582790750.0,539579000.0,4297340720.0,18.0,15.015,167461000.0,1.474,1.0,646506000.0,0.53,241819000.0,3547000.0,414639000.0,413022250.0,133099000.0,0.0,0.0,0.0,491221000.0,436879000.0,54342000.0,4321201720.0,26980000.0,-43757000.0,-226704000.0,113040000.0,0.0,-97657000.0,-94209000.0,0.0,217913000.0,933000.0,161786000.0,161786000.0,161786000.0,0.0,-32000.0,0.133,410281000.0,236225000.0,36551000.0,0.0,8.008,26.709,27.004,216777000.0,0.0,38.48,3.546,3.586,141275000.0,1127326000.0,1218689000.0,1218689000.0,76042000.0,0.168,0.278,0.576,0.195,-511000.0,334239000.0,1.0,112297342.0,113580000.0,116428000.0,10.73,788995000.0,25637000.0,72668000.0,23288000.0,6.947,87348000.0
10,IDXX,MRY,2010-12-31,2010-12-31,2010-12-31,2021-08-02,13467000.0,897144000.0,854365000.0,460591000.0,436553000.0,1.291,4.975,-39190000.0,156915000.0,156915000.0,524769000.0,141320000.0,1.615,0.562,133280000.0,129862000.0,3418000.0,133280000.0,18610000.0,45956000.0,0.0,0.0,0.0,204508000.0,250464000.0,0.227,250464000.0,204508000.0,202093000.0,1.225,1.185,1.225,574235000.0,535557500.0,574235000.0,3977303351.0,19.0,15.88,139643000.0,1.21,1.0,578623000.0,0.524,204864000.0,2415000.0,383533000.0,382708500.0,127885000.0,0.0,0.0,0.0,322863000.0,285112000.0,37751000.0,3980414351.0,50187000.0,0.0,-114225000.0,9330000.0,0.0,-86769000.0,-43190000.0,-4000000.0,178833000.0,1313000.0,141284000.0,141284000.0,141284000.0,0.0,36000.0,0.128,374742000.0,203881000.0,22669000.0,0.0,6.932,28.173,28.253,201725000.0,0.0,34.61,3.607,3.621,120080000.0,965540000.0,1103392000.0,1103392000.0,68597000.0,0.165,0.264,0.534,0.185,-4864000.0,306145000.0,1.0,115007638.0,115426000.0,119118000.0,9.559,692280000.0,26203000.0,60809000.0,18661000.0,5.998,175479000.0
11,IDXX,MRY,2009-12-31,2009-12-31,2009-12-31,2021-08-02,10341000.0,808527000.0,798107500.0,376338000.0,432189000.0,1.293,4.375,-48584000.0,106728000.0,106728000.0,505352000.0,122235000.0,1.468,0.571,123884000.0,119603000.0,4281000.0,123884000.0,16423000.0,49773000.0,0.0,0.0,0.0,176445000.0,226218000.0,0.219,226218000.0,176445000.0,174529000.0,1.04,1.005,1.04,514569000.0,482651250.0,514569000.0,3172906745.0,18.0,14.026,126368000.0,1.074,1.0,526281000.0,0.51,212612000.0,1916000.0,356766000.0,399009750.0,110425000.0,0.0,0.0,0.0,293948000.0,256305000.0,37643000.0,3131747745.0,27860000.0,-4537000.0,-66733000.0,-33756000.0,0.0,-95295000.0,-53621000.0,0.0,174952000.0,1824000.0,122225000.0,122225000.0,122225000.0,0.0,10000.0,0.118,350312000.0,175969000.0,19133000.0,0.0,6.086,25.623,25.697,199946000.0,0.0,26.725,3.036,3.047,115107000.0,824256000.0,1031633000.0,1031633000.0,65124000.0,0.153,0.253,0.442,0.171,6429000.0,285188000.0,1.0,117184200.0,117618000.0,121364000.0,8.771,595915000.0,25188000.0,52304000.0,18283000.0,5.067,120033000.0
12,IDXX,MRY,2008-12-31,2008-12-31,2008-12-31,2021-08-02,5675000.0,765437000.0,761469000.0,355890000.0,409547000.0,1.345,3.654,-89971000.0,78868000.0,78868000.0,494264000.0,116169000.0,1.205,0.747,156479000.0,151385000.0,5094000.0,156479000.0,15072000.0,47984000.0,0.0,0.0,0.0,174776000.0,222760000.0,0.218,222760000.0,174776000.0,170187000.0,0.97,0.935,0.97,438194000.0,434404500.0,438194000.0,2234190682.0,13.0,10.03,53337000.0,0.445,1.0,529766000.0,0.517,207095000.0,4589000.0,340661000.0,322761000.0,115926000.0,0.0,0.0,0.0,327243000.0,295292000.0,31951000.0,2148923682.0,18508000.0,3134000.0,-115982000.0,78955000.0,0.0,-30790000.0,-91595000.0,0.0,143308000.0,-2415000.0,116169000.0,116169000.0,116169000.0,0.0,0.0,0.113,357310000.0,172456000.0,28006000.0,0.0,4.904,18.498,18.598,189646000.0,0.0,18.04,2.098,2.112,111498000.0,702031000.0,1024030000.0,1024030000.0,70673000.0,0.153,0.267,0.542,0.171,4264000.0,286637000.0,1.0,119119938.0,119906000.0,124498000.0,8.54,558342000.0,21477000.0,54018000.0,25257000.0,4.656,60598000.0
13,IDXX,MRY,2007-12-31,2007-12-31,2007-12-31,2021-08-02,22705000.0,702179000.0,667268750.0,305663000.0,396516000.0,1.383,3.56,-66244000.0,60360000.0,60360000.0,459033000.0,94014000.0,1.368,0.602,78683000.0,72956000.0,5727000.0,78683000.0,16888000.0,40958000.0,0.0,0.0,0.0,139022000.0,179980000.0,0.195,179980000.0,139022000.0,134843000.0,0.765,0.73,0.765,438323000.0,413774750.0,438323000.0,3615134534.0,26.0,20.086,68880000.0,0.559,1.0,463522000.0,0.502,236414000.0,4179000.0,260696000.0,254302250.0,98804000.0,0.0,0.0,0.0,263856000.0,223392000.0,40464000.0,3589740534.0,-1306000.0,-89884000.0,-97446000.0,69992000.0,0.0,-18187000.0,-121128000.0,35000000.0,135124000.0,2885000.0,94014000.0,94014000.0,94014000.0,0.0,0.0,0.102,327339000.0,136183000.0,32510000.0,0.0,8.19,38.183,38.32,141852000.0,0.0,29.315,3.891,3.912,108384000.0,585862000.0,922555000.0,922555000.0,67338000.0,0.141,0.227,0.547,0.151,-491000.0,260001000.0,1.0,122454052.0,123120000.0,128910000.0,7.493,465765000.0,23606000.0,40829000.0,32903000.0,3.783,82271000.0
14,IDXX,MRY,2006-12-31,2006-12-31,2006-12-31,2021-08-02,10566000.0,559560000.0,515288000.0,302263000.0,257297000.0,1.434,3.26,-46135000.0,61666000.0,61666000.0,359588000.0,93678000.0,2.423,0.365,7125000.0,678000.0,6447000.0,7125000.0,15810000.0,29816000.0,0.0,0.0,0.0,131364000.0,161180000.0,0.218,161180000.0,131364000.0,130902000.0,0.745,0.71,0.745,409861000.0,379384750.0,409861000.0,2438330954.0,19.0,15.128,63691000.0,0.507,1.0,379529000.0,0.513,148179000.0,462000.0,232097000.0,222171250.0,95996000.0,35000000.0,35000000.0,0.0,149699000.0,124743000.0,24956000.0,2481990954.0,-5485000.0,-25220000.0,-84789000.0,-877000.0,0.0,-76259000.0,-40700000.0,30655000.0,109826000.0,1648000.0,93678000.0,93678000.0,93678000.0,0.0,0.0,0.127,251596000.0,127933000.0,24374000.0,0.0,6.056,26.495,26.611,99628000.0,0.0,19.825,3.358,3.372,81389000.0,490614000.0,739117000.0,739117000.0,53617000.0,0.182,0.247,0.591,0.178,1435000.0,197979000.0,1.0,125195004.0,125732000.0,131814000.0,5.879,411381000.0,16884000.0,37224000.0,25619000.0,3.272,177520000.0
15,IDXX,MRY,2005-12-31,2005-12-31,2005-12-31,2021-08-02,866000.0,490676000.0,492868500.0,299245000.0,191431000.0,1.295,2.837,-24063000.0,67151000.0,67151000.0,315195000.0,78254000.0,2.808,0.33,551000.0,551000.0,0.0,551000.0,15771000.0,24369000.0,0.0,0.0,0.0,119020000.0,143389000.0,0.225,143389000.0,119020000.0,118924000.0,0.6,0.575,0.6,369010000.0,382362000.0,369010000.0,2250102761.0,19.0,15.692,92489000.0,0.711,1.0,322900000.0,0.506,118746000.0,96000.0,198764000.0,223638250.0,69369000.0,65580000.0,65580000.0,0.0,121666000.0,106566000.0,15100000.0,2307328761.0,19995000.0,-7604000.0,-104928000.0,-2057000.0,0.0,-106985000.0,12594000.0,44261000.0,116552000.0,-2166000.0,78254000.0,78254000.0,78254000.0,0.0,0.0,0.123,207569000.0,115331000.0,19842000.0,0.0,6.253,29.485,29.992,65697000.0,0.0,17.995,3.616,3.669,71688000.0,396936000.0,638095000.0,638095000.0,40948000.0,0.159,0.205,0.532,0.187,7992000.0,166621000.0,1.0,128220548.0,130086000.0,136218000.0,4.905,371930000.0,13778000.0,40670000.0,25986000.0,2.859,192679000.0
16,IDXX,MRY,2004-12-31,2004-12-31,2004-12-31,2021-08-02,11301000.0,514237000.0,518231750.0,301592000.0,212645000.0,1.06,2.906,-31705000.0,47156000.0,47156000.0,270164000.0,78332000.0,3.017,0.293,1810000.0,1291000.0,519000.0,1810000.0,16406000.0,18427000.0,0.0,0.0,0.0,111652000.0,130079000.0,0.237,130079000.0,111652000.0,111497000.0,0.573,0.547,0.573,397660000.0,414347750.0,397660000.0,1691647271.0,15.0,13.005,63674000.0,0.465,1.0,279017000.0,0.508,124494000.0,155000.0,244445000.0,209991000.0,76424000.0,109803000.0,90116000.0,19687000.0,116577000.0,99952000.0,16625000.0,1837007271.0,-49786000.0,-53942000.0,-109815000.0,-356000.0,0.0,-110171000.0,-36751000.0,48896000.0,95379000.0,1757000.0,78332000.0,78332000.0,78332000.0,0.0,0.0,0.143,170982000.0,108035000.0,14723000.0,0.0,4.62,23.452,23.818,62630000.0,0.0,13.648,3.345,3.401,65639000.0,318682000.0,549181000.0,549181000.0,35402000.0,0.151,0.189,0.532,0.203,8346000.0,135580000.0,1.0,134603940.0,136856000.0,143200000.0,4.013,389743000.0,13460000.0,33165000.0,23911000.0,2.848,201640000.0
17,IDXX,MRY,2003-12-31,2003-12-31,2003-12-31,2021-08-02,4565000.0,521875000.0,480480000.0,370589000.0,151286000.0,0.991,3.015,-19620000.0,96942000.0,96942000.0,245688000.0,57090000.0,3.693,0.263,494000.0,494000.0,0.0,494000.0,14047000.0,18897000.0,0.0,0.0,0.0,83368000.0,102265000.0,0.215,102265000.0,83368000.0,83368000.0,0.417,0.398,0.417,413292000.0,385389000.0,413292000.0,1436703906.0,17.0,14.049,97535000.0,0.711,1.0,230304000.0,0.484,61766000.0,0.0,263316000.0,194583000.0,75333000.0,158845000.0,123763000.0,35082000.0,108583000.0,100345000.0,8238000.0,1613071906.0,27429000.0,-2300000.0,-4652000.0,-510000.0,0.0,-5162000.0,-87732000.0,-65812000.0,117155000.0,3168000.0,57090000.0,57090000.0,57090000.0,0.0,0.0,0.12,149917000.0,80387000.0,19160000.0,0.0,3.903,28.255,27.746,45224000.0,0.0,11.57,3.389,3.332,53976000.0,240350000.0,475992000.0,475992000.0,32319000.0,0.119,0.148,0.428,0.175,13183000.0,117598000.0,1.0,139418488.0,137084000.0,143724000.0,3.472,460109000.0,13775000.0,26278000.0,21327000.0,3.356,270244000.0
18,IDXX,MRY,2002-12-31,2002-12-31,2002-12-31,2021-08-02,-2511000.0,417426000.0,399788250.0,288014000.0,129412000.0,1.032,2.535,-17531000.0,113788000.0,113788000.0,219945000.0,45389000.0,4.098,0.224,973000.0,973000.0,0.0,973000.0,13569000.0,20124000.0,0.0,0.0,0.0,68770000.0,88894000.0,0.215,88894000.0,68770000.0,68770000.0,0.338,0.325,0.338,340973000.0,320058000.0,340973000.0,1040978575.0,15.0,11.71,85722000.0,0.637,1.0,192725000.0,0.467,56157000.0,0.0,178180000.0,205181250.0,75086000.0,48975000.0,33403000.0,15572000.0,76453000.0,70274000.0,6179000.0,1145211575.0,33147000.0,-375000.0,-17881000.0,-7462000.0,0.0,-25343000.0,-46770000.0,-28864000.0,103253000.0,2007000.0,45389000.0,45389000.0,45389000.0,0.0,0.0,0.11,126910000.0,65815000.0,9427000.0,0.0,3.359,25.231,24.63,49455000.0,0.0,8.325,2.775,2.713,45689000.0,183260000.0,412670000.0,412670000.0,29329000.0,0.114,0.142,0.335,0.167,5716000.0,97581000.0,1.0,137562952.0,134488000.0,140172000.0,3.068,361269000.0,13934000.0,23381000.0,9043000.0,2.686,217740000.0
19,IDXX,MRY,2001-12-31,2001-12-31,2001-12-31,2021-08-02,-6694000.0,373107000.0,350297750.0,235576000.0,137531000.0,1.102,2.266,-21591000.0,66666000.0,66666000.0,202750000.0,37620000.0,3.3,0.237,8380000.0,8380000.0,0.0,8380000.0,13220000.0,22229000.0,0.0,0.0,0.0,58781000.0,81010000.0,0.21,81010000.0,58781000.0,58781000.0,0.282,0.273,0.282,301730000.0,280933250.0,301730000.0,897376264.0,15.0,11.077,24773000.0,0.186,1.0,183331000.0,0.475,55208000.0,0.0,188236000.0,220579750.0,86194000.0,33909000.0,12893000.0,21016000.0,71377000.0,71377000.0,0.0,957906264.0,20659000.0,0.0,1058000.0,-144000.0,0.0,914000.0,-26230000.0,-4639000.0,46364000.0,-389000.0,37620000.0,37620000.0,37620000.0,0.0,0.0,0.097,126779000.0,56552000.0,10887000.0,0.0,3.175,25.463,25.275,49215000.0,0.0,7.128,2.481,2.459,50772000.0,137871000.0,386081000.0,386081000.0,28426000.0,0.107,0.134,0.266,0.152,3035000.0,98353000.0,1.0,134395828.0,133172000.0,138560000.0,2.899,317899000.0,14239000.0,21161000.0,0.0,2.387,164199000.0
20,IDXX,MRY,2000-12-31,2000-12-31,2000-12-31,2021-08-02,-4964000.0,335796000.0,357011750.0,215830000.0,119966000.0,1.029,1.893,-15520000.0,46007000.0,46007000.0,190256000.0,36632000.0,2.915,0.283,8472000.0,8472000.0,0.0,8472000.0,11955000.0,19481000.0,0.0,0.0,0.0,58247000.0,77728000.0,0.212,77728000.0,58247000.0,58247000.0,0.265,0.255,0.265,261747000.0,276503500.0,261747000.0,700360062.0,12.0,9.01,12720000.0,0.092,1.0,177176000.0,0.482,0.0,0.0,224212000.0,225787500.0,65935000.0,29196000.0,29196000.0,0.0,74049000.0,74049000.0,0.0,730561062.0,-12569000.0,-1545000.0,-60028000.0,-3322000.0,0.0,-63350000.0,24225000.0,43156000.0,28240000.0,-1684000.0,36632000.0,36632000.0,36632000.0,0.0,0.0,0.1,123925000.0,53251000.0,13714000.0,0.0,2.791,19.943,20.755,45661000.0,0.0,5.5,1.988,2.07,57266000.0,100251000.0,367432000.0,367432000.0,28292000.0,0.103,0.132,0.258,0.159,0.0,95633000.0,1.0,132829284.0,138296000.0,144324000.0,2.657,335796000.0,12738000.0,21615000.0,0.0,2.428,141781000.0
21,IDXX,MRY,1999-12-31,1999-12-31,1999-12-31,2021-08-02,-3473000.0,357982000.0,384495750.0,232415000.0,125567000.0,0.932,1.851,-8292000.0,58576000.0,58576000.0,186386000.0,32578000.0,3.156,0.259,3543000.0,3543000.0,0.0,3543000.0,10268000.0,17209000.0,0.0,0.0,0.0,52545000.0,69754000.0,0.195,69754000.0,52545000.0,52545000.0,0.212,0.205,0.212,284341000.0,310084250.0,284341000.0,523448545.0,10.0,7.504,44327000.0,0.288,1.0,171984000.0,0.48,0.0,0.0,229308000.0,238146000.0,47488000.0,72352000.0,46835000.0,25517000.0,73641000.0,73641000.0,0.0,589765545.0,-50487000.0,-3738000.0,-57611000.0,-6411000.0,0.0,-64022000.0,-39024000.0,-25765000.0,52619000.0,-60000.0,32578000.0,32578000.0,32578000.0,0.0,0.0,0.091,125167000.0,46817000.0,21819000.0,0.0,2.074,18.103,19.021,39550000.0,0.0,4.032,1.646,1.729,58353000.0,63619000.0,358370000.0,358370000.0,27313000.0,0.085,0.105,0.221,0.147,0.0,97854000.0,1.0,146253080.0,153648000.0,158972000.0,2.332,357982000.0,14679000.0,19967000.0,0.0,2.33,158774000.0
22,IDXX,MRY,1998-12-31,1998-12-31,1998-12-31,2021-08-02,-3380000.0,386548000.0,381996250.0,263346000.0,123202000.0,0.842,1.99,-8992000.0,109063000.0,109063000.0,164240000.0,-15215000.0,3.534,0.256,9381000.0,5190000.0,4191000.0,9381000.0,10465000.0,15887000.0,0.0,0.0,0.0,-1183000.0,14704000.0,0.046,14704000.0,-1183000.0,-1183000.0,-0.1,-0.1,-0.1,307840000.0,312579500.0,307840000.0,903297146.0,-764.0,61.432,37078000.0,0.24,1.0,157473000.0,0.489,0.0,0.0,212349000.0,196081500.0,55428000.0,46587000.0,29290000.0,17297000.0,78708000.0,74517000.0,4191000.0,1040451146.0,2091000.0,-39091000.0,5756000.0,-2529000.0,0.0,3227000.0,-48404000.0,48000.0,46070000.0,1198000.0,-15215000.0,-15215000.0,-15215000.0,0.0,0.0,-0.047,165533000.0,-8060000.0,26816000.0,0.0,3.38,-68.383,-67.275,41480000.0,0.0,6.728,3.234,3.234,47947000.0,31041000.0,321713000.0,321713000.0,22687000.0,-0.04,-0.049,-0.006,-0.004,0.0,105684000.0,1.0,154656432.0,154656432.0,,2.08,386548000.0,13965000.0,14032000.0,0.0,2.499,188829000.0
23,IDXX,MRY,1997-12-31,1997-12-31,1997-12-31,2021-08-02,-4615000.0,377048000.0,375450000.0,274217000.0,102831000.0,0.7,1.969,-12507000.0,106972000.0,106972000.0,141030000.0,-21120000.0,3.763,0.245,4087000.0,2647000.0,1440000.0,4087000.0,15609000.0,14425000.0,0.0,0.0,0.0,-32260000.0,-17835000.0,-0.068,-17835000.0,-32260000.0,-32260000.0,-0.14,-0.14,-0.14,302733000.0,312729000.0,302733000.0,,,,992000.0,0.006,1.0,121940000.0,0.464,0.0,0.0,201288000.0,199636000.0,60174000.0,46636000.0,35502000.0,11134000.0,74315000.0,72875000.0,1440000.0,612581564.0,-20769000.0,-23047000.0,3048000.0,-1509000.0,0.0,1539000.0,-32738000.0,6515000.0,13499000.0,-3069000.0,-21120000.0,-21120000.0,-21120000.0,0.0,0.0,-0.08,160870000.0,-38930000.0,12472000.0,0.0,2.024,-29.005,-28.464,42417000.0,0.0,3.985,2.329,2.329,47341000.0,46256000.0,262970000.0,262970000.0,17057000.0,-0.056,-0.068,-0.162,-0.123,0.0,109313000.0,1.0,153721848.0,153721848.0,,1.711,377048000.0,15396000.0,-11140000.0,0.0,2.453,201342000.0
24,IDXX,MRY,1996-12-31,1996-12-31,1996-12-31,2021-08-02,-1546000.0,373852000.0,,301717000.0,72135000.0,,,-11783000.0,127741000.0,127741000.0,115770000.0,32641000.0,5.901,0.158,3000000.0,3000000.0,0.0,3000000.0,5563000.0,10390000.0,0.0,0.0,0.0,55323000.0,65713000.0,0.245,65713000.0,55323000.0,55323000.0,0.22,0.207,0.22,322725000.0,,322725000.0,,,,3467000.0,,1.0,151907000.0,0.568,0.0,0.0,197984000.0,,48402000.0,53151000.0,45896000.0,7255000.0,51127000.0,51127000.0,0.0,,-21511000.0,-19709000.0,4580000.0,-1887000.0,0.0,2693000.0,-38467000.0,-5116000.0,15250000.0,-987000.0,32641000.0,32641000.0,32641000.0,0.0,0.0,0.122,104916000.0,46991000.0,18692000.0,0.0,,,40.909,36394000.0,0.0,9.0,,,66633000.0,67376000.0,267677000.0,267677000.0,12195000.0,,,,0.207,0.0,92721000.0,1.0,,,,,373852000.0,5363000.0,22682000.0,0.0,,250590000.0
25,IDXX,MRY,1995-12-31,1995-12-31,1995-12-31,2021-08-02,,,,,,,,-15860000.0,,,80860000.0,21494000.0,,,,,,,,5742000.0,,0.0,0.0,37036000.0,42778000.0,0.227,42778000.0,37036000.0,37036000.0,0.163,0.152,0.163,,,,,,,-6457000.0,,1.0,107742000.0,0.571,,0.0,,,,,,,,,,,124074000.0,-3500000.0,155448000.0,1687000.0,0.0,157135000.0,-42266000.0,-22800000.0,9403000.0,-198000.0,21494000.0,21494000.0,21494000.0,0.0,0.0,0.114,74774000.0,32968000.0,,0.0,,,72.086,,0.0,11.75,,,,,188602000.0,188602000.0,10192000.0,,,,0.196,0.0,64582000.0,1.0,,,,,,,15542000.0,,,
0,IDXX,MRQ,2021-06-30,2021-06-30,2021-06-30,2021-08-02,-48391000.0,2412149000.0,,1001226000.0,1410923000.0,,8.76,-22581000.0,232134000.0,232134000.0,336834000.0,202606000.0,1.536,2.226,993391000.0,124982000.0,868409000.0,993391000.0,84326000.0,25377000.0,0.0,0.0,0.0,259320000.0,284697000.0,0.345,284697000.0,259320000.0,251707000.0,2.37,2.34,2.37,747460000.0,,747460000.0,54489745034.0,63.0,56.544,211374000.0,2.477,1.0,489308000.0,0.592,450599000.0,7613000.0,2070998000.0,,241392000.0,0.0,0.0,0.0,1663926000.0,651809000.0,1012117000.0,53858997034.0,-119029000.0,-152082000.0,-178748000.0,0.0,0.0,-180217000.0,-174663000.0,0.0,233955000.0,1896000.0,202582000.0,202582000.0,202582000.0,0.0,24000.0,0.245,230055000.0,259253000.0,93016000.0,0.0,72.056,73.998,74.126,654978000.0,0.0,631.55,17.679,17.688,382308000.0,2582434000.0,826142000.0,826142000.0,37697000.0,,,,,9637000.0,192358000.0,1.0,85280654.0,85325000.0,86654000.0,9.682,1961550000.0,0.0,49125000.0,15469000.0,22.989,349417000.0
1,IDXX,MRQ,2021-03-31,2021-03-31,2021-03-31,2021-08-02,-59536000.0,2327385000.0,,1097798000.0,1229587000.0,,8.216,-20163000.0,351163000.0,351163000.0,306925000.0,204289000.0,1.769,2.311,981911000.0,124971000.0,856940000.0,981911000.0,85872000.0,25057000.0,0.0,0.0,0.0,247642000.0,272699000.0,0.351,272699000.0,247642000.0,240058000.0,2.39,2.35,2.39,702696000.0,,702696000.0,42401426205.0,53.0,47.333,104259000.0,1.219,1.0,470782000.0,0.605,296555000.0,7584000.0,2040916000.0,,225559000.0,0.0,0.0,0.0,1623950000.0,620662000.0,1003288000.0,41799835205.0,-32765000.0,-4424000.0,-114668000.0,0.0,0.0,-129651000.0,-24587000.0,0.0,124422000.0,-2949000.0,204257000.0,204257000.0,204257000.0,0.0,32000.0,0.263,223160000.0,247622000.0,87175000.0,0.0,59.485,61.999,61.938,637528000.0,0.0,489.31,14.625,14.643,381792000.0,2379852000.0,777707000.0,777707000.0,37579000.0,,,,,8875000.0,185581000.0,1.0,85426080.0,85530000.0,86917000.0,9.093,2030830000.0,0.0,35801000.0,18566000.0,23.744,477136000.0
2,IDXX,MRQ,2020-12-31,2020-12-31,2020-12-31,2021-08-02,-53615000.0,2294561000.0,,1062738000.0,1231823000.0,,7.394,-14190000.0,383928000.0,383928000.0,311436000.0,174958000.0,1.824,2.629,985519000.0,49988000.0,935531000.0,985519000.0,88730000.0,24561000.0,0.0,0.0,0.0,185096000.0,209657000.0,0.291,209657000.0,185096000.0,177268000.0,2.05,2.01,2.05,632088000.0,,632088000.0,43437224514.0,63.0,54.931,204744000.0,2.395,1.0,409502000.0,0.568,295890000.0,7828000.0,2017501000.0,,209873000.0,0.0,0.0,0.0,1661766000.0,582761000.0,1079005000.0,42638857514.0,208341000.0,-2168000.0,12098000.0,-30000.0,0.0,398000.0,-15690000.0,0.0,218934000.0,4699000.0,174790000.0,174790000.0,174790000.0,0.0,168000.0,0.242,224407000.0,185095000.0,74558000.0,0.0,67.457,73.291,73.295,646338000.0,0.0,499.87,15.753,15.761,331429000.0,2175595000.0,720938000.0,720938000.0,38777000.0,,,,,7943000.0,185630000.0,1.0,85299893.0,85489000.0,86983000.0,8.433,1998671000.0,0.0,2478000.0,11707000.0,23.379,479977000.0
3,IDXX,MRQ,2020-09-30,2020-09-30,2020-09-30,2021-08-02,-61925000.0,2047407000.0,,868679000.0,1178728000.0,,5.164,-19210000.0,175587000.0,175587000.0,299183000.0,146321000.0,1.649,3.646,973954000.0,49983000.0,923971000.0,973954000.0,90825000.0,24651000.0,0.0,0.0,0.0,171962000.0,196613000.0,0.272,196613000.0,171962000.0,163852000.0,1.71,1.69,1.71,440576000.0,,440576000.0,34420306075.0,55.0,47.837,173906000.0,2.038,1.0,422606000.0,0.585,291567000.0,8110000.0,2027366000.0,,217597000.0,0.0,0.0,0.0,1606292000.0,526841000.0,1079451000.0,33435844075.0,70294000.0,-250000.0,18617000.0,-121940000.0,0.0,-104184000.0,-19460000.0,0.0,193116000.0,822000.0,146219000.0,146219000.0,146219000.0,0.0,102000.0,0.203,250750000.0,171856000.0,71933000.0,0.0,75.891,67.21,67.429,632359000.0,0.0,393.11,12.904,12.943,337593000.0,2000805000.0,721789000.0,721789000.0,37517000.0,,,,,7927000.0,213233000.0,1.0,85054677.0,85314000.0,86690000.0,8.46,1755840000.0,0.0,17633000.0,27590000.0,20.581,341838000.0
4,IDXX,MRQ,2020-06-30,2020-06-30,2020-06-30,2021-08-02,-57032000.0,1960713000.0,,779612000.0,1181101000.0,,3.206,-24556000.0,105293000.0,105293000.0,258250000.0,148996000.0,1.442,6.181,1089755000.0,121596000.0,968159000.0,1089755000.0,94081000.0,23582000.0,0.0,0.0,0.0,193261000.0,216843000.0,0.34,216843000.0,193261000.0,183766000.0,1.75,1.72,1.75,272963000.0,,272963000.0,29209604045.0,49.0,42.626,183586000.0,2.156,1.0,379342000.0,0.595,291045000.0,9495000.0,2113546000.0,,229377000.0,0.0,0.0,0.0,1687313000.0,540584000.0,1146729000.0,28041469045.0,23898000.0,0.0,10403000.0,-170790000.0,0.0,-161531000.0,-24556000.0,0.0,208142000.0,1843000.0,148940000.0,148940000.0,148940000.0,0.0,56000.0,0.234,186094000.0,193248000.0,73903000.0,0.0,102.73,60.946,61.368,633302000.0,0.0,330.16,11.331,11.358,320320000.0,1854586000.0,637592000.0,637592000.0,31645000.0,,,,,7797000.0,154449000.0,1.0,84932969.0,85134000.0,86402000.0,7.489,1669668000.0,0.0,34826000.0,36599000.0,19.612,239028000.0
5,IDXX,MRQ,2020-03-31,2020-03-31,2020-03-31,2021-08-02,-55246000.0,1886245000.0,,721351000.0,1164894000.0,,1.26,-49002000.0,81395000.0,81395000.0,266746000.0,111856000.0,0.852,16.515,1249530000.0,486824000.0,762706000.0,1249530000.0,87070000.0,23204000.0,0.0,0.0,0.0,144436000.0,167640000.0,0.268,167640000.0,144436000.0,136744000.0,1.31,1.29,1.31,107674000.0,,107674000.0,21635073478.0,38.0,33.064,-21131000.0,-0.247,1.0,359590000.0,0.574,291159000.0,7692000.0,1916980000.0,,211644000.0,0.0,0.0,0.0,1778190000.0,846241000.0,931949000.0,20670252478.0,-8931000.0,-668000.0,-172605000.0,198110000.0,0.0,16901000.0,-49670000.0,0.0,27871000.0,-4033000.0,111827000.0,111827000.0,111827000.0,0.0,29000.0,0.179,215265000.0,144325000.0,74210000.0,0.0,191.971,47.315,47.591,624770000.0,0.0,242.24,8.412,8.422,299983000.0,1705646000.0,626336000.0,626336000.0,33310000.0,,,,,7284000.0,181955000.0,1.0,85329642.0,85427000.0,86705000.0,7.332,1595086000.0,0.0,24917000.0,38908000.0,18.672,-124890000.0
6,IDXX,MRQ,2019-12-31,2019-12-31,2019-12-31,2021-08-02,-46182000.0,1832475000.0,,679639000.0,1152836000.0,,2.067,-45911000.0,90326000.0,90326000.0,274297000.0,90544000.0,0.937,9.323,1055147000.0,288765000.0,766382000.0,1055147000.0,90205000.0,22589000.0,0.0,0.0,0.0,115851000.0,138440000.0,0.229,138440000.0,115851000.0,108458000.0,1.06,1.04,1.06,177473000.0,,177473000.0,23288882026.0,42.0,36.32,109502000.0,1.276,1.0,331149000.0,0.547,298192000.0,7393000.0,1773767000.0,,195019000.0,0.0,0.0,0.0,1654650000.0,725337000.0,929313000.0,22400403026.0,-13670000.0,-50255000.0,-133322000.0,59257000.0,0.0,-74389000.0,-95911000.0,0.0,155413000.0,1217000.0,90496000.0,90496000.0,90496000.0,0.0,48000.0,0.149,215518000.0,115631000.0,72172000.0,0.0,126.219,52.372,52.541,614452000.0,0.0,261.13,9.307,9.343,269312000.0,1595648000.0,605446000.0,605446000.0,35160000.0,,,,,16655000.0,180358000.0,1.0,85782572.0,85842000.0,87269000.0,7.053,1534283000.0,0.0,17962000.0,33024000.0,17.873,-45698000.0
7,IDXX,MRQ,2019-09-30,2019-09-30,2019-09-30,2021-08-02,-45565000.0,1751481000.0,,703382000.0,1048099000.0,,2.348,-37071000.0,103996000.0,103996000.0,260353000.0,108838000.0,1.122,7.651,992475000.0,229500000.0,762975000.0,992475000.0,91331000.0,22446000.0,0.0,0.0,0.0,139887000.0,162333000.0,0.268,162333000.0,139887000.0,132797000.0,1.26,1.24,1.26,202418000.0,,202418000.0,24321040639.0,44.0,38.065,95194000.0,1.104,1.0,344950000.0,0.57,247833000.0,7090000.0,1765500000.0,,204893000.0,0.0,0.0,0.0,1548759000.0,626627000.0,922132000.0,23410474639.0,-6849000.0,0.0,-76889000.0,-22025000.0,0.0,-99751000.0,-37326000.0,0.0,132265000.0,-2037000.0,108837000.0,108837000.0,108837000.0,0.0,1000.0,0.18,205148000.0,139802000.0,75515000.0,0.0,115.654,55.362,55.496,575561000.0,0.0,271.93,9.958,9.971,268319000.0,1505152000.0,605303000.0,605303000.0,34260000.0,,,,,9391000.0,170888000.0,1.0,86090077.0,86198000.0,87667000.0,7.022,1503648000.0,0.0,23960000.0,33734000.0,17.444,76755000.0
8,IDXX,MRQ,2019-06-30,2019-06-30,2019-06-30,2021-08-02,-40583000.0,1724237000.0,,712298000.0,1011939000.0,,1.986,-33781000.0,110845000.0,110845000.0,262250000.0,125701000.0,1.151,9.067,1021411000.0,251528000.0,769883000.0,1021411000.0,95575000.0,21621000.0,0.0,0.0,0.0,164313000.0,185934000.0,0.3,185934000.0,164313000.0,156127000.0,1.46,1.43,1.46,171246000.0,,171246000.0,24678794390.0,47.0,40.127,103321000.0,1.198,1.0,357853000.0,0.577,253146000.0,8186000.0,1762748000.0,,196876000.0,0.0,0.0,0.0,1552688000.0,618909000.0,933779000.0,23680123390.0,-5771000.0,-304000.0,-12590000.0,-95607000.0,0.0,-109488000.0,-34085000.0,0.0,137102000.0,700000.0,125706000.0,125706000.0,125706000.0,0.0,-5000.0,0.203,193578000.0,164275000.0,67606000.0,0.0,138.281,58.143,58.456,551537000.0,0.0,275.33,10.336,10.361,286154000.0,1396315000.0,620103000.0,620103000.0,32259000.0,,,,,6898000.0,161319000.0,1.0,86006332.0,86215000.0,87615000.0,7.193,1471091000.0,0.0,30421000.0,32415000.0,17.063,93389000.0
9,IDXX,MRQ,2019-03-31,2019-03-31,2019-03-31,2021-08-02,-40015000.0,1680968000.0,,697646000.0,983322000.0,,0.598,-38206000.0,116616000.0,116616000.0,244459000.0,102709000.0,1.012,31.595,1115287000.0,346998000.0,768289000.0,1115287000.0,99046000.0,21355000.0,0.0,0.0,0.0,133150000.0,154505000.0,0.268,154505000.0,133150000.0,124764000.0,1.19,1.17,1.19,51562000.0,,51562000.0,20107550214.0,39.0,33.752,-3828000.0,-0.044,1.0,331597000.0,0.576,254016000.0,8386000.0,1736004000.0,,189468000.0,0.0,0.0,0.0,1629098000.0,689619000.0,939479000.0,19231059214.0,-7178000.0,0.0,-42751000.0,47946000.0,0.0,-2781000.0,-38206000.0,0.0,34378000.0,-569000.0,102681000.0,102681000.0,102681000.0,0.0,28000.0,0.178,198459000.0,133138000.0,70143000.0,0.0,372.97,49.277,49.689,529697000.0,0.0,223.6,8.541,8.561,281159000.0,1270609000.0,576056000.0,576056000.0,31514000.0,,,,,6334000.0,166945000.0,1.0,86006526.0,86204000.0,87549000.0,6.682,1426952000.0,0.0,22083000.0,32931000.0,16.553,8027000.0
10,IDXX,MRQ,2018-12-31,2018-12-31,2018-12-31,2021-08-02,-41791000.0,1537349000.0,,654172000.0,883177000.0,,-0.11,-32659000.0,123794000.0,123794000.0,249025000.0,85677000.0,0.849,-162.576,1000285000.0,398937000.0,601348000.0,1000285000.0,101987000.0,20604000.0,0.0,0.0,0.0,115566000.0,136170000.0,0.248,136170000.0,115566000.0,107006000.0,0.99,0.97,0.99,-9513000.0,,-9513000.0,16911222387.0,34.0,29.378,102989000.0,1.192,1.0,300361000.0,0.547,256314000.0,8560000.0,1387082000.0,,173303000.0,0.0,0.0,0.0,1546582000.0,770444000.0,776138000.0,16041183387.0,-23083000.0,-7185000.0,-102001000.0,-15540000.0,0.0,-117806000.0,-39844000.0,0.0,135648000.0,-1081000.0,85638000.0,85638000.0,85638000.0,0.0,39000.0,0.156,185014000.0,115347000.0,69534000.0,0.0,-1686.238,42.546,42.862,437270000.0,0.0,186.02,7.248,7.301,248855000.0,1167928000.0,549386000.0,549386000.0,30138000.0,,,,,6209000.0,154876000.0,1.0,86233649.0,86369000.0,87819000.0,6.361,1281035000.0,0.0,21368000.0,29267000.0,14.832,-116272000.0
11,IDXX,MRQ,2018-09-30,2018-09-30,2018-09-30,2021-08-02,-42187000.0,1544530000.0,,704197000.0,840333000.0,,-0.018,-31715000.0,146877000.0,146877000.0,239805000.0,93214000.0,0.927,-963.774,1016916000.0,414500000.0,602416000.0,1016916000.0,103696000.0,20878000.0,0.0,0.0,0.0,117529000.0,138407000.0,0.254,138407000.0,117529000.0,109076000.0,1.07,1.05,1.07,-1604000.0,,-1604000.0,22483871072.0,47.0,40.123,78993000.0,0.911,1.0,305643000.0,0.56,258466000.0,8453000.0,1396566000.0,,179684000.0,0.0,0.0,0.0,1545893000.0,759537000.0,786356000.0,21618300072.0,-27682000.0,-22500000.0,-61138000.0,-22500000.0,0.0,-84294000.0,-54215000.0,0.0,110708000.0,119000.0,93251000.0,93251000.0,93251000.0,0.0,-37000.0,0.171,188293000.0,117350000.0,65457000.0,0.0,-13477.743,65.58,66.048,409980000.0,0.0,249.66,9.962,9.981,264563000.0,1082292000.0,545448000.0,545448000.0,29192000.0,,,,,6596000.0,159101000.0,1.0,86590964.0,86756000.0,88453000.0,6.287,1286064000.0,0.0,15825000.0,39899000.0,14.824,-55340000.0
12,IDXX,MRQ,2018-06-30,2018-06-30,2018-06-30,2021-08-02,-42559000.0,1520685000.0,,739832000.0,780853000.0,,-0.473,-27651000.0,174559000.0,174559000.0,248313000.0,108680000.0,0.955,-37.969,1040130000.0,437000000.0,603130000.0,1040130000.0,106283000.0,20892000.0,0.0,0.0,0.0,145777000.0,166669000.0,0.287,166669000.0,145777000.0,137320000.0,1.25,1.23,1.25,-41127000.0,,-41127000.0,19788245077.0,43.0,36.342,91179000.0,1.048,1.0,332439000.0,0.572,235010000.0,8457000.0,1376930000.0,,176487000.0,0.0,0.0,0.0,1561534000.0,774316000.0,787218000.0,18930969077.0,15330000.0,0.0,-99043000.0,29500000.0,0.0,-70708000.0,-27651000.0,0.0,118830000.0,-5141000.0,108691000.0,108691000.0,108691000.0,0.0,-11000.0,0.187,186845000.0,145594000.0,68015000.0,0.0,-460.305,61.682,61.915,394021000.0,0.0,217.94,8.944,8.959,265012000.0,989039000.0,580752000.0,580752000.0,29510000.0,,,,,6392000.0,157335000.0,1.0,86863215.0,87004000.0,88596000.0,6.675,1285675000.0,0.0,28629000.0,35459000.0,14.777,-34484000.0
13,IDXX,MRQ,2018-03-31,2018-03-31,2018-03-31,2021-08-02,-34206000.0,1469492000.0,,701707000.0,767785000.0,,-0.564,-23726000.0,159229000.0,159229000.0,234557000.0,89476000.0,0.963,-30.818,1016505000.0,407500000.0,609005000.0,1016505000.0,109074000.0,20804000.0,0.0,0.0,0.0,113598000.0,134402000.0,0.25,134402000.0,113598000.0,104324000.0,1.02,1.01,1.02,-49272000.0,,-49272000.0,17747831544.0,40.0,33.993,11172000.0,0.128,1.0,303099000.0,0.564,242915000.0,9274000.0,1355015000.0,,179039000.0,0.0,0.0,0.0,1518474000.0,728838000.0,789636000.0,16674431544.0,-28446000.0,0.0,-68936000.0,-247500000.0,0.0,-324991000.0,260312000.0,284038000.0,34898000.0,1335000.0,89451000.0,89451000.0,89451000.0,0.0,25000.0,0.166,190055000.0,113044000.0,70409000.0,0.0,-338.416,58.801,59.071,384246000.0,0.0,191.39,8.155,8.174,259865000.0,880348000.0,537656000.0,537656000.0,29023000.0,,,,,5960000.0,161032000.0,1.0,87122794.0,87331000.0,88944000.0,6.157,1226577000.0,0.0,14873000.0,27529000.0,14.045,-27131000.0
14,IDXX,MRQ,2017-12-31,2017-12-31,2017-12-31,2021-08-02,-36470000.0,1713416000.0,,971985000.0,741431000.0,,-0.619,-19694000.0,187675000.0,187675000.0,233647000.0,38290000.0,0.968,-32.663,1261075000.0,655000000.0,606075000.0,1261075000.0,64726000.0,21520000.0,0.0,0.0,0.0,99370000.0,120890000.0,0.239,120890000.0,99370000.0,89653000.0,0.44,0.43,0.44,-54106000.0,,-54106000.0,14760642339.0,35.0,29.445,101432000.0,1.16,1.0,272474000.0,0.538,243719000.0,9717000.0,1538530000.0,,164318000.0,284255000.0,284255000.0,0.0,1767258000.0,1004567000.0,762691000.0,13639262339.0,18656000.0,-2370000.0,-46564000.0,-31250000.0,0.0,-78058000.0,-24487000.0,-2423000.0,121126000.0,75000.0,38257000.0,38257000.0,38257000.0,0.0,33000.0,0.076,174666000.0,97808000.0,66968000.0,0.0,-252.084,51.832,52.127,379096000.0,0.0,156.38,6.927,6.97,234597000.0,803545000.0,506121000.0,506121000.0,28809000.0,,,,,5755000.0,145857000.0,1.0,87218713.0,87424000.0,89063000.0,5.789,1469697000.0,0.0,51396000.0,25353000.0,16.811,-32582000.0
15,IDXX,MRQ,2017-09-30,2017-09-30,2017-09-30,2021-08-02,-34648000.0,1669334000.0,,942722000.0,726612000.0,,-0.555,-16124000.0,169019000.0,169019000.0,217974000.0,70514000.0,0.946,-35.328,1290399000.0,686250000.0,604149000.0,1290399000.0,63448000.0,20727000.0,0.0,0.0,0.0,101810000.0,122537000.0,0.249,122537000.0,101810000.0,92046000.0,0.81,0.79,0.81,-48622000.0,,-48622000.0,14709432785.0,36.0,30.296,94560000.0,1.08,1.0,274002000.0,0.557,244772000.0,9764000.0,1549399000.0,,176749000.0,285085000.0,285085000.0,0.0,1717725000.0,996543000.0,721182000.0,13570516785.0,3044000.0,0.0,-49751000.0,-17750000.0,0.0,-67871000.0,-41487000.0,-25363000.0,110684000.0,1718000.0,70511000.0,70511000.0,70511000.0,0.0,3000.0,0.143,173589000.0,100413000.0,60583000.0,0.0,-279.102,48.946,49.519,367513000.0,0.0,155.49,7.12,7.141,228159000.0,765288000.0,491976000.0,491976000.0,27585000.0,,,,,6020000.0,146004000.0,1.0,87275817.0,87537000.0,89256000.0,5.62,1424562000.0,0.0,21535000.0,33205000.0,16.274,-53821000.0
16,IDXX,MRQ,2017-06-30,2017-06-30,2017-06-30,2021-08-02,-38388000.0,1637137000.0,,918658000.0,718479000.0,,-0.981,-14919000.0,165975000.0,165975000.0,216225000.0,85407000.0,0.917,-19.96,1304891000.0,704000000.0,600891000.0,1304891000.0,62833000.0,20586000.0,0.0,0.0,0.0,123690000.0,144276000.0,0.283,144276000.0,123690000.0,114535000.0,0.97,0.95,0.97,-86335000.0,,-86335000.0,15330347460.0,39.0,32.475,95273000.0,1.083,1.0,292715000.0,0.575,242759000.0,9155000.0,1531801000.0,,169693000.0,256923000.0,256923000.0,0.0,1723244000.0,1001493000.0,721751000.0,14224887460.0,5567000.0,-12180000.0,-96244000.0,33000000.0,0.0,-63400000.0,-43702000.0,-16603000.0,110192000.0,2477000.0,85357000.0,85357000.0,85357000.0,0.0,50000.0,0.168,170151000.0,122564000.0,58606000.0,0.0,-164.764,54.046,54.534,364779000.0,0.0,161.42,7.638,7.628,240262000.0,694777000.0,508940000.0,508940000.0,26998000.0,,,,,6087000.0,143153000.0,1.0,88123451.0,88004000.0,89878000.0,5.783,1394378000.0,0.0,29178000.0,37503000.0,15.844,-82835000.0
17,IDXX,MRQ,2017-03-31,2017-03-31,2017-03-31,2021-08-02,-38379000.0,1572091000.0,,878588000.0,693503000.0,,-0.841,-23647000.0,160408000.0,160408000.0,203830000.0,69058000.0,0.939,-22.216,1265868000.0,671000000.0,594868000.0,1265868000.0,61139000.0,20307000.0,0.0,0.0,0.0,93287000.0,113594000.0,0.246,113594000.0,93287000.0,84698000.0,0.78,0.77,0.78,-74090000.0,,-74090000.0,14655696219.0,39.0,32.385,7627000.0,0.087,1.0,258191000.0,0.559,226287000.0,8589000.0,1515187000.0,,172183000.0,239933000.0,239933000.0,0.0,1646003000.0,936077000.0,709926000.0,13606487219.0,5507000.0,-2349000.0,-51384000.0,60000000.0,0.0,1313000.0,-29012000.0,-3016000.0,31274000.0,1932000.0,69019000.0,69019000.0,69019000.0,0.0,39000.0,0.149,165948000.0,92243000.0,62249000.0,0.0,-183.648,55.526,56.427,361233000.0,0.0,154.61,7.477,7.486,225353000.0,609420000.0,462021000.0,462021000.0,25790000.0,,,,,5655000.0,140158000.0,1.0,88005221.0,88117000.0,89994000.0,5.243,1345804000.0,0.0,15679000.0,39964000.0,15.273,-57489000.0
18,IDXX,MRQ,2016-12-31,2016-12-31,2016-12-31,2021-08-02,-43053000.0,1530704000.0,,845584000.0,685120000.0,,-1.214,-14831000.0,154901000.0,154901000.0,202370000.0,52371000.0,0.905,-15.126,1204110000.0,611000000.0,593110000.0,1204110000.0,60395000.0,20241000.0,0.0,0.0,0.0,84880000.0,105121000.0,0.237,105121000.0,84880000.0,77125000.0,0.58,0.57,0.58,-108352000.0,,-108352000.0,11451283169.0,32.0,26.501,85924000.0,0.962,1.0,240626000.0,0.543,224383000.0,7755000.0,1420962000.0,,158034000.0,236949000.0,236949000.0,0.0,1638917000.0,934568000.0,704349000.0,10514218169.0,4829000.0,-1964000.0,-202995000.0,123001000.0,0.0,-77252000.0,-14278000.0,2517000.0,100755000.0,-4396000.0,52369000.0,52369000.0,52369000.0,0.0,2000.0,0.118,156801000.0,83825000.0,60057000.0,0.0,-97.038,47.352,47.478,357422000.0,0.0,117.27,5.922,5.927,204494000.0,540401000.0,442996000.0,442996000.0,25418000.0,,,,,393000.0,131383000.0,1.0,89658209.0,89285000.0,90656000.0,4.962,1306321000.0,0.0,24756000.0,39287000.0,14.631,-88984000.0
19,IDXX,MRQ,2016-09-30,2016-09-30,2016-09-30,2021-08-02,-35081000.0,1500370000.0,,828100000.0,672270000.0,,0.61,-12088000.0,150072000.0,150072000.0,201578000.0,56452000.0,1.089,26.352,1087137000.0,488000000.0,599137000.0,1087137000.0,56881000.0,19767000.0,0.0,0.0,0.0,89313000.0,109080000.0,0.243,109080000.0,89313000.0,81527000.0,0.63,0.62,0.63,54850000.0,,54850000.0,11108732867.0,33.0,26.938,88227000.0,0.981,1.0,246730000.0,0.55,228518000.0,7786000.0,1448709000.0,,168468000.0,241402000.0,241402000.0,0.0,1445384000.0,760208000.0,685176000.0,10093913867.0,8933000.0,0.0,-3765000.0,-70000000.0,0.0,-69247000.0,-22946000.0,-10858000.0,100315000.0,811000.0,56455000.0,56455000.0,56455000.0,0.0,-3000.0,0.126,158271000.0,88459000.0,44127000.0,0.0,184.028,47.162,47.565,349664000.0,0.0,112.73,5.828,5.851,204701000.0,488033000.0,448308000.0,448308000.0,25672000.0,,,,,-340000.0,132599000.0,1.0,89540618.0,89894000.0,91138000.0,4.987,1271852000.0,0.0,25072000.0,20571000.0,14.148,67892000.0
20,IDXX,MRQ,2016-06-30,2016-06-30,2016-06-30,2021-08-02,-35465000.0,1489241000.0,,821110000.0,668131000.0,,-0.096,-15962000.0,141139000.0,141139000.0,206026000.0,67206000.0,0.998,-173.39,1155958000.0,558000000.0,597958000.0,1155958000.0,56107000.0,19664000.0,0.0,0.0,0.0,105086000.0,124750000.0,0.267,124750000.0,105086000.0,96882000.0,0.75,0.74,0.75,-8638000.0,,-8638000.0,9402932539.0,29.0,23.856,94921000.0,1.057,1.0,260543000.0,0.558,230386000.0,8204000.0,1450898000.0,,175688000.0,229063000.0,229063000.0,0.0,1497739000.0,822776000.0,674963000.0,8313864539.0,8186000.0,0.0,-11262000.0,-64000000.0,0.0,-73135000.0,-29763000.0,-13801000.0,110883000.0,201000.0,67202000.0,67202000.0,67202000.0,0.0,4000.0,0.144,156381000.0,104162000.0,50085000.0,0.0,-962.476,41.2,41.829,347161000.0,0.0,92.86,4.919,4.935,212229000.0,431577000.0,466569000.0,466569000.0,25412000.0,,,,,2277000.0,130969000.0,1.0,89531171.0,89824000.0,90817000.0,5.194,1258855000.0,0.0,29680000.0,16419000.0,14.015,-1666000.0
21,IDXX,MRQ,2016-03-31,2016-03-31,2016-03-31,2021-08-02,-37515000.0,1478647000.0,,809006000.0,669641000.0,,-0.822,-21906000.0,132953000.0,132953000.0,190013000.0,46025000.0,0.921,-21.001,1222021000.0,622000000.0,600021000.0,1222021000.0,53730000.0,18546000.0,0.0,0.0,0.0,74607000.0,93153000.0,0.223,93153000.0,74607000.0,66303000.0,0.51,0.51,0.51,-73922000.0,,-73922000.0,8061540883.0,27.0,21.495,5084000.0,0.057,1.0,227537000.0,0.545,235198000.0,8304000.0,1453849000.0,,183759000.0,217617000.0,217617000.0,0.0,1552434000.0,878668000.0,673766000.0,7020449883.0,3959000.0,0.0,-47720000.0,48943000.0,0.0,-2562000.0,-23799000.0,-1893000.0,26990000.0,3330000.0,46019000.0,46019000.0,46019000.0,0.0,6000.0,0.11,153744000.0,73793000.0,52458000.0,0.0,-94.971,36.66,37.654,343010000.0,0.0,78.32,4.289,4.302,212072000.0,364375000.0,417550000.0,417550000.0,24620000.0,,,,,2859000.0,129124000.0,1.0,89638022.0,89924000.0,90838000.0,4.643,1243449000.0,0.0,20284000.0,15597000.0,13.828,-69662000.0
22,IDXX,MRQ,2015-12-31,2015-12-31,2015-12-31,2021-08-02,-42265000.0,1474993000.0,,821634000.0,653359000.0,,-0.926,-15404000.0,128994000.0,128994000.0,181990000.0,44390000.0,0.959,-18.532,1170085000.0,573000000.0,597085000.0,1170085000.0,52638000.0,17729000.0,0.0,0.0,0.0,67670000.0,85399000.0,0.214,85399000.0,67670000.0,59744000.0,0.48,0.48,0.48,-84125000.0,,-84125000.0,7633967483.0,25.0,20.561,63930000.0,0.704,1.0,217695000.0,0.545,234843000.0,7926000.0,1424480000.0,,188833000.0,213591000.0,213591000.0,0.0,1558988000.0,856761000.0,702227000.0,6633061483.0,-12156000.0,-2102000.0,-89748000.0,29319000.0,0.0,-64596000.0,-26013000.0,-8507000.0,79334000.0,-881000.0,44349000.0,44349000.0,44349000.0,0.0,41000.0,0.111,150784000.0,66911000.0,52648000.0,0.0,-78.848,34.533,35.227,333026000.0,0.0,72.92,4.141,4.215,188318000.0,318356000.0,399685000.0,399685000.0,25496000.0,,,,,3853000.0,125288000.0,1.0,90963542.0,90822000.0,91810000.0,4.401,1240150000.0,39829000.0,15395000.0,49389000.0,13.655,-35127000.0
23,IDXX,MRQ,2015-09-30,2015-09-30,2015-09-30,2021-08-02,-37493000.0,1477210000.0,,833396000.0,643814000.0,,-0.423,-20644000.0,141150000.0,141150000.0,182113000.0,44229000.0,1.01,-38.98,1142056000.0,542500000.0,599556000.0,1142056000.0,50374000.0,18283000.0,0.0,0.0,0.0,72573000.0,90856000.0,0.224,90856000.0,72573000.0,64823000.0,0.48,0.48,0.48,-38892000.0,,-38892000.0,7768826233.0,29.0,23.092,56302000.0,0.612,1.0,224274000.0,0.552,239042000.0,7750000.0,1414308000.0,,192405000.0,208399000.0,208399000.0,0.0,1516013000.0,824766000.0,691247000.0,6835053233.0,-22002000.0,-7817000.0,-85389000.0,44428000.0,0.0,-39663000.0,-54806000.0,-26345000.0,76946000.0,-4479000.0,44223000.0,44223000.0,44223000.0,0.0,6000.0,0.109,152379000.0,71895000.0,53614000.0,0.0,-175.744,39.352,39.727,320337000.0,0.0,74.29,4.398,4.395,190904000.0,274005000.0,406387000.0,406387000.0,24862000.0,,,,,3820000.0,119305000.0,1.0,92005024.0,91944000.0,92897000.0,4.42,1238168000.0,36767000.0,20600000.0,36571000.0,13.467,8630000.0
24,IDXX,MRQ,2015-06-30,2015-06-30,2015-06-30,2021-08-02,-22275000.0,1477370000.0,,833034000.0,644336000.0,,0.091,-23856000.0,163152000.0,163152000.0,180586000.0,56938000.0,1.074,173.455,1096925000.0,498000000.0,598925000.0,1096925000.0,52646000.0,16790000.0,0.0,0.0,0.0,88836000.0,105626000.0,0.256,105626000.0,88836000.0,81577000.0,0.61,0.6,0.61,8468000.0,,8468000.0,6870283930.0,25.0,20.596,56310000.0,0.603,1.0,232757000.0,0.563,237222000.0,7259000.0,1398493000.0,,184500000.0,180870000.0,180870000.0,0.0,1468819000.0,775428000.0,693391000.0,6002943930.0,-19008000.0,0.0,-83125000.0,48560000.0,0.0,-33532000.0,-66967000.0,-43111000.0,80166000.0,1325000.0,56912000.0,56912000.0,56912000.0,0.0,26000.0,0.138,144454000.0,88303000.0,58212000.0,0.0,708.897,33.054,33.581,326041000.0,0.0,64.14,3.92,3.911,199444000.0,231070000.0,413343000.0,413343000.0,24317000.0,,,,,3957000.0,120137000.0,1.0,93591268.0,93384000.0,94306000.0,4.426,1240148000.0,37509000.0,24665000.0,39261000.0,13.28,57606000.0
25,IDXX,MRQ,2015-03-31,2015-03-31,2015-03-31,2021-08-02,-24049000.0,1431014000.0,,808909000.0,622105000.0,,0.361,-23017000.0,182160000.0,182160000.0,166933000.0,46578000.0,1.007,41.06,1049500000.0,549500000.0,500000000.0,1049500000.0,54170000.0,16154000.0,0.0,0.0,0.0,73244000.0,89398000.0,0.234,89398000.0,73244000.0,66940000.0,0.49,0.49,0.49,34022000.0,,34022000.0,7856426842.0,30.0,24.076,-37661000.0,-0.399,1.0,215544000.0,0.564,236843000.0,6304000.0,1258066000.0,,173370000.0,139215000.0,139215000.0,0.0,1396935000.0,803445000.0,593490000.0,7279962842.0,-140376000.0,-383000.0,-121322000.0,150410000.0,0.0,36801000.0,-160620000.0,-137220000.0,-14644000.0,-1913000.0,46594000.0,46594000.0,46594000.0,0.0,-16000.0,0.122,142741000.0,72803000.0,44183000.0,0.0,213.978,40.018,41.527,309827000.0,0.0,77.24,4.827,4.829,196231000.0,1721893000.0,382477000.0,382477000.0,25006000.0,,,,,-3061000.0,117735000.0,1.0,94251202.0,94280000.0,95521000.0,4.057,1194171000.0,36291000.0,20346000.0,40113000.0,12.666,5464000.0
26,IDXX,MRQ,2014-12-31,2014-12-31,2014-12-31,2021-08-02,-8071000.0,1384211000.0,,759398000.0,624813000.0,,1.231,-18019000.0,322536000.0,322536000.0,169794000.0,25951000.0,0.925,10.778,899000000.0,549000000.0,350000000.0,899000000.0,53477000.0,15278000.0,0.0,0.0,0.0,35268000.0,50546000.0,0.144,50546000.0,35268000.0,29872000.0,0.29,0.28,0.29,117516000.0,,117516000.0,7502129110.0,29.0,23.384,9284000.0,0.097,1.0,182165000.0,0.518,249572000.0,5396000.0,890197000.0,,160342000.0,0.0,0.0,0.0,1266622000.0,820906000.0,445716000.0,7069864110.0,29801000.0,-17599000.0,-138109000.0,173951000.0,0.0,42339000.0,-35618000.0,0.0,27303000.0,-4223000.0,25961000.0,25961000.0,25961000.0,0.0,-10000.0,0.074,147364000.0,34801000.0,44743000.0,0.0,60.161,38.865,40.734,303587000.0,0.0,74.135,4.758,4.994,152380000.0,1675299000.0,351959000.0,351959000.0,24869000.0,,,,,-1861000.0,122495000.0,1.0,95364728.0,95450000.0,96877000.0,3.687,1134639000.0,37689000.0,3911000.0,41688000.0,11.887,-61508000.0
27,IDXX,MRQ,2014-09-30,2014-09-30,2014-09-30,2021-08-02,1990000.0,1290632000.0,,702621000.0,588011000.0,,2.306,-17094000.0,292735000.0,292735000.0,170187000.0,52163000.0,1.115,4.626,725000000.0,375000000.0,350000000.0,725000000.0,51109000.0,15521000.0,0.0,0.0,0.0,72481000.0,88002000.0,0.229,88002000.0,72481000.0,68187000.0,0.52,0.52,0.52,229388000.0,,229388000.0,6152270695.0,21.0,17.8,76169000.0,0.766,1.0,213336000.0,0.556,235747000.0,4294000.0,856886000.0,,156007000.0,0.0,0.0,0.0,1061161000.0,630264000.0,430897000.0,5923318695.0,-12313000.0,-6355000.0,-268688000.0,190799000.0,0.0,-76268000.0,-23449000.0,0.0,93263000.0,-5859000.0,52142000.0,52142000.0,52142000.0,0.0,21000.0,0.136,141147000.0,72189000.0,58255000.0,0.0,25.822,29.735,30.213,291701000.0,0.0,58.915,3.981,3.939,160467000.0,1649337000.0,383523000.0,383523000.0,24847000.0,,,,,3022000.0,116300000.0,1.0,100540078.0,99489000.0,100800000.0,3.855,1054885000.0,33258000.0,16045000.0,27760000.0,10.603,72357000.0
28,IDXX,MRQ,2014-06-30,2014-06-30,2014-06-30,2021-08-02,15031000.0,1283193000.0,,701707000.0,581486000.0,,4.429,-14112000.0,305048000.0,305048000.0,171604000.0,57244000.0,1.169,1.833,534000000.0,384000000.0,150000000.0,534000000.0,48114000.0,14695000.0,0.0,0.0,0.0,83681000.0,98376000.0,0.252,98376000.0,83681000.0,80716000.0,0.56,0.55,0.56,452868000.0,,452868000.0,7032728085.0,25.0,20.847,67650000.0,0.662,1.0,218518000.0,0.56,237169000.0,2965000.0,674624000.0,,145400000.0,0.0,0.0,0.0,830263000.0,600352000.0,229911000.0,6852791085.0,18845000.0,0.0,-122604000.0,66842000.0,0.0,-54549000.0,-8712000.0,5400000.0,81762000.0,344000.0,57218000.0,57218000.0,57218000.0,0.0,26000.0,0.147,135299000.0,83219000.0,41425000.0,0.0,15.132,35.553,35.81,286712000.0,0.0,66.785,4.75,4.733,168641000.0,1597196000.0,390122000.0,390122000.0,25433000.0,,,,,3499000.0,109866000.0,1.0,102609734.0,102250000.0,103590000.0,3.815,1046024000.0,33789000.0,23498000.0,28815000.0,10.23,101355000.0
29,IDXX,MRQ,2014-03-31,2014-03-31,2014-03-31,2021-08-02,14445000.0,1262324000.0,,683166000.0,579158000.0,,4.962,-11473000.0,286203000.0,286203000.0,158106000.0,46593000.0,1.321,1.464,466140000.0,316050000.0,150090000.0,466140000.0,43074000.0,13394000.0,0.0,0.0,0.0,70509000.0,83903000.0,0.233,83903000.0,70509000.0,67735000.0,0.45,0.445,0.45,512216000.0,,512216000.0,6413559368.0,23.0,19.317,22045000.0,0.214,1.0,202097000.0,0.561,237747000.0,2774000.0,687341000.0,,141134000.0,0.0,0.0,0.0,750072000.0,517173000.0,232899000.0,6264223368.0,7145000.0,-1161000.0,-59315000.0,37608000.0,0.0,-14960000.0,-12634000.0,0.0,33518000.0,1221000.0,46585000.0,46585000.0,46585000.0,0.0,8000.0,0.129,132051000.0,70046000.0,42794000.0,0.0,12.23,33.052,33.536,282226000.0,0.0,60.7,4.458,4.46,179919000.0,1539978000.0,360203000.0,360203000.0,23114000.0,,,,,-2639000.0,108937000.0,1.0,103199726.0,103234000.0,104676000.0,3.489,1024577000.0,32005000.0,21150000.0,31785000.0,9.925,165993000.0
30,IDXX,MRQ,2013-12-31,2013-12-31,2013-12-31,2021-08-02,13622000.0,1230516000.0,,652706000.0,577810000.0,,4.987,-16153000.0,279058000.0,279058000.0,165408000.0,43237000.0,1.364,1.375,428394000.0,278035000.0,150359000.0,428394000.0,39885000.0,13466000.0,0.0,0.0,0.0,61889000.0,75355000.0,0.213,75355000.0,61889000.0,59980000.0,0.42,0.41,0.42,518186000.0,,518186000.0,5654022096.0,21.0,17.491,49262000.0,0.474,1.0,188665000.0,0.533,239365000.0,1909000.0,662134000.0,,133427000.0,0.0,0.0,0.0,712302000.0,478353000.0,233949000.0,5519990096.0,14247000.0,-822000.0,-68350000.0,28575000.0,0.0,-33055000.0,-16975000.0,0.0,65415000.0,-1138000.0,43258000.0,43258000.0,43258000.0,0.0,-21000.0,0.122,127337000.0,61328000.0,29941000.0,0.0,10.653,29.393,30.048,281214000.0,0.0,53.185,4.009,4.106,158038000.0,1493393000.0,354073000.0,354073000.0,22496000.0,,,,,-2446000.0,104841000.0,1.0,103788476.0,103900000.0,105534000.0,3.408,991151000.0,33226000.0,16722000.0,33948000.0,9.539,174353000.0
31,IDXX,MRQ,2013-09-30,2013-09-30,2013-09-30,2021-08-02,15562000.0,1195238000.0,,625223000.0,570015000.0,,5.099,-15643000.0,264811000.0,264811000.0,152514000.0,45692000.0,1.054,1.235,398843000.0,398219000.0,624000.0,398843000.0,37570000.0,13773000.0,0.0,0.0,0.0,65937000.0,79710000.0,0.236,79710000.0,65937000.0,64474000.0,0.435,0.43,0.435,534846000.0,,534846000.0,5354426420.0,20.0,16.437,62454000.0,0.595,1.0,185783000.0,0.549,242375000.0,1463000.0,493943000.0,,145987000.0,0.0,0.0,0.0,660343000.0,592952000.0,67391000.0,5235918420.0,13798000.0,-10101000.0,-71261000.0,29322000.0,0.0,-40331000.0,-25744000.0,0.0,78097000.0,1776000.0,45688000.0,45688000.0,45688000.0,0.0,4000.0,0.135,120298000.0,65485000.0,38131000.0,0.0,9.79,27.866,28.553,274158000.0,0.0,49.825,3.9,3.893,151568000.0,1450135000.0,338297000.0,338297000.0,21568000.0,,,,,2549000.0,98730000.0,1.0,105086170.0,104900000.0,106484000.0,3.225,952863000.0,27304000.0,18786000.0,22863000.0,9.084,32271000.0
32,IDXX,MRQ,2013-06-30,2013-06-30,2013-06-30,2021-08-02,10493000.0,1164071000.0,,614902000.0,549169000.0,,5.12,-26049000.0,251013000.0,251013000.0,154885000.0,53999000.0,1.115,1.118,369521000.0,368637000.0,884000.0,369521000.0,35602000.0,13844000.0,0.0,0.0,0.0,79203000.0,93047000.0,0.264,93047000.0,79203000.0,78024000.0,0.505,0.495,0.505,549546000.0,,549546000.0,4886395007.0,18.0,15.166,55380000.0,0.516,1.0,197698000.0,0.561,229506000.0,1179000.0,501402000.0,,140938000.0,0.0,0.0,0.0,614480000.0,551671000.0,62809000.0,4852496007.0,22649000.0,0.0,-139095000.0,107258000.0,0.0,-31317000.0,-26049000.0,0.0,81429000.0,-1414000.0,53995000.0,53995000.0,53995000.0,0.0,4000.0,0.153,118935000.0,78763000.0,37584000.0,0.0,8.83,26.221,26.379,266494000.0,0.0,44.845,3.677,3.648,159119000.0,1404448000.0,352583000.0,352583000.0,22181000.0,,,,,3639000.0,96754000.0,1.0,108205954.0,107340000.0,108772000.0,3.285,934565000.0,26372000.0,24029000.0,22543000.0,8.707,63231000.0
33,IDXX,MRQ,2013-03-31,2013-03-31,2013-03-31,2021-08-02,11687000.0,1132638000.0,,594395000.0,538243000.0,,5.782,-20791000.0,228364000.0,228364000.0,148132000.0,44867000.0,1.352,0.794,262263000.0,261122000.0,1141000.0,262263000.0,34120000.0,13513000.0,0.0,0.0,0.0,61625000.0,75138000.0,0.226,75138000.0,61625000.0,60790000.0,0.41,0.405,0.41,631254000.0,,631254000.0,5033100592.0,19.0,15.806,264000.0,0.002,1.0,183974000.0,0.554,233495000.0,835000.0,493465000.0,,148242000.0,0.0,0.0,0.0,501343000.0,439577000.0,61766000.0,5042585592.0,4378000.0,3500000.0,-50820000.0,47762000.0,0.0,2252000.0,-17291000.0,0.0,21055000.0,-1638000.0,44860000.0,44860000.0,44860000.0,0.0,7000.0,0.135,122786000.0,61188000.0,38716000.0,0.0,7.988,27.648,27.828,253742000.0,0.0,46.195,3.871,3.871,158988000.0,1350453000.0,332106000.0,332106000.0,21758000.0,,,,,-1361000.0,101028000.0,1.0,109158688.0,109176000.0,110980000.0,3.042,899143000.0,25719000.0,15930000.0,22955000.0,8.236,154818000.0
34,IDXX,MRQ,2012-12-31,2012-12-31,2012-12-31,2021-08-02,15954000.0,1103602000.0,,569537000.0,534065000.0,,5.814,-15288000.0,223986000.0,223986000.0,150488000.0,43360000.0,1.402,0.735,214501000.0,213107000.0,1394000.0,214501000.0,32884000.0,13918000.0,0.0,0.0,0.0,63934000.0,77852000.0,0.244,77852000.0,63934000.0,63078000.0,0.395,0.385,0.395,636223000.0,,636223000.0,5086920539.0,19.0,16.055,53632000.0,0.49,1.0,169050000.0,0.529,237827000.0,856000.0,449957000.0,,140946000.0,0.0,0.0,0.0,467345000.0,406333000.0,61012000.0,5073625539.0,2545000.0,-2658000.0,-34106000.0,-20235000.0,0.0,-49847000.0,-17046000.0,0.0,68920000.0,518000.0,43354000.0,43354000.0,43354000.0,0.0,6000.0,0.136,105623000.0,63427000.0,35288000.0,0.0,7.975,28.461,28.642,245177000.0,0.0,46.4,3.923,3.945,138324000.0,1305593000.0,319538000.0,319538000.0,21050000.0,,,,,-226000.0,84573000.0,1.0,109345378.0,109436000.0,111620000.0,2.92,865775000.0,27714000.0,19724000.0,23028000.0,7.911,163204000.0
35,IDXX,MRQ,2012-09-30,2012-09-30,2012-09-30,2021-08-02,14579000.0,1093351000.0,,570774000.0,522577000.0,,5.62,-18029000.0,221441000.0,221441000.0,144840000.0,42873000.0,1.373,0.771,234736000.0,232960000.0,1776000.0,234736000.0,31150000.0,12799000.0,0.0,0.0,0.0,63365000.0,76164000.0,0.241,76164000.0,63365000.0,62492000.0,0.39,0.38,0.39,617507000.0,,617507000.0,5694878025.0,22.0,18.512,56659000.0,0.516,1.0,170635000.0,0.541,237977000.0,873000.0,452823000.0,,147474000.0,0.0,0.0,0.0,475816000.0,415846000.0,59970000.0,5649725025.0,19628000.0,0.0,-29237000.0,-12230000.0,0.0,-37231000.0,-18929000.0,0.0,74688000.0,1100000.0,42853000.0,42853000.0,42853000.0,0.0,20000.0,0.136,107723000.0,62912000.0,31728000.0,0.0,9.149,32.672,31.741,231639000.0,0.0,49.675,4.41,4.261,141374000.0,1262239000.0,315475000.0,315475000.0,20349000.0,,,,,-224000.0,87374000.0,1.0,113733770.0,109876000.0,112176000.0,2.871,855374000.0,25430000.0,19639000.0,20650000.0,7.785,154928000.0
36,IDXX,MRQ,2012-06-30,2012-06-30,2012-06-30,2021-08-02,8858000.0,1067317000.0,,555307000.0,512010000.0,,5.355,-14812000.0,201813000.0,201813000.0,150960000.0,51320000.0,1.325,0.809,246966000.0,244945000.0,2021000.0,246966000.0,29409000.0,12986000.0,0.0,0.0,0.0,76294000.0,89280000.0,0.266,89280000.0,76294000.0,75368000.0,0.465,0.455,0.465,589933000.0,,589933000.0,5362449512.0,21.0,17.871,48804000.0,0.443,1.0,184689000.0,0.55,235556000.0,926000.0,457763000.0,,143703000.0,0.0,0.0,0.0,477376000.0,419151000.0,58225000.0,5290746512.0,16322000.0,0.0,-22901000.0,-10228000.0,0.0,-31701000.0,-14812000.0,0.0,63616000.0,-781000.0,51317000.0,51317000.0,51317000.0,0.0,3000.0,0.153,108872000.0,75817000.0,29706000.0,0.0,8.968,31.385,31.726,220580000.0,0.0,48.065,4.178,4.181,147159000.0,1219386000.0,335649000.0,335649000.0,20058000.0,,,,,2435000.0,88814000.0,1.0,110074826.0,110158000.0,112422000.0,3.047,831761000.0,25118000.0,24051000.0,21557000.0,7.551,136156000.0
37,IDXX,MRQ,2012-03-31,2012-03-31,2012-03-31,2021-08-02,19481000.0,1061105000.0,,544866000.0,516239000.0,,5.134,-10344000.0,185491000.0,185491000.0,147902000.0,40734000.0,1.246,0.872,257194000.0,254931000.0,2263000.0,257194000.0,27722000.0,12705000.0,0.0,0.0,0.0,60852000.0,73557000.0,0.228,73557000.0,60852000.0,59659000.0,0.37,0.36,0.37,566876000.0,,566876000.0,4876999235.0,20.0,16.567,4840000.0,0.044,1.0,174774000.0,0.542,243531000.0,1193000.0,451993000.0,,141104000.0,0.0,0.0,0.0,494224000.0,437284000.0,56940000.0,4814476235.0,1596000.0,3000000.0,-21858000.0,10776000.0,0.0,-6564000.0,-7344000.0,0.0,15184000.0,320000.0,40743000.0,40743000.0,40743000.0,0.0,-9000.0,0.126,114367000.0,60407000.0,40614000.0,0.0,8.493,29.017,29.644,216927000.0,0.0,43.725,3.856,3.866,160981000.0,1168069000.0,322676000.0,322676000.0,20557000.0,,,,,-709000.0,93810000.0,1.0,110108090.0,110416000.0,112878000.0,2.922,817574000.0,23832000.0,18916000.0,22581000.0,7.404,107582000.0
38,IDXX,MRQ,2011-12-31,2011-12-31,2011-12-31,2021-08-02,15443000.0,1030814000.0,,524227000.0,506587000.0,,4.84,-10748000.0,183895000.0,183895000.0,148320000.0,37998000.0,1.2,0.91,246418000.0,243917000.0,2501000.0,246418000.0,25851000.0,12814000.0,0.0,0.0,0.0,55817000.0,68631000.0,0.223,68631000.0,55817000.0,54708000.0,0.34,0.335,0.34,539579000.0,,539579000.0,4297340720.0,18.0,15.015,43647000.0,0.392,1.0,158881000.0,0.517,241819000.0,1109000.0,414639000.0,,133099000.0,0.0,0.0,0.0,491221000.0,436879000.0,54342000.0,4321201720.0,2396000.0,-44157000.0,-86768000.0,88780000.0,0.0,4010000.0,-54905000.0,0.0,54395000.0,-1104000.0,38010000.0,38010000.0,38010000.0,0.0,-12000.0,0.124,103582000.0,55299000.0,36551000.0,0.0,8.008,26.709,27.004,216777000.0,0.0,38.48,3.546,3.586,141275000.0,1127326000.0,307201000.0,307201000.0,20203000.0,,,,,2001000.0,83379000.0,1.0,112297342.0,111474000.0,113896000.0,2.756,788995000.0,25637000.0,16698000.0,23288000.0,7.078,87348000.0
39,IDXX,MRQ,2011-09-30,2011-09-30,2011-09-30,2021-08-02,18709000.0,969199000.0,,510752000.0,458447000.0,,5.167,-13749000.0,181499000.0,181499000.0,142287000.0,38496000.0,1.518,0.654,157638000.0,154903000.0,2735000.0,157638000.0,21737000.0,12045000.0,0.0,0.0,0.0,56557000.0,68602000.0,0.228,68602000.0,56557000.0,55629000.0,0.34,0.33,0.34,585942000.0,,585942000.0,3897539232.0,17.0,13.893,61459000.0,0.542,1.0,158667000.0,0.527,200625000.0,928000.0,408344000.0,,137143000.0,0.0,0.0,0.0,383231000.0,336369000.0,46862000.0,3920533232.0,22101000.0,-2600000.0,-60884000.0,21199000.0,0.0,-36530000.0,-16349000.0,0.0,75208000.0,-228000.0,38507000.0,38507000.0,38507000.0,0.0,-11000.0,0.128,102571000.0,56096000.0,31032000.0,0.0,6.691,24.481,24.632,213868000.0,0.0,34.485,3.28,3.272,134923000.0,1089316000.0,300954000.0,300954000.0,19406000.0,,,,,841000.0,83165000.0,1.0,113688074.0,113398000.0,116014000.0,2.654,768574000.0,27253000.0,17122000.0,20746000.0,6.778,174383000.0
40,IDXX,MRQ,2011-06-30,2011-06-30,2011-06-30,2021-08-02,26468000.0,950575000.0,,493571000.0,457004000.0,,5.314,-16462000.0,159398000.0,159398000.0,143829000.0,48654000.0,1.656,0.561,136404000.0,133438000.0,2966000.0,136404000.0,19468000.0,11879000.0,0.0,0.0,0.0,71720000.0,83599000.0,0.263,83599000.0,71720000.0,70938000.0,0.425,0.415,0.425,608774000.0,,608774000.0,4424816601.0,20.0,16.187,46630000.0,0.407,1.0,174033000.0,0.548,207235000.0,782000.0,422209000.0,,133934000.0,0.0,0.0,0.0,341764000.0,298137000.0,43627000.0,4447614601.0,5939000.0,0.0,-51281000.0,5758000.0,0.0,-41687000.0,-16462000.0,0.0,63092000.0,996000.0,48657000.0,48657000.0,48657000.0,0.0,-3000.0,0.153,102735000.0,71298000.0,29888000.0,0.0,7.306,28.449,28.515,210163000.0,0.0,38.78,3.821,3.817,149314000.0,1050809000.0,317862000.0,317862000.0,18621000.0,,,,,-300000.0,84114000.0,1.0,114688360.0,114552000.0,117454000.0,2.775,743340000.0,26891000.0,22281000.0,21152000.0,6.489,195434000.0
41,IDXX,MRQ,2011-03-31,2011-03-31,2011-03-31,2021-08-02,19587000.0,909478000.0,,465441000.0,444037000.0,,5.194,-9493000.0,153459000.0,153459000.0,137747000.0,36606000.0,1.708,0.524,130661000.0,127467000.0,3194000.0,130661000.0,18633000.0,11464000.0,0.0,0.0,0.0,53907000.0,65371000.0,0.223,65371000.0,53907000.0,53179000.0,0.32,0.31,0.32,596868000.0,,596868000.0,4403799878.0,21.0,17.195,15725000.0,0.137,1.0,154925000.0,0.529,207213000.0,728000.0,406897000.0,,127054000.0,0.0,0.0,0.0,312570000.0,272570000.0,40000000.0,4427434878.0,-3456000.0,3000000.0,-27771000.0,-2697000.0,0.0,-23450000.0,-6493000.0,0.0,25218000.0,1269000.0,36612000.0,36612000.0,36612000.0,0.0,-6000.0,0.125,101393000.0,53532000.0,23334000.0,0.0,7.418,30.561,30.765,202748000.0,0.0,38.61,3.927,3.935,137551000.0,1002152000.0,292672000.0,292672000.0,17812000.0,,,,,-3053000.0,83581000.0,1.0,114670678.0,114914000.0,118180000.0,2.547,702265000.0,25990000.0,16567000.0,20008000.0,6.111,192871000.0
42,IDXX,MRQ,2010-12-31,2010-12-31,2010-12-31,2021-08-02,13467000.0,897144000.0,,460591000.0,436553000.0,,4.997,-10630000.0,156915000.0,156915000.0,138986000.0,36380000.0,1.615,0.562,133280000.0,129862000.0,3418000.0,133280000.0,18610000.0,11839000.0,0.0,0.0,0.0,51131000.0,62970000.0,0.222,62970000.0,51131000.0,50457000.0,0.315,0.305,0.315,574235000.0,,574235000.0,3977303351.0,19.0,15.88,38220000.0,0.333,1.0,144771000.0,0.51,204864000.0,674000.0,383533000.0,,127885000.0,0.0,0.0,0.0,322863000.0,285112000.0,37751000.0,3980414351.0,23403000.0,0.0,-19123000.0,2800000.0,0.0,-11490000.0,-14386000.0,-4000000.0,48850000.0,429000.0,36371000.0,36371000.0,36371000.0,0.0,9000.0,0.128,93967000.0,50804000.0,22669000.0,0.0,6.932,28.173,28.253,201725000.0,0.0,34.61,3.607,3.621,120080000.0,965540000.0,283757000.0,283757000.0,17479000.0,,,,,-1358000.0,76488000.0,1.0,115007638.0,114910000.0,118326000.0,2.469,692280000.0,26203000.0,14086000.0,18661000.0,6.025,175479000.0
43,IDXX,MRQ,2010-09-30,2010-09-30,2010-09-30,2021-08-02,11429000.0,862297000.0,,429911000.0,432386000.0,,4.743,-11043000.0,133512000.0,133512000.0,127421000.0,34715000.0,1.587,0.577,130401000.0,126762000.0,3639000.0,130401000.0,18870000.0,11485000.0,0.0,0.0,0.0,49929000.0,61414000.0,0.228,61414000.0,49929000.0,49242000.0,0.3,0.295,0.3,546614000.0,,546614000.0,3582186432.0,18.0,14.662,43855000.0,0.381,1.0,142207000.0,0.527,206151000.0,687000.0,382102000.0,,131555000.0,0.0,0.0,0.0,315645000.0,270933000.0,44712000.0,3561605432.0,15537000.0,0.0,-27824000.0,-8169000.0,0.0,-32072000.0,-11287000.0,0.0,54898000.0,3998000.0,34694000.0,34694000.0,34694000.0,0.0,21000.0,0.129,92393000.0,49814000.0,25273000.0,0.0,6.516,26.214,26.376,200610000.0,0.0,30.86,3.268,3.263,120454000.0,929169000.0,269628000.0,269628000.0,17203000.0,,,,,-736000.0,75190000.0,1.0,115411712.0,115240000.0,118552000.0,2.34,656146000.0,24902000.0,14548000.0,20491000.0,5.694,158978000.0
44,IDXX,MRQ,2010-06-30,2010-06-30,2010-06-30,2021-08-02,2924000.0,833735000.0,,410552000.0,423183000.0,,4.539,-8927000.0,117975000.0,117975000.0,132198000.0,37197000.0,1.514,0.59,138556000.0,134700000.0,3856000.0,138556000.0,18421000.0,11386000.0,0.0,0.0,0.0,54969000.0,66355000.0,0.236,66355000.0,54969000.0,54280000.0,0.32,0.31,0.32,524261000.0,,524261000.0,3566938540.0,19.0,14.883,46953000.0,0.407,1.0,149284000.0,0.53,201125000.0,689000.0,381991000.0,,122032000.0,0.0,0.0,0.0,309458000.0,271200000.0,38258000.0,3511009540.0,11621000.0,0.0,-16033000.0,-23624000.0,0.0,-33603000.0,-8927000.0,0.0,55880000.0,-1729000.0,37193000.0,37193000.0,37193000.0,0.0,4000.0,0.132,94449000.0,54835000.0,23190000.0,0.0,6.697,26.457,26.711,196714000.0,0.0,30.45,3.253,3.258,127138000.0,894475000.0,281482000.0,281482000.0,17206000.0,,,,,-2796000.0,77243000.0,1.0,115304090.0,115494000.0,119292000.0,2.437,632610000.0,23433000.0,17087000.0,17940000.0,5.477,139352000.0
45,IDXX,MRQ,2010-03-31,2010-03-31,2010-03-31,2021-08-02,6543000.0,824284000.0,,398369000.0,425915000.0,,4.283,-8590000.0,106354000.0,106354000.0,126164000.0,33028000.0,1.378,0.658,162283000.0,158213000.0,4070000.0,162283000.0,16655000.0,11246000.0,0.0,0.0,0.0,48479000.0,59725000.0,0.222,59725000.0,48479000.0,48114000.0,0.285,0.275,0.285,497120000.0,,497120000.0,3358584908.0,18.0,14.31,10615000.0,0.091,1.0,142361000.0,0.53,207838000.0,365000.0,383208000.0,,122384000.0,0.0,0.0,0.0,327152000.0,289167000.0,37985000.0,3341428908.0,-374000.0,0.0,-51245000.0,38323000.0,0.0,-9604000.0,-8590000.0,0.0,19205000.0,-1385000.0,33026000.0,33026000.0,33026000.0,0.0,2000.0,0.123,93933000.0,48428000.0,24104000.0,0.0,6.722,25.866,26.041,197063000.0,0.0,28.775,3.141,3.14,130519000.0,857282000.0,268525000.0,268525000.0,16709000.0,,,,,26000.0,77224000.0,1.0,116122638.0,116066000.0,120058000.0,2.314,616446000.0,22872000.0,15088000.0,17795000.0,5.311,109202000.0
46,IDXX,MRQ,2009-12-31,2009-12-31,2009-12-31,2021-08-02,10341000.0,808527000.0,,376338000.0,432189000.0,,4.398,-14278000.0,106728000.0,106728000.0,137404000.0,30961000.0,1.468,0.571,123884000.0,119603000.0,4281000.0,123884000.0,16423000.0,12555000.0,0.0,0.0,0.0,44275000.0,56830000.0,0.21,56830000.0,44275000.0,43894000.0,0.265,0.255,0.265,514569000.0,,514569000.0,3172906745.0,18.0,14.026,45171000.0,0.386,1.0,132931000.0,0.492,212612000.0,381000.0,356766000.0,,110425000.0,0.0,0.0,0.0,293948000.0,256305000.0,37643000.0,3131747745.0,0.0,766000.0,-21871000.0,-24227000.0,0.0,-44755000.0,-14012000.0,0.0,59449000.0,-682000.0,30951000.0,30951000.0,30951000.0,0.0,10000.0,0.114,88784000.0,44147000.0,19133000.0,0.0,6.086,25.623,25.697,199946000.0,0.0,26.725,3.036,3.047,115107000.0,824256000.0,270335000.0,270335000.0,16008000.0,,,,,1431000.0,72776000.0,1.0,117184200.0,117006000.0,121148000.0,2.31,595915000.0,25188000.0,12943000.0,18283000.0,5.093,120033000.0
47,IDXX,MRQ,2009-09-30,2009-09-30,2009-09-30,2021-08-02,8440000.0,814889000.0,,385727000.0,429162000.0,,4.259,-14022000.0,106728000.0,106728000.0,128643000.0,31536000.0,1.943,0.631,147887000.0,63398000.0,84489000.0,147887000.0,14826000.0,12506000.0,0.0,0.0,0.0,44253000.0,56759000.0,0.219,56759000.0,44253000.0,43817000.0,0.27,0.26,0.27,499634000.0,,499634000.0,2986425850.0,18.0,13.685,30600000.0,0.261,1.0,130477000.0,0.504,214974000.0,436000.0,442511000.0,,124488000.0,0.0,0.0,0.0,315255000.0,198563000.0,116692000.0,2929889850.0,2984000.0,-6680000.0,-12025000.0,-12875000.0,0.0,-22404000.0,-20702000.0,0.0,44622000.0,1468000.0,31536000.0,31536000.0,31536000.0,0.0,0.0,0.122,86272000.0,44205000.0,21465000.0,0.0,5.864,25.515,25.641,196542000.0,0.0,25.0,2.917,2.919,115141000.0,793305000.0,259120000.0,259120000.0,16583000.0,,,,,412000.0,69689000.0,1.0,117195594.0,117312000.0,121336000.0,2.209,599915000.0,23377000.0,12281000.0,22345000.0,5.114,187164000.0
48,IDXX,MRQ,2009-06-30,2009-06-30,2009-06-30,2021-08-02,4766000.0,798510000.0,,384337000.0,414173000.0,,3.994,-12028000.0,103744000.0,103744000.0,127283000.0,33667000.0,1.803,0.697,160280000.0,75586000.0,84694000.0,160280000.0,14718000.0,12156000.0,0.0,0.0,0.0,49232000.0,61388000.0,0.231,61388000.0,49232000.0,48773000.0,0.285,0.275,0.285,470574000.0,,470574000.0,2811299666.0,17.0,13.188,46229000.0,0.392,1.0,138440000.0,0.521,207682000.0,459000.0,434254000.0,,122924000.0,0.0,0.0,0.0,327936000.0,213110000.0,114826000.0,2726404666.0,17449000.0,0.0,-21132000.0,-11483000.0,0.0,-31421000.0,-12028000.0,0.0,58257000.0,2641000.0,33667000.0,33667000.0,33667000.0,0.0,0.0,0.127,89264000.0,49176000.0,26472000.0,0.0,5.794,25.015,25.109,189660000.0,0.0,23.1,2.736,2.731,118782000.0,761769000.0,265723000.0,265723000.0,16594000.0,,,,,1817000.0,72670000.0,1.0,118026176.0,117822000.0,121394000.0,2.255,590828000.0,22710000.0,15106000.0,24812000.0,5.015,171227000.0
49,IDXX,MRQ,2009-03-31,2009-03-31,2009-03-31,2021-08-02,-2981000.0,770504000.0,,367783000.0,402721000.0,,3.767,-8256000.0,86295000.0,86295000.0,112022000.0,26071000.0,1.259,0.728,171190000.0,166294000.0,4896000.0,171190000.0,14653000.0,12556000.0,0.0,0.0,0.0,38685000.0,51241000.0,0.217,51241000.0,38685000.0,38045000.0,0.22,0.215,0.22,445828000.0,,445828000.0,2122288673.0,12.0,9.502,4368000.0,0.037,1.0,124433000.0,0.526,200748000.0,640000.0,362508000.0,,123575000.0,0.0,0.0,0.0,324676000.0,292143000.0,32533000.0,2044677673.0,7427000.0,1377000.0,-11705000.0,14829000.0,0.0,3285000.0,-6879000.0,0.0,12624000.0,-1603000.0,26071000.0,26071000.0,26071000.0,0.0,0.0,0.11,85992000.0,38441000.0,23541000.0,0.0,4.586,17.828,17.917,186708000.0,0.0,17.29,2.022,2.023,115253000.0,728102000.0,236455000.0,236455000.0,15939000.0,,,,,2769000.0,70053000.0,1.0,118257818.0,118344000.0,121212000.0,1.998,569756000.0,20915000.0,11974000.0,30090000.0,4.814,75640000.0
50,IDXX,MRQ,2008-12-31,2008-12-31,2008-12-31,2021-08-02,5675000.0,765437000.0,,355890000.0,409547000.0,,3.685,-24429000.0,78868000.0,78868000.0,122772000.0,23555000.0,1.205,0.747,156479000.0,151385000.0,5094000.0,156479000.0,15072000.0,12467000.0,0.0,0.0,0.0,36371000.0,48838000.0,0.201,48838000.0,36371000.0,35268000.0,0.2,0.195,0.2,438194000.0,,438194000.0,2234190682.0,13.0,10.03,9065000.0,0.076,1.0,120521000.0,0.495,207095000.0,1103000.0,340661000.0,,115926000.0,0.0,0.0,0.0,327243000.0,295292000.0,31951000.0,2148923682.0,-5718000.0,11783000.0,-8409000.0,-12602000.0,0.0,-20680000.0,-17404000.0,0.0,33494000.0,-1128000.0,23555000.0,23555000.0,23555000.0,0.0,0.0,0.097,84672000.0,35849000.0,28006000.0,0.0,4.904,18.498,18.598,189646000.0,0.0,18.04,2.098,2.112,111498000.0,702031000.0,243293000.0,243293000.0,17184000.0,,,,,2087000.0,67488000.0,1.0,119119938.0,118898000.0,122374000.0,2.046,558342000.0,21477000.0,11713000.0,25257000.0,4.696,60598000.0
51,IDXX,MRQ,2008-09-30,2008-09-30,2008-09-30,2021-08-02,23097000.0,778693000.0,,353377000.0,425316000.0,,3.677,-22549000.0,84586000.0,84586000.0,122944000.0,25699000.0,1.148,0.781,169853000.0,164696000.0,5157000.0,169853000.0,16125000.0,12021000.0,0.0,0.0,0.0,39679000.0,51700000.0,0.206,51700000.0,39679000.0,38437000.0,0.215,0.21,0.215,437327000.0,,437327000.0,3345932366.0,19.0,15.007,19125000.0,0.161,1.0,128149000.0,0.51,231379000.0,1242000.0,324831000.0,,112907000.0,0.0,0.0,0.0,341366000.0,307750000.0,33616000.0,3257132366.0,9321000.0,-135000.0,-14416000.0,5966000.0,0.0,-5742000.0,-22684000.0,0.0,41674000.0,-3927000.0,25699000.0,25699000.0,25699000.0,0.0,0.0,0.102,89152000.0,38997000.0,28937000.0,0.0,7.448,27.57,27.959,178655000.0,0.0,27.4,3.176,3.177,112053000.0,678476000.0,251093000.0,251093000.0,17920000.0,,,,,-223000.0,71232000.0,1.0,118873444.0,118946000.0,123730000.0,2.111,547314000.0,24207000.0,12738000.0,23697000.0,4.601,45627000.0
52,IDXX,MRQ,2008-06-30,2008-06-30,2008-06-30,2021-08-02,31011000.0,764889000.0,,339064000.0,425825000.0,,3.569,-25718000.0,75265000.0,75265000.0,129310000.0,39364000.0,1.134,0.785,164065000.0,158715000.0,5350000.0,164065000.0,16873000.0,12101000.0,0.0,0.0,0.0,59461000.0,71562000.0,0.255,71562000.0,59461000.0,58248000.0,0.33,0.315,0.33,428461000.0,,428461000.0,3025051002.0,17.0,13.857,45211000.0,0.377,1.0,151260000.0,0.539,242137000.0,1213000.0,312500000.0,,106182000.0,0.0,0.0,0.0,336428000.0,299052000.0,37376000.0,2939049002.0,15045000.0,-981000.0,-47776000.0,17826000.0,0.0,-29136000.0,-26699000.0,0.0,70929000.0,-49000.0,39364000.0,39364000.0,39364000.0,0.0,0.0,0.14,92369000.0,58891000.0,25357000.0,0.0,6.86,24.857,24.995,166604000.0,0.0,24.37,2.927,2.914,120565000.0,652777000.0,280570000.0,280570000.0,18274000.0,,,,,1906000.0,74095000.0,1.0,120601108.0,120058000.0,124880000.0,2.337,522752000.0,24033000.0,18884000.0,24995000.0,4.354,40012000.0
53,IDXX,MRQ,2008-03-31,2008-03-31,2008-03-31,2021-08-02,31372000.0,736857000.0,,322366000.0,414491000.0,,3.562,-17275000.0,60220000.0,60220000.0,119238000.0,27551000.0,1.216,0.699,146222000.0,140682000.0,5540000.0,146222000.0,16814000.0,11395000.0,0.0,0.0,0.0,39265000.0,50660000.0,0.203,50660000.0,39265000.0,38234000.0,0.225,0.215,0.225,433636000.0,,433636000.0,3020932064.0,21.0,15.895,-20064000.0,-0.165,1.0,129836000.0,0.521,244781000.0,1031000.0,313052000.0,,99878000.0,0.0,0.0,0.0,303221000.0,265026000.0,38195000.0,3002609064.0,-140000.0,-7533000.0,-45381000.0,67765000.0,0.0,24768000.0,-24808000.0,0.0,-2789000.0,2689000.0,27551000.0,27551000.0,27551000.0,0.0,0.0,0.111,91117000.0,38719000.0,25301000.0,0.0,6.924,29.865,30.037,151094000.0,0.0,24.63,3.126,3.122,125245000.0,613413000.0,249074000.0,249074000.0,17295000.0,,,,,494000.0,73822000.0,1.0,121908610.0,121730000.0,127116000.0,2.046,492076000.0,24893000.0,10683000.0,24047000.0,4.042,57340000.0
54,IDXX,MRQ,2007-12-31,2007-12-31,2007-12-31,2021-08-02,22705000.0,702179000.0,,305663000.0,396516000.0,,3.582,-23781000.0,60360000.0,60360000.0,122725000.0,25528000.0,1.368,0.602,78683000.0,72956000.0,5727000.0,78683000.0,16888000.0,11420000.0,0.0,0.0,0.0,37612000.0,49032000.0,0.2,49032000.0,37612000.0,36723000.0,0.21,0.2,0.21,438323000.0,,438323000.0,3615134534.0,26.0,20.086,16593000.0,0.136,1.0,122244000.0,0.499,236414000.0,889000.0,260696000.0,,98804000.0,0.0,0.0,0.0,263856000.0,223392000.0,40464000.0,3589740534.0,1853000.0,-2146000.0,-15860000.0,1173000.0,0.0,-12964000.0,-25927000.0,0.0,40374000.0,370000.0,25528000.0,25528000.0,25528000.0,0.0,0.0,0.104,85502000.0,36742000.0,32510000.0,0.0,8.19,38.183,38.32,141852000.0,0.0,29.315,3.891,3.912,108384000.0,585862000.0,244969000.0,244969000.0,16769000.0,,,,,479000.0,68733000.0,1.0,122454052.0,122370000.0,128946000.0,2.002,465765000.0,23606000.0,11195000.0,32903000.0,3.806,82271000.0
55,IDXX,MRQ,2007-09-30,2007-09-30,2007-09-30,2021-08-02,18186000.0,674233000.0,,293749000.0,380484000.0,,3.438,-15703000.0,58507000.0,58507000.0,110907000.0,25795000.0,1.404,0.605,83901000.0,77990000.0,5911000.0,83901000.0,17037000.0,10267000.0,0.0,0.0,0.0,36784000.0,47051000.0,0.205,47051000.0,36784000.0,35582000.0,0.21,0.2,0.21,420140000.0,,420140000.0,3393516554.0,26.0,20.026,16330000.0,0.134,1.0,118478000.0,0.517,235881000.0,1202000.0,254576000.0,,96273000.0,0.0,0.0,0.0,254093000.0,209170000.0,44923000.0,3352565554.0,8919000.0,-2231000.0,-1458000.0,-8966000.0,0.0,-6950000.0,-17934000.0,0.0,32033000.0,1770000.0,25795000.0,25795000.0,25795000.0,0.0,0.0,0.112,82381000.0,36097000.0,21786000.0,0.0,7.98,35.988,36.384,126865000.0,0.0,27.398,3.854,3.849,103407000.0,560334000.0,229385000.0,229385000.0,17281000.0,,,,,-1013000.0,65100000.0,1.0,122367572.0,122188000.0,127832000.0,1.877,438352000.0,24303000.0,9787000.0,23605000.0,3.588,84579000.0
56,IDXX,MRQ,2007-06-30,2007-06-30,2007-06-30,2021-08-02,13131000.0,646169000.0,,282468000.0,363701000.0,,3.116,-16030000.0,49588000.0,49588000.0,122825000.0,21664000.0,1.323,0.68,90539000.0,84447000.0,6092000.0,90539000.0,16900000.0,10224000.0,0.0,0.0,0.0,33087000.0,43311000.0,0.183,43311000.0,33087000.0,31633000.0,0.175,0.17,0.175,384552000.0,,384552000.0,2959603812.0,23.0,17.919,48477000.0,0.393,1.0,114221000.0,0.482,230562000.0,1454000.0,242989000.0,,91551000.0,0.0,0.0,0.0,261617000.0,213569000.0,48048000.0,2931365812.0,-4349000.0,-5196000.0,-53628000.0,4597000.0,0.0,-47965000.0,-21226000.0,0.0,64507000.0,335000.0,21664000.0,21664000.0,21664000.0,0.0,0.0,0.091,81754000.0,32467000.0,28366000.0,0.0,7.623,31.754,31.883,117806000.0,0.0,23.657,3.541,3.526,106684000.0,534539000.0,237046000.0,237046000.0,17317000.0,,,,,631000.0,64437000.0,1.0,123908520.0,123394000.0,128800000.0,1.921,415607000.0,22852000.0,9969000.0,25774000.0,3.368,68899000.0
57,IDXX,MRQ,2007-03-31,2007-03-31,2007-03-31,2021-08-02,11689000.0,646494000.0,,296756000.0,349738000.0,,3.309,-10730000.0,53937000.0,53937000.0,102576000.0,21027000.0,1.575,0.569,82175000.0,75904000.0,6271000.0,82175000.0,16019000.0,9047000.0,0.0,0.0,0.0,31539000.0,40586000.0,0.192,40586000.0,31539000.0,30905000.0,0.17,0.16,0.17,412084000.0,,412084000.0,2674126631.0,20.0,16.0,-12520000.0,-0.101,1.0,108579000.0,0.514,227369000.0,634000.0,258948000.0,,106373000.0,0.0,0.0,0.0,234410000.0,188415000.0,45995000.0,2728667631.0,-7729000.0,-80311000.0,-26500000.0,73188000.0,0.0,49692000.0,-56041000.0,35000000.0,-1790000.0,410000.0,21027000.0,21027000.0,21027000.0,0.0,0.0,0.1,77702000.0,30877000.0,27316000.0,0.0,6.622,28.296,28.341,108796000.0,0.0,21.907,3.489,3.489,104791000.0,512875000.0,211155000.0,211155000.0,15971000.0,,,,,-588000.0,61731000.0,1.0,124554040.0,124548000.0,130166000.0,1.695,419125000.0,21125000.0,9878000.0,17211000.0,3.365,108341000.0
58,IDXX,MRQ,2006-12-31,2006-12-31,2006-12-31,2021-08-02,10566000.0,559560000.0,,302263000.0,257297000.0,,3.278,-11768000.0,61666000.0,61666000.0,95940000.0,24672000.0,2.423,0.365,7125000.0,678000.0,6447000.0,7125000.0,15810000.0,8079000.0,0.0,0.0,0.0,30429000.0,38508000.0,0.2,38508000.0,30429000.0,30315000.0,0.198,0.188,0.198,409861000.0,,409861000.0,2438330954.0,19.0,15.128,26646000.0,0.213,1.0,96269000.0,0.501,148179000.0,114000.0,232097000.0,,95996000.0,35000000.0,35000000.0,0.0,149699000.0,124743000.0,24956000.0,2481990954.0,10716000.0,-15853000.0,-9800000.0,-165000.0,0.0,-9305000.0,-18980000.0,8641000.0,38414000.0,587000.0,24672000.0,24672000.0,24672000.0,0.0,0.0,0.128,66799000.0,29470000.0,24374000.0,0.0,6.056,26.495,26.611,99628000.0,0.0,19.825,3.358,3.372,81389000.0,490614000.0,192209000.0,192209000.0,13951000.0,,,,,2039000.0,52848000.0,1.0,125195004.0,125036000.0,130992000.0,1.537,411381000.0,16884000.0,5643000.0,25619000.0,3.29,177520000.0
59,IDXX,MRQ,2006-09-30,2006-09-30,2006-09-30,2021-08-02,6588000.0,524972000.0,,291894000.0,233078000.0,,3.105,-8118000.0,50950000.0,50950000.0,89181000.0,24953000.0,2.501,0.354,7290000.0,665000.0,6625000.0,7290000.0,15761000.0,7528000.0,0.0,0.0,0.0,35230000.0,42758000.0,0.228,42758000.0,35230000.0,35071000.0,0.2,0.19,0.2,387585000.0,,387585000.0,2796018756.0,21.0,17.436,18506000.0,0.148,1.0,98199000.0,0.524,132723000.0,159000.0,231857000.0,,93242000.0,43641000.0,43641000.0,0.0,137387000.0,116732000.0,20655000.0,2838591756.0,927000.0,-1122000.0,-3006000.0,-65000.0,0.0,-259000.0,-25835000.0,-16595000.0,26624000.0,397000.0,24953000.0,24953000.0,24953000.0,0.0,0.0,0.133,63737000.0,34462000.0,23193000.0,0.0,7.324,31.882,32.457,91165000.0,0.0,22.785,3.976,3.985,79301000.0,465942000.0,187380000.0,187380000.0,13696000.0,,,,,-227000.0,50041000.0,1.0,124581600.0,124840000.0,130924000.0,1.501,392249000.0,13967000.0,10118000.0,22071000.0,3.142,175162000.0
60,IDXX,MRQ,2006-06-30,2006-06-30,2006-06-30,2021-08-02,3788000.0,501378000.0,,271794000.0,229584000.0,,2.837,-18910000.0,50023000.0,50023000.0,92328000.0,25780000.0,2.204,0.404,7450000.0,655000.0,6795000.0,7450000.0,16159000.0,7551000.0,0.0,0.0,0.0,37735000.0,45286000.0,0.237,45286000.0,37735000.0,37659000.0,0.205,0.195,0.205,357034000.0,,357034000.0,2335485594.0,18.0,15.096,28901000.0,0.23,1.0,99036000.0,0.518,133033000.0,76000.0,202451000.0,,85540000.0,27034000.0,27034000.0,0.0,144344000.0,123321000.0,21023000.0,2370824594.0,14684000.0,-7609000.0,-39283000.0,-96000.0,0.0,-38125000.0,4136000.0,30655000.0,47811000.0,862000.0,25780000.0,25780000.0,25780000.0,0.0,0.0,0.135,62010000.0,37026000.0,24240000.0,0.0,6.64,27.996,28.458,88795000.0,0.0,18.782,3.463,3.453,84473000.0,440989000.0,191364000.0,191364000.0,13292000.0,,,,,1461000.0,48718000.0,1.0,126225188.0,125868000.0,132056000.0,1.52,368345000.0,15180000.0,11879000.0,29258000.0,2.926,148473000.0
61,IDXX,MRQ,2006-03-31,2006-03-31,2006-03-31,2021-08-02,514000.0,475242000.0,,280959000.0,194283000.0,,2.854,-7339000.0,35339000.0,35339000.0,82139000.0,18273000.0,2.856,0.309,0.0,0.0,0.0,0.0,15475000.0,6658000.0,0.0,0.0,0.0,27970000.0,34628000.0,0.206,34628000.0,27970000.0,27857000.0,0.142,0.138,0.142,363059000.0,,363059000.0,2684156165.0,22.0,18.458,-10362000.0,-0.081,1.0,86025000.0,0.512,119255000.0,113000.0,222280000.0,,81229000.0,57658000.0,57658000.0,0.0,112183000.0,98368000.0,13815000.0,2750756165.0,-31812000.0,-636000.0,-32700000.0,-551000.0,0.0,-28570000.0,-21000.0,7954000.0,-3023000.0,-198000.0,18273000.0,18273000.0,18273000.0,0.0,0.0,0.109,59050000.0,26975000.0,25034000.0,0.0,7.577,34.892,35.568,67273000.0,0.0,21.59,4.207,4.2,81916000.0,415209000.0,168164000.0,168164000.0,12678000.0,,,,,-1838000.0,46372000.0,1.0,127408808.0,127200000.0,133672000.0,1.322,355987000.0,14293000.0,9584000.0,19664000.0,2.799,182591000.0
62,IDXX,MRQ,2005-12-31,2005-12-31,2005-12-31,2021-08-02,866000.0,490676000.0,,299245000.0,191431000.0,,2.88,-6570000.0,67151000.0,67151000.0,82054000.0,20027000.0,2.808,0.33,551000.0,551000.0,0.0,551000.0,15771000.0,6473000.0,0.0,0.0,0.0,31213000.0,37686000.0,0.226,37686000.0,31213000.0,31164000.0,0.155,0.15,0.155,369010000.0,,369010000.0,2250102761.0,19.0,15.692,33477000.0,0.261,1.0,84916000.0,0.509,118746000.0,49000.0,198764000.0,,69369000.0,65580000.0,65580000.0,0.0,121666000.0,106566000.0,15100000.0,2307328761.0,9383000.0,-1198000.0,-31069000.0,-1000.0,0.0,-31070000.0,418000.0,8186000.0,40047000.0,-12000.0,20027000.0,20027000.0,20027000.0,0.0,0.0,0.12,54732000.0,30184000.0,19842000.0,0.0,6.253,29.485,29.992,65697000.0,0.0,17.995,3.616,3.669,71688000.0,396936000.0,166970000.0,166970000.0,10636000.0,,,,,1927000.0,44096000.0,1.0,128220548.0,128112000.0,134676000.0,1.303,371930000.0,13778000.0,11137000.0,25986000.0,2.903,192679000.0
63,IDXX,MRQ,2005-09-30,2005-09-30,2005-09-30,2021-08-02,3518000.0,492630000.0,,299676000.0,192954000.0,,2.931,-5707000.0,57768000.0,57768000.0,76740000.0,20604000.0,3.073,0.294,542000.0,542000.0,0.0,542000.0,15170000.0,5943000.0,0.0,0.0,0.0,31162000.0,37105000.0,0.235,37105000.0,31162000.0,31151000.0,0.158,0.152,0.158,380764000.0,,380764000.0,2125380561.0,19.0,15.724,32713000.0,0.252,1.0,81329000.0,0.515,119904000.0,11000.0,217982000.0,,80206000.0,73740000.0,71688000.0,2052000.0,111866000.0,97518000.0,14348000.0,2177203561.0,5414000.0,-5747000.0,-32929000.0,-786000.0,0.0,-33715000.0,1035000.0,12489000.0,38420000.0,-326000.0,20604000.0,20604000.0,20604000.0,0.0,0.0,0.13,51206000.0,30123000.0,18404000.0,0.0,5.718,28.967,29.18,64936000.0,0.0,16.72,3.538,3.53,68098000.0,376909000.0,158069000.0,158069000.0,10543000.0,,,,,2481000.0,40663000.0,1.0,130215524.0,129928000.0,136176000.0,1.217,372726000.0,11869000.0,10547000.0,21892000.0,2.869,202158000.0
64,IDXX,MRQ,2005-06-30,2005-06-30,2005-06-30,2021-08-02,5027000.0,500250000.0,,307331000.0,192919000.0,,3.005,-6554000.0,52354000.0,52354000.0,80055000.0,19933000.0,3.296,0.275,531000.0,531000.0,0.0,531000.0,15290000.0,6137000.0,0.0,0.0,0.0,29867000.0,36004000.0,0.224,36004000.0,29867000.0,29867000.0,0.152,0.147,0.152,392229000.0,,392229000.0,1987559941.0,18.0,14.997,31249000.0,0.239,1.0,80575000.0,0.502,115373000.0,0.0,239803000.0,,81765000.0,86186000.0,78603000.0,7583000.0,108021000.0,93251000.0,14770000.0,2031612941.0,7775000.0,0.0,-13993000.0,1000.0,0.0,-13992000.0,-15080000.0,-8526000.0,37803000.0,-956000.0,19933000.0,19933000.0,19933000.0,0.0,0.0,0.124,51689000.0,28886000.0,16193000.0,0.0,5.18,27.36,27.826,63721000.0,0.0,15.582,3.435,3.438,73139000.0,356305000.0,160630000.0,160630000.0,9995000.0,,,,,2597000.0,41694000.0,1.0,130377856.0,130508000.0,136240000.0,1.231,384877000.0,11781000.0,9934000.0,23510000.0,2.949,214080000.0
65,IDXX,MRQ,2005-03-31,2005-03-31,2005-03-31,2021-08-02,8836000.0,487918000.0,,286344000.0,201574000.0,,2.939,-5232000.0,44579000.0,44579000.0,76346000.0,17690000.0,3.367,0.259,526000.0,526000.0,0.0,526000.0,15064000.0,5816000.0,0.0,0.0,0.0,26742000.0,32558000.0,0.214,32558000.0,26742000.0,26742000.0,0.135,0.128,0.135,387445000.0,,387445000.0,1737001324.0,15.0,13.143,-4950000.0,-0.038,1.0,76080000.0,0.499,120810000.0,0.0,238004000.0,,78481000.0,77659000.0,65622000.0,12037000.0,100473000.0,85051000.0,15422000.0,1782347324.0,-2577000.0,-659000.0,-26937000.0,-1271000.0,0.0,-28208000.0,26221000.0,32112000.0,282000.0,-872000.0,17690000.0,17690000.0,17690000.0,0.0,0.0,0.116,49942000.0,26138000.0,12957000.0,0.0,4.6,22.783,23.345,62744000.0,0.0,13.54,3.137,3.141,75617000.0,336372000.0,152426000.0,152426000.0,9774000.0,,,,,987000.0,40168000.0,1.0,131635696.0,131820000.0,137756000.0,1.156,367108000.0,12473000.0,9052000.0,21777000.0,2.785,201293000.0
66,IDXX,MRQ,2004-12-31,2004-12-31,2004-12-31,2021-08-02,11301000.0,514237000.0,,301592000.0,212645000.0,,2.972,-6323000.0,47156000.0,47156000.0,75363000.0,16935000.0,3.017,0.293,1810000.0,1291000.0,519000.0,1810000.0,16406000.0,5237000.0,0.0,0.0,0.0,24262000.0,29499000.0,0.204,29499000.0,24262000.0,24107000.0,0.128,0.122,0.128,397660000.0,,397660000.0,1691647271.0,15.0,13.005,20849000.0,0.156,1.0,68911000.0,0.478,124494000.0,155000.0,244445000.0,,76424000.0,109803000.0,90116000.0,19687000.0,116577000.0,99952000.0,16625000.0,1837007271.0,-39678000.0,-47103000.0,-33361000.0,0.0,0.0,-33361000.0,-35178000.0,18248000.0,27172000.0,1689000.0,16935000.0,16935000.0,16935000.0,0.0,0.0,0.117,45636000.0,23275000.0,14723000.0,0.0,4.62,23.452,23.818,62630000.0,0.0,13.648,3.345,3.401,65639000.0,318682000.0,144274000.0,144274000.0,9373000.0,,,,,534000.0,36263000.0,1.0,134603940.0,133820000.0,139360000.0,1.078,389743000.0,13460000.0,7172000.0,23911000.0,2.912,201640000.0
67,IDXX,MRQ,2004-09-30,2004-09-30,2004-09-30,2021-08-02,6477000.0,512404000.0,,360420000.0,151984000.0,,3.001,-6476000.0,146534000.0,146534000.0,63053000.0,19696000.0,3.835,0.254,1174000.0,674000.0,500000.0,1174000.0,13742000.0,5128000.0,0.0,0.0,0.0,29343000.0,34471000.0,0.257,34471000.0,29343000.0,29343000.0,0.145,0.14,0.145,408729000.0,,408729000.0,1574717922.0,15.0,12.978,17835000.0,0.131,1.0,71058000.0,0.53,69663000.0,0.0,203404000.0,,85998000.0,68426000.0,50040000.0,18386000.0,103675000.0,93977000.0,9698000.0,1738161922.0,13539000.0,-1447000.0,-35294000.0,-52000.0,0.0,-35346000.0,24582000.0,32505000.0,24311000.0,-8000.0,19696000.0,19696000.0,19696000.0,0.0,0.0,0.147,42654000.0,28404000.0,18786000.0,0.0,4.253,23.564,23.71,58329000.0,0.0,12.685,3.281,3.261,57950000.0,301747000.0,134111000.0,134111000.0,8824000.0,,,,,290000.0,33830000.0,1.0,137024984.0,136200000.0,141868000.0,0.985,442741000.0,13860000.0,9647000.0,18285000.0,3.251,266443000.0
68,IDXX,MRQ,2004-06-30,2004-06-30,2004-06-30,2021-08-02,6497000.0,523201000.0,,371241000.0,151960000.0,,3.065,-12437000.0,164659000.0,164659000.0,65377000.0,23910000.0,4.169,0.234,1215000.0,715000.0,500000.0,1215000.0,14104000.0,3748000.0,0.0,0.0,0.0,31884000.0,35632000.0,0.259,35632000.0,31884000.0,31884000.0,0.172,0.165,0.172,424057000.0,,424057000.0,2006507900.0,20.0,17.403,20791000.0,0.15,1.0,72002000.0,0.524,68057000.0,0.0,202651000.0,,78905000.0,69205000.0,48057000.0,21148000.0,99144000.0,89049000.0,10095000.0,2185773900.0,-11465000.0,-50000.0,-29748000.0,-50000.0,0.0,-29798000.0,-14787000.0,-2300000.0,33228000.0,-108000.0,23910000.0,23910000.0,23910000.0,0.0,0.0,0.174,40947000.0,31055000.0,19467000.0,0.0,5.154,31.208,31.158,56509000.0,0.0,15.735,4.239,4.221,59288000.0,282051000.0,137379000.0,137379000.0,8685000.0,,,,,2733000.0,32262000.0,1.0,138911592.0,138336000.0,145692000.0,0.993,455144000.0,14544000.0,7974000.0,15547000.0,3.29,282192000.0
69,IDXX,MRQ,2004-03-31,2004-03-31,2004-03-31,2021-08-02,6280000.0,523085000.0,,366878000.0,156207000.0,,3.069,-6469000.0,180510000.0,180510000.0,66371000.0,17791000.0,4.236,0.225,1244000.0,744000.0,500000.0,1244000.0,14120000.0,4314000.0,0.0,0.0,0.0,26163000.0,30477000.0,0.228,30477000.0,26163000.0,26163000.0,0.128,0.122,0.128,426945000.0,,426945000.0,1787355889.0,20.0,16.294,4199000.0,0.03,1.0,67046000.0,0.503,67755000.0,0.0,189464000.0,,75863000.0,62698000.0,28911000.0,33787000.0,96140000.0,86600000.0,9540000.0,1973578889.0,-12182000.0,-5342000.0,-11412000.0,-254000.0,0.0,-11666000.0,-11368000.0,443000.0,10668000.0,184000.0,17791000.0,17791000.0,17791000.0,0.0,0.0,0.133,41745000.0,25301000.0,14848000.0,0.0,4.623,31.417,31.247,48393000.0,0.0,14.217,3.946,3.954,61466000.0,258141000.0,133417000.0,133417000.0,8520000.0,,,,,4789000.0,33225000.0,1.0,138813356.0,139100000.0,145748000.0,0.959,455330000.0,13674000.0,8372000.0,14798000.0,3.273,280278000.0
70,IDXX,MRQ,2003-12-31,2003-12-31,2003-12-31,2021-08-02,4565000.0,521875000.0,,370589000.0,151286000.0,,2.973,-4514000.0,96942000.0,96942000.0,64757000.0,12365000.0,3.693,0.263,494000.0,494000.0,0.0,494000.0,14047000.0,4640000.0,0.0,0.0,0.0,16113000.0,20753000.0,0.166,20753000.0,16113000.0,16113000.0,0.09,0.085,0.09,413292000.0,,413292000.0,1436703906.0,17.0,14.049,20885000.0,0.15,1.0,60081000.0,0.481,61766000.0,0.0,263316000.0,,75333000.0,158845000.0,123763000.0,35082000.0,108583000.0,100345000.0,8238000.0,1613071906.0,-35640000.0,-1725000.0,-6312000.0,0.0,0.0,-6312000.0,-56452000.0,-50213000.0,25399000.0,1725000.0,12365000.0,12365000.0,12365000.0,0.0,0.0,0.099,44761000.0,15320000.0,19160000.0,0.0,3.903,28.255,27.746,45224000.0,0.0,11.57,3.389,3.332,53976000.0,240350000.0,124838000.0,124838000.0,8302000.0,,,,,1555000.0,36459000.0,1.0,139418488.0,139028000.0,146424000.0,0.898,460109000.0,13775000.0,3748000.0,21327000.0,3.309,270244000.0
71,IDXX,MRQ,2003-09-30,2003-09-30,2003-09-30,2021-08-02,1323000.0,497219000.0,,357358000.0,139861000.0,,2.927,-4940000.0,176857000.0,176857000.0,60971000.0,15973000.0,4.063,0.234,489000.0,489000.0,0.0,489000.0,13391000.0,4412000.0,0.0,0.0,0.0,24020000.0,28432000.0,0.237,28432000.0,24020000.0,24020000.0,0.115,0.11,0.115,402819000.0,,402819000.0,1311709824.0,15.0,12.421,21226000.0,0.154,1.0,59090000.0,0.492,57938000.0,0.0,174956000.0,,69295000.0,64433000.0,39323000.0,25110000.0,94400000.0,87957000.0,6443000.0,1462661824.0,25423000.0,-525000.0,10047000.0,-1000.0,0.0,10046000.0,-10872000.0,-5407000.0,26166000.0,83000.0,15973000.0,15973000.0,15973000.0,0.0,0.0,0.133,35804000.0,23286000.0,12600000.0,0.0,3.631,25.446,25.148,51832000.0,0.0,10.637,3.2,3.203,50672000.0,227985000.0,120061000.0,120061000.0,8376000.0,,,,,3792000.0,27428000.0,1.0,137500524.0,137632000.0,143908000.0,0.872,439281000.0,15329000.0,8047000.0,1083000.0,3.192,269401000.0
72,IDXX,MRQ,2003-06-30,2003-06-30,2003-06-30,2021-08-02,411000.0,465908000.0,,332144000.0,133764000.0,,2.728,-6609000.0,151434000.0,151434000.0,62175000.0,16690000.0,3.767,0.252,482000.0,482000.0,0.0,482000.0,14660000.0,4933000.0,0.0,0.0,0.0,25098000.0,30031000.0,0.246,30031000.0,25098000.0,25098000.0,0.122,0.117,0.122,372094000.0,,372094000.0,1005999475.0,12.0,9.886,29437000.0,0.216,1.0,59671000.0,0.49,57264000.0,0.0,169519000.0,,69801000.0,59036000.0,38691000.0,20345000.0,93814000.0,88173000.0,5641000.0,1138466475.0,17983000.0,-50000.0,-3875000.0,-509000.0,0.0,-4384000.0,-15080000.0,-8421000.0,36046000.0,1401000.0,16690000.0,16690000.0,16690000.0,0.0,0.0,0.137,35337000.0,24334000.0,20930000.0,0.0,3.06,21.086,20.831,50872000.0,0.0,8.332,2.579,2.574,50783000.0,212012000.0,121846000.0,121846000.0,8304000.0,,,,,2987000.0,27033000.0,1.0,136629640.0,136400000.0,142124000.0,0.893,408644000.0,15616000.0,8408000.0,337000.0,2.996,243971000.0
73,IDXX,MRQ,2003-03-31,2003-03-31,2003-03-31,2021-08-02,-2529000.0,436918000.0,,317701000.0,119217000.0,,2.613,-3557000.0,133451000.0,133451000.0,57785000.0,12062000.0,4.083,0.236,984000.0,984000.0,0.0,984000.0,14034000.0,4912000.0,0.0,0.0,0.0,18137000.0,23049000.0,0.211,23049000.0,18137000.0,18137000.0,0.09,0.085,0.09,353351000.0,,353351000.0,1076994349.0,14.0,11.174,25987000.0,0.192,1.0,51462000.0,0.471,56098000.0,0.0,170541000.0,,69382000.0,50688000.0,41980000.0,8708000.0,83567000.0,77812000.0,5755000.0,1189809349.0,19663000.0,0.0,-4512000.0,0.0,0.0,-4512000.0,-5328000.0,-1771000.0,29544000.0,-41000.0,12062000.0,12062000.0,12062000.0,0.0,0.0,0.11,34015000.0,17447000.0,17013000.0,0.0,3.367,23.67,23.438,48763000.0,0.0,8.742,2.797,2.78,51582000.0,195322000.0,109247000.0,109247000.0,7337000.0,,,,,4849000.0,26678000.0,1.0,136094864.0,135248000.0,142080000.0,0.808,380820000.0,15505000.0,6075000.0,39000.0,2.816,239889000.0
74,IDXX,MRQ,2002-12-31,2002-12-31,2002-12-31,2021-08-02,-2511000.0,417426000.0,,288014000.0,129412000.0,,2.545,-4190000.0,113788000.0,113788000.0,56886000.0,12757000.0,4.098,0.224,973000.0,973000.0,0.0,973000.0,13569000.0,4763000.0,0.0,0.0,0.0,19328000.0,24091000.0,0.227,24091000.0,19328000.0,19328000.0,0.095,0.092,0.095,340973000.0,,340973000.0,1040978575.0,15.0,11.71,5137000.0,0.038,1.0,49009000.0,0.463,56157000.0,0.0,178180000.0,,75086000.0,48975000.0,33403000.0,15572000.0,76453000.0,70274000.0,6179000.0,1145211575.0,-5384000.0,-375000.0,5352000.0,0.0,0.0,5352000.0,-20759000.0,-16419000.0,9327000.0,696000.0,12757000.0,12757000.0,12757000.0,0.0,0.0,0.12,30509000.0,18500000.0,9427000.0,0.0,3.359,25.231,24.63,49455000.0,0.0,8.325,2.775,2.713,45689000.0,183260000.0,105895000.0,105895000.0,7082000.0,,,,,1911000.0,23427000.0,1.0,137562952.0,133960000.0,140916000.0,0.79,361269000.0,13934000.0,6571000.0,9043000.0,2.697,217740000.0
75,IDXX,MRQ,2002-09-30,2002-09-30,2002-09-30,2021-08-02,-3770000.0,410814000.0,,270220000.0,140594000.0,,2.4,-5807000.0,105197000.0,105197000.0,53774000.0,12483000.0,2.966,0.285,964000.0,964000.0,0.0,964000.0,13811000.0,5679000.0,0.0,0.0,0.0,18914000.0,24593000.0,0.235,24593000.0,18914000.0,18914000.0,0.092,0.09,0.092,319698000.0,,319698000.0,962528621.0,15.0,11.066,34358000.0,0.258,1.0,50760000.0,0.486,51781000.0,0.0,163684000.0,,75199000.0,46522000.0,22329000.0,24193000.0,91116000.0,91116000.0,0.0,1030148621.0,36627000.0,0.0,952000.0,0.0,0.0,952000.0,-4869000.0,-50000.0,40165000.0,379000.0,12483000.0,12483000.0,12483000.0,0.0,0.0,0.119,32460000.0,18300000.0,17855000.0,0.0,3.222,24.262,24.8,49631000.0,0.0,7.737,2.563,2.564,47611000.0,170503000.0,104534000.0,104534000.0,7339000.0,,,,,3805000.0,25121000.0,1.0,133137140.0,133204000.0,138528000.0,0.785,359033000.0,13934000.0,6431000.0,0.0,2.695,179104000.0
76,IDXX,MRQ,2002-06-30,2002-06-30,2002-06-30,2021-08-02,-4362000.0,375549000.0,,233733000.0,141816000.0,,2.257,-3741000.0,68570000.0,68570000.0,55795000.0,12964000.0,3.327,0.23,950000.0,950000.0,0.0,950000.0,13402000.0,5008000.0,0.0,0.0,0.0,19642000.0,24650000.0,0.233,24650000.0,19642000.0,19642000.0,0.095,0.092,0.095,305299000.0,,305299000.0,802477966.0,13.0,9.618,25565000.0,0.189,1.0,49895000.0,0.472,0.0,0.0,237679000.0,,75541000.0,46473000.0,21585000.0,24888000.0,70250000.0,70250000.0,0.0,875557966.0,-12908000.0,0.0,-26453000.0,-7462000.0,0.0,-33915000.0,-9282000.0,-4996000.0,29306000.0,983000.0,12964000.0,12964000.0,12964000.0,0.0,0.0,0.123,31196000.0,18699000.0,7987000.0,0.0,2.868,21.783,21.709,49512000.0,0.0,6.447,2.217,2.209,48004000.0,158020000.0,105690000.0,105690000.0,7726000.0,,,,,0.0,23470000.0,1.0,135798056.0,135284000.0,140772000.0,0.781,375549000.0,14035000.0,6678000.0,0.0,2.776,163483000.0
77,IDXX,MRQ,2002-03-31,2002-03-31,2002-03-31,2021-08-02,-6574000.0,395364000.0,,253151000.0,142213000.0,,2.319,-3793000.0,81478000.0,81478000.0,53490000.0,7185000.0,3.121,0.258,8398000.0,8398000.0,0.0,8398000.0,12971000.0,4674000.0,0.0,0.0,0.0,10886000.0,15560000.0,0.161,15560000.0,10886000.0,10886000.0,0.052,0.052,0.052,314262000.0,,314262000.0,852769994.0,15.0,10.722,20662000.0,0.152,1.0,43061000.0,0.446,0.0,0.0,241182000.0,,85145000.0,41307000.0,15373000.0,25934000.0,81102000.0,81102000.0,0.0,911055994.0,14812000.0,0.0,2268000.0,0.0,0.0,2268000.0,-11860000.0,-7399000.0,24455000.0,-51000.0,7185000.0,7185000.0,7185000.0,0.0,0.0,0.074,32745000.0,10316000.0,20888000.0,0.0,2.899,24.493,24.224,49437000.0,0.0,6.71,2.329,2.325,51683000.0,145056000.0,96551000.0,96551000.0,7182000.0,,,,,0.0,25563000.0,1.0,135775856.0,135532000.0,140068000.0,0.712,395364000.0,14135000.0,3701000.0,0.0,2.917,172049000.0
78,IDXX,MRQ,2001-12-31,2001-12-31,2001-12-31,2021-08-02,-6694000.0,373107000.0,,235576000.0,137531000.0,,2.237,-9562000.0,66666000.0,66666000.0,51600000.0,9828000.0,3.3,0.237,8380000.0,8380000.0,0.0,8380000.0,13220000.0,6825000.0,0.0,0.0,0.0,15356000.0,22181000.0,0.233,22181000.0,15356000.0,15356000.0,0.072,0.073,0.072,301730000.0,,301730000.0,897376264.0,15.0,11.077,6194000.0,0.046,1.0,43532000.0,0.458,55208000.0,0.0,188236000.0,,86194000.0,33909000.0,12893000.0,21016000.0,71377000.0,71377000.0,0.0,957906264.0,-2371000.0,0.0,3484000.0,-144000.0,0.0,3340000.0,-21333000.0,-14175000.0,15756000.0,-134000.0,9828000.0,9828000.0,9828000.0,0.0,0.0,0.103,28663000.0,14869000.0,10887000.0,0.0,3.175,25.463,25.275,49215000.0,0.0,7.128,2.481,2.459,50772000.0,137871000.0,95132000.0,95132000.0,6437000.0,,,,,3035000.0,22226000.0,1.0,134395828.0,134852000.0,139712000.0,0.705,317899000.0,14239000.0,5528000.0,0.0,2.357,164199000.0
79,IDXX,MRQ,2001-09-30,2001-09-30,2001-09-30,2021-08-02,-5641000.0,362884000.0,,235932000.0,126952000.0,,2.17,-3822000.0,69037000.0,69037000.0,51101000.0,10217000.0,3.188,0.256,8507000.0,8507000.0,0.0,8507000.0,13053000.0,5082000.0,0.0,0.0,0.0,15964000.0,21046000.0,0.216,21046000.0,15964000.0,15964000.0,0.077,0.075,0.077,288867000.0,,288867000.0,739124183.0,13.0,9.28,18423000.0,0.138,1.0,46421000.0,0.476,0.0,0.0,228337000.0,,83842000.0,19839000.0,10328000.0,9511000.0,74017000.0,74017000.0,0.0,780124183.0,19542000.0,0.0,1189000.0,0.0,0.0,1189000.0,-3331000.0,1051000.0,22245000.0,-561000.0,10217000.0,10217000.0,10217000.0,0.0,0.0,0.105,30974000.0,15447000.0,13366000.0,0.0,2.701,20.752,20.718,49029000.0,0.0,5.843,2.042,2.036,53993000.0,128043000.0,97522000.0,97522000.0,6956000.0,,,,,0.0,24018000.0,1.0,133525748.0,133144000.0,138108000.0,0.732,362884000.0,12855000.0,5747000.0,0.0,2.726,161915000.0
80,IDXX,MRQ,2001-06-30,2001-06-30,2001-06-30,2021-08-02,-6627000.0,342612000.0,,223285000.0,119327000.0,,2.092,-5569000.0,49495000.0,49495000.0,52488000.0,9966000.0,3.352,0.241,8495000.0,8495000.0,0.0,8495000.0,13007000.0,5173000.0,0.0,0.0,0.0,15572000.0,20745000.0,0.203,20745000.0,15572000.0,15572000.0,0.075,0.072,0.075,275991000.0,,275991000.0,1000369875.0,17.0,12.819,9753000.0,0.074,1.0,49513000.0,0.485,0.0,0.0,234991000.0,,79510000.0,20756000.0,18721000.0,2035000.0,66621000.0,66621000.0,0.0,1026759875.0,14632000.0,0.0,7700000.0,0.0,0.0,7700000.0,-9369000.0,-3080000.0,15322000.0,979000.0,9966000.0,9966000.0,9966000.0,0.0,0.0,0.098,34465000.0,15048000.0,11029000.0,0.0,3.72,28.019,28.617,48126000.0,0.0,7.812,2.735,2.745,56482000.0,117826000.0,102001000.0,102001000.0,7608000.0,,,,,0.0,26857000.0,1.0,131425264.0,131904000.0,138640000.0,0.773,342612000.0,13324000.0,5606000.0,0.0,2.597,156664000.0
81,IDXX,MRQ,2001-03-31,2001-03-31,2001-03-31,2021-08-02,-5990000.0,322588000.0,,206562000.0,116026000.0,,1.937,-2638000.0,34863000.0,34863000.0,47561000.0,7609000.0,3.156,0.254,8473000.0,8473000.0,0.0,8473000.0,12405000.0,5149000.0,0.0,0.0,0.0,11889000.0,17038000.0,0.186,17038000.0,11889000.0,11889000.0,0.058,0.055,0.058,257145000.0,,257145000.0,682191430.0,12.0,8.816,-9597000.0,-0.072,1.0,43865000.0,0.48,0.0,0.0,230755000.0,,77492000.0,17682000.0,17682000.0,0.0,65443000.0,65443000.0,0.0,719726430.0,-11144000.0,0.0,-11315000.0,0.0,0.0,-11315000.0,7803000.0,11565000.0,-6959000.0,-673000.0,7609000.0,7609000.0,7609000.0,0.0,0.0,0.083,32677000.0,11188000.0,11135000.0,0.0,2.799,19.878,20.698,45529000.0,0.0,5.485,1.959,1.982,56839000.0,107860000.0,91426000.0,91426000.0,7425000.0,,,,,0.0,25252000.0,1.0,131217216.0,132756000.0,137852000.0,0.689,322588000.0,13785000.0,4280000.0,0.0,2.43,141119000.0
82,IDXX,MRQ,2000-12-31,2000-12-31,2000-12-31,2021-08-02,-4964000.0,335796000.0,,215830000.0,119966000.0,,1.893,-3823000.0,46007000.0,46007000.0,47041000.0,9801000.0,2.915,0.283,8472000.0,8472000.0,0.0,8472000.0,11955000.0,5379000.0,0.0,0.0,0.0,15435000.0,20814000.0,0.229,20814000.0,15435000.0,15435000.0,0.073,0.073,0.073,261747000.0,,261747000.0,700360062.0,12.0,9.01,5383000.0,0.039,1.0,44025000.0,0.483,0.0,0.0,224212000.0,,65935000.0,29196000.0,29196000.0,0.0,74049000.0,74049000.0,0.0,730561062.0,7281000.0,0.0,-17960000.0,-91000.0,0.0,-18051000.0,16208000.0,21128000.0,9206000.0,-82000.0,9801000.0,9801000.0,9801000.0,0.0,0.0,0.108,29675000.0,14350000.0,13714000.0,0.0,2.791,19.943,20.755,45661000.0,0.0,5.5,1.988,2.07,57266000.0,100251000.0,91066000.0,91066000.0,7556000.0,,,,,0.0,22119000.0,1.0,132829284.0,138296000.0,,0.658,335796000.0,12738000.0,5634000.0,0.0,2.428,141781000.0
83,IDXX,MRQ,2000-09-30,2000-09-30,2000-09-30,2021-08-02,-5334000.0,354360000.0,,234167000.0,120193000.0,,1.923,-5065000.0,38726000.0,38726000.0,47951000.0,9269000.0,2.662,0.33,8525000.0,8525000.0,0.0,8525000.0,10886000.0,4727000.0,0.0,0.0,0.0,14713000.0,19440000.0,0.214,19440000.0,14713000.0,14713000.0,0.068,0.065,0.068,266404000.0,,266404000.0,856242356.0,15.0,11.335,4662000.0,0.034,1.0,42951000.0,0.472,0.0,0.0,236203000.0,,62870000.0,50323000.0,47278000.0,3045000.0,87956000.0,87956000.0,0.0,926520356.0,-34928000.0,-11767000.0,-38710000.0,-3102000.0,0.0,-41812000.0,-2149000.0,14419000.0,9727000.0,-694000.0,9269000.0,9269000.0,9269000.0,0.0,0.0,0.102,29437000.0,13514000.0,17914000.0,0.0,3.478,25.972,26.433,41753000.0,0.0,6.688,2.524,2.524,62361000.0,90450000.0,90902000.0,90902000.0,6750000.0,,,,,0.0,22687000.0,1.0,138545100.0,138545100.0,,0.656,354360000.0,14946000.0,5444000.0,0.0,2.558,146211000.0
84,IDXX,MRQ,2000-06-30,2000-06-30,2000-06-30,2021-08-02,-4351000.0,376089000.0,,265748000.0,110341000.0,,2.038,-3239000.0,73654000.0,73654000.0,47657000.0,9528000.0,3.053,0.301,3376000.0,3376000.0,0.0,3376000.0,9712000.0,4845000.0,0.0,0.0,0.0,15245000.0,20090000.0,0.214,20090000.0,15245000.0,15245000.0,0.068,0.065,0.068,289050000.0,,289050000.0,746477248.0,13.0,10.076,6230000.0,0.044,1.0,46419000.0,0.493,0.0,0.0,218772000.0,,56747000.0,64743000.0,50763000.0,13980000.0,87039000.0,87039000.0,0.0,811327248.0,5285000.0,0.0,531000.0,-129000.0,0.0,402000.0,-4333000.0,-896000.0,9469000.0,-253000.0,9528000.0,9528000.0,9528000.0,0.0,0.0,0.101,32540000.0,13879000.0,18908000.0,0.0,2.807,23.292,23.833,39504000.0,0.0,5.72,2.237,2.237,63294000.0,81181000.0,94076000.0,94076000.0,7193000.0,,,,,0.0,25347000.0,1.0,141840428.0,141840428.0,,0.663,376089000.0,14594000.0,5717000.0,0.0,2.651,178709000.0
85,IDXX,MRQ,2000-03-31,2000-03-31,2000-03-31,2021-08-02,-4105000.0,361802000.0,,241845000.0,119957000.0,,2.038,-3393000.0,68369000.0,68369000.0,47607000.0,8034000.0,3.313,0.253,3519000.0,3519000.0,0.0,3519000.0,11363000.0,4530000.0,0.0,0.0,0.0,12854000.0,17384000.0,0.19,17384000.0,12854000.0,12854000.0,0.058,0.055,0.058,288813000.0,,288813000.0,770743773.0,14.0,10.848,-3555000.0,-0.025,1.0,43782000.0,0.479,0.0,0.0,223963000.0,,47187000.0,63846000.0,41981000.0,21865000.0,72989000.0,72989000.0,0.0,825776773.0,9793000.0,10222000.0,-3889000.0,0.0,0.0,-3889000.0,14499000.0,8505000.0,-162000.0,-655000.0,8034000.0,8034000.0,8034000.0,0.0,0.0,0.088,32274000.0,11508000.0,16399000.0,0.0,2.859,24.776,26.25,39322000.0,0.0,5.827,2.293,2.293,62686000.0,71653000.0,91389000.0,91389000.0,6794000.0,,,,,0.0,25480000.0,1.0,141703436.0,141703436.0,,0.645,361802000.0,14363000.0,4820000.0,0.0,2.553,168856000.0
86,IDXX,MRQ,1999-12-31,1999-12-31,1999-12-31,2021-08-02,-3473000.0,357982000.0,,232415000.0,125567000.0,,1.851,-2199000.0,58576000.0,58576000.0,49788000.0,8843000.0,3.156,0.259,3543000.0,3543000.0,0.0,3543000.0,10268000.0,4360000.0,0.0,0.0,0.0,14263000.0,18623000.0,0.205,18623000.0,14263000.0,14263000.0,0.06,0.06,0.06,284341000.0,,284341000.0,523448545.0,10.0,7.504,17523000.0,0.114,1.0,40989000.0,0.452,0.0,0.0,229308000.0,,47488000.0,72352000.0,46835000.0,25517000.0,73641000.0,73641000.0,0.0,589765545.0,-16101000.0,-2481000.0,-36345000.0,-4818000.0,0.0,-41163000.0,5158000.0,9634000.0,19722000.0,182000.0,8843000.0,8843000.0,8843000.0,0.0,0.0,0.097,28166000.0,12823000.0,21819000.0,0.0,2.074,18.103,19.021,39550000.0,0.0,4.032,1.646,1.729,58353000.0,63619000.0,90777000.0,90777000.0,6330000.0,,,,,0.0,21836000.0,1.0,146253080.0,153648000.0,,0.591,357982000.0,14679000.0,5420000.0,0.0,2.33,158774000.0
87,IDXX,MRQ,1999-09-30,1999-09-30,1999-09-30,2021-08-02,-3656000.0,383131000.0,,244243000.0,138888000.0,,1.952,-1695000.0,74677000.0,74677000.0,44935000.0,8428000.0,3.478,0.241,8360000.0,4152000.0,4208000.0,8360000.0,9449000.0,4393000.0,0.0,0.0,0.0,13594000.0,17987000.0,0.208,17987000.0,13594000.0,13594000.0,0.055,0.052,0.055,308702000.0,,308702000.0,583194746.0,46.0,19.598,8882000.0,0.056,1.0,41487000.0,0.48,0.0,0.0,246593000.0,,48370000.0,81986000.0,46234000.0,35752000.0,74429000.0,70221000.0,4208000.0,680727746.0,-32399000.0,0.0,-27088000.0,-1180000.0,0.0,-28268000.0,-15470000.0,-12583000.0,10577000.0,762000.0,8428000.0,8428000.0,8428000.0,0.0,0.0,0.098,29536000.0,11951000.0,11219000.0,0.0,2.205,-107.438,-95.667,40132000.0,0.0,4.305,1.933,1.933,55870000.0,54775000.0,86422000.0,86422000.0,6302000.0,,,,,0.0,23234000.0,1.0,158124912.0,158124912.0,,0.547,383131000.0,12973000.0,5166000.0,0.0,2.423,174022000.0
88,IDXX,MRQ,1999-06-30,1999-06-30,1999-06-30,2021-08-02,-4421000.0,409249000.0,,270971000.0,138278000.0,,2.104,-1980000.0,107076000.0,107076000.0,46910000.0,8025000.0,3.587,0.242,9543000.0,5332000.0,4211000.0,9543000.0,14296000.0,4110000.0,0.0,0.0,0.0,12944000.0,17054000.0,0.186,17054000.0,12944000.0,12944000.0,0.05,0.05,0.05,329504000.0,,329504000.0,831256176.0,93.0,32.705,22063000.0,0.141,1.0,44614000.0,0.487,0.0,0.0,236182000.0,,47462000.0,69403000.0,39711000.0,29692000.0,79745000.0,75534000.0,4211000.0,912747176.0,15785000.0,0.0,3199000.0,-269000.0,0.0,2930000.0,-10832000.0,-8592000.0,24043000.0,-356000.0,8025000.0,8025000.0,8025000.0,0.0,0.0,0.088,33004000.0,11610000.0,13689000.0,0.0,2.77,-104.1,-97.125,41341000.0,0.0,5.827,2.652,2.652,57920000.0,46347000.0,91524000.0,91524000.0,7509000.0,,,,,0.0,25495000.0,1.0,156627572.0,156627572.0,,0.584,409249000.0,13350000.0,4919000.0,0.0,2.613,195437000.0
89,IDXX,MRQ,1999-03-31,1999-03-31,1999-03-31,2021-08-02,-4052000.0,387621000.0,,249538000.0,138083000.0,,2.034,-2418000.0,91291000.0,91291000.0,44774000.0,7281000.0,3.802,0.22,9800000.0,5598000.0,4202000.0,9800000.0,15093000.0,4346000.0,0.0,0.0,0.0,11743000.0,16089000.0,0.179,16089000.0,11743000.0,11743000.0,0.048,0.045,0.048,317790000.0,,317790000.0,835630794.0,190.0,41.665,-4141000.0,-0.026,1.0,44874000.0,0.501,0.0,0.0,240501000.0,,46842000.0,60811000.0,33019000.0,27792000.0,69831000.0,65629000.0,4202000.0,935312794.0,-17772000.0,-1257000.0,2623000.0,-144000.0,0.0,2479000.0,-17880000.0,-14224000.0,-1723000.0,-648000.0,7281000.0,7281000.0,7281000.0,0.0,0.0,0.081,34441000.0,10433000.0,12026000.0,0.0,2.943,-79.975,-76.731,41687000.0,0.0,5.985,2.804,2.804,57955000.0,38321000.0,89648000.0,89648000.0,7171000.0,,,,,0.0,27270000.0,1.0,156276156.0,156276156.0,,0.574,387621000.0,13693000.0,4462000.0,0.0,2.48,183909000.0
90,IDXX,MRQ,1998-12-31,1998-12-31,1998-12-31,2021-08-02,-3380000.0,386548000.0,,263346000.0,123202000.0,,1.99,-3690000.0,109063000.0,109063000.0,44281000.0,-30070000.0,3.534,0.256,9381000.0,5190000.0,4191000.0,9381000.0,10465000.0,4163000.0,0.0,0.0,0.0,-25535000.0,-21372000.0,-0.253,-21372000.0,-25535000.0,-25535000.0,-0.198,-0.193,-0.198,307840000.0,,307840000.0,903297146.0,-764.0,61.432,930000.0,0.006,1.0,40266000.0,0.476,0.0,0.0,212349000.0,,55428000.0,46587000.0,29290000.0,17297000.0,78708000.0,74517000.0,4191000.0,1040451146.0,-29627000.0,-38105000.0,2493000.0,51000.0,0.0,2544000.0,-37333000.0,4650000.0,4620000.0,542000.0,-30070000.0,-30070000.0,-30070000.0,0.0,0.0,-0.356,67418000.0,-27152000.0,26816000.0,0.0,3.38,-68.383,-67.275,41480000.0,0.0,6.728,3.234,3.234,47947000.0,31041000.0,84547000.0,84547000.0,6730000.0,,,,,0.0,23526000.0,1.0,154656432.0,154656432.0,,0.547,386548000.0,13965000.0,4535000.0,0.0,2.499,188829000.0
91,IDXX,MRQ,1998-09-30,1998-09-30,1998-09-30,2021-08-02,-3959000.0,380351000.0,,277662000.0,102689000.0,,2.085,-2331000.0,138690000.0,138690000.0,39420000.0,5996000.0,4.761,0.181,1536000.0,1536000.0,0.0,1536000.0,13941000.0,3816000.0,0.0,0.0,0.0,9830000.0,13646000.0,0.174,13646000.0,9830000.0,9830000.0,0.04,0.037,0.04,322025000.0,,322025000.0,794968046.0,43.0,23.262,11226000.0,0.073,1.0,39067000.0,0.498,0.0,0.0,184871000.0,,42979000.0,51236000.0,33735000.0,17501000.0,58326000.0,58326000.0,0.0,922058046.0,9053000.0,0.0,578000.0,-1011000.0,0.0,-433000.0,-5455000.0,-3031000.0,13557000.0,1384000.0,5996000.0,5996000.0,5996000.0,0.0,0.0,0.076,31204000.0,7863000.0,7486000.0,0.0,2.863,78.386,77.532,40059000.0,0.0,5.97,2.984,2.984,43933000.0,61111000.0,78487000.0,78487000.0,5465000.0,,,,,0.0,25739000.0,1.0,154448584.0,154448584.0,,0.508,380351000.0,11941000.0,3834000.0,0.0,2.463,219336000.0
92,IDXX,MRQ,1998-06-30,1998-06-30,1998-06-30,2021-08-02,-5343000.0,385564000.0,,285093000.0,100471000.0,,2.041,-1033000.0,129637000.0,129637000.0,40786000.0,5098000.0,3.982,0.228,2547000.0,2547000.0,0.0,2547000.0,14341000.0,3336000.0,0.0,0.0,0.0,8357000.0,11693000.0,0.145,11693000.0,8357000.0,8357000.0,0.033,0.033,0.033,313976000.0,,313976000.0,850470757.0,-54.0,-5825.142,18193000.0,0.118,1.0,40100000.0,0.496,0.0,0.0,186886000.0,,51049000.0,48207000.0,35677000.0,12530000.0,71588000.0,71588000.0,0.0,956727757.0,20783000.0,0.0,2289000.0,-39000.0,0.0,2250000.0,-437000.0,604000.0,19226000.0,-1200000.0,5098000.0,5098000.0,5098000.0,0.0,0.0,0.063,33459000.0,6641000.0,15686000.0,0.0,3.047,-86.293,-85.205,40377000.0,0.0,6.22,3.166,3.166,49246000.0,55115000.0,80886000.0,80886000.0,5224000.0,,,,,0.0,28235000.0,1.0,153814752.0,153814752.0,,0.526,385564000.0,15396000.0,3259000.0,0.0,2.507,213505000.0
93,IDXX,MRQ,1998-03-31,1998-03-31,1998-03-31,2021-08-02,-5087000.0,375522000.0,,265196000.0,110326000.0,,1.994,-1938000.0,108854000.0,108854000.0,39754000.0,3761000.0,3.841,0.225,2597000.0,2597000.0,0.0,2597000.0,15022000.0,4572000.0,0.0,0.0,0.0,6166000.0,10738000.0,0.138,10738000.0,6166000.0,6166000.0,0.025,0.025,0.025,306477000.0,,306477000.0,588863316.0,-21.0,-50.616,6729000.0,0.044,1.0,38039000.0,0.489,0.0,0.0,200220000.0,,55845000.0,48811000.0,28722000.0,20089000.0,69045000.0,69045000.0,0.0,691748316.0,1882000.0,-986000.0,396000.0,-1530000.0,0.0,-1134000.0,-5179000.0,-2175000.0,8667000.0,472000.0,3761000.0,3761000.0,3761000.0,0.0,0.0,0.048,33449000.0,4590000.0,12963000.0,0.0,2.257,-37.898,-38.136,41499000.0,0.0,4.5,2.469,2.469,51657000.0,50017000.0,77793000.0,77793000.0,5267000.0,,,,,0.0,28182000.0,1.0,153721848.0,153721848.0,,0.506,375522000.0,15396000.0,2405000.0,0.0,2.443,196151000.0
94,IDXX,MRQ,1997-12-31,1997-12-31,1997-12-31,2021-08-02,-4615000.0,377048000.0,,274217000.0,102831000.0,,1.969,-1151000.0,106972000.0,106972000.0,41518000.0,-3092000.0,3.763,0.245,4087000.0,2647000.0,1440000.0,4087000.0,15609000.0,3955000.0,0.0,0.0,0.0,-5858000.0,-1903000.0,-0.026,-1903000.0,-5858000.0,-5858000.0,-0.02,-0.02,-0.02,302733000.0,,302733000.0,,,,2481000.0,0.016,1.0,30301000.0,0.422,0.0,0.0,201288000.0,,60174000.0,46636000.0,35502000.0,11134000.0,74315000.0,72875000.0,1440000.0,612581564.0,1451000.0,-763000.0,1044000.0,0.0,0.0,1044000.0,-2755000.0,2152000.0,3632000.0,-470000.0,-3092000.0,-3092000.0,-3092000.0,0.0,0.0,-0.043,37737000.0,-7436000.0,12472000.0,0.0,2.024,-29.005,-28.464,42417000.0,0.0,3.985,2.329,2.329,47341000.0,46256000.0,71819000.0,71819000.0,5086000.0,,,,,0.0,26151000.0,1.0,153721848.0,153721848.0,,0.467,377048000.0,15396000.0,-2766000.0,0.0,2.453,201342000.0
95,IDXX,MRQ,1997-09-30,1997-09-30,1997-09-30,2021-08-02,,,,,,,,-2504000.0,,,37702000.0,-16854000.0,,,,,,,,3671000.0,,0.0,0.0,-24345000.0,-20674000.0,-0.288,-20674000.0,-24345000.0,-24345000.0,-0.11,-0.11,-0.11,,,,,,,-532000.0,,1.0,34026000.0,0.474,,0.0,,,,,,,,,,,-13631000.0,-13257000.0,185000.0,-1000000.0,0.0,-815000.0,-14179000.0,2254000.0,1972000.0,-609000.0,-16854000.0,-16854000.0,-16854000.0,0.0,0.0,-0.235,60012000.0,-25986000.0,,0.0,,,,,0.0,4.188,,,,,71728000.0,71728000.0,4645000.0,,,,,0.0,27367000.0,1.0,,,,,,,-7491000.0,,,
96,IDXX,MRQ,1997-06-30,1997-06-30,1997-06-30,2021-08-02,,,,,,,,-3615000.0,,,31713000.0,-2068000.0,,,,,,,,3753000.0,,0.0,0.0,-3548000.0,205000.0,0.003,205000.0,-3548000.0,-3548000.0,-0.013,-0.013,-0.013,,,,,,,7065000.0,,1.0,27177000.0,0.461,,0.0,,,,,,,,,,,9393000.0,0.0,697000.0,0.0,0.0,697000.0,-2079000.0,1641000.0,10680000.0,95000.0,-2068000.0,-2068000.0,-2068000.0,0.0,0.0,-0.035,32412000.0,-5235000.0,,0.0,,,,,0.0,3.11,,,,,58890000.0,58890000.0,3849000.0,,,,,0.0,28563000.0,1.0,,,,,,,-1480000.0,,,
97,IDXX,MRQ,1997-03-31,1997-03-31,1997-03-31,2021-08-02,,,,,,,,-5237000.0,,,30097000.0,895000.0,,,,,,,,3046000.0,,0.0,0.0,1491000.0,4537000.0,0.075,4537000.0,1491000.0,1491000.0,0.005,0.005,0.005,,,,,,,-8022000.0,,1.0,30437000.0,0.503,,0.0,,,,,,,,,,,-17982000.0,-9027000.0,1122000.0,-509000.0,0.0,613000.0,-13725000.0,468000.0,-2785000.0,-2085000.0,895000.0,895000.0,895000.0,0.0,0.0,0.015,30710000.0,-273000.0,,0.0,,,,,0.0,3.5,,,,,60534000.0,60534000.0,3476000.0,,,,,0.0,27234000.0,1.0,,,,,,,596000.0,,,
98,IDXX,MRQ,1996-12-31,1996-12-31,1996-12-31,2021-08-02,-1546000.0,373852000.0,,301717000.0,72135000.0,,,,127741000.0,127741000.0,,,5.901,0.158,3000000.0,3000000.0,0.0,3000000.0,5563000.0,,0.0,0.0,0.0,,,,,,,,,,322725000.0,,322725000.0,,,,,,1.0,,,0.0,,197984000.0,,48402000.0,53151000.0,45896000.0,7255000.0,51127000.0,51127000.0,0.0,,,,,,,,,,,,,,,,,,,,18692000.0,,,,40.909,36394000.0,,9.0,,,66633000.0,67376000.0,,,,,,,,,,1.0,,,,,373852000.0,5363000.0,,0.0,,250590000.0
0,IDXX,MRT,2021-06-30,2021-06-30,2021-06-30,2021-08-02,-48391000.0,2412149000.0,2270375500.0,1001226000.0,1410923000.0,1.342,8.76,-76144000.0,232134000.0,232134000.0,1254378000.0,728174000.0,1.536,2.226,993391000.0,124982000.0,868409000.0,993391000.0,84326000.0,99646000.0,0.0,0.0,0.0,864020000.0,963666000.0,0.316,963666000.0,864020000.0,832885000.0,8.52,8.39,8.52,747460000.0,630705000.0,747460000.0,54489745034.0,63.0,56.544,694283000.0,8.137,1.0,1792198000.0,0.588,450599000.0,31135000.0,2070998000.0,2039195250.0,241392000.0,0.0,0.0,0.0,1663926000.0,651809000.0,1012117000.0,53858997034.0,126841000.0,-158924000.0,-262701000.0,-121970000.0,0.0,-413654000.0,-234400000.0,0.0,770427000.0,4468000.0,727848000.0,727848000.0,727848000.0,0.0,326000.0,0.239,928372000.0,863826000.0,93016000.0,0.0,72.056,73.998,74.126,654978000.0,0.0,631.55,17.679,17.688,382308000.0,2582434000.0,3046576000.0,3046576000.0,151570000.0,0.321,1.154,0.424,0.284,34382000.0,776802000.0,1.0,85280654.0,85325000.0,86654000.0,35.706,1961550000.0,0.0,105037000.0,15469000.0,22.989,349417000.0
1,IDXX,MRT,2021-03-31,2021-03-31,2021-03-31,2021-08-02,-59536000.0,2327385000.0,2157516500.0,1097798000.0,1229587000.0,1.325,8.216,-78119000.0,351163000.0,351163000.0,1175794000.0,674564000.0,1.769,2.311,981911000.0,124971000.0,856940000.0,981911000.0,85872000.0,97851000.0,0.0,0.0,0.0,797961000.0,895812000.0,0.313,895812000.0,797961000.0,764944000.0,7.9,7.77,7.9,702696000.0,512080750.0,702696000.0,42401426205.0,53.0,47.333,666495000.0,7.793,1.0,1682232000.0,0.589,296555000.0,33017000.0,2040916000.0,2049832250.0,225559000.0,0.0,0.0,0.0,1623950000.0,620662000.0,1003288000.0,41799835205.0,269768000.0,-6842000.0,-73550000.0,-292760000.0,0.0,-394968000.0,-84293000.0,0.0,744614000.0,4415000.0,674206000.0,674206000.0,674206000.0,0.0,358000.0,0.236,884411000.0,797821000.0,87175000.0,0.0,59.485,61.999,61.938,637528000.0,0.0,489.31,14.625,14.643,381792000.0,2379852000.0,2858026000.0,2858026000.0,145518000.0,0.312,1.317,0.389,0.279,32542000.0,738893000.0,1.0,85426080.0,85530000.0,86917000.0,33.415,2030830000.0,0.0,90738000.0,18566000.0,23.744,477136000.0
2,IDXX,MRT,2020-12-31,2020-12-31,2020-12-31,2021-08-02,-53615000.0,2294561000.0,2047231500.0,1062738000.0,1231823000.0,1.322,7.407,-106958000.0,383928000.0,383928000.0,1135615000.0,582131000.0,1.824,2.629,985519000.0,49988000.0,935531000.0,985519000.0,88730000.0,95998000.0,0.0,0.0,0.0,694755000.0,790753000.0,0.292,790753000.0,694755000.0,661630000.0,6.82,6.71,6.82,632088000.0,363325250.0,632088000.0,43437224514.0,63.0,54.931,541105000.0,6.34,1.0,1571040000.0,0.58,295890000.0,33125000.0,2017501000.0,2018848250.0,209873000.0,0.0,0.0,0.0,1661766000.0,582761000.0,1079005000.0,42638857514.0,293602000.0,-2418000.0,-131487000.0,-94650000.0,0.0,-248416000.0,-109376000.0,0.0,648063000.0,3331000.0,581776000.0,581776000.0,581776000.0,0.0,355000.0,0.215,876516000.0,694524000.0,74558000.0,0.0,67.457,73.291,73.295,646338000.0,0.0,499.87,15.753,15.761,331429000.0,2175595000.0,2706655000.0,2706655000.0,141249000.0,0.284,1.601,0.344,0.257,30951000.0,735267000.0,1.0,85299893.0,85342000.0,86722000.0,31.715,1998671000.0,0.0,79854000.0,11707000.0,23.42,479977000.0
3,IDXX,MRT,2020-09-30,2020-09-30,2020-09-30,2021-08-02,-61925000.0,2047407000.0,1931710000.0,868679000.0,1178728000.0,1.341,5.164,-138679000.0,175587000.0,175587000.0,1098476000.0,497717000.0,1.649,3.646,973954000.0,49983000.0,923971000.0,973954000.0,90825000.0,94026000.0,0.0,0.0,0.0,625510000.0,719536000.0,0.278,719536000.0,625510000.0,592820000.0,5.83,5.74,5.83,440576000.0,249671500.0,440576000.0,34420306075.0,55.0,47.837,445863000.0,5.226,1.0,1492687000.0,0.576,291567000.0,32690000.0,2027366000.0,1957914750.0,217597000.0,0.0,0.0,0.0,1606292000.0,526841000.0,1079451000.0,33435844075.0,71591000.0,-51173000.0,-276907000.0,-35363000.0,0.0,-323203000.0,-189597000.0,0.0,584542000.0,-151000.0,497482000.0,497482000.0,497482000.0,0.0,235000.0,0.192,867627000.0,625060000.0,71933000.0,0.0,75.891,67.21,67.429,632359000.0,0.0,393.11,12.904,12.943,337593000.0,2000805000.0,2591163000.0,2591163000.0,137632000.0,0.258,1.993,0.319,0.241,39663000.0,729995000.0,1.0,85054677.0,85314000.0,86690000.0,30.372,1755840000.0,0.0,95338000.0,27590000.0,20.581,341838000.0
4,IDXX,MRT,2020-06-30,2020-06-30,2020-06-30,2021-08-02,-57032000.0,1960713000.0,1857728500.0,779612000.0,1181101000.0,1.332,3.206,-156540000.0,105293000.0,105293000.0,1059646000.0,460234000.0,1.442,6.181,1089755000.0,121596000.0,968159000.0,1089755000.0,94081000.0,91821000.0,0.0,0.0,0.0,593435000.0,685256000.0,0.277,685256000.0,593435000.0,561765000.0,5.38,5.29,5.38,272963000.0,190132000.0,272963000.0,29209604045.0,49.0,42.626,367151000.0,4.313,1.0,1415031000.0,0.572,291045000.0,31670000.0,2113546000.0,1892448250.0,229377000.0,0.0,0.0,0.0,1687313000.0,540584000.0,1146729000.0,28041469045.0,-5552000.0,-50923000.0,-372413000.0,64552000.0,0.0,-318770000.0,-207463000.0,0.0,523691000.0,-3010000.0,460100000.0,460100000.0,460100000.0,0.0,134000.0,0.186,822025000.0,593006000.0,73903000.0,0.0,102.73,60.946,61.368,633302000.0,0.0,330.16,11.331,11.358,320320000.0,1854586000.0,2474677000.0,2474677000.0,134375000.0,0.248,2.42,0.314,0.24,41127000.0,687650000.0,1.0,84932969.0,85134000.0,86402000.0,29.068,1669668000.0,0.0,101665000.0,36599000.0,19.612,239028000.0
5,IDXX,MRT,2020-03-31,2020-03-31,2020-03-31,2021-08-02,-55246000.0,1886245000.0,1798609500.0,721351000.0,1164894000.0,1.366,1.26,-165765000.0,81395000.0,81395000.0,1063646000.0,436939000.0,0.852,16.515,1249530000.0,486824000.0,762706000.0,1249530000.0,87070000.0,89860000.0,0.0,0.0,0.0,564487000.0,654347000.0,0.266,654347000.0,564487000.0,534126000.0,5.09,5.0,5.09,107674000.0,164702750.0,107674000.0,21635073478.0,38.0,33.064,286886000.0,3.358,1.0,1393542000.0,0.567,291159000.0,30361000.0,1916980000.0,1804748750.0,211644000.0,0.0,0.0,0.0,1778190000.0,846241000.0,931949000.0,20670252478.0,-35221000.0,-51227000.0,-395406000.0,139735000.0,0.0,-266727000.0,-216992000.0,0.0,452651000.0,-4153000.0,436866000.0,436866000.0,436866000.0,0.0,73000.0,0.178,829509000.0,564033000.0,74210000.0,0.0,191.971,47.315,47.591,624770000.0,0.0,242.24,8.412,8.422,299983000.0,1705646000.0,2457188000.0,2457188000.0,134989000.0,0.243,2.652,0.313,0.23,40228000.0,694520000.0,1.0,85329642.0,85427000.0,86705000.0,28.764,1595086000.0,0.0,97260000.0,38908000.0,18.672,-124890000.0
6,IDXX,MRT,2019-12-31,2019-12-31,2019-12-31,2021-08-02,-46182000.0,1832475000.0,1747290250.0,679639000.0,1152836000.0,1.378,2.061,-154969000.0,90326000.0,90326000.0,1041359000.0,427792000.0,0.937,9.323,1055147000.0,288765000.0,766382000.0,1055147000.0,90205000.0,88011000.0,0.0,0.0,0.0,553201000.0,641212000.0,0.266,641212000.0,553201000.0,522146000.0,4.97,4.89,4.97,177473000.0,150674750.0,177473000.0,23288882026.0,42.0,36.32,304189000.0,3.532,1.0,1365549000.0,0.567,298192000.0,31055000.0,1773767000.0,1759504750.0,195019000.0,0.0,0.0,0.0,1654650000.0,725337000.0,929313000.0,22400403026.0,-33468000.0,-50559000.0,-265552000.0,-10429000.0,0.0,-286409000.0,-205528000.0,0.0,459158000.0,-689000.0,427720000.0,427720000.0,427720000.0,0.0,72000.0,0.178,812703000.0,552846000.0,72172000.0,0.0,126.219,52.372,52.541,614452000.0,0.0,261.13,9.307,9.343,269312000.0,1595648000.0,2406908000.0,2406908000.0,133193000.0,0.245,2.839,0.314,0.23,39278000.0,679510000.0,1.0,85782572.0,86115000.0,87542000.0,27.95,1534283000.0,0.0,94426000.0,33024000.0,17.817,-45698000.0
7,IDXX,MRT,2019-09-30,2019-09-30,2019-09-30,2021-08-02,-45565000.0,1751481000.0,1673508750.0,703382000.0,1048099000.0,1.405,2.348,-141717000.0,103996000.0,103996000.0,1016087000.0,422925000.0,1.122,7.651,992475000.0,229500000.0,762975000.0,992475000.0,91331000.0,86026000.0,0.0,0.0,0.0,552916000.0,638942000.0,0.272,638942000.0,552916000.0,520694000.0,4.9,4.81,4.9,202418000.0,103928250.0,202418000.0,24321040639.0,44.0,38.065,297676000.0,3.453,1.0,1334761000.0,0.568,247833000.0,32222000.0,1765500000.0,1662833500.0,204893000.0,0.0,0.0,0.0,1548759000.0,626627000.0,922132000.0,23410474639.0,-42881000.0,-7489000.0,-234231000.0,-85226000.0,0.0,-329826000.0,-149461000.0,0.0,439393000.0,-2987000.0,422862000.0,422862000.0,422862000.0,0.0,63000.0,0.18,782199000.0,552562000.0,75515000.0,0.0,115.654,55.362,55.496,575561000.0,0.0,271.93,9.958,9.971,268319000.0,1505152000.0,2350848000.0,2350848000.0,128171000.0,0.253,4.069,0.333,0.235,28832000.0,654028000.0,1.0,86090077.0,86198000.0,87667000.0,27.273,1503648000.0,0.0,97832000.0,33734000.0,17.444,76755000.0
8,IDXX,MRT,2019-06-30,2019-06-30,2019-06-30,2021-08-02,-40583000.0,1724237000.0,1621771000.0,712298000.0,1011939000.0,1.413,1.986,-136361000.0,110845000.0,110845000.0,995539000.0,407301000.0,1.151,9.067,1021411000.0,251528000.0,769883000.0,1021411000.0,95575000.0,84458000.0,0.0,0.0,0.0,530558000.0,615016000.0,0.268,615016000.0,530558000.0,496973000.0,4.71,4.62,4.71,171246000.0,52922750.0,171246000.0,24678794390.0,47.0,40.127,281475000.0,3.265,1.0,1295454000.0,0.565,253146000.0,33585000.0,1762748000.0,1570600000.0,196876000.0,0.0,0.0,0.0,1552688000.0,618909000.0,933779000.0,23680123390.0,-63714000.0,-29989000.0,-218480000.0,-85701000.0,0.0,-314369000.0,-166350000.0,0.0,417836000.0,-831000.0,407276000.0,407276000.0,407276000.0,0.0,25000.0,0.178,765344000.0,530110000.0,67606000.0,0.0,138.281,58.143,58.456,551537000.0,0.0,275.33,10.336,10.361,286154000.0,1396315000.0,2290993000.0,2290993000.0,123103000.0,0.251,7.696,0.338,0.232,26037000.0,642241000.0,1.0,86006332.0,86215000.0,87615000.0,26.573,1471091000.0,0.0,89697000.0,32415000.0,17.063,93389000.0
9,IDXX,MRT,2019-03-31,2019-03-31,2019-03-31,2021-08-02,-40015000.0,1680968000.0,1570883000.0,697646000.0,983322000.0,1.433,0.598,-130231000.0,116616000.0,116616000.0,981602000.0,390280000.0,1.012,31.595,1115287000.0,346998000.0,768289000.0,1115287000.0,99046000.0,83729000.0,0.0,0.0,0.0,512022000.0,595751000.0,0.265,595751000.0,512022000.0,478166000.0,4.5,4.42,4.5,51562000.0,-170500.0,51562000.0,20107550214.0,39.0,33.752,269333000.0,3.124,1.0,1270040000.0,0.564,254016000.0,33856000.0,1736004000.0,1474145500.0,189468000.0,0.0,0.0,0.0,1629098000.0,689619000.0,939479000.0,19231059214.0,-42613000.0,-29685000.0,-304933000.0,39406000.0,0.0,-275589000.0,-159916000.0,0.0,399564000.0,-6672000.0,390261000.0,390261000.0,390261000.0,0.0,19000.0,0.173,758611000.0,511429000.0,70143000.0,0.0,372.97,49.277,49.689,529697000.0,0.0,223.6,8.541,8.561,281159000.0,1270609000.0,2251642000.0,2251642000.0,120354000.0,0.248,-2288.921,0.347,0.227,25531000.0,638257000.0,1.0,86006526.0,86204000.0,87549000.0,26.12,1426952000.0,0.0,87905000.0,32931000.0,16.553,8027000.0
10,IDXX,MRT,2018-12-31,2018-12-31,2018-12-31,2021-08-02,-41791000.0,1537349000.0,1518014000.0,654172000.0,883177000.0,1.458,-0.11,-115751000.0,123794000.0,123794000.0,971700000.0,377047000.0,0.849,-162.576,1000285000.0,398937000.0,601348000.0,1000285000.0,101987000.0,83178000.0,0.0,0.0,0.0,492470000.0,575648000.0,0.26,575648000.0,492470000.0,457726000.0,4.34,4.26,4.34,-9513000.0,-25379000.0,-9513000.0,16911222387.0,34.0,29.378,284333000.0,3.273,1.0,1241542000.0,0.561,256314000.0,34744000.0,1387082000.0,1378898250.0,173303000.0,0.0,0.0,0.0,1546582000.0,770444000.0,776138000.0,16041183387.0,-63881000.0,-29685000.0,-331118000.0,-256040000.0,0.0,-597799000.0,138602000.0,284038000.0,400084000.0,-4768000.0,377031000.0,377031000.0,377031000.0,0.0,16000.0,0.17,750207000.0,491335000.0,69534000.0,0.0,-1686.238,42.546,42.862,437270000.0,0.0,186.02,7.248,7.301,248855000.0,1167928000.0,2213242000.0,2213242000.0,117863000.0,0.248,-14.856,0.357,0.223,25157000.0,632344000.0,1.0,86233649.0,86864000.0,88470000.0,25.479,1281035000.0,0.0,80695000.0,29267000.0,14.748,-116272000.0
11,IDXX,MRT,2018-09-30,2018-09-30,2018-09-30,2021-08-02,-42187000.0,1544530000.0,1562030750.0,704197000.0,840333000.0,1.389,-0.018,-102786000.0,146877000.0,146877000.0,956322000.0,329660000.0,0.927,-963.774,1016916000.0,414500000.0,602416000.0,1016916000.0,103696000.0,84094000.0,0.0,0.0,0.0,476274000.0,560368000.0,0.258,560368000.0,476274000.0,440373000.0,3.78,3.72,3.78,-1604000.0,-36527250.0,-1604000.0,22483871072.0,47.0,40.123,282776000.0,3.259,1.0,1213655000.0,0.559,258466000.0,35901000.0,1396566000.0,1416760250.0,179684000.0,0.0,0.0,0.0,1545893000.0,759537000.0,786356000.0,21618300072.0,-22142000.0,-24870000.0,-275681000.0,-271750000.0,0.0,-558051000.0,153959000.0,281615000.0,385562000.0,-3612000.0,329650000.0,329650000.0,329650000.0,0.0,10000.0,0.152,739859000.0,473796000.0,65457000.0,0.0,-13477.743,65.58,66.048,409980000.0,0.0,249.66,9.962,9.981,264563000.0,1082292000.0,2169977000.0,2169977000.0,116534000.0,0.211,-9.025,0.336,0.219,24703000.0,623325000.0,1.0,86590964.0,86756000.0,88453000.0,25.012,1286064000.0,0.0,110723000.0,39899000.0,14.824,-55340000.0
12,IDXX,MRT,2018-06-30,2018-06-30,2018-06-30,2021-08-02,-42559000.0,1520685000.0,1593231750.0,739832000.0,780853000.0,1.328,-0.473,-87195000.0,174559000.0,174559000.0,934491000.0,306960000.0,0.955,-37.969,1040130000.0,437000000.0,603130000.0,1040130000.0,106283000.0,83943000.0,0.0,0.0,0.0,460555000.0,544498000.0,0.257,544498000.0,460555000.0,423343000.0,3.52,3.46,3.52,-41127000.0,-48281750.0,-41127000.0,19788245077.0,43.0,36.342,298343000.0,3.429,1.0,1182014000.0,0.558,235010000.0,37212000.0,1376930000.0,1454968500.0,176487000.0,0.0,0.0,0.0,1561534000.0,774316000.0,787218000.0,18930969077.0,8584000.0,-2370000.0,-264294000.0,-267000000.0,0.0,-541628000.0,166687000.0,256252000.0,385538000.0,-2013000.0,306910000.0,306910000.0,306910000.0,0.0,50000.0,0.145,725155000.0,456859000.0,68015000.0,0.0,-460.305,61.682,61.915,394021000.0,0.0,217.94,8.944,8.959,265012000.0,989039000.0,2116505000.0,2116505000.0,114927000.0,0.193,-6.357,0.317,0.218,24127000.0,610228000.0,1.0,86863215.0,87004000.0,88596000.0,24.327,1285675000.0,0.0,116433000.0,35459000.0,14.777,-34484000.0
13,IDXX,MRT,2018-03-31,2018-03-31,2018-03-31,2021-08-02,-34206000.0,1469492000.0,1622344750.0,701707000.0,767785000.0,1.26,-0.564,-74463000.0,159229000.0,159229000.0,902403000.0,283687000.0,0.963,-30.818,1016505000.0,407500000.0,609005000.0,1016505000.0,109074000.0,83637000.0,0.0,0.0,0.0,438468000.0,522105000.0,0.255,522105000.0,438468000.0,400558000.0,3.24,3.18,3.24,-49272000.0,-59583750.0,-49272000.0,17747831544.0,40.0,33.993,302437000.0,3.463,1.0,1142290000.0,0.559,242915000.0,37910000.0,1355015000.0,1493686250.0,179039000.0,0.0,0.0,0.0,1518474000.0,728838000.0,789636000.0,16674431544.0,-1179000.0,-14550000.0,-261495000.0,-263500000.0,0.0,-534320000.0,150636000.0,239649000.0,376900000.0,5605000.0,283576000.0,283576000.0,283576000.0,0.0,111000.0,0.139,708461000.0,433829000.0,70409000.0,0.0,-338.416,58.801,59.071,384246000.0,0.0,191.39,8.155,8.174,259865000.0,880348000.0,2044693000.0,2044693000.0,112415000.0,0.175,-4.759,0.294,0.214,23822000.0,596046000.0,1.0,87122794.0,87331000.0,88944000.0,23.413,1226577000.0,0.0,116982000.0,27529000.0,14.045,-27131000.0
14,IDXX,MRT,2017-12-31,2017-12-31,2017-12-31,2021-08-02,-36470000.0,1713416000.0,1647994500.0,971985000.0,741431000.0,1.195,-0.616,-74384000.0,187675000.0,187675000.0,871676000.0,263269000.0,0.968,-32.663,1261075000.0,655000000.0,606075000.0,1261075000.0,64726000.0,83140000.0,0.0,0.0,0.0,418157000.0,501297000.0,0.255,501297000.0,418157000.0,380932000.0,3.0,2.94,3.0,-54106000.0,-65788250.0,-54106000.0,14760642339.0,35.0,29.445,298892000.0,3.405,1.0,1097382000.0,0.557,243719000.0,37225000.0,1538530000.0,1533729250.0,164318000.0,284255000.0,284255000.0,0.0,1767258000.0,1004567000.0,762691000.0,13639262339.0,32774000.0,-16899000.0,-243943000.0,44000000.0,0.0,-208016000.0,-138688000.0,-47405000.0,373276000.0,6202000.0,263144000.0,263144000.0,263144000.0,0.0,125000.0,0.134,684354000.0,413028000.0,66968000.0,0.0,-252.084,51.832,52.127,379096000.0,0.0,156.38,6.927,6.97,234597000.0,803545000.0,1969058000.0,1969058000.0,109182000.0,0.16,-4.0,0.273,0.212,23517000.0,575172000.0,1.0,87218713.0,87769000.0,89567000.0,22.435,1469697000.0,0.0,117788000.0,25353000.0,16.745,-32582000.0
15,IDXX,MRT,2017-09-30,2017-09-30,2017-09-30,2021-08-02,-34648000.0,1669334000.0,1602316500.0,942722000.0,726612000.0,1.189,-0.555,-69521000.0,169019000.0,169019000.0,840399000.0,277350000.0,0.946,-35.328,1290399000.0,686250000.0,604149000.0,1290399000.0,63448000.0,81861000.0,0.0,0.0,0.0,403667000.0,485528000.0,0.255,485528000.0,403667000.0,368404000.0,3.14,3.08,3.14,-48622000.0,-79349750.0,-48622000.0,14709432785.0,36.0,30.296,283384000.0,3.237,1.0,1065534000.0,0.559,244772000.0,35263000.0,1549399000.0,1504337250.0,176749000.0,285085000.0,285085000.0,0.0,1717725000.0,996543000.0,721182000.0,13570516785.0,18947000.0,-16493000.0,-400374000.0,198251000.0,0.0,-207210000.0,-128479000.0,-42465000.0,352905000.0,1731000.0,277256000.0,277256000.0,277256000.0,0.0,94000.0,0.145,666489000.0,399045000.0,60583000.0,0.0,-279.102,48.946,49.519,367513000.0,0.0,155.49,7.12,7.141,228159000.0,765288000.0,1905933000.0,1905933000.0,105791000.0,0.173,-3.494,0.268,0.212,18155000.0,560698000.0,1.0,87275817.0,87537000.0,89256000.0,21.773,1424562000.0,0.0,91148000.0,33205000.0,16.274,-53821000.0
16,IDXX,MRT,2017-06-30,2017-06-30,2017-06-30,2021-08-02,-38388000.0,1637137000.0,1560075500.0,918658000.0,718479000.0,1.194,-0.981,-65485000.0,165975000.0,165975000.0,824003000.0,263288000.0,0.917,-19.96,1304891000.0,704000000.0,600891000.0,1304891000.0,62833000.0,80901000.0,0.0,0.0,0.0,391170000.0,472071000.0,0.253,472071000.0,391170000.0,357885000.0,2.96,2.91,2.96,-86335000.0,-53481750.0,-86335000.0,15330347460.0,39.0,32.475,277051000.0,3.148,1.0,1038262000.0,0.558,242759000.0,33285000.0,1531801000.0,1479164750.0,169693000.0,256923000.0,256923000.0,0.0,1723244000.0,1001493000.0,721751000.0,14224887460.0,24836000.0,-16493000.0,-354388000.0,146001000.0,0.0,-208586000.0,-109938000.0,-27960000.0,342536000.0,824000.0,263200000.0,263200000.0,263200000.0,0.0,88000.0,0.141,651171000.0,387091000.0,58606000.0,0.0,-164.764,54.046,54.534,364779000.0,0.0,161.42,7.638,7.628,240262000.0,694777000.0,1862265000.0,1862265000.0,103878000.0,0.169,-4.921,0.264,0.21,11795000.0,547293000.0,1.0,88123451.0,88004000.0,89878000.0,21.161,1394378000.0,0.0,94685000.0,37503000.0,15.844,-82835000.0
17,IDXX,MRT,2017-03-31,2017-03-31,2017-03-31,2021-08-02,-38379000.0,1572091000.0,1523101500.0,878588000.0,693503000.0,1.195,-0.841,-66528000.0,160408000.0,160408000.0,813804000.0,245087000.0,0.939,-22.216,1265868000.0,671000000.0,594868000.0,1265868000.0,61139000.0,79979000.0,0.0,0.0,0.0,372566000.0,452545000.0,0.249,452545000.0,372566000.0,340232000.0,2.74,2.7,2.74,-74090000.0,-34057500.0,-74090000.0,14655696219.0,39.0,32.385,276699000.0,3.14,1.0,1006090000.0,0.553,226287000.0,32334000.0,1515187000.0,1458939000.0,172183000.0,239933000.0,239933000.0,0.0,1646003000.0,936077000.0,709926000.0,13606487219.0,27455000.0,-4313000.0,-269406000.0,49001000.0,0.0,-218321000.0,-95999000.0,-25158000.0,343227000.0,-1452000.0,245045000.0,245045000.0,245045000.0,0.0,42000.0,0.135,637401000.0,368689000.0,62249000.0,0.0,-183.648,55.526,56.427,361233000.0,0.0,154.61,7.477,7.486,225353000.0,609420000.0,1819894000.0,1819894000.0,102292000.0,0.161,-7.195,0.255,0.205,7985000.0,535109000.0,1.0,88005221.0,88117000.0,89994000.0,20.653,1345804000.0,0.0,95187000.0,39964000.0,15.273,-57489000.0
18,IDXX,MRT,2016-12-31,2016-12-31,2016-12-31,2021-08-02,-43053000.0,1530704000.0,1499740500.0,845584000.0,685120000.0,1.184,-1.208,-64787000.0,154901000.0,154901000.0,799987000.0,222054000.0,0.905,-15.126,1204110000.0,611000000.0,593110000.0,1204110000.0,60395000.0,78218000.0,0.0,0.0,0.0,353886000.0,432104000.0,0.243,432104000.0,353886000.0,321837000.0,2.47,2.44,2.47,-108352000.0,-34015500.0,-108352000.0,11451283169.0,32.0,26.501,274156000.0,3.055,1.0,975436000.0,0.549,224383000.0,32049000.0,1420962000.0,1443604500.0,158034000.0,236949000.0,236949000.0,0.0,1638917000.0,934568000.0,704349000.0,10514218169.0,25907000.0,-1964000.0,-265742000.0,37944000.0,0.0,-222196000.0,-90786000.0,-24035000.0,338943000.0,-54000.0,222045000.0,222045000.0,222045000.0,0.0,9000.0,0.125,625197000.0,350239000.0,60057000.0,0.0,-97.038,47.352,47.478,357422000.0,0.0,117.27,5.922,5.927,204494000.0,540401000.0,1775423000.0,1775423000.0,101122000.0,0.148,-6.528,0.245,0.199,5189000.0,524075000.0,1.0,89658209.0,89732000.0,90884000.0,19.786,1306321000.0,0.0,99792000.0,39287000.0,14.558,-88984000.0
19,IDXX,MRT,2016-09-30,2016-09-30,2016-09-30,2021-08-02,-35081000.0,1500370000.0,1485812750.0,828100000.0,672270000.0,1.166,0.61,-65360000.0,150072000.0,150072000.0,779607000.0,214073000.0,1.089,26.352,1087137000.0,488000000.0,599137000.0,1087137000.0,56881000.0,75706000.0,0.0,0.0,0.0,336676000.0,412382000.0,0.238,412382000.0,336676000.0,304456000.0,2.37,2.35,2.37,54850000.0,-27958750.0,54850000.0,11108732867.0,33.0,26.938,252162000.0,2.805,1.0,952505000.0,0.55,228518000.0,32220000.0,1448709000.0,1444484000.0,168468000.0,241402000.0,241402000.0,0.0,1445384000.0,760208000.0,685176000.0,10093913867.0,8922000.0,-2102000.0,-152495000.0,-55738000.0,0.0,-209540000.0,-102521000.0,-35059000.0,317522000.0,3461000.0,214025000.0,214025000.0,214025000.0,0.0,48000.0,0.124,619180000.0,333325000.0,44127000.0,0.0,184.028,47.162,47.565,349664000.0,0.0,112.73,5.828,5.851,204701000.0,488033000.0,1732112000.0,1732112000.0,101200000.0,0.144,-7.655,0.233,0.194,8649000.0,517980000.0,1.0,89540618.0,89894000.0,91138000.0,19.268,1271852000.0,0.0,90431000.0,20571000.0,14.148,67892000.0
20,IDXX,MRT,2016-06-30,2016-06-30,2016-06-30,2021-08-02,-35465000.0,1489241000.0,1480022750.0,821110000.0,668131000.0,1.142,-0.096,-73916000.0,141139000.0,141139000.0,760142000.0,201850000.0,0.998,-173.39,1155958000.0,558000000.0,597958000.0,1155958000.0,56107000.0,74222000.0,0.0,0.0,0.0,319936000.0,394158000.0,0.233,394158000.0,319936000.0,287752000.0,2.22,2.21,2.22,-8638000.0,-51394250.0,-8638000.0,9402932539.0,29.0,23.856,220237000.0,2.452,1.0,930049000.0,0.55,230386000.0,32184000.0,1450898000.0,1435883750.0,175688000.0,229063000.0,229063000.0,0.0,1497739000.0,822776000.0,674963000.0,8313864539.0,-22013000.0,-9919000.0,-234119000.0,58690000.0,0.0,-179956000.0,-134381000.0,-50546000.0,294153000.0,-1829000.0,201793000.0,201793000.0,201793000.0,0.0,57000.0,0.119,613288000.0,316761000.0,50085000.0,0.0,-962.476,41.2,41.829,347161000.0,0.0,92.86,4.919,4.935,212229000.0,431577000.0,1690191000.0,1690191000.0,100390000.0,0.136,-3.926,0.223,0.189,12809000.0,504686000.0,1.0,89531171.0,89824000.0,90817000.0,18.817,1258855000.0,0.0,85959000.0,16419000.0,14.015,-1666000.0
21,IDXX,MRT,2016-03-31,2016-03-31,2016-03-31,2021-08-02,-37515000.0,1478647000.0,1477055000.0,809006000.0,669641000.0,1.108,-0.822,-81810000.0,132953000.0,132953000.0,734702000.0,191582000.0,0.921,-21.001,1222021000.0,622000000.0,600021000.0,1222021000.0,53730000.0,71348000.0,0.0,0.0,0.0,303686000.0,375034000.0,0.229,375034000.0,303686000.0,272447000.0,2.08,2.07,2.08,-73922000.0,-47117750.0,-73922000.0,8061540883.0,27.0,21.495,181626000.0,2.02,1.0,902263000.0,0.551,235198000.0,31239000.0,1453849000.0,1422782500.0,183759000.0,217617000.0,217617000.0,0.0,1552434000.0,878668000.0,673766000.0,7020449883.0,-49207000.0,-9919000.0,-305982000.0,171250000.0,0.0,-140353000.0,-171585000.0,-79856000.0,263436000.0,-705000.0,191503000.0,191503000.0,191503000.0,0.0,79000.0,0.117,601361000.0,300902000.0,52458000.0,0.0,-94.971,36.66,37.654,343010000.0,0.0,78.32,4.289,4.302,212072000.0,364375000.0,1636965000.0,1636965000.0,99295000.0,0.13,-4.064,0.213,0.186,14489000.0,493854000.0,1.0,89638022.0,89924000.0,90838000.0,18.204,1243449000.0,0.0,80944000.0,15597000.0,13.828,-69662000.0
22,IDXX,MRT,2015-12-31,2015-12-31,2015-12-31,2021-08-02,-42265000.0,1474993000.0,1465146750.0,821634000.0,653359000.0,1.093,-0.908,-82921000.0,128994000.0,128994000.0,711622000.0,192135000.0,0.959,-18.532,1170085000.0,573000000.0,597085000.0,1170085000.0,52638000.0,68956000.0,0.0,0.0,0.0,302323000.0,371279000.0,0.232,371279000.0,302323000.0,273084000.0,2.07,2.05,2.07,-84125000.0,-20131750.0,-84125000.0,7633967483.0,25.0,20.561,138881000.0,1.5,1.0,890270000.0,0.556,234843000.0,29239000.0,1424480000.0,1373836750.0,188833000.0,213591000.0,213591000.0,0.0,1558988000.0,856761000.0,702227000.0,6633061483.0,-193542000.0,-10302000.0,-379584000.0,272717000.0,0.0,-100990000.0,-308406000.0,-215183000.0,221802000.0,-5948000.0,192078000.0,192078000.0,192078000.0,0.0,57000.0,0.12,590358000.0,299912000.0,52648000.0,0.0,-78.848,34.533,35.227,333026000.0,0.0,72.92,4.141,4.215,188318000.0,318356000.0,1601892000.0,1601892000.0,99681000.0,0.131,-9.541,0.22,0.189,8569000.0,482465000.0,1.0,90963542.0,92601000.0,93649000.0,17.299,1240150000.0,39829000.0,81006000.0,49389000.0,13.392,-35127000.0
23,IDXX,MRT,2015-09-30,2015-09-30,2015-09-30,2021-08-02,-37493000.0,1477210000.0,1442451250.0,833396000.0,643814000.0,1.077,-0.423,-85536000.0,141150000.0,141150000.0,699426000.0,173696000.0,1.01,-38.98,1142056000.0,542500000.0,599556000.0,1142056000.0,50374000.0,66505000.0,0.0,0.0,0.0,269921000.0,336426000.0,0.216,336426000.0,269921000.0,243212000.0,1.87,1.85,1.87,-38892000.0,30278500.0,-38892000.0,7768826233.0,29.0,23.092,84235000.0,0.916,1.0,854740000.0,0.55,239042000.0,26709000.0,1414308000.0,1240266000.0,192405000.0,208399000.0,208399000.0,0.0,1516013000.0,824766000.0,691247000.0,6835053233.0,-151585000.0,-25799000.0,-427945000.0,417349000.0,0.0,5945000.0,-318011000.0,-206676000.0,169771000.0,-9290000.0,173690000.0,173690000.0,173690000.0,0.0,6000.0,0.112,586938000.0,267802000.0,53614000.0,0.0,-175.744,39.352,39.727,320337000.0,0.0,74.29,4.398,4.395,190904000.0,274005000.0,1554166000.0,1554166000.0,99054000.0,0.12,5.736,0.218,0.174,2855000.0,479672000.0,1.0,92005024.0,91944000.0,92897000.0,16.903,1238168000.0,36767000.0,69522000.0,36571000.0,13.467,8630000.0
24,IDXX,MRT,2015-06-30,2015-06-30,2015-06-30,2021-08-02,-22275000.0,1477370000.0,1395806750.0,833034000.0,644336000.0,1.097,0.091,-81986000.0,163152000.0,163152000.0,687500000.0,181630000.0,1.074,173.455,1096925000.0,498000000.0,598925000.0,1096925000.0,52646000.0,63743000.0,0.0,0.0,0.0,269829000.0,333572000.0,0.218,333572000.0,269829000.0,246576000.0,1.91,1.89,1.91,8468000.0,97348500.0,8468000.0,6870283930.0,25.0,20.596,104102000.0,1.115,1.0,843802000.0,0.551,237222000.0,23253000.0,1398493000.0,1100910500.0,184500000.0,180870000.0,180870000.0,0.0,1468819000.0,775428000.0,693391000.0,6002943930.0,-141896000.0,-24337000.0,-611244000.0,563720000.0,0.0,-30660000.0,-286654000.0,-180331000.0,186088000.0,-10670000.0,181609000.0,181609000.0,181609000.0,0.0,21000.0,0.119,575706000.0,268096000.0,58212000.0,0.0,708.897,33.054,33.581,326041000.0,0.0,64.14,3.92,3.911,199444000.0,231070000.0,1531302000.0,1531302000.0,99039000.0,0.13,1.866,0.245,0.176,2057000.0,476667000.0,1.0,93591268.0,93384000.0,94306000.0,16.398,1240148000.0,37509000.0,64967000.0,39261000.0,13.28,57606000.0
25,IDXX,MRT,2015-03-31,2015-03-31,2015-03-31,2021-08-02,-24049000.0,1431014000.0,1347262500.0,808909000.0,622105000.0,1.119,0.361,-72242000.0,182160000.0,182160000.0,678518000.0,181936000.0,1.007,41.06,1049500000.0,549500000.0,500000000.0,1049500000.0,54170000.0,61648000.0,0.0,0.0,0.0,264674000.0,326322000.0,0.216,326322000.0,264674000.0,245715000.0,1.86,1.84,1.86,34022000.0,208448500.0,34022000.0,7856426842.0,30.0,24.076,115442000.0,1.224,1.0,829563000.0,0.55,236843000.0,18959000.0,1258066000.0,919943250.0,173370000.0,139215000.0,139215000.0,0.0,1396935000.0,803445000.0,593490000.0,7279962842.0,-104043000.0,-24337000.0,-650723000.0,582002000.0,0.0,-51677000.0,-228399000.0,-131820000.0,187684000.0,-11651000.0,181915000.0,181915000.0,181915000.0,0.0,21000.0,0.121,566551000.0,263012000.0,44183000.0,0.0,213.978,40.018,41.527,309827000.0,0.0,77.24,4.827,4.829,196231000.0,1721893000.0,1508081000.0,1508081000.0,100155000.0,0.135,0.873,0.288,0.176,1599000.0,466396000.0,1.0,94251202.0,94280000.0,95521000.0,15.996,1194171000.0,36291000.0,63800000.0,40113000.0,12.666,5464000.0
26,IDXX,MRT,2014-12-31,2014-12-31,2014-12-31,2021-08-02,-8071000.0,1384211000.0,1305090000.0,759398000.0,624813000.0,1.138,1.174,-60698000.0,322536000.0,322536000.0,669691000.0,181951000.0,0.925,10.778,899000000.0,549000000.0,350000000.0,899000000.0,53477000.0,58888000.0,0.0,0.0,0.0,261939000.0,320827000.0,0.216,320827000.0,261939000.0,246510000.0,1.82,1.79,1.82,117516000.0,327997000.0,117516000.0,7502129110.0,29.0,23.384,175148000.0,1.75,1.0,816116000.0,0.549,249572000.0,15429000.0,890197000.0,777262000.0,160342000.0,0.0,0.0,0.0,1266622000.0,820906000.0,445716000.0,7069864110.0,43478000.0,-25115000.0,-588716000.0,469200000.0,0.0,-103438000.0,-80413000.0,5400000.0,235846000.0,-8517000.0,181906000.0,181906000.0,181906000.0,0.0,45000.0,0.122,555861000.0,260255000.0,44743000.0,0.0,60.161,38.865,40.734,303587000.0,0.0,74.135,4.758,4.994,152380000.0,1675299000.0,1485807000.0,1485807000.0,98263000.0,0.139,0.555,0.337,0.176,2021000.0,457598000.0,1.0,95364728.0,100094000.0,101503000.0,14.844,1134639000.0,37689000.0,64604000.0,41688000.0,11.336,-61508000.0
27,IDXX,MRT,2014-09-30,2014-09-30,2014-09-30,2021-08-02,1990000.0,1290632000.0,1266666250.0,702621000.0,588011000.0,1.175,2.306,-58832000.0,292735000.0,292735000.0,665305000.0,199237000.0,1.115,4.626,725000000.0,375000000.0,350000000.0,725000000.0,51109000.0,57076000.0,0.0,0.0,0.0,288560000.0,345636000.0,0.232,345636000.0,288560000.0,276618000.0,1.95,1.925,1.95,229388000.0,428164500.0,229388000.0,6152270695.0,21.0,17.8,215126000.0,2.162,1.0,822616000.0,0.553,235747000.0,11942000.0,856886000.0,720246250.0,156007000.0,0.0,0.0,0.0,1061161000.0,630264000.0,430897000.0,5923318695.0,27924000.0,-8338000.0,-518957000.0,323824000.0,0.0,-178832000.0,-61770000.0,5400000.0,273958000.0,-5432000.0,199203000.0,199203000.0,199203000.0,0.0,34000.0,0.134,535834000.0,286782000.0,58255000.0,0.0,25.822,29.735,30.213,291701000.0,0.0,58.915,3.981,3.939,160467000.0,1649337000.0,1487921000.0,1487921000.0,95890000.0,0.157,0.465,0.401,0.194,1436000.0,439944000.0,1.0,100540078.0,99489000.0,100800000.0,14.956,1054885000.0,33258000.0,77415000.0,27760000.0,10.603,72357000.0
28,IDXX,MRT,2014-06-30,2014-06-30,2014-06-30,2021-08-02,15031000.0,1283193000.0,1242817750.0,701707000.0,581486000.0,1.161,4.429,-57381000.0,305048000.0,305048000.0,647632000.0,192766000.0,1.169,1.833,534000000.0,384000000.0,150000000.0,534000000.0,48114000.0,55328000.0,0.0,0.0,0.0,282016000.0,337344000.0,0.234,337344000.0,282016000.0,272905000.0,1.865,1.835,1.865,452868000.0,504529000.0,452868000.0,7032728085.0,25.0,20.847,201411000.0,1.97,1.0,795063000.0,0.551,237169000.0,9111000.0,674624000.0,629510500.0,145400000.0,0.0,0.0,0.0,830263000.0,600352000.0,229911000.0,6852791085.0,54035000.0,-12084000.0,-321530000.0,162347000.0,0.0,-142895000.0,-64065000.0,5400000.0,258792000.0,2203000.0,192749000.0,192749000.0,192749000.0,0.0,17000.0,0.134,514985000.0,280078000.0,41425000.0,0.0,15.132,35.553,35.81,286712000.0,0.0,66.785,4.75,4.733,168641000.0,1597196000.0,1442695000.0,1442695000.0,92611000.0,0.155,0.382,0.448,0.195,963000.0,422374000.0,1.0,102609734.0,102250000.0,103590000.0,14.109,1046024000.0,33789000.0,80156000.0,28815000.0,10.23,101355000.0
29,IDXX,MRT,2014-03-31,2014-03-31,2014-03-31,2021-08-02,14445000.0,1262324000.0,1213037250.0,683166000.0,579158000.0,1.158,4.962,-69318000.0,286203000.0,286203000.0,630913000.0,189521000.0,1.321,1.464,466140000.0,316050000.0,150090000.0,466140000.0,43074000.0,54477000.0,0.0,0.0,0.0,277538000.0,332015000.0,0.236,332015000.0,277538000.0,270213000.0,1.81,1.78,1.81,512216000.0,528698500.0,512216000.0,6413559368.0,23.0,19.317,189141000.0,1.832,1.0,774243000.0,0.551,237747000.0,7325000.0,687341000.0,586205000.0,141134000.0,0.0,0.0,0.0,750072000.0,517173000.0,232899000.0,6264223368.0,57839000.0,-12084000.0,-338021000.0,202763000.0,0.0,-119663000.0,-81402000.0,0.0,258459000.0,445000.0,189526000.0,189526000.0,189526000.0,0.0,-5000.0,0.135,498621000.0,275622000.0,42794000.0,0.0,12.23,33.052,33.536,282226000.0,0.0,60.7,4.458,4.46,179919000.0,1539978000.0,1405156000.0,1405156000.0,89359000.0,0.156,0.358,0.473,0.198,1103000.0,409262000.0,1.0,103199726.0,103234000.0,104676000.0,13.611,1024577000.0,32005000.0,80687000.0,31785000.0,9.925,165993000.0
30,IDXX,MRT,2013-12-31,2013-12-31,2013-12-31,2021-08-02,13622000.0,1230516000.0,1180615750.0,652706000.0,577810000.0,1.166,4.874,-78636000.0,279058000.0,279058000.0,620940000.0,187794000.0,1.364,1.375,428394000.0,278035000.0,150359000.0,428394000.0,39885000.0,54596000.0,0.0,0.0,0.0,268653000.0,323249000.0,0.235,323249000.0,268653000.0,263267000.0,1.77,1.74,1.77,518186000.0,558458000.0,518186000.0,5654022096.0,21.0,17.491,167360000.0,1.574,1.0,756118000.0,0.549,239365000.0,5386000.0,662134000.0,537736000.0,133427000.0,0.0,0.0,0.0,712302000.0,478353000.0,233949000.0,5519990096.0,55072000.0,-7423000.0,-329526000.0,212917000.0,0.0,-102451000.0,-86059000.0,0.0,245996000.0,-2414000.0,187800000.0,187800000.0,187800000.0,0.0,-6000.0,0.136,489356000.0,266762000.0,29941000.0,0.0,10.653,29.393,30.048,281214000.0,0.0,53.185,4.009,4.106,158038000.0,1493393000.0,1377058000.0,1377058000.0,88003000.0,0.159,0.336,0.5,0.195,2381000.0,401353000.0,1.0,103788476.0,106318000.0,107970000.0,12.952,991151000.0,33226000.0,75467000.0,33948000.0,9.323,174353000.0
31,IDXX,MRT,2013-09-30,2013-09-30,2013-09-30,2021-08-02,15562000.0,1195238000.0,1148887250.0,625223000.0,570015000.0,1.169,5.099,-77771000.0,264811000.0,264811000.0,606019000.0,187918000.0,1.054,1.235,398843000.0,398219000.0,624000.0,398843000.0,37570000.0,55048000.0,0.0,0.0,0.0,270699000.0,325747000.0,0.243,325747000.0,270699000.0,266366000.0,1.745,1.715,1.745,534846000.0,587967250.0,534846000.0,5354426420.0,20.0,16.437,171730000.0,1.637,1.0,736505000.0,0.549,242375000.0,4333000.0,493943000.0,484691750.0,145987000.0,0.0,0.0,0.0,660343000.0,592952000.0,67391000.0,5235918420.0,43370000.0,-9259000.0,-295282000.0,164107000.0,0.0,-119243000.0,-86130000.0,0.0,249501000.0,-758000.0,187897000.0,187897000.0,187897000.0,0.0,21000.0,0.14,467642000.0,268863000.0,38131000.0,0.0,9.79,27.866,28.553,274158000.0,0.0,49.825,3.9,3.893,151568000.0,1450135000.0,1342524000.0,1342524000.0,86557000.0,0.164,0.32,0.558,0.202,4601000.0,381085000.0,1.0,105086170.0,104900000.0,106484000.0,12.798,952863000.0,27304000.0,78469000.0,22863000.0,9.084,32271000.0
32,IDXX,MRT,2013-06-30,2013-06-30,2013-06-30,2021-08-02,10493000.0,1164071000.0,1123415500.0,614902000.0,549169000.0,1.175,5.12,-80157000.0,251013000.0,251013000.0,598345000.0,185099000.0,1.115,1.118,369521000.0,368637000.0,884000.0,369521000.0,35602000.0,54074000.0,0.0,0.0,0.0,268127000.0,322201000.0,0.244,322201000.0,268127000.0,264384000.0,1.7,1.665,1.7,549546000.0,608632500.0,549546000.0,4886395007.0,18.0,15.166,165935000.0,1.546,1.0,721357000.0,0.547,229506000.0,3743000.0,501402000.0,474411750.0,140938000.0,0.0,0.0,0.0,614480000.0,551671000.0,62809000.0,4852496007.0,49200000.0,842000.0,-253258000.0,122555000.0,0.0,-116143000.0,-79315000.0,0.0,246092000.0,-1434000.0,185062000.0,185062000.0,185062000.0,0.0,37000.0,0.14,455067000.0,266290000.0,37584000.0,0.0,8.83,26.221,26.379,266494000.0,0.0,44.845,3.677,3.648,159119000.0,1404448000.0,1319702000.0,1319702000.0,85338000.0,0.165,0.304,0.565,0.203,1828000.0,369729000.0,1.0,108205954.0,107340000.0,108772000.0,12.295,934565000.0,26372000.0,79322000.0,22543000.0,8.707,63231000.0
33,IDXX,MRT,2013-03-31,2013-03-31,2013-03-31,2021-08-02,11687000.0,1132638000.0,1099227000.0,594395000.0,538243000.0,1.185,5.782,-68920000.0,228364000.0,228364000.0,594420000.0,182420000.0,1.352,0.794,262263000.0,261122000.0,1141000.0,262263000.0,34120000.0,53216000.0,0.0,0.0,0.0,265218000.0,318434000.0,0.244,318434000.0,265218000.0,261728000.0,1.66,1.625,1.66,631254000.0,618729250.0,631254000.0,5033100592.0,19.0,15.806,159359000.0,1.46,1.0,708348000.0,0.544,233495000.0,3490000.0,493465000.0,463502000.0,148242000.0,0.0,0.0,0.0,501343000.0,439577000.0,61766000.0,5042585592.0,42873000.0,842000.0,-137064000.0,5069000.0,0.0,-116527000.0,-68078000.0,0.0,228279000.0,-801000.0,182384000.0,182384000.0,182384000.0,0.0,36000.0,0.14,445004000.0,263344000.0,38716000.0,0.0,7.988,27.648,27.828,253742000.0,0.0,46.195,3.871,3.871,158988000.0,1350453000.0,1302768000.0,1302768000.0,83215000.0,0.166,0.295,0.572,0.204,624000.0,361789000.0,1.0,109158688.0,109176000.0,110980000.0,11.933,899143000.0,25719000.0,79344000.0,22955000.0,8.236,154818000.0
34,IDXX,MRT,2012-12-31,2012-12-31,2012-12-31,2021-08-02,15954000.0,1103602000.0,1081343750.0,569537000.0,534065000.0,1.196,5.785,-58473000.0,223986000.0,223986000.0,594190000.0,178287000.0,1.402,0.735,214501000.0,213107000.0,1394000.0,214501000.0,32884000.0,52408000.0,0.0,0.0,0.0,264445000.0,316853000.0,0.245,316853000.0,264445000.0,260597000.0,1.62,1.585,1.62,636223000.0,602634750.0,636223000.0,5086920539.0,19.0,16.055,163935000.0,1.491,1.0,699148000.0,0.541,237827000.0,3848000.0,449957000.0,453134000.0,140946000.0,0.0,0.0,0.0,467345000.0,406333000.0,61012000.0,5073625539.0,40091000.0,342000.0,-108102000.0,-31917000.0,0.0,-125343000.0,-58131000.0,0.0,222408000.0,1157000.0,178267000.0,178267000.0,178267000.0,0.0,20000.0,0.138,436585000.0,262563000.0,35288000.0,0.0,7.975,28.461,28.642,245177000.0,0.0,46.4,3.923,3.945,138324000.0,1305593000.0,1293338000.0,1293338000.0,82014000.0,0.165,0.296,0.584,0.204,1276000.0,354571000.0,1.0,109345378.0,109970000.0,112310000.0,11.761,865775000.0,27714000.0,82330000.0,23028000.0,7.873,163204000.0
35,IDXX,MRT,2012-09-30,2012-09-30,2012-09-30,2021-08-02,14579000.0,1093351000.0,1063146750.0,570774000.0,522577000.0,1.205,5.62,-53933000.0,221441000.0,221441000.0,592022000.0,172925000.0,1.373,0.771,234736000.0,232960000.0,1776000.0,234736000.0,31150000.0,51304000.0,0.0,0.0,0.0,256328000.0,307632000.0,0.24,307632000.0,256328000.0,252227000.0,1.565,1.53,1.565,617507000.0,578473750.0,617507000.0,5694878025.0,22.0,18.512,153950000.0,1.401,1.0,688979000.0,0.538,237977000.0,4101000.0,452823000.0,444304500.0,147474000.0,0.0,0.0,0.0,475816000.0,415846000.0,59970000.0,5649725025.0,39942000.0,-41157000.0,-160764000.0,77098000.0,0.0,-71486000.0,-95990000.0,0.0,207883000.0,-465000.0,172923000.0,172923000.0,172923000.0,0.0,2000.0,0.135,434544000.0,254435000.0,31728000.0,0.0,9.149,32.672,31.741,231639000.0,0.0,49.675,4.41,4.261,141374000.0,1262239000.0,1281001000.0,1281001000.0,81167000.0,0.163,0.299,0.577,0.2,3503000.0,353377000.0,1.0,113733770.0,109876000.0,112176000.0,11.659,855374000.0,25430000.0,79304000.0,20650000.0,7.785,154928000.0
36,IDXX,MRT,2012-06-30,2012-06-30,2012-06-30,2021-08-02,8858000.0,1067317000.0,1032108750.0,555307000.0,512010000.0,1.227,5.355,-49653000.0,201813000.0,201813000.0,589469000.0,168548000.0,1.325,0.809,246966000.0,244945000.0,2021000.0,246966000.0,29409000.0,50550000.0,0.0,0.0,0.0,249520000.0,300070000.0,0.237,300070000.0,249520000.0,245364000.0,1.515,1.48,1.515,589933000.0,570582500.0,589933000.0,5362449512.0,21.0,17.871,158750000.0,1.441,1.0,677011000.0,0.535,235556000.0,4156000.0,457763000.0,433184750.0,143703000.0,0.0,0.0,0.0,477376000.0,419151000.0,58225000.0,5290746512.0,42415000.0,-43757000.0,-192411000.0,110527000.0,0.0,-70785000.0,-93410000.0,0.0,208403000.0,-1793000.0,168577000.0,168577000.0,168577000.0,0.0,-29000.0,0.133,429392000.0,247619000.0,29706000.0,0.0,8.968,31.385,31.726,220580000.0,0.0,48.065,4.178,4.181,147159000.0,1219386000.0,1266480000.0,1266480000.0,80224000.0,0.163,0.295,0.576,0.197,4568000.0,349168000.0,1.0,110074826.0,110158000.0,112422000.0,11.497,831761000.0,25118000.0,76787000.0,21557000.0,7.551,136156000.0
37,IDXX,MRT,2012-03-31,2012-03-31,2012-03-31,2021-08-02,19481000.0,1061105000.0,1002923250.0,544866000.0,516239000.0,1.245,5.134,-51303000.0,185491000.0,185491000.0,582338000.0,165882000.0,1.246,0.872,257194000.0,254931000.0,2263000.0,257194000.0,27722000.0,49443000.0,0.0,0.0,0.0,244946000.0,294389000.0,0.236,294389000.0,244946000.0,240934000.0,1.475,1.44,1.475,566876000.0,575292750.0,566876000.0,4876999235.0,20.0,16.567,156576000.0,1.418,1.0,666355000.0,0.534,243531000.0,4012000.0,451993000.0,424296250.0,141104000.0,0.0,0.0,0.0,494224000.0,437284000.0,56940000.0,4814476235.0,32032000.0,-43757000.0,-220791000.0,126513000.0,0.0,-80771000.0,-95060000.0,0.0,207879000.0,-16000.0,165917000.0,165917000.0,165917000.0,0.0,-35000.0,0.133,423255000.0,243100000.0,40614000.0,0.0,8.493,29.017,29.644,216927000.0,0.0,43.725,3.856,3.866,160981000.0,1168069000.0,1248693000.0,1248693000.0,78787000.0,0.165,0.288,0.577,0.196,1833000.0,344468000.0,1.0,110108090.0,110416000.0,112878000.0,11.309,817574000.0,23832000.0,75017000.0,22581000.0,7.404,107582000.0
38,IDXX,MRT,2011-12-31,2011-12-31,2011-12-31,2021-08-02,15443000.0,1030814000.0,965016500.0,524227000.0,506587000.0,1.263,4.751,-50452000.0,183895000.0,183895000.0,572183000.0,161754000.0,1.2,0.91,246418000.0,243917000.0,2501000.0,246418000.0,25851000.0,48202000.0,0.0,0.0,0.0,238001000.0,286203000.0,0.235,286203000.0,238001000.0,234454000.0,1.425,1.39,1.425,539579000.0,582790750.0,539579000.0,4297340720.0,18.0,15.015,167461000.0,1.474,1.0,646506000.0,0.53,241819000.0,3547000.0,414639000.0,413022250.0,133099000.0,0.0,0.0,0.0,491221000.0,436879000.0,54342000.0,4321201720.0,26980000.0,-43757000.0,-226704000.0,113040000.0,0.0,-97657000.0,-94209000.0,0.0,217913000.0,933000.0,161786000.0,161786000.0,161786000.0,0.0,-32000.0,0.133,410281000.0,236225000.0,36551000.0,0.0,8.008,26.709,27.004,216777000.0,0.0,38.48,3.546,3.586,141275000.0,1127326000.0,1218689000.0,1218689000.0,76042000.0,0.168,0.278,0.576,0.195,-511000.0,334239000.0,1.0,112297342.0,113580000.0,116428000.0,10.73,788995000.0,25637000.0,72668000.0,23288000.0,6.947,87348000.0
39,IDXX,MRT,2011-09-30,2011-09-30,2011-09-30,2021-08-02,18709000.0,969199000.0,931599000.0,510752000.0,458447000.0,1.283,5.167,-50334000.0,181499000.0,181499000.0,562849000.0,160136000.0,1.518,0.654,157638000.0,154903000.0,2735000.0,157638000.0,21737000.0,47227000.0,0.0,0.0,0.0,233315000.0,280542000.0,0.235,280542000.0,233315000.0,230203000.0,1.4,1.36,1.4,585942000.0,591454750.0,585942000.0,3897539232.0,17.0,13.893,162034000.0,1.429,1.0,632396000.0,0.529,200625000.0,3112000.0,408344000.0,405245750.0,137143000.0,0.0,0.0,0.0,383231000.0,336369000.0,46862000.0,3920533232.0,47987000.0,400000.0,-159059000.0,27060000.0,0.0,-113157000.0,-53690000.0,-4000000.0,212368000.0,2466000.0,160147000.0,160147000.0,160147000.0,0.0,-11000.0,0.134,400666000.0,231730000.0,31032000.0,0.0,6.691,24.481,24.632,213868000.0,0.0,34.485,3.28,3.272,134923000.0,1089316000.0,1195245000.0,1195245000.0,73318000.0,0.172,0.271,0.576,0.195,-3870000.0,327348000.0,1.0,113688074.0,113398000.0,116014000.0,10.54,768574000.0,27253000.0,70056000.0,20746000.0,6.778,174383000.0
40,IDXX,MRT,2011-06-30,2011-06-30,2011-06-30,2021-08-02,26468000.0,950575000.0,904873500.0,493571000.0,457004000.0,1.286,5.314,-47628000.0,159398000.0,159398000.0,547983000.0,156355000.0,1.656,0.561,136404000.0,133438000.0,2966000.0,136404000.0,19468000.0,46667000.0,0.0,0.0,0.0,226687000.0,273354000.0,0.235,273354000.0,226687000.0,223816000.0,1.36,1.325,1.36,608774000.0,581622750.0,608774000.0,4424816601.0,20.0,16.187,144430000.0,1.261,1.0,615936000.0,0.529,207235000.0,2871000.0,422209000.0,398685250.0,133934000.0,0.0,0.0,0.0,341764000.0,298137000.0,43627000.0,4447614601.0,41423000.0,3000000.0,-125999000.0,-2308000.0,0.0,-108699000.0,-48628000.0,-4000000.0,192058000.0,6692000.0,156334000.0,156334000.0,156334000.0,0.0,21000.0,0.134,390488000.0,225448000.0,29888000.0,0.0,7.306,28.449,28.515,210163000.0,0.0,38.78,3.821,3.817,149314000.0,1050809000.0,1163919000.0,1163919000.0,71115000.0,0.173,0.269,0.569,0.195,-5447000.0,319373000.0,1.0,114688360.0,114552000.0,117454000.0,10.161,743340000.0,26891000.0,67482000.0,21152000.0,6.489,195434000.0
41,IDXX,MRT,2011-03-31,2011-03-31,2011-03-31,2021-08-02,19587000.0,909478000.0,875663500.0,465441000.0,444037000.0,1.288,5.194,-40093000.0,153459000.0,153459000.0,536352000.0,144898000.0,1.708,0.524,130661000.0,127467000.0,3194000.0,130661000.0,18633000.0,46174000.0,0.0,0.0,0.0,209936000.0,256110000.0,0.227,256110000.0,209936000.0,207158000.0,1.255,1.22,1.255,596868000.0,560494500.0,596868000.0,4403799878.0,21.0,17.195,144753000.0,1.26,1.0,591187000.0,0.524,207213000.0,2778000.0,406897000.0,388630750.0,127054000.0,0.0,0.0,0.0,312570000.0,272570000.0,40000000.0,4427434878.0,47105000.0,3000000.0,-90751000.0,-31690000.0,0.0,-100615000.0,-41093000.0,-4000000.0,184846000.0,3967000.0,144870000.0,144870000.0,144870000.0,0.0,28000.0,0.128,382202000.0,208985000.0,23334000.0,0.0,7.418,30.561,30.765,202748000.0,0.0,38.61,3.927,3.935,137551000.0,1002152000.0,1127539000.0,1127539000.0,69700000.0,0.165,0.258,0.54,0.186,-7943000.0,312502000.0,1.0,114670678.0,114914000.0,118180000.0,9.812,702265000.0,25990000.0,62288000.0,20008000.0,6.111,192871000.0
42,IDXX,MRT,2010-12-31,2010-12-31,2010-12-31,2021-08-02,13467000.0,897144000.0,854365000.0,460591000.0,436553000.0,1.291,4.975,-39190000.0,156915000.0,156915000.0,524769000.0,141320000.0,1.615,0.562,133280000.0,129862000.0,3418000.0,133280000.0,18610000.0,45956000.0,0.0,0.0,0.0,204508000.0,250464000.0,0.227,250464000.0,204508000.0,202093000.0,1.225,1.185,1.225,574235000.0,535557500.0,574235000.0,3977303351.0,19.0,15.88,139643000.0,1.21,1.0,578623000.0,0.524,204864000.0,2415000.0,383533000.0,382708500.0,127885000.0,0.0,0.0,0.0,322863000.0,285112000.0,37751000.0,3980414351.0,50187000.0,0.0,-114225000.0,9330000.0,0.0,-86769000.0,-43190000.0,-4000000.0,178833000.0,1313000.0,141284000.0,141284000.0,141284000.0,0.0,36000.0,0.128,374742000.0,203881000.0,22669000.0,0.0,6.932,28.173,28.253,201725000.0,0.0,34.61,3.607,3.621,120080000.0,965540000.0,1103392000.0,1103392000.0,68597000.0,0.165,0.264,0.534,0.185,-4864000.0,306145000.0,1.0,115007638.0,115426000.0,119118000.0,9.559,692280000.0,26203000.0,60809000.0,18661000.0,5.998,175479000.0
43,IDXX,MRT,2010-09-30,2010-09-30,2010-09-30,2021-08-02,11429000.0,862297000.0,832210750.0,429911000.0,432386000.0,1.31,4.743,-42838000.0,133512000.0,133512000.0,523187000.0,135901000.0,1.587,0.577,130401000.0,126762000.0,3639000.0,130401000.0,18870000.0,46672000.0,0.0,0.0,0.0,197652000.0,244324000.0,0.224,244324000.0,197652000.0,195530000.0,1.17,1.135,1.17,546614000.0,520641000.0,546614000.0,3582186432.0,18.0,14.662,146594000.0,1.272,1.0,566783000.0,0.52,206151000.0,2122000.0,382102000.0,376016750.0,131555000.0,0.0,0.0,0.0,315645000.0,270933000.0,44712000.0,3561605432.0,26784000.0,766000.0,-116973000.0,-17697000.0,0.0,-120034000.0,-42816000.0,0.0,189432000.0,202000.0,135864000.0,135864000.0,135864000.0,0.0,37000.0,0.125,369559000.0,197224000.0,25273000.0,0.0,6.516,26.214,26.376,200610000.0,0.0,30.86,3.268,3.263,120454000.0,929169000.0,1089970000.0,1089970000.0,67126000.0,0.163,0.261,0.526,0.181,-2075000.0,302433000.0,1.0,115411712.0,115240000.0,118552000.0,9.458,656146000.0,24902000.0,59666000.0,20491000.0,5.694,158978000.0
44,IDXX,MRT,2010-06-30,2010-06-30,2010-06-30,2021-08-02,2924000.0,833735000.0,820358750.0,410552000.0,423183000.0,1.316,4.539,-45817000.0,117975000.0,117975000.0,524409000.0,132722000.0,1.514,0.59,138556000.0,134700000.0,3856000.0,138556000.0,18421000.0,47693000.0,0.0,0.0,0.0,191976000.0,239669000.0,0.222,239669000.0,191976000.0,190105000.0,1.14,1.1,1.14,524261000.0,508896000.0,524261000.0,3566938540.0,19.0,14.883,133339000.0,1.155,1.0,555053000.0,0.514,201125000.0,1871000.0,381991000.0,391119000.0,122032000.0,0.0,0.0,0.0,309458000.0,271200000.0,38258000.0,3511009540.0,14231000.0,-5914000.0,-101174000.0,-22403000.0,0.0,-110366000.0,-52231000.0,0.0,179156000.0,-2328000.0,132706000.0,132706000.0,132706000.0,0.0,16000.0,0.123,363438000.0,191615000.0,23190000.0,0.0,6.697,26.457,26.711,196714000.0,0.0,30.45,3.253,3.258,127138000.0,894475000.0,1079462000.0,1079462000.0,66506000.0,0.162,0.261,0.491,0.178,-927000.0,296932000.0,1.0,115304090.0,115494000.0,119292000.0,9.346,632610000.0,23433000.0,57399000.0,17940000.0,5.477,139352000.0
45,IDXX,MRT,2010-03-31,2010-03-31,2010-03-31,2021-08-02,6543000.0,824284000.0,811552500.0,398369000.0,425915000.0,1.311,4.283,-48918000.0,106354000.0,106354000.0,519494000.0,129192000.0,1.378,0.658,162283000.0,158213000.0,4070000.0,162283000.0,16655000.0,48463000.0,0.0,0.0,0.0,186239000.0,234702000.0,0.221,234702000.0,186239000.0,184598000.0,1.105,1.065,1.105,497120000.0,495474250.0,497120000.0,3358584908.0,18.0,14.31,132615000.0,1.143,1.0,544209000.0,0.512,207838000.0,1641000.0,383208000.0,404184750.0,122384000.0,0.0,0.0,0.0,327152000.0,289167000.0,37985000.0,3341428908.0,20059000.0,-5914000.0,-106273000.0,-10262000.0,0.0,-108184000.0,-55332000.0,0.0,181533000.0,2042000.0,129180000.0,129180000.0,129180000.0,0.0,12000.0,0.121,358253000.0,185956000.0,24104000.0,0.0,6.722,25.866,26.041,197063000.0,0.0,28.775,3.141,3.14,130519000.0,857282000.0,1063703000.0,1063703000.0,65894000.0,0.159,0.261,0.461,0.175,3686000.0,292359000.0,1.0,116122638.0,116066000.0,120058000.0,9.165,616446000.0,22872000.0,55418000.0,17795000.0,5.311,109202000.0
46,IDXX,MRT,2009-12-31,2009-12-31,2009-12-31,2021-08-02,10341000.0,808527000.0,798107500.0,376338000.0,432189000.0,1.293,4.375,-48584000.0,106728000.0,106728000.0,505352000.0,122235000.0,1.468,0.571,123884000.0,119603000.0,4281000.0,123884000.0,16423000.0,49773000.0,0.0,0.0,0.0,176445000.0,226218000.0,0.219,226218000.0,176445000.0,174529000.0,1.04,1.005,1.04,514569000.0,482651250.0,514569000.0,3172906745.0,18.0,14.026,126368000.0,1.074,1.0,526281000.0,0.51,212612000.0,1916000.0,356766000.0,399009750.0,110425000.0,0.0,0.0,0.0,293948000.0,256305000.0,37643000.0,3131747745.0,27860000.0,-4537000.0,-66733000.0,-33756000.0,0.0,-95295000.0,-53621000.0,0.0,174952000.0,1824000.0,122225000.0,122225000.0,122225000.0,0.0,10000.0,0.118,350312000.0,175969000.0,19133000.0,0.0,6.086,25.623,25.697,199946000.0,0.0,26.725,3.036,3.047,115107000.0,824256000.0,1031633000.0,1031633000.0,65124000.0,0.153,0.253,0.442,0.171,6429000.0,285188000.0,1.0,117184200.0,117618000.0,121364000.0,8.771,595915000.0,25188000.0,52304000.0,18283000.0,5.067,120033000.0
47,IDXX,MRT,2009-09-30,2009-09-30,2009-09-30,2021-08-02,8440000.0,814889000.0,787335000.0,385727000.0,429162000.0,1.276,4.259,-58735000.0,106728000.0,106728000.0,490720000.0,114829000.0,1.943,0.631,147887000.0,63398000.0,84489000.0,147887000.0,14826000.0,49685000.0,0.0,0.0,0.0,168541000.0,218226000.0,0.217,218226000.0,168541000.0,165903000.0,0.975,0.945,0.975,499634000.0,463557500.0,499634000.0,2986425850.0,18.0,13.685,90262000.0,0.769,1.0,513871000.0,0.512,214974000.0,2638000.0,442511000.0,394983500.0,124488000.0,0.0,0.0,0.0,315255000.0,198563000.0,116692000.0,2929889850.0,22142000.0,6480000.0,-53271000.0,-22131000.0,0.0,-71220000.0,-57013000.0,0.0,148997000.0,1378000.0,114829000.0,114829000.0,114829000.0,0.0,0.0,0.114,346200000.0,167671000.0,21465000.0,0.0,5.864,25.515,25.641,196542000.0,0.0,25.0,2.917,2.919,115141000.0,793305000.0,1004591000.0,1004591000.0,66300000.0,0.146,0.248,0.427,0.168,7085000.0,279900000.0,1.0,117195594.0,117312000.0,121336000.0,8.563,599915000.0,23377000.0,51074000.0,22345000.0,5.114,187164000.0
48,IDXX,MRT,2009-06-30,2009-06-30,2009-06-30,2021-08-02,4766000.0,798510000.0,778286000.0,384337000.0,414173000.0,1.28,3.994,-67262000.0,103744000.0,103744000.0,485021000.0,108992000.0,1.803,0.697,160280000.0,75586000.0,84694000.0,160280000.0,14718000.0,49200000.0,0.0,0.0,0.0,163967000.0,213167000.0,0.214,213167000.0,163967000.0,160523000.0,0.92,0.895,0.92,470574000.0,447980750.0,470574000.0,2811299666.0,17.0,13.188,78787000.0,0.669,1.0,511543000.0,0.513,207682000.0,3444000.0,434254000.0,365563500.0,122924000.0,0.0,0.0,0.0,327936000.0,213110000.0,114826000.0,2726404666.0,28479000.0,13025000.0,-55662000.0,-3290000.0,0.0,-54558000.0,-58995000.0,0.0,146049000.0,-4017000.0,108992000.0,108992000.0,108992000.0,0.0,0.0,0.109,349080000.0,162463000.0,26472000.0,0.0,5.794,25.015,25.109,189660000.0,0.0,23.1,2.736,2.731,118782000.0,761769000.0,996564000.0,996564000.0,67637000.0,0.14,0.243,0.449,0.165,6450000.0,281443000.0,1.0,118026176.0,117822000.0,121394000.0,8.458,590828000.0,22710000.0,51531000.0,24812000.0,5.015,171227000.0
49,IDXX,MRT,2009-03-31,2009-03-31,2009-03-31,2021-08-02,-2981000.0,770504000.0,769880750.0,367783000.0,402721000.0,1.314,3.767,-80952000.0,86295000.0,86295000.0,487048000.0,114689000.0,1.259,0.728,171190000.0,166294000.0,4896000.0,171190000.0,14653000.0,49145000.0,0.0,0.0,0.0,174196000.0,223341000.0,0.221,223341000.0,174196000.0,169998000.0,0.965,0.935,0.965,445828000.0,437452500.0,445828000.0,2122288673.0,12.0,9.502,77769000.0,0.657,1.0,524363000.0,0.518,200748000.0,4198000.0,362508000.0,335125000.0,123575000.0,0.0,0.0,0.0,324676000.0,292143000.0,32533000.0,2044677673.0,26075000.0,12044000.0,-82306000.0,26019000.0,0.0,-52273000.0,-73666000.0,0.0,158721000.0,-6707000.0,114689000.0,114689000.0,114689000.0,0.0,0.0,0.113,352185000.0,172178000.0,23541000.0,0.0,4.586,17.828,17.917,186708000.0,0.0,17.29,2.022,2.023,115253000.0,728102000.0,1011411000.0,1011411000.0,69317000.0,0.149,0.262,0.52,0.172,6539000.0,282868000.0,1.0,118257818.0,118344000.0,121212000.0,8.546,569756000.0,20915000.0,55309000.0,30090000.0,4.814,75640000.0
50,IDXX,MRT,2008-12-31,2008-12-31,2008-12-31,2021-08-02,5675000.0,765437000.0,761469000.0,355890000.0,409547000.0,1.345,3.654,-89971000.0,78868000.0,78868000.0,494264000.0,116169000.0,1.205,0.747,156479000.0,151385000.0,5094000.0,156479000.0,15072000.0,47984000.0,0.0,0.0,0.0,174776000.0,222760000.0,0.218,222760000.0,174776000.0,170187000.0,0.97,0.935,0.97,438194000.0,434404500.0,438194000.0,2234190682.0,13.0,10.03,53337000.0,0.445,1.0,529766000.0,0.517,207095000.0,4589000.0,340661000.0,322761000.0,115926000.0,0.0,0.0,0.0,327243000.0,295292000.0,31951000.0,2148923682.0,18508000.0,3134000.0,-115982000.0,78955000.0,0.0,-30790000.0,-91595000.0,0.0,143308000.0,-2415000.0,116169000.0,116169000.0,116169000.0,0.0,0.0,0.113,357310000.0,172456000.0,28006000.0,0.0,4.904,18.498,18.598,189646000.0,0.0,18.04,2.098,2.112,111498000.0,702031000.0,1024030000.0,1024030000.0,70673000.0,0.153,0.267,0.542,0.171,4264000.0,286637000.0,1.0,119119938.0,119906000.0,124498000.0,8.54,558342000.0,21477000.0,54018000.0,25257000.0,4.656,60598000.0
51,IDXX,MRT,2008-09-30,2008-09-30,2008-09-30,2021-08-02,23097000.0,778693000.0,745654500.0,353377000.0,425316000.0,1.376,3.677,-89323000.0,84586000.0,84586000.0,494217000.0,118142000.0,1.148,0.781,169853000.0,164696000.0,5157000.0,169853000.0,16125000.0,46937000.0,0.0,0.0,0.0,176017000.0,222954000.0,0.217,222954000.0,176017000.0,171642000.0,0.98,0.94,0.98,437327000.0,434436750.0,437327000.0,3345932366.0,19.0,15.007,60865000.0,0.512,1.0,531489000.0,0.518,231379000.0,4375000.0,324831000.0,302769750.0,112907000.0,0.0,0.0,0.0,341366000.0,307750000.0,33616000.0,3257132366.0,26079000.0,-10795000.0,-123433000.0,92730000.0,0.0,-23074000.0,-100118000.0,0.0,150188000.0,-917000.0,118142000.0,118142000.0,118142000.0,0.0,0.0,0.115,358140000.0,173349000.0,28937000.0,0.0,7.448,27.57,27.959,178655000.0,0.0,27.4,3.176,3.177,112053000.0,678476000.0,1025706000.0,1025706000.0,70258000.0,0.158,0.272,0.581,0.172,2656000.0,287882000.0,1.0,118873444.0,118946000.0,123730000.0,8.623,547314000.0,24207000.0,53500000.0,23697000.0,4.601,45627000.0
52,IDXX,MRT,2008-06-30,2008-06-30,2008-06-30,2021-08-02,31011000.0,764889000.0,719539500.0,339064000.0,425825000.0,1.395,3.569,-82477000.0,75265000.0,75265000.0,482180000.0,118238000.0,1.134,0.785,164065000.0,158715000.0,5350000.0,164065000.0,16873000.0,45183000.0,0.0,0.0,0.0,173122000.0,218305000.0,0.217,218305000.0,173122000.0,168787000.0,0.975,0.93,0.975,428461000.0,430140000.0,428461000.0,3025051002.0,17.0,13.857,58070000.0,0.484,1.0,521818000.0,0.52,242137000.0,4335000.0,312500000.0,285206000.0,106182000.0,0.0,0.0,0.0,336428000.0,299052000.0,37376000.0,2939049002.0,25677000.0,-12891000.0,-110475000.0,77798000.0,0.0,-24282000.0,-95368000.0,0.0,140547000.0,4780000.0,118238000.0,118238000.0,118238000.0,0.0,0.0,0.118,351369000.0,170449000.0,25357000.0,0.0,6.86,24.857,24.995,166604000.0,0.0,24.37,2.927,2.914,120565000.0,652777000.0,1003998000.0,1003998000.0,69619000.0,0.164,0.275,0.607,0.172,1866000.0,281750000.0,1.0,120601108.0,120058000.0,124880000.0,8.363,522752000.0,24033000.0,50549000.0,24995000.0,4.354,40012000.0
53,IDXX,MRT,2008-03-31,2008-03-31,2008-03-31,2021-08-02,31372000.0,736857000.0,689859500.0,322366000.0,414491000.0,1.392,3.562,-72789000.0,60220000.0,60220000.0,475695000.0,100538000.0,1.216,0.699,146222000.0,140682000.0,5540000.0,146222000.0,16814000.0,43306000.0,0.0,0.0,0.0,146748000.0,190054000.0,0.198,190054000.0,146748000.0,142172000.0,0.82,0.785,0.82,433636000.0,419162750.0,433636000.0,3020932064.0,21.0,15.895,61336000.0,0.504,1.0,484779000.0,0.505,244781000.0,4576000.0,313052000.0,267828250.0,99878000.0,0.0,0.0,0.0,303221000.0,265026000.0,38195000.0,3002609064.0,6283000.0,-17106000.0,-116327000.0,64569000.0,0.0,-43111000.0,-89895000.0,0.0,134125000.0,5164000.0,100538000.0,100538000.0,100538000.0,0.0,0.0,0.105,340754000.0,144025000.0,25301000.0,0.0,6.924,29.865,30.037,151094000.0,0.0,24.63,3.126,3.122,125245000.0,613413000.0,960474000.0,960474000.0,68662000.0,0.146,0.24,0.548,0.153,591000.0,272092000.0,1.0,121908610.0,121730000.0,127116000.0,7.89,492076000.0,24893000.0,41634000.0,24047000.0,4.042,57340000.0
54,IDXX,MRT,2007-12-31,2007-12-31,2007-12-31,2021-08-02,22705000.0,702179000.0,667268750.0,305663000.0,396516000.0,1.383,3.56,-66244000.0,60360000.0,60360000.0,459033000.0,94014000.0,1.368,0.602,78683000.0,72956000.0,5727000.0,78683000.0,16888000.0,40958000.0,0.0,0.0,0.0,139022000.0,179980000.0,0.195,179980000.0,139022000.0,134843000.0,0.765,0.73,0.765,438323000.0,413774750.0,438323000.0,3615134534.0,26.0,20.086,68880000.0,0.559,1.0,463522000.0,0.502,236414000.0,4179000.0,260696000.0,254302250.0,98804000.0,0.0,0.0,0.0,263856000.0,223392000.0,40464000.0,3589740534.0,-1306000.0,-89884000.0,-97446000.0,69992000.0,0.0,-18187000.0,-121128000.0,35000000.0,135124000.0,2885000.0,94014000.0,94014000.0,94014000.0,0.0,0.0,0.102,327339000.0,136183000.0,32510000.0,0.0,8.19,38.183,38.32,141852000.0,0.0,29.315,3.891,3.912,108384000.0,585862000.0,922555000.0,922555000.0,67338000.0,0.141,0.227,0.547,0.151,-491000.0,260001000.0,1.0,122454052.0,123120000.0,128910000.0,7.493,465765000.0,23606000.0,40829000.0,32903000.0,3.783,82271000.0
55,IDXX,MRT,2007-09-30,2007-09-30,2007-09-30,2021-08-02,18186000.0,674233000.0,631614000.0,293749000.0,380484000.0,1.377,3.438,-54231000.0,58507000.0,58507000.0,432248000.0,93158000.0,1.404,0.605,83901000.0,77990000.0,5911000.0,83901000.0,17037000.0,37617000.0,0.0,0.0,0.0,131839000.0,169456000.0,0.195,169456000.0,131839000.0,128435000.0,0.753,0.718,0.753,420140000.0,406659250.0,420140000.0,3393516554.0,26.0,20.026,78933000.0,0.646,1.0,437547000.0,0.503,235881000.0,3404000.0,254576000.0,247152500.0,96273000.0,0.0,0.0,0.0,254093000.0,209170000.0,44923000.0,3352565554.0,7557000.0,-103591000.0,-91386000.0,68654000.0,0.0,-14528000.0,-114181000.0,43641000.0,133164000.0,3102000.0,93158000.0,93158000.0,93158000.0,0.0,0.0,0.107,308636000.0,128911000.0,21786000.0,0.0,7.98,35.988,36.384,126865000.0,0.0,27.398,3.854,3.849,103407000.0,560334000.0,869795000.0,869795000.0,64520000.0,0.147,0.229,0.533,0.152,1069000.0,244116000.0,1.0,122367572.0,122188000.0,127832000.0,7.118,438352000.0,24303000.0,35277000.0,23605000.0,3.588,84579000.0
56,IDXX,MRT,2007-06-30,2007-06-30,2007-06-30,2021-08-02,13131000.0,646169000.0,594298750.0,282468000.0,363701000.0,1.393,3.116,-46646000.0,49588000.0,49588000.0,410522000.0,92316000.0,1.323,0.68,90539000.0,84447000.0,6092000.0,90539000.0,16900000.0,34878000.0,0.0,0.0,0.0,130285000.0,165163000.0,0.2,165163000.0,130285000.0,127924000.0,0.742,0.708,0.742,384552000.0,398520500.0,384552000.0,2959603812.0,23.0,17.919,81109000.0,0.657,1.0,417268000.0,0.504,230562000.0,2361000.0,242989000.0,241472750.0,91551000.0,0.0,0.0,0.0,261617000.0,213569000.0,48048000.0,2931365812.0,-435000.0,-102482000.0,-92934000.0,77555000.0,0.0,-7837000.0,-122082000.0,27046000.0,127755000.0,1729000.0,92316000.0,92316000.0,92316000.0,0.0,0.0,0.112,289992000.0,127276000.0,28366000.0,0.0,7.623,31.754,31.883,117806000.0,0.0,23.657,3.541,3.526,106684000.0,534539000.0,827790000.0,827790000.0,60935000.0,0.155,0.232,0.54,0.157,1855000.0,229057000.0,1.0,123908520.0,123394000.0,128800000.0,6.709,415607000.0,22852000.0,35608000.0,25774000.0,3.368,68899000.0
57,IDXX,MRT,2007-03-31,2007-03-31,2007-03-31,2021-08-02,11689000.0,646494000.0,558101000.0,296756000.0,349738000.0,1.401,3.309,-49526000.0,53937000.0,53937000.0,380025000.0,96432000.0,1.575,0.569,82175000.0,75904000.0,6271000.0,82175000.0,16019000.0,32205000.0,0.0,0.0,0.0,134933000.0,167138000.0,0.214,167138000.0,134933000.0,133950000.0,0.773,0.733,0.773,412084000.0,391641000.0,412084000.0,2674126631.0,20.0,16.0,61533000.0,0.494,1.0,402083000.0,0.514,227369000.0,983000.0,258948000.0,231338250.0,106373000.0,0.0,0.0,0.0,234410000.0,188415000.0,45995000.0,2728667631.0,18598000.0,-104895000.0,-78589000.0,72862000.0,0.0,2003000.0,-96720000.0,57701000.0,111059000.0,2256000.0,96432000.0,96432000.0,96432000.0,0.0,0.0,0.123,270248000.0,131835000.0,27316000.0,0.0,6.622,28.296,28.341,108796000.0,0.0,21.907,3.489,3.489,104791000.0,512875000.0,782108000.0,782108000.0,56910000.0,0.173,0.246,0.583,0.173,2685000.0,213338000.0,1.0,124554040.0,124548000.0,130166000.0,6.28,419125000.0,21125000.0,37518000.0,17211000.0,3.365,108341000.0
58,IDXX,MRT,2006-12-31,2006-12-31,2006-12-31,2021-08-02,10566000.0,559560000.0,515288000.0,302263000.0,257297000.0,1.434,3.26,-46135000.0,61666000.0,61666000.0,359588000.0,93678000.0,2.423,0.365,7125000.0,678000.0,6447000.0,7125000.0,15810000.0,29816000.0,0.0,0.0,0.0,131364000.0,161180000.0,0.218,161180000.0,131364000.0,130902000.0,0.745,0.71,0.745,409861000.0,379384750.0,409861000.0,2438330954.0,19.0,15.128,63691000.0,0.507,1.0,379529000.0,0.513,148179000.0,462000.0,232097000.0,222171250.0,95996000.0,35000000.0,35000000.0,0.0,149699000.0,124743000.0,24956000.0,2481990954.0,-5485000.0,-25220000.0,-84789000.0,-877000.0,0.0,-76259000.0,-40700000.0,30655000.0,109826000.0,1648000.0,93678000.0,93678000.0,93678000.0,0.0,0.0,0.127,251596000.0,127933000.0,24374000.0,0.0,6.056,26.495,26.611,99628000.0,0.0,19.825,3.358,3.372,81389000.0,490614000.0,739117000.0,739117000.0,53617000.0,0.182,0.247,0.591,0.178,1435000.0,197979000.0,1.0,125195004.0,125732000.0,131814000.0,5.879,411381000.0,16884000.0,37224000.0,25619000.0,3.272,177520000.0
59,IDXX,MRT,2006-09-30,2006-09-30,2006-09-30,2021-08-02,6588000.0,524972000.0,498067000.0,291894000.0,233078000.0,1.433,3.105,-40937000.0,50950000.0,50950000.0,345702000.0,89033000.0,2.501,0.354,7290000.0,665000.0,6625000.0,7290000.0,15761000.0,28210000.0,0.0,0.0,0.0,132148000.0,160358000.0,0.225,160358000.0,132148000.0,131751000.0,0.702,0.672,0.702,387585000.0,369172000.0,387585000.0,2796018756.0,21.0,17.436,70522000.0,0.565,1.0,368176000.0,0.516,132723000.0,397000.0,231857000.0,213838000.0,93242000.0,43641000.0,43641000.0,0.0,137387000.0,116732000.0,20655000.0,2838591756.0,-6818000.0,-10565000.0,-106058000.0,-713000.0,0.0,-98024000.0,-21302000.0,30200000.0,111459000.0,1049000.0,89033000.0,89033000.0,89033000.0,0.0,0.0,0.125,239529000.0,128647000.0,23193000.0,0.0,7.324,31.882,32.457,91165000.0,0.0,22.785,3.976,3.985,79301000.0,465942000.0,713878000.0,713878000.0,50302000.0,0.179,0.241,0.618,0.185,1323000.0,189227000.0,1.0,124581600.0,124840000.0,130924000.0,5.718,392249000.0,13967000.0,42718000.0,22071000.0,3.142,175162000.0
60,IDXX,MRT,2006-06-30,2006-06-30,2006-06-30,2021-08-02,3788000.0,501378000.0,489981500.0,271794000.0,229584000.0,1.397,2.837,-38526000.0,50023000.0,50023000.0,333261000.0,84684000.0,2.204,0.404,7450000.0,655000.0,6795000.0,7450000.0,16159000.0,26625000.0,0.0,0.0,0.0,128080000.0,154705000.0,0.226,154705000.0,128080000.0,127831000.0,0.66,0.635,0.66,357034000.0,367466750.0,357034000.0,2335485594.0,18.0,15.096,84729000.0,0.673,1.0,351306000.0,0.513,133033000.0,249000.0,202451000.0,210369250.0,85540000.0,27034000.0,27034000.0,0.0,144344000.0,123321000.0,21023000.0,2370824594.0,-2331000.0,-15190000.0,-135981000.0,-1434000.0,0.0,-131480000.0,5568000.0,59284000.0,123255000.0,326000.0,84684000.0,84684000.0,84684000.0,0.0,0.0,0.124,226998000.0,124308000.0,24240000.0,0.0,6.64,27.996,28.458,88795000.0,0.0,18.782,3.463,3.453,84473000.0,440989000.0,684567000.0,684567000.0,47149000.0,0.173,0.23,0.609,0.187,4031000.0,179849000.0,1.0,126225188.0,125868000.0,132056000.0,5.439,368345000.0,15180000.0,43147000.0,29258000.0,2.926,148473000.0
61,IDXX,MRT,2006-03-31,2006-03-31,2006-03-31,2021-08-02,514000.0,475242000.0,489699500.0,280959000.0,194283000.0,1.335,2.854,-26170000.0,35339000.0,35339000.0,320988000.0,78837000.0,2.856,0.309,0.0,0.0,0.0,0.0,15475000.0,25211000.0,0.0,0.0,0.0,120212000.0,145423000.0,0.222,145423000.0,120212000.0,120039000.0,0.607,0.587,0.607,363059000.0,376265500.0,363059000.0,2684156165.0,22.0,18.458,87077000.0,0.685,1.0,332845000.0,0.509,119255000.0,173000.0,222280000.0,219707250.0,81229000.0,57658000.0,57658000.0,0.0,112183000.0,98368000.0,13815000.0,2750756165.0,-9240000.0,-7581000.0,-110691000.0,-1337000.0,0.0,-107347000.0,-13648000.0,20103000.0,113247000.0,-1492000.0,78837000.0,78837000.0,78837000.0,0.0,0.0,0.121,216677000.0,116168000.0,25034000.0,0.0,7.577,34.892,35.568,67273000.0,0.0,21.59,4.207,4.2,81916000.0,415209000.0,653833000.0,653833000.0,43852000.0,0.161,0.21,0.547,0.184,5167000.0,172825000.0,1.0,127408808.0,127200000.0,133672000.0,5.14,355987000.0,14293000.0,41202000.0,19664000.0,2.799,182591000.0
62,IDXX,MRT,2005-12-31,2005-12-31,2005-12-31,2021-08-02,866000.0,490676000.0,492868500.0,299245000.0,191431000.0,1.295,2.837,-24063000.0,67151000.0,67151000.0,315195000.0,78254000.0,2.808,0.33,551000.0,551000.0,0.0,551000.0,15771000.0,24369000.0,0.0,0.0,0.0,119020000.0,143389000.0,0.225,143389000.0,119020000.0,118924000.0,0.6,0.575,0.6,369010000.0,382362000.0,369010000.0,2250102761.0,19.0,15.692,92489000.0,0.711,1.0,322900000.0,0.506,118746000.0,96000.0,198764000.0,223638250.0,69369000.0,65580000.0,65580000.0,0.0,121666000.0,106566000.0,15100000.0,2307328761.0,19995000.0,-7604000.0,-104928000.0,-2057000.0,0.0,-106985000.0,12594000.0,44261000.0,116552000.0,-2166000.0,78254000.0,78254000.0,78254000.0,0.0,0.0,0.123,207569000.0,115331000.0,19842000.0,0.0,6.253,29.485,29.992,65697000.0,0.0,17.995,3.616,3.669,71688000.0,396936000.0,638095000.0,638095000.0,40948000.0,0.159,0.205,0.532,0.187,7992000.0,166621000.0,1.0,128220548.0,130086000.0,136218000.0,4.905,371930000.0,13778000.0,40670000.0,25986000.0,2.859,192679000.0
63,IDXX,MRT,2005-09-30,2005-09-30,2005-09-30,2021-08-02,3518000.0,492630000.0,498758750.0,299676000.0,192954000.0,1.234,2.931,-23816000.0,57768000.0,57768000.0,308504000.0,75162000.0,3.073,0.294,542000.0,542000.0,0.0,542000.0,15170000.0,23133000.0,0.0,0.0,0.0,112033000.0,135166000.0,0.22,135166000.0,112033000.0,111867000.0,0.573,0.55,0.573,380764000.0,389524500.0,380764000.0,2125380561.0,19.0,15.724,79861000.0,0.615,1.0,306895000.0,0.499,119904000.0,166000.0,217982000.0,235058500.0,80206000.0,73740000.0,71688000.0,2052000.0,111866000.0,97518000.0,14348000.0,2177203561.0,-29066000.0,-53509000.0,-107220000.0,-2056000.0,0.0,-109276000.0,-23002000.0,54323000.0,103677000.0,-465000.0,75162000.0,75162000.0,75162000.0,0.0,0.0,0.122,198473000.0,108422000.0,18404000.0,0.0,5.718,28.967,29.18,64936000.0,0.0,16.72,3.538,3.53,68098000.0,376909000.0,615399000.0,615399000.0,39685000.0,0.151,0.193,0.477,0.182,6599000.0,158788000.0,1.0,130215524.0,129928000.0,136176000.0,4.736,372726000.0,11869000.0,36705000.0,21892000.0,2.869,202158000.0
64,IDXX,MRT,2005-06-30,2005-06-30,2005-06-30,2021-08-02,5027000.0,500250000.0,503702250.0,307331000.0,192919000.0,1.174,3.005,-24585000.0,52354000.0,52354000.0,294817000.0,74254000.0,3.296,0.275,531000.0,531000.0,0.0,531000.0,15290000.0,22318000.0,0.0,0.0,0.0,110214000.0,132532000.0,0.224,132532000.0,110214000.0,110059000.0,0.56,0.538,0.56,392229000.0,396515750.0,392229000.0,1987559941.0,18.0,14.997,64983000.0,0.498,1.0,296624000.0,0.502,115373000.0,155000.0,239803000.0,231414000.0,81765000.0,86186000.0,78603000.0,7583000.0,108021000.0,93251000.0,14770000.0,2031612941.0,-20941000.0,-49209000.0,-109585000.0,-1322000.0,0.0,-110907000.0,545000.0,74339000.0,89568000.0,-147000.0,74254000.0,74254000.0,74254000.0,0.0,0.0,0.126,189921000.0,106703000.0,16193000.0,0.0,5.18,27.36,27.826,63721000.0,0.0,15.582,3.435,3.438,73139000.0,356305000.0,591441000.0,591441000.0,37966000.0,0.147,0.187,0.476,0.186,4408000.0,151955000.0,1.0,130377856.0,130508000.0,136240000.0,4.532,384877000.0,11781000.0,35805000.0,23510000.0,2.949,214080000.0
65,IDXX,MRT,2005-03-31,2005-03-31,2005-03-31,2021-08-02,8836000.0,487918000.0,509440000.0,286344000.0,201574000.0,1.115,2.939,-30468000.0,44579000.0,44579000.0,280139000.0,78231000.0,3.367,0.259,526000.0,526000.0,0.0,526000.0,15064000.0,19929000.0,0.0,0.0,0.0,112231000.0,132160000.0,0.233,132160000.0,112231000.0,112076000.0,0.58,0.555,0.58,387445000.0,404472750.0,387445000.0,1737001324.0,15.0,13.143,54525000.0,0.414,1.0,288051000.0,0.507,120810000.0,155000.0,238004000.0,222126000.0,78481000.0,77659000.0,65622000.0,12037000.0,100473000.0,85051000.0,15422000.0,1782347324.0,-40181000.0,-49259000.0,-125340000.0,-1373000.0,0.0,-126713000.0,838000.0,80565000.0,84993000.0,701000.0,78231000.0,78231000.0,78231000.0,0.0,0.0,0.138,179179000.0,108872000.0,12957000.0,0.0,4.6,22.783,23.345,62744000.0,0.0,13.54,3.137,3.141,75617000.0,336372000.0,568190000.0,568190000.0,36656000.0,0.154,0.193,0.505,0.198,4544000.0,142523000.0,1.0,131635696.0,131820000.0,137756000.0,4.31,367108000.0,12473000.0,33845000.0,21777000.0,2.785,201293000.0
66,IDXX,MRT,2004-12-31,2004-12-31,2004-12-31,2021-08-02,11301000.0,514237000.0,518231750.0,301592000.0,212645000.0,1.06,2.906,-31705000.0,47156000.0,47156000.0,270164000.0,78332000.0,3.017,0.293,1810000.0,1291000.0,519000.0,1810000.0,16406000.0,18427000.0,0.0,0.0,0.0,111652000.0,130079000.0,0.237,130079000.0,111652000.0,111497000.0,0.573,0.547,0.573,397660000.0,414347750.0,397660000.0,1691647271.0,15.0,13.005,63674000.0,0.465,1.0,279017000.0,0.508,124494000.0,155000.0,244445000.0,209991000.0,76424000.0,109803000.0,90116000.0,19687000.0,116577000.0,99952000.0,16625000.0,1837007271.0,-49786000.0,-53942000.0,-109815000.0,-356000.0,0.0,-110171000.0,-36751000.0,48896000.0,95379000.0,1757000.0,78332000.0,78332000.0,78332000.0,0.0,0.0,0.143,170982000.0,108035000.0,14723000.0,0.0,4.62,23.452,23.818,62630000.0,0.0,13.648,3.345,3.401,65639000.0,318682000.0,549181000.0,549181000.0,35402000.0,0.151,0.189,0.532,0.203,8346000.0,135580000.0,1.0,134603940.0,136856000.0,143200000.0,4.013,389743000.0,13460000.0,33165000.0,23911000.0,2.848,201640000.0
67,IDXX,MRT,2004-09-30,2004-09-30,2004-09-30,2021-08-02,6477000.0,512404000.0,520141250.0,360420000.0,151984000.0,1.018,3.001,-29896000.0,146534000.0,146534000.0,259558000.0,73762000.0,3.835,0.254,1174000.0,674000.0,500000.0,1174000.0,13742000.0,17830000.0,0.0,0.0,0.0,103503000.0,121333000.0,0.229,121333000.0,103503000.0,103503000.0,0.535,0.513,0.535,408729000.0,418255750.0,408729000.0,1574717922.0,15.0,12.978,63710000.0,0.468,1.0,270187000.0,0.51,69663000.0,0.0,203404000.0,214708750.0,85998000.0,68426000.0,50040000.0,18386000.0,103675000.0,93977000.0,9698000.0,1738161922.0,-45748000.0,-8564000.0,-82766000.0,-356000.0,0.0,-83122000.0,-58025000.0,-19565000.0,93606000.0,1793000.0,73762000.0,73762000.0,73762000.0,0.0,0.0,0.139,170107000.0,100080000.0,18786000.0,0.0,4.253,23.564,23.71,58329000.0,0.0,12.685,3.281,3.261,57950000.0,301747000.0,529745000.0,529745000.0,34331000.0,0.142,0.176,0.482,0.195,9367000.0,135776000.0,1.0,137024984.0,136200000.0,141868000.0,3.889,442741000.0,13860000.0,29741000.0,18285000.0,3.251,266443000.0
68,IDXX,MRT,2004-06-30,2004-06-30,2004-06-30,2021-08-02,6497000.0,523201000.0,516345000.0,371241000.0,151960000.0,0.999,3.065,-28360000.0,164659000.0,164659000.0,257476000.0,70039000.0,4.169,0.234,1215000.0,715000.0,500000.0,1215000.0,14104000.0,17114000.0,0.0,0.0,0.0,98180000.0,115294000.0,0.224,115294000.0,98180000.0,98180000.0,0.505,0.482,0.505,424057000.0,416778250.0,424057000.0,2006507900.0,20.0,17.403,67101000.0,0.485,1.0,258219000.0,0.501,68057000.0,0.0,202651000.0,207596750.0,78905000.0,69205000.0,48057000.0,21148000.0,99144000.0,89049000.0,10095000.0,2185773900.0,-33864000.0,-7642000.0,-37425000.0,-305000.0,0.0,-37730000.0,-93479000.0,-57477000.0,95461000.0,1884000.0,70039000.0,70039000.0,70039000.0,0.0,0.0,0.136,163257000.0,94962000.0,19467000.0,0.0,5.154,31.208,31.158,56509000.0,0.0,15.735,4.239,4.221,59288000.0,282051000.0,515695000.0,515695000.0,33883000.0,0.136,0.168,0.473,0.19,12869000.0,129374000.0,1.0,138911592.0,138336000.0,145692000.0,3.728,455144000.0,14544000.0,28141000.0,15547000.0,3.29,282192000.0
69,IDXX,MRT,2004-03-31,2004-03-31,2004-03-31,2021-08-02,6280000.0,523085000.0,502021750.0,366878000.0,156207000.0,0.996,3.069,-22532000.0,180510000.0,180510000.0,254274000.0,62819000.0,4.236,0.225,1244000.0,744000.0,500000.0,1244000.0,14120000.0,18299000.0,0.0,0.0,0.0,91394000.0,109693000.0,0.219,109693000.0,91394000.0,91394000.0,0.455,0.435,0.455,426945000.0,403787500.0,426945000.0,1787355889.0,20.0,16.294,75747000.0,0.545,1.0,245888000.0,0.492,67755000.0,0.0,189464000.0,199313750.0,75863000.0,62698000.0,28911000.0,33787000.0,96140000.0,86600000.0,9540000.0,1973578889.0,-4416000.0,-7642000.0,-11552000.0,-764000.0,0.0,-12316000.0,-93772000.0,-63598000.0,98279000.0,3393000.0,62819000.0,62819000.0,62819000.0,0.0,0.0,0.126,157647000.0,88241000.0,14848000.0,0.0,4.623,31.417,31.247,48393000.0,0.0,14.217,3.946,3.954,61466000.0,258141000.0,500162000.0,500162000.0,33502000.0,0.125,0.156,0.459,0.183,13123000.0,124145000.0,1.0,138813356.0,139100000.0,145748000.0,3.596,455330000.0,13674000.0,28575000.0,14798000.0,3.273,280278000.0
70,IDXX,MRT,2003-12-31,2003-12-31,2003-12-31,2021-08-02,4565000.0,521875000.0,480480000.0,370589000.0,151286000.0,0.991,3.015,-19620000.0,96942000.0,96942000.0,245688000.0,57090000.0,3.693,0.263,494000.0,494000.0,0.0,494000.0,14047000.0,18897000.0,0.0,0.0,0.0,83368000.0,102265000.0,0.215,102265000.0,83368000.0,83368000.0,0.417,0.398,0.417,413292000.0,385389000.0,413292000.0,1436703906.0,17.0,14.049,97535000.0,0.711,1.0,230304000.0,0.484,61766000.0,0.0,263316000.0,194583000.0,75333000.0,158845000.0,123763000.0,35082000.0,108583000.0,100345000.0,8238000.0,1613071906.0,27429000.0,-2300000.0,-4652000.0,-510000.0,0.0,-5162000.0,-87732000.0,-65812000.0,117155000.0,3168000.0,57090000.0,57090000.0,57090000.0,0.0,0.0,0.12,149917000.0,80387000.0,19160000.0,0.0,3.903,28.255,27.746,45224000.0,0.0,11.57,3.389,3.332,53976000.0,240350000.0,475992000.0,475992000.0,32319000.0,0.119,0.148,0.428,0.175,13183000.0,117598000.0,1.0,139418488.0,137084000.0,143724000.0,3.472,460109000.0,13775000.0,26278000.0,21327000.0,3.356,270244000.0
71,IDXX,MRT,2003-09-30,2003-09-30,2003-09-30,2021-08-02,1323000.0,497219000.0,454367750.0,357358000.0,139861000.0,1.006,2.927,-19296000.0,176857000.0,176857000.0,237817000.0,57482000.0,4.063,0.234,489000.0,489000.0,0.0,489000.0,13391000.0,19020000.0,0.0,0.0,0.0,86583000.0,105603000.0,0.231,105603000.0,86583000.0,86583000.0,0.423,0.405,0.423,402819000.0,367309250.0,402819000.0,1311709824.0,15.0,12.421,81787000.0,0.594,1.0,219232000.0,0.48,57938000.0,0.0,174956000.0,173299000.0,69295000.0,64433000.0,39323000.0,25110000.0,94400000.0,87957000.0,6443000.0,1462661824.0,57685000.0,-950000.0,7012000.0,-510000.0,0.0,6502000.0,-52039000.0,-32018000.0,101083000.0,2139000.0,57482000.0,57482000.0,57482000.0,0.0,0.0,0.126,135665000.0,83567000.0,12600000.0,0.0,3.631,25.446,25.148,51832000.0,0.0,10.637,3.2,3.203,50672000.0,227985000.0,457049000.0,457049000.0,31099000.0,0.127,0.156,0.5,0.189,13539000.0,104566000.0,1.0,137500524.0,137632000.0,143908000.0,3.321,439281000.0,15329000.0,29101000.0,1083000.0,3.192,269401000.0
72,IDXX,MRT,2003-06-30,2003-06-30,2003-06-30,2021-08-02,411000.0,465908000.0,432766500.0,332144000.0,133764000.0,1.02,2.728,-20163000.0,151434000.0,151434000.0,230620000.0,53992000.0,3.767,0.252,482000.0,482000.0,0.0,482000.0,14660000.0,20287000.0,0.0,0.0,0.0,81477000.0,101764000.0,0.23,101764000.0,81477000.0,81477000.0,0.4,0.385,0.4,372094000.0,346529000.0,372094000.0,1005999475.0,12.0,9.886,94919000.0,0.696,1.0,210902000.0,0.478,57264000.0,0.0,169519000.0,170481000.0,69801000.0,59036000.0,38691000.0,20345000.0,93814000.0,88173000.0,5641000.0,1138466475.0,68889000.0,-425000.0,-2083000.0,-509000.0,0.0,-2592000.0,-46036000.0,-26661000.0,115082000.0,2435000.0,53992000.0,53992000.0,53992000.0,0.0,0.0,0.122,132321000.0,78581000.0,20930000.0,0.0,3.06,21.086,20.831,50872000.0,0.0,8.332,2.579,2.574,50783000.0,212012000.0,441522000.0,441522000.0,30062000.0,0.125,0.156,0.478,0.185,13552000.0,102259000.0,1.0,136629640.0,136400000.0,142124000.0,3.237,408644000.0,15616000.0,27485000.0,337000.0,2.996,243971000.0
73,IDXX,MRT,2003-03-31,2003-03-31,2003-03-31,2021-08-02,-2529000.0,436918000.0,410176750.0,317701000.0,119217000.0,1.037,2.613,-17295000.0,133451000.0,133451000.0,224240000.0,50266000.0,4.083,0.236,984000.0,984000.0,0.0,984000.0,14034000.0,20362000.0,0.0,0.0,0.0,76021000.0,96383000.0,0.227,96383000.0,76021000.0,76021000.0,0.373,0.36,0.373,353351000.0,329830250.0,353351000.0,1076994349.0,14.0,11.174,91047000.0,0.673,1.0,201126000.0,0.473,56098000.0,0.0,170541000.0,187521000.0,69382000.0,50688000.0,41980000.0,8708000.0,83567000.0,77812000.0,5755000.0,1189809349.0,37998000.0,-375000.0,-24661000.0,-7462000.0,0.0,-32123000.0,-40238000.0,-23236000.0,108342000.0,2017000.0,50266000.0,50266000.0,50266000.0,0.0,0.0,0.118,128180000.0,72946000.0,17013000.0,0.0,3.367,23.67,23.438,48763000.0,0.0,8.742,2.797,2.78,51582000.0,195322000.0,425366000.0,425366000.0,29484000.0,0.123,0.152,0.405,0.179,10565000.0,98696000.0,1.0,136094864.0,135248000.0,142080000.0,3.145,380820000.0,15505000.0,25755000.0,39000.0,2.816,239889000.0
74,IDXX,MRT,2002-12-31,2002-12-31,2002-12-31,2021-08-02,-2511000.0,417426000.0,399788250.0,288014000.0,129412000.0,1.032,2.535,-17531000.0,113788000.0,113788000.0,219945000.0,45389000.0,4.098,0.224,973000.0,973000.0,0.0,973000.0,13569000.0,20124000.0,0.0,0.0,0.0,68770000.0,88894000.0,0.215,88894000.0,68770000.0,68770000.0,0.338,0.325,0.338,340973000.0,320058000.0,340973000.0,1040978575.0,15.0,11.71,85722000.0,0.637,1.0,192725000.0,0.467,56157000.0,0.0,178180000.0,205181250.0,75086000.0,48975000.0,33403000.0,15572000.0,76453000.0,70274000.0,6179000.0,1145211575.0,33147000.0,-375000.0,-17881000.0,-7462000.0,0.0,-25343000.0,-46770000.0,-28864000.0,103253000.0,2007000.0,45389000.0,45389000.0,45389000.0,0.0,0.0,0.11,126910000.0,65815000.0,9427000.0,0.0,3.359,25.231,24.63,49455000.0,0.0,8.325,2.775,2.713,45689000.0,183260000.0,412670000.0,412670000.0,29329000.0,0.114,0.142,0.335,0.167,5716000.0,97581000.0,1.0,137562952.0,134488000.0,140172000.0,3.068,361269000.0,13934000.0,23381000.0,9043000.0,2.686,217740000.0
75,IDXX,MRT,2002-09-30,2002-09-30,2002-09-30,2021-08-02,-3770000.0,410814000.0,388708500.0,270220000.0,140594000.0,1.034,2.4,-22903000.0,105197000.0,105197000.0,214659000.0,42460000.0,2.966,0.285,964000.0,964000.0,0.0,964000.0,13811000.0,22186000.0,0.0,0.0,0.0,64798000.0,86984000.0,0.216,86984000.0,64798000.0,64798000.0,0.312,0.307,0.312,319698000.0,310247250.0,319698000.0,962528621.0,15.0,11.066,86779000.0,0.651,1.0,187248000.0,0.466,51781000.0,0.0,163684000.0,207695250.0,75199000.0,46522000.0,22329000.0,24193000.0,91116000.0,91116000.0,0.0,1030148621.0,36160000.0,0.0,-19749000.0,-7606000.0,0.0,-27355000.0,-47344000.0,-26620000.0,109682000.0,1177000.0,42460000.0,42460000.0,42460000.0,0.0,0.0,0.106,125064000.0,62184000.0,17855000.0,0.0,3.222,24.262,24.8,49631000.0,0.0,7.737,2.563,2.564,47611000.0,170503000.0,401907000.0,401907000.0,28684000.0,0.109,0.137,0.312,0.161,6840000.0,96380000.0,1.0,133137140.0,133204000.0,138528000.0,3.017,359033000.0,13934000.0,22338000.0,0.0,2.695,179104000.0
76,IDXX,MRT,2002-06-30,2002-06-30,2002-06-30,2021-08-02,-4362000.0,375549000.0,376726000.0,233733000.0,141816000.0,1.048,2.257,-20918000.0,68570000.0,68570000.0,211986000.0,40194000.0,3.327,0.23,950000.0,950000.0,0.0,950000.0,13402000.0,21589000.0,0.0,0.0,0.0,61848000.0,83437000.0,0.211,83437000.0,61848000.0,61848000.0,0.297,0.292,0.297,305299000.0,302539500.0,305299000.0,802477966.0,13.0,9.618,70844000.0,0.524,1.0,182909000.0,0.463,0.0,0.0,237679000.0,223858500.0,75541000.0,46473000.0,21585000.0,24888000.0,70250000.0,70250000.0,0.0,875557966.0,19075000.0,0.0,-19512000.0,-7606000.0,0.0,-27118000.0,-45806000.0,-25519000.0,91762000.0,237000.0,40194000.0,40194000.0,40194000.0,0.0,0.0,0.102,123578000.0,59331000.0,7987000.0,0.0,2.868,21.783,21.709,49512000.0,0.0,6.447,2.217,2.209,48004000.0,158020000.0,394895000.0,394895000.0,28301000.0,0.107,0.133,0.276,0.157,3035000.0,95277000.0,1.0,135798056.0,135284000.0,140772000.0,2.919,375549000.0,14035000.0,21654000.0,0.0,2.776,163483000.0
77,IDXX,MRT,2002-03-31,2002-03-31,2002-03-31,2021-08-02,-6574000.0,395364000.0,368491750.0,253151000.0,142213000.0,1.062,2.319,-22746000.0,81478000.0,81478000.0,208679000.0,37196000.0,3.121,0.258,8398000.0,8398000.0,0.0,8398000.0,12971000.0,21754000.0,0.0,0.0,0.0,57778000.0,79532000.0,0.203,79532000.0,57778000.0,57778000.0,0.277,0.273,0.277,314262000.0,295212500.0,314262000.0,852769994.0,15.0,10.722,55032000.0,0.406,1.0,182527000.0,0.467,0.0,0.0,241182000.0,223186500.0,85145000.0,41307000.0,15373000.0,25934000.0,81102000.0,81102000.0,0.0,911055994.0,46615000.0,0.0,14641000.0,-144000.0,0.0,14497000.0,-45893000.0,-23603000.0,77778000.0,233000.0,37196000.0,37196000.0,37196000.0,0.0,0.0,0.095,126847000.0,55680000.0,20888000.0,0.0,2.899,24.493,24.224,49437000.0,0.0,6.71,2.329,2.325,51683000.0,145056000.0,391206000.0,391206000.0,28183000.0,0.101,0.126,0.259,0.148,3035000.0,98664000.0,1.0,135775856.0,135532000.0,140068000.0,2.886,395364000.0,14135000.0,20582000.0,0.0,2.917,172049000.0
78,IDXX,MRT,2001-12-31,2001-12-31,2001-12-31,2021-08-02,-6694000.0,373107000.0,350297750.0,235576000.0,137531000.0,1.102,2.266,-21591000.0,66666000.0,66666000.0,202750000.0,37620000.0,3.3,0.237,8380000.0,8380000.0,0.0,8380000.0,13220000.0,22229000.0,0.0,0.0,0.0,58781000.0,81010000.0,0.21,81010000.0,58781000.0,58781000.0,0.282,0.273,0.282,301730000.0,280933250.0,301730000.0,897376264.0,15.0,11.077,24773000.0,0.186,1.0,183331000.0,0.475,55208000.0,0.0,188236000.0,220579750.0,86194000.0,33909000.0,12893000.0,21016000.0,71377000.0,71377000.0,0.0,957906264.0,20659000.0,0.0,1058000.0,-144000.0,0.0,914000.0,-26230000.0,-4639000.0,46364000.0,-389000.0,37620000.0,37620000.0,37620000.0,0.0,0.0,0.097,126779000.0,56552000.0,10887000.0,0.0,3.175,25.463,25.275,49215000.0,0.0,7.128,2.481,2.459,50772000.0,137871000.0,386081000.0,386081000.0,28426000.0,0.107,0.134,0.266,0.152,3035000.0,98353000.0,1.0,134395828.0,133172000.0,138560000.0,2.899,317899000.0,14239000.0,21161000.0,0.0,2.387,164199000.0
79,IDXX,MRT,2001-09-30,2001-09-30,2001-09-30,2021-08-02,-5641000.0,362884000.0,340970000.0,235932000.0,126952000.0,1.12,2.17,-15852000.0,69037000.0,69037000.0,198191000.0,37593000.0,3.188,0.256,8507000.0,8507000.0,0.0,8507000.0,13053000.0,20783000.0,0.0,0.0,0.0,58860000.0,79643000.0,0.208,79643000.0,58860000.0,58860000.0,0.282,0.275,0.282,288867000.0,270937500.0,288867000.0,739124183.0,13.0,9.28,23962000.0,0.18,1.0,183824000.0,0.481,0.0,0.0,228337000.0,229573750.0,83842000.0,19839000.0,10328000.0,9511000.0,74017000.0,74017000.0,0.0,780124183.0,30311000.0,0.0,-20386000.0,-91000.0,0.0,-20477000.0,11311000.0,30664000.0,39814000.0,-337000.0,37593000.0,37593000.0,37593000.0,0.0,0.0,0.098,127791000.0,56033000.0,13366000.0,0.0,2.701,20.752,20.718,49029000.0,0.0,5.843,2.042,2.036,53993000.0,128043000.0,382015000.0,382015000.0,29545000.0,0.11,0.139,0.256,0.154,0.0,98246000.0,1.0,133525748.0,133144000.0,,2.869,362884000.0,12855000.0,21267000.0,0.0,2.726,161915000.0
80,IDXX,MRT,2001-06-30,2001-06-30,2001-06-30,2021-08-02,-6627000.0,342612000.0,338839000.0,223285000.0,119327000.0,1.108,2.092,-17095000.0,49495000.0,49495000.0,195041000.0,36645000.0,3.352,0.241,8495000.0,8495000.0,0.0,8495000.0,13007000.0,20428000.0,0.0,0.0,0.0,57609000.0,78037000.0,0.208,78037000.0,57609000.0,57609000.0,0.273,0.265,0.273,275991000.0,265321750.0,275991000.0,1000369875.0,17.0,12.819,10201000.0,0.077,1.0,180354000.0,0.48,0.0,0.0,234991000.0,231540250.0,79510000.0,20756000.0,18721000.0,2035000.0,66621000.0,66621000.0,0.0,1026759875.0,-24159000.0,-11767000.0,-60285000.0,-3193000.0,0.0,-63478000.0,12493000.0,44032000.0,27296000.0,-470000.0,36645000.0,36645000.0,36645000.0,0.0,0.0,0.098,126254000.0,54100000.0,11029000.0,0.0,3.72,28.019,28.617,48126000.0,0.0,7.812,2.735,2.745,56482000.0,117826000.0,375395000.0,375395000.0,29339000.0,0.108,0.138,0.249,0.153,0.0,96915000.0,1.0,131425264.0,131904000.0,,2.846,342612000.0,13324000.0,20964000.0,0.0,2.597,156664000.0
81,IDXX,MRT,2001-03-31,2001-03-31,2001-03-31,2021-08-02,-5990000.0,322588000.0,347208250.0,206562000.0,116026000.0,1.058,1.937,-14765000.0,34863000.0,34863000.0,190210000.0,36207000.0,3.156,0.254,8473000.0,8473000.0,0.0,8473000.0,12405000.0,20100000.0,0.0,0.0,0.0,57282000.0,77382000.0,0.211,77382000.0,57282000.0,57282000.0,0.265,0.258,0.265,257145000.0,268586500.0,257145000.0,682191430.0,12.0,8.816,6678000.0,0.05,1.0,177260000.0,0.482,0.0,0.0,230755000.0,227485500.0,77492000.0,17682000.0,17682000.0,0.0,65443000.0,65443000.0,0.0,719726430.0,-33506000.0,-11767000.0,-67454000.0,-3322000.0,0.0,-70776000.0,17529000.0,46216000.0,21443000.0,-1702000.0,36207000.0,36207000.0,36207000.0,0.0,0.0,0.099,124329000.0,52931000.0,11135000.0,0.0,2.799,19.878,20.698,45529000.0,0.0,5.485,1.959,1.982,56839000.0,107860000.0,367470000.0,367470000.0,28924000.0,0.104,0.135,0.252,0.156,0.0,95405000.0,1.0,131217216.0,132756000.0,,2.768,322588000.0,13785000.0,21075000.0,0.0,2.43,141119000.0
82,IDXX,MRT,2000-12-31,2000-12-31,2000-12-31,2021-08-02,-4964000.0,335796000.0,357011750.0,215830000.0,119966000.0,1.029,1.893,-15520000.0,46007000.0,46007000.0,190256000.0,36632000.0,2.915,0.283,8472000.0,8472000.0,0.0,8472000.0,11955000.0,19481000.0,0.0,0.0,0.0,58247000.0,77728000.0,0.212,77728000.0,58247000.0,58247000.0,0.265,0.255,0.265,261747000.0,276503500.0,261747000.0,700360062.0,12.0,9.01,12720000.0,0.092,1.0,177176000.0,0.482,0.0,0.0,224212000.0,225787500.0,65935000.0,29196000.0,29196000.0,0.0,74049000.0,74049000.0,0.0,730561062.0,-12569000.0,-1545000.0,-60028000.0,-3322000.0,0.0,-63350000.0,24225000.0,43156000.0,28240000.0,-1684000.0,36632000.0,36632000.0,36632000.0,0.0,0.0,0.1,123925000.0,53251000.0,13714000.0,0.0,2.791,19.943,20.755,45661000.0,0.0,5.5,1.988,2.07,57266000.0,100251000.0,367432000.0,367432000.0,28292000.0,0.103,0.132,0.258,0.159,0.0,95633000.0,1.0,132829284.0,138296000.0,144324000.0,2.657,335796000.0,12738000.0,21615000.0,0.0,2.428,141781000.0
83,IDXX,MRT,2000-09-30,2000-09-30,2000-09-30,2021-08-02,-5334000.0,354360000.0,362558250.0,234167000.0,120193000.0,1.013,1.923,-13896000.0,38726000.0,38726000.0,193003000.0,35674000.0,2.662,0.33,8525000.0,8525000.0,0.0,8525000.0,10886000.0,18462000.0,0.0,0.0,0.0,57075000.0,75537000.0,0.206,75537000.0,57075000.0,57075000.0,0.253,0.245,0.253,266404000.0,282152000.0,266404000.0,856242356.0,15.0,11.335,24860000.0,0.179,1.0,174141000.0,0.474,0.0,0.0,236203000.0,227061500.0,62870000.0,50323000.0,47278000.0,3045000.0,87956000.0,87956000.0,0.0,926520356.0,-35951000.0,-4026000.0,-78413000.0,-8049000.0,0.0,-86462000.0,13175000.0,31662000.0,38756000.0,-1420000.0,35674000.0,35674000.0,35674000.0,0.0,0.0,0.097,122417000.0,51724000.0,17914000.0,0.0,3.478,25.972,26.433,41753000.0,0.0,6.688,2.524,2.524,62361000.0,90450000.0,367144000.0,367144000.0,27067000.0,0.098,0.126,0.251,0.155,0.0,95350000.0,1.0,138545100.0,138545100.0,,2.65,354360000.0,14946000.0,21401000.0,0.0,2.558,146211000.0
84,IDXX,MRT,2000-06-30,2000-06-30,2000-06-30,2021-08-02,-4351000.0,376089000.0,369751000.0,265748000.0,110341000.0,0.981,2.038,-10526000.0,73654000.0,73654000.0,189987000.0,34833000.0,3.053,0.301,3376000.0,3376000.0,0.0,3376000.0,9712000.0,18128000.0,0.0,0.0,0.0,55956000.0,74084000.0,0.204,74084000.0,55956000.0,55956000.0,0.24,0.232,0.24,289050000.0,292726500.0,289050000.0,746477248.0,13.0,10.076,29080000.0,0.205,1.0,172677000.0,0.476,0.0,0.0,218772000.0,229659000.0,56747000.0,64743000.0,50763000.0,13980000.0,87039000.0,87039000.0,0.0,811327248.0,-33422000.0,7741000.0,-66791000.0,-6127000.0,0.0,-72918000.0,-146000.0,4660000.0,39606000.0,36000.0,34833000.0,34833000.0,34833000.0,0.0,0.0,0.096,122516000.0,50161000.0,18908000.0,0.0,2.807,23.292,23.833,39504000.0,0.0,5.72,2.237,2.237,63294000.0,81181000.0,362664000.0,362664000.0,26619000.0,0.094,0.119,0.244,0.154,0.0,95897000.0,1.0,141840428.0,141840428.0,,2.557,376089000.0,14594000.0,21123000.0,0.0,2.651,178709000.0
85,IDXX,MRT,2000-03-31,2000-03-31,2000-03-31,2021-08-02,-4105000.0,361802000.0,378041000.0,241845000.0,119957000.0,0.953,2.038,-9267000.0,68369000.0,68369000.0,189240000.0,33330000.0,3.313,0.253,3519000.0,3519000.0,0.0,3519000.0,11363000.0,17393000.0,0.0,0.0,0.0,53655000.0,71048000.0,0.197,71048000.0,53655000.0,53655000.0,0.222,0.217,0.222,288813000.0,302840000.0,288813000.0,770743773.0,14.0,10.848,44913000.0,0.317,1.0,170872000.0,0.474,0.0,0.0,223963000.0,234011500.0,47187000.0,63846000.0,41981000.0,21865000.0,72989000.0,72989000.0,0.0,825776773.0,-22922000.0,7741000.0,-64123000.0,-6267000.0,0.0,-70390000.0,-6645000.0,-3036000.0,54180000.0,-67000.0,33330000.0,33330000.0,33330000.0,0.0,0.0,0.093,122980000.0,47892000.0,16399000.0,0.0,2.859,24.776,26.25,39322000.0,0.0,5.827,2.293,2.293,62686000.0,71653000.0,360112000.0,360112000.0,26935000.0,0.088,0.11,0.229,0.149,0.0,96045000.0,1.0,141703436.0,141703436.0,,2.541,361802000.0,14363000.0,20325000.0,0.0,2.553,168856000.0
86,IDXX,MRT,1999-12-31,1999-12-31,1999-12-31,2021-08-02,-3473000.0,357982000.0,384495750.0,232415000.0,125567000.0,0.932,1.851,-8292000.0,58576000.0,58576000.0,186386000.0,32578000.0,3.156,0.259,3543000.0,3543000.0,0.0,3543000.0,10268000.0,17209000.0,0.0,0.0,0.0,52545000.0,69754000.0,0.195,69754000.0,52545000.0,52545000.0,0.212,0.205,0.212,284341000.0,310084250.0,284341000.0,523448545.0,10.0,7.504,44327000.0,0.288,1.0,171984000.0,0.48,0.0,0.0,229308000.0,238146000.0,47488000.0,72352000.0,46835000.0,25517000.0,73641000.0,73641000.0,0.0,589765545.0,-50487000.0,-3738000.0,-57611000.0,-6411000.0,0.0,-64022000.0,-39024000.0,-25765000.0,52619000.0,-60000.0,32578000.0,32578000.0,32578000.0,0.0,0.0,0.091,125167000.0,46817000.0,21819000.0,0.0,2.074,18.103,19.021,39550000.0,0.0,4.032,1.646,1.729,58353000.0,63619000.0,358370000.0,358370000.0,27313000.0,0.085,0.105,0.221,0.147,0.0,97854000.0,1.0,146253080.0,153648000.0,158972000.0,2.332,357982000.0,14679000.0,19967000.0,0.0,2.33,158774000.0
87,IDXX,MRT,1999-09-30,1999-09-30,1999-09-30,2021-08-02,-3656000.0,383131000.0,391637250.0,244243000.0,138888000.0,0.899,1.952,-9783000.0,74677000.0,74677000.0,180900000.0,-6336000.0,3.478,0.241,8360000.0,4152000.0,4208000.0,8360000.0,9449000.0,17012000.0,0.0,0.0,0.0,12746000.0,29758000.0,0.085,29758000.0,12746000.0,12746000.0,-0.045,-0.045,-0.045,308702000.0,315959000.0,308702000.0,583194746.0,46.0,19.598,27734000.0,0.175,1.0,171241000.0,0.486,0.0,0.0,246593000.0,233906250.0,48370000.0,81986000.0,46234000.0,35752000.0,74429000.0,70221000.0,4208000.0,680727746.0,-64013000.0,-39362000.0,-18773000.0,-1542000.0,0.0,-20315000.0,-81515000.0,-30749000.0,37517000.0,300000.0,-6336000.0,-6336000.0,-6336000.0,0.0,0.0,-0.018,164399000.0,6842000.0,11219000.0,0.0,2.205,-107.438,-95.667,40132000.0,0.0,4.305,1.933,1.933,55870000.0,54775000.0,352141000.0,352141000.0,27712000.0,-0.016,-0.02,0.054,0.036,0.0,99525000.0,1.0,158124912.0,158124912.0,,2.227,383131000.0,12973000.0,19082000.0,0.0,2.423,174022000.0
88,IDXX,MRT,1999-06-30,1999-06-30,1999-06-30,2021-08-02,-4421000.0,409249000.0,390942250.0,270971000.0,138278000.0,0.88,2.104,-10419000.0,107076000.0,107076000.0,175385000.0,-8768000.0,3.587,0.242,9543000.0,5332000.0,4211000.0,9543000.0,14296000.0,16435000.0,0.0,0.0,0.0,8982000.0,25417000.0,0.074,25417000.0,8982000.0,8982000.0,-0.06,-0.06,-0.06,329504000.0,319289750.0,329504000.0,831256176.0,93.0,32.705,30078000.0,0.192,1.0,168821000.0,0.49,0.0,0.0,236182000.0,218475750.0,47462000.0,69403000.0,39711000.0,29692000.0,79745000.0,75534000.0,4211000.0,912747176.0,-22561000.0,-39362000.0,8893000.0,-1373000.0,0.0,7520000.0,-71500000.0,-21197000.0,40497000.0,922000.0,-8768000.0,-8768000.0,-8768000.0,0.0,0.0,-0.025,166067000.0,2754000.0,13689000.0,0.0,2.77,-104.1,-97.125,41341000.0,0.0,5.827,2.652,2.652,57920000.0,46347000.0,344206000.0,344206000.0,26875000.0,-0.022,-0.027,0.041,0.026,0.0,102030000.0,1.0,156627572.0,156627572.0,,2.198,409249000.0,13350000.0,17750000.0,0.0,2.613,195437000.0
89,IDXX,MRT,1999-03-31,1999-03-31,1999-03-31,2021-08-02,-4052000.0,387621000.0,385021000.0,249538000.0,138083000.0,0.866,2.034,-9472000.0,91291000.0,91291000.0,169261000.0,-11695000.0,3.802,0.22,9800000.0,5598000.0,4202000.0,9800000.0,15093000.0,15661000.0,0.0,0.0,0.0,4395000.0,20056000.0,0.06,20056000.0,4395000.0,4395000.0,-0.078,-0.078,-0.078,317790000.0,315407750.0,317790000.0,835630794.0,190.0,41.665,26208000.0,0.168,1.0,164307000.0,0.493,0.0,0.0,240501000.0,206151750.0,46842000.0,60811000.0,33019000.0,27792000.0,69831000.0,65629000.0,4202000.0,935312794.0,-17563000.0,-39362000.0,7983000.0,-1143000.0,0.0,6840000.0,-61105000.0,-12001000.0,35680000.0,78000.0,-11695000.0,-11695000.0,-11695000.0,0.0,0.0,-0.035,166522000.0,-2215000.0,12026000.0,0.0,2.943,-79.975,-76.731,41687000.0,0.0,5.985,2.804,2.804,57955000.0,38321000.0,333568000.0,333568000.0,24590000.0,-0.03,-0.037,0.021,0.013,0.0,104770000.0,1.0,156276156.0,156276156.0,,2.134,387621000.0,13693000.0,16090000.0,0.0,2.48,183909000.0
90,IDXX,MRT,1998-12-31,1998-12-31,1998-12-31,2021-08-02,-3380000.0,386548000.0,381996250.0,263346000.0,123202000.0,0.842,1.99,-8992000.0,109063000.0,109063000.0,164240000.0,-15215000.0,3.534,0.256,9381000.0,5190000.0,4191000.0,9381000.0,10465000.0,15887000.0,0.0,0.0,0.0,-1183000.0,14704000.0,0.046,14704000.0,-1183000.0,-1183000.0,-0.1,-0.1,-0.1,307840000.0,312579500.0,307840000.0,903297146.0,-764.0,61.432,37078000.0,0.24,1.0,157473000.0,0.489,0.0,0.0,212349000.0,196081500.0,55428000.0,46587000.0,29290000.0,17297000.0,78708000.0,74517000.0,4191000.0,1040451146.0,2091000.0,-39091000.0,5756000.0,-2529000.0,0.0,3227000.0,-48404000.0,48000.0,46070000.0,1198000.0,-15215000.0,-15215000.0,-15215000.0,0.0,0.0,-0.047,165533000.0,-8060000.0,26816000.0,0.0,3.38,-68.383,-67.275,41480000.0,0.0,6.728,3.234,3.234,47947000.0,31041000.0,321713000.0,321713000.0,22687000.0,-0.04,-0.049,-0.006,-0.004,0.0,105684000.0,1.0,154656432.0,154656432.0,,2.08,386548000.0,13965000.0,14032000.0,0.0,2.499,188829000.0
91,IDXX,MRT,1998-09-30,1998-09-30,1998-09-30,2021-08-02,-3959000.0,380351000.0,379621250.0,277662000.0,102689000.0,0.814,2.085,-6453000.0,138690000.0,138690000.0,161478000.0,11763000.0,4.761,0.181,1536000.0,1536000.0,0.0,1536000.0,13941000.0,15679000.0,0.0,0.0,0.0,18495000.0,34174000.0,0.111,34174000.0,18495000.0,18495000.0,0.077,0.075,0.077,322025000.0,311302750.0,322025000.0,794968046.0,43.0,23.262,38629000.0,0.25,1.0,147507000.0,0.477,0.0,0.0,184871000.0,193316250.0,42979000.0,51236000.0,33735000.0,17501000.0,58326000.0,58326000.0,0.0,922058046.0,33169000.0,-1749000.0,4307000.0,-2580000.0,0.0,1727000.0,-13826000.0,-2450000.0,45082000.0,186000.0,11763000.0,11763000.0,11763000.0,0.0,0.0,0.038,135849000.0,11658000.0,7486000.0,0.0,2.863,78.386,77.532,40059000.0,0.0,5.97,2.984,2.984,43933000.0,61111000.0,308985000.0,308985000.0,21042000.0,0.031,0.038,0.096,0.06,0.0,108307000.0,1.0,154448584.0,154448584.0,,2.001,380351000.0,11941000.0,6732000.0,0.0,2.463,219336000.0
92,IDXX,MRT,1998-06-30,1998-06-30,1998-06-30,2021-08-02,-5343000.0,385564000.0,,285093000.0,100471000.0,,2.041,-6626000.0,129637000.0,129637000.0,159760000.0,-11087000.0,3.982,0.228,2547000.0,2547000.0,0.0,2547000.0,14341000.0,15534000.0,0.0,0.0,0.0,-15680000.0,-146000.0,0.0,-146000.0,-15680000.0,-15680000.0,-0.073,-0.073,-0.073,313976000.0,,313976000.0,850470757.0,-54.0,-5825.142,26871000.0,0.175,1.0,142466000.0,0.471,0.0,0.0,186886000.0,,51049000.0,48207000.0,35677000.0,12530000.0,71588000.0,71588000.0,0.0,956727757.0,10485000.0,-15006000.0,3914000.0,-2569000.0,0.0,1345000.0,-22550000.0,2835000.0,33497000.0,-1807000.0,-11087000.0,-11087000.0,-11087000.0,0.0,0.0,-0.037,164657000.0,-22191000.0,15686000.0,0.0,3.047,-86.293,-85.205,40377000.0,0.0,6.22,3.166,3.166,49246000.0,55115000.0,302226000.0,302226000.0,20222000.0,,,,-0.052,0.0,109935000.0,1.0,153814752.0,153814752.0,,1.965,385564000.0,15396000.0,-4593000.0,0.0,2.507,213505000.0
93,IDXX,MRT,1998-03-31,1998-03-31,1998-03-31,2021-08-02,-5087000.0,375522000.0,,265196000.0,110326000.0,,1.994,-9208000.0,108854000.0,108854000.0,150687000.0,-18253000.0,3.841,0.225,2597000.0,2597000.0,0.0,2597000.0,15022000.0,15951000.0,0.0,0.0,0.0,-27585000.0,-11634000.0,-0.042,-11634000.0,-27585000.0,-27585000.0,-0.118,-0.118,-0.118,306477000.0,,306477000.0,588863316.0,-21.0,-50.616,15743000.0,0.102,1.0,129543000.0,0.462,0.0,0.0,200220000.0,,55845000.0,48811000.0,28722000.0,20089000.0,69045000.0,69045000.0,0.0,691748316.0,-905000.0,-15006000.0,2322000.0,-2530000.0,0.0,-208000.0,-24192000.0,3872000.0,24951000.0,-512000.0,-18253000.0,-18253000.0,-18253000.0,0.0,0.0,-0.065,163610000.0,-34067000.0,12963000.0,0.0,2.257,-37.898,-38.136,41499000.0,0.0,4.5,2.469,2.469,51657000.0,50017000.0,280230000.0,280230000.0,18847000.0,,,,-0.098,0.0,110263000.0,1.0,153721848.0,153721848.0,,1.823,375522000.0,15396000.0,-9332000.0,0.0,2.443,196151000.0
94,IDXX,MRT,1997-12-31,1997-12-31,1997-12-31,2021-08-02,-4615000.0,377048000.0,375450000.0,274217000.0,102831000.0,0.7,1.969,-12507000.0,106972000.0,106972000.0,141030000.0,-21120000.0,3.763,0.245,4087000.0,2647000.0,1440000.0,4087000.0,15609000.0,14425000.0,0.0,0.0,0.0,-32260000.0,-17835000.0,-0.068,-17835000.0,-32260000.0,-32260000.0,-0.14,-0.14,-0.14,302733000.0,312729000.0,302733000.0,,,,992000.0,0.006,1.0,121940000.0,0.464,0.0,0.0,201288000.0,199636000.0,60174000.0,46636000.0,35502000.0,11134000.0,74315000.0,72875000.0,1440000.0,612581564.0,-20769000.0,-23047000.0,3048000.0,-1509000.0,0.0,1539000.0,-32738000.0,6515000.0,13499000.0,-3069000.0,-21120000.0,-21120000.0,-21120000.0,0.0,0.0,-0.08,160870000.0,-38930000.0,12472000.0,0.0,2.024,-29.005,-28.464,42417000.0,0.0,3.985,2.329,2.329,47341000.0,46256000.0,262970000.0,262970000.0,17057000.0,-0.056,-0.068,-0.162,-0.123,0.0,109313000.0,1.0,153721848.0,153721848.0,,1.711,377048000.0,15396000.0,-11140000.0,0.0,2.453,201342000.0
95,IDXX,MRT,1997-09-30,1997-09-30,1997-09-30,2021-08-02,,,,,,,,,,,,,,,,,,,,,,0.0,0.0,,,,,,,,,,,,,,,,,,1.0,,,,,,,,,,,,,,,,,,,,,,,,,,,,,,,,,,,,,,,,4.188,,,,,,,,,,,,,,1.0,,,,,,,,,,
96,IDXX,MRT,1997-06-30,1997-06-30,1997-06-30,2021-08-02,,,,,,,,,,,,,,,,,,,,,,0.0,0.0,,,,,,,,,,,,,,,,,,1.0,,,,,,,,,,,,,,,,,,,,,,,,,,,,,,,,,,,,,,,,3.11,,,,,,,,,,,,,,1.0,,,,,,,,,,
97,IDXX,MRT,1997-03-31,1997-03-31,1997-03-31,2021-08-02,,,,,,,,,,,,,,,,,,,,,,0.0,0.0,,,,,,,,,,,,,,,,,,1.0,,,,,,,,,,,,,,,,,,,,,,,,,,,,,,,,,,,,,,,,3.5,,,,,,,,,,,,,,1.0,,,,,,,,,,
98,IDXX,MRT,1996-12-31,1996-12-31,1996-12-31,2021-08-02,-1546000.0,373852000.0,,301717000.0,72135000.0,,,-11783000.0,127741000.0,127741000.0,115770000.0,32641000.0,5.901,0.158,3000000.0,3000000.0,0.0,3000000.0,5563000.0,10390000.0,0.0,0.0,0.0,55323000.0,65713000.0,0.245,65713000.0,55323000.0,55323000.0,0.22,0.207,0.22,322725000.0,,322725000.0,,,,3467000.0,,1.0,151907000.0,0.568,0.0,0.0,197984000.0,,48402000.0,53151000.0,45896000.0,7255000.0,51127000.0,51127000.0,0.0,,-21511000.0,-19709000.0,4580000.0,-1887000.0,0.0,2693000.0,-38467000.0,-5116000.0,15250000.0,-987000.0,32641000.0,32641000.0,32641000.0,0.0,0.0,0.122,104916000.0,46991000.0,18692000.0,0.0,,,40.909,36394000.0,0.0,9.0,,,66633000.0,67376000.0,267677000.0,267677000.0,12195000.0,,,,0.207,0.0,92721000.0,1.0,,,,,373852000.0,5363000.0,22682000.0,0.0,,250590000.0
99,IDXX,MRT,1995-12-31,1995-12-31,1995-12-31,2021-08-02,,,,,,,,-15860000.0,,,80860000.0,21494000.0,,,,,,,,5742000.0,,0.0,0.0,37036000.0,42778000.0,0.227,42778000.0,37036000.0,37036000.0,0.163,0.152,0.163,,,,,,,-6457000.0,,1.0,107742000.0,0.571,,0.0,,,,,,,,,,,124074000.0,-3500000.0,155448000.0,1687000.0,0.0,157135000.0,-42266000.0,-22800000.0,9403000.0,-198000.0,21494000.0,21494000.0,21494000.0,0.0,0.0,0.114,74774000.0,32968000.0,,0.0,,,72.086,,0.0,11.75,,,,,188602000.0,188602000.0,10192000.0,,,,0.196,0.0,64582000.0,1.0,,,,,,,15542000.0,,,
