None,ticker,dimension,calendardate,datekey,reportperiod,lastupdated,accoci,assets,assetsavg,assetsc,assetsnc,assetturnover,bvps,capex,cashneq,cashnequsd,cor,consolinc,currentratio,de,debt,debtc,debtnc,debtusd,deferredrev,depamor,deposits,divyield,dps,ebit,ebitda,ebitdamargin,ebitdausd,ebitusd,ebt,eps,epsdil,epsusd,equity,equityavg,equityusd,ev,evebit,evebitda,fcf,fcfps,fxusd,gp,grossmargin,intangibles,intexp,invcap,invcapavg,inventory,investments,investmentsc,investmentsnc,liabilities,liabilitiesc,liabilitiesnc,marketcap,ncf,ncfbus,ncfcommon,ncfdebt,ncfdiv,ncff,ncfi,ncfinv,ncfo,ncfx,netinc,netinccmn,netinccmnusd,netincdis,netincnci,netmargin,opex,opinc,payables,payoutratio,pb,pe,pe1,ppnenet,prefdivis,price,ps,ps1,receivables,retearn,revenue,revenueusd,rnd,roa,roe,roic,ros,sbcomp,sgna,sharefactor,sharesbas,shareswa,shareswadil,sps,tangibles,taxassets,taxexp,taxliabilities,tbvps,workingcapital
0,FLR,MRY,2020-12-31,2020-12-31,2020-12-31,2021-08-06,-416906000.0,7309812000.0,7278676250.0,5034009000.0,2275803000.0,2.153,7.322,-50750000.0,2198781000.0,2198781000.0,15283226000.0,-366791000.0,1.409,5.869,1705988000.0,4890000.0,1701098000.0,1705988000.0,0.0,105574000.0,0.0,0.006,0.1,-344334000.0,-238760000.0,-0.015,-238760000.0,-344334000.0,-416454000.0,-3.1,-3.1,-3.1,1030247000.0,1085640000.0,1030247000.0,1873051824.0,-5.0,-7.845,135134000.0,0.96,1.0,385251000.0,0.025,207369000.0,72120000.0,3037613000.0,3054478750.0,0.0,550761000.0,23345000.0,527416000.0,6046585000.0,3572037000.0,2474548000.0,2247221824.0,201582000.0,-28690000.0,0.0,3881000.0,-28720000.0,48446000.0,-41562000.0,-15430000.0,185884000.0,8814000.0,-435046000.0,-435046000.0,-435046000.0,0.0,68255000.0,-0.028,545876000.0,-160625000.0,1115625000.0,-0.032,2.181,-5.165,-5.152,463827000.0,0.0,15.97,0.143,0.143,935676000.0,1249809000.0,15668477000.0,15668477000.0,0.0,-0.06,-0.401,-0.113,-0.022,21882000.0,240692000.0,1.0,140715205.0,140715205.0,,111.349,7102443000.0,77915000.0,18592000.0,80745000.0,50.474,1461972000.0
1,FLR,MRY,2019-12-31,2019-12-31,2019-12-31,2021-08-06,-379873000.0,7966658000.0,8466488250.0,5366763000.0,2599895000.0,2.045,10.614,-114865000.0,1997199000.0,1997199000.0,17533864000.0,-1553122000.0,1.374,4.29,1690467000.0,38728000.0,1651739000.0,1690467000.0,0.0,170481000.0,0.0,0.039,0.73,-962830000.0,-792349000.0,-0.046,-792349000.0,-962830000.0,-1036934000.0,-10.87,-10.87,-10.87,1487752000.0,2093449250.0,1487752000.0,2523533672.0,-3.0,-3.185,104153000.0,0.743,1.0,-216580000.0,-0.013,508415000.0,74104000.0,3246389000.0,3950086750.0,0.0,608076000.0,7262000.0,600814000.0,6382566000.0,3905122000.0,2477444000.0,2646492672.0,232453000.0,-28240000.0,1466000.0,9093000.0,-118073000.0,-77299000.0,80472000.0,207374000.0,219018000.0,10262000.0,-1522164000.0,-1522164000.0,-1522164000.0,0.0,-30958000.0,-0.088,836419000.0,-1052999000.0,1546840000.0,-0.067,1.779,-1.739,-1.737,594826000.0,0.0,18.88,0.153,0.153,1217464000.0,1700912000.0,17317284000.0,17317284000.0,0.0,-0.18,-0.727,-0.244,-0.056,36075000.0,165921000.0,1.0,140174400.0,140174400.0,,123.541,7458243000.0,62688000.0,485230000.0,83295000.0,53.207,1461641000.0
2,FLR,MRY,2018-12-31,2018-12-31,2018-12-31,2021-08-06,-543531000.0,8882555000.0,9143743500.0,5370603000.0,3511952000.0,2.062,20.184,-129960000.0,1764746000.0,1764746000.0,18281628000.0,232853000.0,1.468,2.083,1688452000.0,26887000.0,1661565000.0,1688452000.0,0.0,216656000.0,0.0,0.026,0.84,423943000.0,640599000.0,0.034,640599000.0,423943000.0,346799000.0,1.24,1.23,1.24,2834125000.0,2979203750.0,2834125000.0,4574031800.0,11.0,7.14,32204000.0,0.229,1.0,569380000.0,0.03,466452000.0,77144000.0,4680581000.0,4789257500.0,0.0,1117964000.0,214828000.0,903136000.0,5902302000.0,3659228000.0,2243074000.0,4529523800.0,-39329000.0,-50861000.0,-42764000.0,93611000.0,-118734000.0,-140491000.0,1383000.0,57591000.0,162164000.0,-62385000.0,173468000.0,173468000.0,173468000.0,0.0,59385000.0,0.009,143064000.0,426316000.0,1400666000.0,0.677,1.598,26.112,25.968,745942000.0,0.0,32.2,0.24,0.24,1237248000.0,3294154000.0,18851008000.0,18851008000.0,0.0,0.019,0.058,0.089,0.022,43029000.0,121164000.0,1.0,140668441.0,140413000.0,141272000.0,134.254,8416103000.0,378102000.0,173331000.0,0.0,59.938,1711375000.0
3,FLR,MRY,2017-12-31,2017-12-31,2017-12-31,2021-08-06,-402242000.0,9327692000.0,9225840500.0,5601257000.0,3726435000.0,1.605,23.914,-187005000.0,1804075000.0,1804075000.0,14528782000.0,226764000.0,1.567,1.746,1618959000.0,27361000.0,1591598000.0,1618959000.0,0.0,225269000.0,0.0,0.016,0.84,237485000.0,462754000.0,0.031,462754000.0,237485000.0,170027000.0,1.1,1.09,1.1,3342310000.0,3256034750.0,3342310000.0,7015227386.0,30.0,15.16,414966000.0,2.969,1.0,277729000.0,0.019,564683000.0,67458000.0,5003723000.0,4783880500.0,0.0,1153619000.0,161134000.0,992485000.0,5835293000.0,3574170000.0,2261123000.0,7224557386.0,-46361000.0,-269868000.0,9380000.0,-53455000.0,-117995000.0,-215502000.0,-484278000.0,-20924000.0,601971000.0,51448000.0,153671000.0,153671000.0,153671000.0,-189311000.0,73093000.0,0.01,183881000.0,93848000.0,1512740000.0,0.764,2.162,47.013,46.955,1093681000.0,0.0,51.65,0.488,0.488,1602751000.0,3654931000.0,14806511000.0,14806511000.0,0.0,0.017,0.047,0.05,0.016,40669000.0,183697000.0,1.0,139875264.0,139761000.0,140893000.0,105.942,8763009000.0,316472000.0,16356000.0,0.0,62.7,2027087000.0
4,FLR,MRY,2016-12-31,2016-12-31,2016-12-31,2021-08-06,-496669000.0,9216417000.0,9194054250.0,5610270000.0,3606147000.0,2.071,22.456,-154742000.0,1850436000.0,1850436000.0,18246209000.0,327449000.0,1.47,1.911,1600192000.0,82243000.0,1517949000.0,1600192000.0,763774000.0,225913000.0,0.0,0.016,0.84,570241000.0,796154000.0,0.042,796154000.0,570241000.0,500552000.0,2.02,2.0,2.02,3125191000.0,3114908750.0,3125191000.0,7222261714.0,13.0,9.071,551177000.0,3.96,1.0,790316000.0,0.042,532239000.0,69689000.0,4617905000.0,4939971500.0,0.0,994975000.0,111037000.0,883938000.0,5973586000.0,3816029000.0,2157557000.0,7313420714.0,-99450000.0,-755177000.0,-6060000.0,180906000.0,-117995000.0,-10350000.0,-741351000.0,162108000.0,705919000.0,-53668000.0,281401000.0,281401000.0,281401000.0,0.0,46048000.0,0.015,191073000.0,599243000.0,1590506000.0,0.416,2.34,25.989,26.0,1017223000.0,0.0,52.52,0.384,0.384,3237513000.0,3582150000.0,19036525000.0,19036525000.0,0.0,0.031,0.09,0.115,0.03,40086000.0,191073000.0,1.0,139250204.0,139171000.0,140912000.0,136.785,8684178000.0,454109000.0,219151000.0,0.0,62.399,1794241000.0
5,FLR,MRY,2015-12-31,2015-12-31,2015-12-31,2021-08-06,-432775000.0,7625406000.0,7601084000.0,5105400000.0,2520006000.0,2.383,20.699,-63815000.0,1949886000.0,1949886000.0,17019352000.0,475006000.0,1.739,1.505,986564000.0,0.0,986564000.0,986564000.0,754037000.0,189738000.0,0.0,0.018,0.84,703170000.0,892908000.0,0.049,892908000.0,703170000.0,658400000.0,2.85,2.81,2.85,2997347000.0,3061254000.0,2997347000.0,5898231589.0,8.0,6.606,785317000.0,5.423,1.0,1094696000.0,0.06,111646000.0,44770000.0,3615086000.0,3914659000.0,0.0,755656000.0,197092000.0,558564000.0,4511907000.0,2935352000.0,1576555000.0,6686941589.0,-43239000.0,-45512000.0,-507878000.0,-28425000.0,-125204000.0,-728230000.0,-66507000.0,25359000.0,849132000.0,-97634000.0,412512000.0,412512000.0,412512000.0,5658000.0,62494000.0,0.023,408225000.0,686471000.0,1266509000.0,0.295,2.231,16.21,16.568,892340000.0,0.0,47.22,0.369,0.377,2579495000.0,3428732000.0,18114048000.0,18114048000.0,0.0,0.054,0.135,0.18,0.039,61053000.0,168329000.0,1.0,141612486.0,144805000.0,146722000.0,125.093,7513760000.0,394832000.0,245888000.0,0.0,51.889,2170048000.0
6,FLR,MRY,2014-12-31,2014-12-31,2014-12-31,2021-08-06,-484212000.0,8194429000.0,8158505500.0,5758047000.0,2436382000.0,2.639,19.753,-218832000.0,1993125000.0,1993125000.0,20132544000.0,647543000.0,1.729,1.598,1020427000.0,28742000.0,991685000.0,1020427000.0,569418000.0,192594000.0,0.0,0.014,0.84,893405000.0,1085999000.0,0.05,1085999000.0,893405000.0,863724000.0,3.24,3.2,3.24,3110871000.0,3501757250.0,3110871000.0,8098213644.0,9.0,7.457,423742000.0,2.691,1.0,1399033000.0,0.065,112952000.0,29681000.0,3777926000.0,3388141000.0,0.0,638580000.0,105131000.0,533449000.0,4970599000.0,3330853000.0,1639746000.0,9471653644.0,-290457000.0,-38687000.0,-881894000.0,494521000.0,-126218000.0,-666416000.0,-199115000.0,52890000.0,642574000.0,-67500000.0,510909000.0,510909000.0,510909000.0,0.0,136634000.0,0.024,182711000.0,1216322000.0,1422084000.0,0.259,3.045,18.539,18.713,980263000.0,0.0,60.63,0.44,0.443,3058980000.0,3593597000.0,21531577000.0,21531577000.0,0.0,0.063,0.146,0.264,0.041,44143000.0,182711000.0,1.0,156220578.0,157487000.0,159616000.0,136.72,8081477000.0,541227000.0,352815000.0,0.0,51.315,2427194000.0
7,FLR,MRY,2013-12-31,2013-12-31,2013-12-31,2021-08-06,-298201000.0,8323850000.0,8470412250.0,6003683000.0,2320167000.0,3.229,23.111,-214459000.0,2283582000.0,2283582000.0,25986382000.0,823026000.0,1.762,1.183,526443000.0,29839000.0,496604000.0,526443000.0,743524000.0,207098000.0,0.0,0.008,0.64,1049171000.0,1256269000.0,0.046,1256269000.0,1049171000.0,1022284000.0,4.11,4.06,4.11,3756987000.0,3658803750.0,3756987000.0,11099933962.0,11.0,8.836,574447000.0,3.534,1.0,1365191000.0,0.05,114107000.0,26887000.0,3045444000.0,3017965500.0,0.0,659611000.0,186023000.0,473588000.0,4443027000.0,3407160000.0,1035867000.0,13115576962.0,129041000.0,-25457000.0,-147214000.0,-26435000.0,-78716000.0,-369569000.0,-234610000.0,-7252000.0,788906000.0,-55686000.0,667711000.0,667711000.0,667711000.0,0.0,155315000.0,0.024,175148000.0,1190043000.0,1641109000.0,0.156,3.491,19.643,19.535,966953000.0,0.0,80.29,0.48,0.477,3014845000.0,4040664000.0,27351573000.0,27351573000.0,0.0,0.079,0.182,0.348,0.038,36241000.0,175148000.0,1.0,163352559.0,162566000.0,164354000.0,168.249,8209743000.0,385569000.0,354573000.0,0.0,50.501,2596523000.0
8,FLR,MRY,2012-12-31,2012-12-31,2012-12-31,2021-08-06,-257850000.0,8276043000.0,8489699000.0,6094137000.0,2181906000.0,3.248,19.993,-152368000.0,2154541000.0,2154541000.0,26692138000.0,571067000.0,1.568,1.451,540997000.0,20792000.0,520205000.0,540997000.0,870147000.0,212381000.0,0.0,0.014,0.8,647006000.0,859387000.0,0.031,859387000.0,647006000.0,618768000.0,2.73,2.71,2.73,3341295000.0,3529487500.0,3341295000.0,8178389855.0,13.0,9.517,451403000.0,2.701,1.0,884997000.0,0.032,101332000.0,28238000.0,2674053000.0,3124784000.0,0.0,598376000.0,137127000.0,461249000.0,4848949000.0,3887114000.0,961835000.0,9780766855.0,-6870000.0,-50119000.0,-377641000.0,-7514000.0,-128650000.0,-616626000.0,-13740000.0,198424000.0,603771000.0,19725000.0,456330000.0,456330000.0,456330000.0,0.0,114737000.0,0.017,151010000.0,733987000.0,1954108000.0,0.293,2.927,21.434,21.516,951255000.0,0.0,58.74,0.355,0.356,3185370000.0,3597521000.0,27577135000.0,27577135000.0,0.0,0.054,0.129,0.207,0.023,33044000.0,151010000.0,1.0,166509480.0,167121000.0,168491000.0,165.013,8174711000.0,329196000.0,162438000.0,0.0,48.915,2207023000.0
9,FLR,MRY,2011-12-31,2011-12-31,2011-12-31,2021-08-06,-199292000.0,8268364000.0,7919357500.0,5878711000.0,2389653000.0,2.952,19.684,-284415000.0,2161411000.0,2161411000.0,22232483000.0,698087000.0,1.532,1.416,532958000.0,19458000.0,513500000.0,532958000.0,1092707000.0,201939000.0,0.0,0.01,0.5,913058000.0,1114997000.0,0.048,1114997000.0,913058000.0,897457000.0,3.44,3.4,3.44,3395525000.0,3398246750.0,3395525000.0,6676380120.0,7.0,5.988,605354000.0,3.509,1.0,1148916000.0,0.049,95947000.0,15601000.0,2705765000.0,2345737000.0,0.0,729287000.0,96438000.0,632849000.0,4808458000.0,3838199000.0,970259000.0,8525630120.0,26414000.0,-35415000.0,-614146000.0,414295000.0,-87678000.0,-395825000.0,-436424000.0,-122362000.0,889769000.0,-31106000.0,593728000.0,593728000.0,593728000.0,0.0,104359000.0,0.025,163460000.0,985456000.0,1734686000.0,0.145,2.511,14.359,14.608,921585000.0,0.0,50.25,0.365,0.371,3180770000.0,3590553000.0,23381399000.0,23381399000.0,0.0,0.075,0.175,0.389,0.039,24020000.0,163460000.0,1.0,169664281.0,172501000.0,174564000.0,135.544,8172417000.0,375061000.0,303729000.0,0.0,47.376,2040512000.0
10,FLR,MRY,2010-12-31,2010-12-31,2010-12-31,2021-08-06,-176311000.0,7614923000.0,7457261000.0,5562825000.0,2052098000.0,2.796,19.641,-211718000.0,2134997000.0,2134997000.0,20144099000.0,441082000.0,1.579,1.169,114451000.0,96692000.0,17759000.0,114451000.0,1074996000.0,190584000.0,0.0,0.008,0.5,486626000.0,677210000.0,0.032,677210000.0,486626000.0,476010000.0,2.01,1.98,2.01,3496999000.0,3490272000.0,3496999000.0,9986593028.0,21.0,14.747,339196000.0,1.905,1.0,705250000.0,0.034,87849000.0,10616000.0,1983145000.0,2372230750.0,0.0,607265000.0,193279000.0,413986000.0,4086298000.0,3523383000.0,562915000.0,11846762028.0,447969000.0,-10035000.0,-161018000.0,-13097000.0,-90093000.0,-389872000.0,218430000.0,437537000.0,550914000.0,68497000.0,357496000.0,357496000.0,357496000.0,0.0,83586000.0,0.017,156268000.0,548982000.0,1432502000.0,0.249,3.388,33.138,32.965,866343000.0,0.0,66.26,0.568,0.566,2685904000.0,3109957000.0,20849349000.0,20849349000.0,0.0,0.048,0.102,0.205,0.023,45931000.0,156268000.0,1.0,178792062.0,178047000.0,180988000.0,117.1,7527074000.0,349090000.0,118514000.0,0.0,42.276,2039442000.0
11,FLR,MRY,2009-12-31,2009-12-31,2009-12-31,2021-08-06,-220987000.0,7178483000.0,6967805000.0,5122088000.0,2056395000.0,3.156,18.456,-195545000.0,1687028000.0,1687028000.0,20689161000.0,732875000.0,1.551,1.163,127529000.0,109789000.0,17740000.0,127529000.0,980437000.0,182011000.0,0.0,0.011,0.5,1098856000.0,1280867000.0,0.058,1280867000.0,1098856000.0,1088802000.0,3.79,3.75,3.79,3305533000.0,3053986250.0,3305533000.0,6869973261.0,6.0,5.364,709467000.0,3.961,1.0,1301136000.0,0.059,88056000.0,10054000.0,2229530000.0,2380264500.0,0.0,1124039000.0,603594000.0,520445000.0,3844590000.0,3301398000.0,543192000.0,8061677261.0,-147296000.0,-1681000.0,-122748000.0,-23789000.0,-90692000.0,-322997000.0,-818059000.0,-623329000.0,905012000.0,88748000.0,684889000.0,684889000.0,684889000.0,0.0,47986000.0,0.031,178520000.0,1122616000.0,1334301000.0,0.132,2.439,11.771,11.884,837034000.0,0.0,45.04,0.367,0.367,2394776000.0,2842428000.0,21990297000.0,21990297000.0,0.0,0.098,0.224,0.462,0.05,32330000.0,178520000.0,1.0,178989282.0,179100000.0,180862000.0,122.782,7090427000.0,378618000.0,403913000.0,0.0,39.589,1820690000.0
12,FLR,MRY,2008-12-31,2008-12-31,2008-12-31,2021-08-06,-356969000.0,6423577000.0,6467761250.0,4668518000.0,1755059000.0,3.452,15.036,-251116000.0,1834324000.0,1834324000.0,21081870000.0,748903000.0,1.476,1.385,150916000.0,133194000.0,17722000.0,150916000.0,999107000.0,163305000.0,0.0,0.011,0.5,1127291000.0,1290596000.0,0.058,1290596000.0,1127291000.0,1108852000.0,3.99,3.89,3.99,2671322000.0,2608977250.0,2671322000.0,6787085162.0,6.0,5.259,740478000.0,4.168,1.0,1244024000.0,0.056,87172000.0,18439000.0,1490771000.0,1963844500.0,0.0,488416000.0,273570000.0,214846000.0,3700393000.0,3162226000.0,538167000.0,8144182162.0,659180000.0,64425000.0,13003000.0,-173644000.0,-89928000.0,-270168000.0,22533000.0,211255000.0,991594000.0,-84779000.0,716061000.0,716061000.0,716061000.0,0.0,32842000.0,0.032,229692000.0,1014332000.0,1164556000.0,0.125,3.049,11.374,11.246,799836000.0,0.0,44.87,0.365,0.357,1227224000.0,2247938000.0,22325894000.0,22325894000.0,0.0,0.111,0.274,0.574,0.05,18651000.0,229692000.0,1.0,181506177.0,177658000.0,182612000.0,125.668,6336405000.0,534745000.0,392791000.0,0.0,35.666,1506292000.0
13,FLR,MRY,2007-12-31,2007-12-31,2007-12-31,2021-08-06,-74172000.0,5796179000.0,5416852000.0,4059500000.0,1736679000.0,3.081,13.034,-223844000.0,1175144000.0,1175144000.0,15869204000.0,546528000.0,1.419,1.548,324926000.0,307222000.0,17704000.0,324926000.0,772485000.0,146809000.0,0.0,0.005,0.4,674043000.0,820852000.0,0.049,820852000.0,674043000.0,641336000.0,2.99,2.88,2.99,2274459000.0,1977662750.0,2274459000.0,11940390621.0,18.0,14.546,697748000.0,3.998,1.0,821829000.0,0.049,78089000.0,32707000.0,2007778000.0,1981660500.0,0.0,724215000.0,539242000.0,184973000.0,3521720000.0,2860094000.0,661626000.0,12885242621.0,199094000.0,-17190000.0,12250000.0,36386000.0,-70399000.0,17173000.0,-793432000.0,-548523000.0,921592000.0,53761000.0,527961000.0,527961000.0,527961000.0,0.0,18567000.0,0.032,193743000.0,628086000.0,985247000.0,0.134,5.665,24.406,24.368,784387000.0,0.0,72.86,0.772,0.762,946565000.0,1641616000.0,16691033000.0,16691033000.0,0.0,0.097,0.267,0.34,0.04,-182000.0,193743000.0,1.0,176849336.0,174504000.0,181043000.0,95.648,5718090000.0,460169000.0,113375000.0,0.0,32.768,1199406000.0
14,FLR,MRY,2006-12-31,2006-12-31,2006-12-31,2021-08-06,-148332000.0,4874870000.0,4856220000.0,3323586000.0,1551284000.0,2.899,10.022,-234729000.0,976050000.0,976050000.0,13522033000.0,263452000.0,1.381,1.817,559630000.0,372501000.0,187129000.0,559630000.0,531548000.0,126158000.0,0.0,0.01,0.4,405003000.0,531161000.0,0.038,531161000.0,405003000.0,381990000.0,1.53,1.48,1.53,1730472000.0,1765556250.0,1730472000.0,6798455987.0,17.0,12.799,61432000.0,0.356,1.0,556473000.0,0.04,77636000.0,23013000.0,1974547000.0,2159477250.0,0.0,143638000.0,0.0,143638000.0,3144398000.0,2406267000.0,738131000.0,7188789987.0,187034000.0,0.0,31770000.0,127284000.0,-52863000.0,118383000.0,-237817000.0,-371000.0,296161000.0,10307000.0,263452000.0,263452000.0,263452000.0,0.0,0.0,0.019,178817000.0,377656000.0,804050000.0,0.261,4.154,27.287,26.683,692126000.0,0.0,40.825,0.511,0.501,904364000.0,1223787000.0,14078506000.0,14078506000.0,0.0,0.054,0.149,0.188,0.029,7431000.0,178817000.0,1.0,176087936.0,172674000.0,178392000.0,81.532,4797234000.0,325794000.0,118538000.0,0.0,27.782,917319000.0
15,FLR,MRY,2005-12-31,2005-12-31,2005-12-31,2021-08-06,9103000.0,4574445000.0,4275083250.0,3108222000.0,1466223000.0,3.079,9.612,-188476000.0,789016000.0,789016000.0,12725123000.0,227273000.0,1.329,1.805,422023000.0,330000000.0,92023000.0,422023000.0,475498000.0,104124000.0,0.0,0.008,0.32,315871000.0,419995000.0,0.032,419995000.0,315871000.0,299582000.0,1.34,1.31,1.34,1630558000.0,1497000500.0,1630558000.0,6008430876.0,19.0,14.306,220199000.0,1.298,1.0,435928000.0,0.033,77150000.0,16289000.0,1790967000.0,1898442000.0,0.0,115871000.0,0.0,115871000.0,2943887000.0,2339335000.0,604552000.0,6708079876.0,184499000.0,0.0,92370000.0,-72382000.0,-68665000.0,-32098000.0,-159132000.0,-13215000.0,408675000.0,-32946000.0,227273000.0,227273000.0,227273000.0,0.0,0.0,0.017,143723000.0,292205000.0,1003886000.0,0.239,4.114,29.516,28.828,581538000.0,0.0,38.63,0.51,0.498,850203000.0,1030460000.0,13161051000.0,13161051000.0,0.0,0.053,0.152,0.166,0.024,24623000.0,143723000.0,1.0,173649492.0,169640000.0,173312000.0,77.582,4497295000.0,227012000.0,72309000.0,0.0,26.511,768887000.0
16,FLR,MRY,2004-12-31,2004-12-31,2004-12-31,2021-08-06,2970000.0,3969557000.0,3718865000.0,2723314000.0,1246243000.0,2.522,8.189,-82281000.0,604517000.0,604517000.0,8960236000.0,186695000.0,1.544,1.972,477589000.0,129940000.0,347649000.0,477589000.0,389895000.0,89213000.0,0.0,0.012,0.32,296604000.0,385817000.0,0.041,385817000.0,296604000.0,281158000.0,1.145,1.125,1.145,1335792000.0,1215878250.0,1335792000.0,4370631028.0,15.0,11.328,-168471000.0,-1.033,1.0,420041000.0,0.045,77036000.0,15446000.0,2001612000.0,1884461750.0,0.0,85189000.0,0.0,85189000.0,2633765000.0,1763981000.0,869784000.0,4567783028.0,108015000.0,-33000000.0,61687000.0,202400000.0,-53476000.0,210025000.0,-55802000.0,358000.0,-86190000.0,39982000.0,186695000.0,186695000.0,186695000.0,0.0,0.0,0.02,142388000.0,277653000.0,722910000.0,0.279,3.42,24.467,23.803,527808000.0,0.0,27.255,0.487,0.474,761179000.0,858601000.0,9380277000.0,9380277000.0,0.0,0.05,0.154,0.157,0.032,21634000.0,142388000.0,1.0,167594314.0,163124000.0,165590000.0,57.504,3892521000.0,159542000.0,94463000.0,0.0,23.862,959333000.0
17,FLR,MRY,2003-12-31,2003-12-31,2003-12-31,2021-08-06,-35335000.0,3441306000.0,3278839000.0,2205468000.0,1235838000.0,2.686,6.777,-55701000.0,496502000.0,496502000.0,8399477000.0,157450000.0,1.211,2.182,310669000.0,266017000.0,44652000.0,310669000.0,480881000.0,80933000.0,0.0,0.016,0.32,256085000.0,337018000.0,0.038,337018000.0,256085000.0,245976000.0,0.985,0.975,0.985,1081534000.0,993475250.0,1081534000.0,2939229127.0,11.0,8.721,-359427000.0,-2.252,1.0,406226000.0,0.046,54157000.0,10109000.0,1380354000.0,1340055750.0,0.0,98206000.0,0.0,98206000.0,2359772000.0,1820962000.0,538810000.0,3252144127.0,-256865000.0,-22605000.0,25811000.0,121469000.0,-52287000.0,92961000.0,-91155000.0,-13895000.0,-303726000.0,45055000.0,157450000.0,157450000.0,157450000.0,-1488000.0,0.0,0.018,141465000.0,264761000.0,571535000.0,0.325,3.007,20.655,20.122,569480000.0,0.0,19.82,0.369,0.359,627986000.0,725382000.0,8805703000.0,8805703000.0,0.0,0.048,0.158,0.191,0.029,14493000.0,141465000.0,1.0,164083962.0,159592000.0,161078000.0,55.176,3387149000.0,184601000.0,88526000.0,0.0,21.224,384506000.0
18,FLR,MRY,2002-12-31,2002-12-31,2002-12-31,2021-08-06,-75983000.0,3142151000.0,3156669750.0,1924092000.0,1218059000.0,3.155,5.57,-15933000.0,753367000.0,753367000.0,9544785000.0,163615000.0,1.096,2.555,274943000.0,257330000.0,17613000.0,274943000.0,524661000.0,77989000.0,0.0,0.023,0.32,263088000.0,341077000.0,0.034,341077000.0,263088000.0,254163000.0,1.03,1.025,1.03,883867000.0,859458500.0,883867000.0,1817970104.0,7.0,5.33,179812000.0,1.133,1.0,414171000.0,0.042,21247000.0,8925000.0,886309000.0,1010857750.0,0.0,125610000.0,0.0,125610000.0,2258284000.0,1756171000.0,502113000.0,2249631104.0,180713000.0,50955000.0,-4348000.0,-38175000.0,-51485000.0,-95245000.0,59351000.0,21944000.0,195745000.0,20862000.0,163615000.0,163615000.0,163615000.0,500000.0,0.0,0.016,160097000.0,254074000.0,452613000.0,0.311,2.545,13.75,13.592,467020000.0,0.0,14.0,0.226,0.223,503399000.0,620219000.0,9958956000.0,9958956000.0,0.0,0.052,0.19,0.26,0.026,12909000.0,160097000.0,1.0,160687936.0,158688000.0,159706000.0,62.758,3120904000.0,242072000.0,90548000.0,0.0,19.667,167921000.0
19,FLR,MRY,2001-12-31,2001-12-31,2001-12-31,2021-08-06,-49805000.0,3142477000.0,2985331000.0,1851327000.0,1291150000.0,3.005,5.072,-148985000.0,572654000.0,572654000.0,8618972000.0,19410000.0,0.994,2.982,595450000.0,577856000.0,17594000.0,595450000.0,423996000.0,117179000.0,0.0,0.017,0.32,101975000.0,219154000.0,0.024,219154000.0,101975000.0,76964000.0,0.125,0.125,0.125,789266000.0,783856000.0,789266000.0,3091255049.0,30.0,14.105,472783000.0,3.038,1.0,353189000.0,0.039,22277000.0,25011000.0,1280263000.0,1361157000.0,0.0,143333000.0,0.0,143333000.0,2353211000.0,1862733000.0,490478000.0,2996077049.0,550804000.0,25696000.0,143173000.0,-61636000.0,-50913000.0,30145000.0,-94069000.0,27960000.0,621768000.0,-7040000.0,19410000.0,19410000.0,19410000.0,-252000.0,0.0,0.002,166961000.0,186228000.0,382528000.0,2.56,3.796,154.357,149.6,508104000.0,0.0,18.7,0.334,0.324,565525000.0,508089000.0,8972161000.0,8972161000.0,0.0,0.007,0.025,0.075,0.011,0.0,166961000.0,1.0,160218024.0,155602000.0,158314000.0,57.661,3120200000.0,276818000.0,57554000.0,0.0,20.052,-11406000.0
20,FLR,MRY,2000-12-31,2000-10-31,2000-10-31,2021-08-06,-46400000.0,3652734000.0,4269425500.0,1447793000.0,2204941000.0,2.207,10.692,-402600000.0,69426000.0,69426000.0,9162941000.0,123949000.0,0.893,1.27,271085000.0,253512000.0,17573000.0,271085000.0,395872000.0,311688000.0,0.0,,0.0,198278000.0,509966000.0,0.054,509966000.0,198278000.0,171963000.0,0.825,0.81,0.825,1609257000.0,1595314500.0,1609257000.0,,,,-216519000.0,-1.439,1.0,259938000.0,0.028,0.0,26315000.0,2234018000.0,2577816000.0,161886000.0,190403000.0,0.0,190403000.0,2043477000.0,1620375000.0,423102000.0,,-140188000.0,0.0,-17174000.0,150116000.0,-75983000.0,53476000.0,-379745000.0,28384000.0,186081000.0,0.0,123949000.0,123949000.0,123949000.0,-31891000.0,0.0,0.013,80955000.0,178983000.0,530332000.0,0.0,,,,756765000.0,0.0,,,,665117000.0,1423304000.0,9422879000.0,9422879000.0,0.0,0.029,0.078,0.077,0.021,0.0,98874000.0,1.0,151402422.0,150512000.0,152730000.0,62.605,3652734000.0,198212000.0,48014000.0,0.0,24.269,-172582000.0
21,FLR,MRY,1999-12-31,1999-10-31,1999-10-31,2021-08-06,-37752000.0,4886117000.0,4952662500.0,1910171000.0,2975946000.0,2.171,10.511,-399180000.0,209614000.0,209614000.0,10471166000.0,104187000.0,0.867,2.09,565466000.0,247911000.0,317555000.0,565466000.0,565373000.0,318204000.0,0.0,,0.0,173658000.0,491862000.0,0.046,491862000.0,173658000.0,154686000.0,0.69,0.685,0.69,1581372000.0,1553490500.0,1581372000.0,,,,179075000.0,1.19,1.0,281119000.0,0.026,116045000.0,18972000.0,2921614000.0,2847347500.0,248118000.0,167891000.0,0.0,167891000.0,3304745000.0,2204310000.0,1100435000.0,,-130930000.0,0.0,10760000.0,-282261000.0,-60692000.0,-334006000.0,-375179000.0,-4688000.0,578255000.0,0.0,104187000.0,104187000.0,104187000.0,-66012000.0,0.0,0.01,190262000.0,90857000.0,793465000.0,0.0,,,,2222953000.0,0.0,,,,850557000.0,1375338000.0,10752285000.0,10752285000.0,0.0,0.021,0.067,0.061,0.016,0.0,73062000.0,1.0,151402422.0,150456000.0,151858000.0,71.465,4770072000.0,105502000.0,50499000.0,162210000.0,31.704,-294139000.0
22,FLR,MRY,1998-12-31,1998-10-31,1998-10-31,2021-08-06,-29911000.0,5019208000.0,,2277151000.0,2742057000.0,,9.68,-487444000.0,340544000.0,340544000.0,12138279000.0,235344000.0,0.912,2.29,729062000.0,428634000.0,300428000.0,729062000.0,546816000.0,288870000.0,0.0,,0.0,335298000.0,624168000.0,0.05,624168000.0,335298000.0,322178000.0,1.495,1.485,1.495,1525609000.0,,1525609000.0,,,,215075000.0,1.365,1.0,239197000.0,0.019,139091000.0,13120000.0,2773081000.0,,198645000.0,137562000.0,0.0,137562000.0,3493599000.0,2495554000.0,998045000.0,,41220000.0,0.0,-369044000.0,341524000.0,-63497000.0,-97982000.0,-563317000.0,-10656000.0,702519000.0,0.0,235344000.0,235344000.0,235344000.0,-99430000.0,0.0,0.019,22598000.0,216599000.0,972096000.0,0.0,,,,2147308000.0,0.0,,,,959416000.0,1331843000.0,12377476000.0,12377476000.0,0.0,,,,0.027,0.0,22598000.0,1.0,,157602000.0,158270000.0,78.536,4880117000.0,81155000.0,86834000.0,105515000.0,30.965,-218403000.0
23,FLR,MRY,1997-12-31,1997-10-31,1997-10-31,2021-08-06,,,,,,,,-415206000.0,,,14022570000.0,146187000.0,,,,,,,,248353000.0,,,0.0,286027000.0,534380000.0,0.037,534380000.0,286027000.0,255269000.0,0.88,0.875,0.88,,,,,,,-86582000.0,-0.521,1.0,275971000.0,0.019,,30758000.0,,,,,,,,,,,52360000.0,-169208000.0,-17917000.0,317411000.0,-63750000.0,235707000.0,-511971000.0,127510000.0,328624000.0,0.0,146187000.0,146187000.0,146187000.0,0.0,0.0,0.01,13230000.0,262741000.0,,0.0,,,,,0.0,,,,,,14298541000.0,14298541000.0,0.0,,,,0.02,0.0,13230000.0,1.0,,166182000.0,166956000.0,86.041,,,109082000.0,,,
0,FLR,MRQ,2021-06-30,2021-06-30,2021-06-30,2021-08-06,-416663000.0,7856477000.0,,5926159000.0,1930318000.0,,10.723,18404000.0,2711115000.0,2711115000.0,3176942000.0,-114445000.0,1.587,4.015,1683478000.0,4738000.0,1678740000.0,1683478000.0,0.0,18795000.0,0.0,0.0,0.0,-98000000.0,-79205000.0,-0.024,-79205000.0,-98000000.0,-113217000.0,-0.84,-0.84,-0.84,1515549000.0,,1515549000.0,2247109911.0,-10.0,-17.933,95079000.0,0.673,1.0,59465000.0,0.018,206987000.0,15217000.0,2886821000.0,,0.0,629225000.0,31651000.0,597574000.0,6085083000.0,3735032000.0,2350051000.0,2501709911.0,773315000.0,59085000.0,0.0,-13758000.0,0.0,626945000.0,64470000.0,-12961000.0,76675000.0,5225000.0,-114445000.0,-119320000.0,-119320000.0,107777000.0,0.0,-0.037,31474000.0,27991000.0,1087404000.0,0.0,1.651,-7.139,-7.108,448436000.0,4875000.0,17.7,0.183,0.183,892261000.0,1048345000.0,3236407000.0,3236407000.0,0.0,,,,,11134000.0,31474000.0,1.0,141339543.0,141339543.0,,22.898,7649490000.0,92191000.0,1228000.0,91908000.0,54.121,2191127000.0
1,FLR,MRQ,2021-03-31,2021-03-31,2021-03-31,2021-08-06,-417469000.0,7020915000.0,,5169537000.0,1851378000.0,,6.988,-21840000.0,1937800000.0,1937800000.0,2845750000.0,-53912000.0,1.502,5.872,1683200000.0,4704000.0,1678496000.0,1683200000.0,0.0,24000000.0,0.0,0.0,0.0,-65702000.0,-41702000.0,-0.014,-41702000.0,-65702000.0,-86426000.0,-0.62,-0.62,-0.62,983654000.0,,983654000.0,2786800299.0,-29.0,666.858,-252393000.0,-1.793,1.0,92776000.0,0.032,206958000.0,20724000.0,3118012000.0,,0.0,539693000.0,18698000.0,520995000.0,5776258000.0,3441345000.0,2334913000.0,3250133299.0,-260981000.0,-47829000.0,0.0,3264000.0,0.0,28390000.0,-64505000.0,4731000.0,-230553000.0,5687000.0,-87024000.0,-87024000.0,-87024000.0,0.0,33112000.0,-0.03,91986000.0,790000.0,1102174000.0,0.0,3.304,-12.69,-12.617,456733000.0,0.0,23.09,0.23,0.23,862305000.0,1162790000.0,2938526000.0,2938526000.0,0.0,,,,,10193000.0,65594000.0,1.0,140759346.0,140759346.0,,20.876,6813957000.0,81376000.0,598000.0,77583000.0,48.409,1728192000.0
2,FLR,MRQ,2020-12-31,2020-12-31,2020-12-31,2021-08-06,-416906000.0,7309812000.0,,5034009000.0,2275803000.0,,7.322,-4928000.0,2198781000.0,2198781000.0,3533002000.0,-115719000.0,1.409,5.869,1705988000.0,4890000.0,1701098000.0,1705988000.0,0.0,26282000.0,0.0,0.006,0.0,-118800000.0,-92518000.0,-0.025,-92518000.0,-118800000.0,-137903000.0,-1.17,-1.17,-1.17,1030247000.0,,1030247000.0,1873051824.0,-5.0,-7.845,36716000.0,0.261,1.0,122716000.0,0.034,207369000.0,19103000.0,3037613000.0,,0.0,550761000.0,23345000.0,527416000.0,6046585000.0,3572037000.0,2474548000.0,2247221824.0,104999000.0,-23756000.0,0.0,-9646000.0,0.0,2487000.0,15187000.0,-5180000.0,41644000.0,45681000.0,-163438000.0,-163438000.0,-163438000.0,0.0,47719000.0,-0.045,149444000.0,-26728000.0,1115625000.0,0.0,2.181,-5.165,-5.152,463827000.0,0.0,15.97,0.143,0.143,935676000.0,1249809000.0,3655718000.0,3655718000.0,0.0,,,,,10311000.0,146922000.0,1.0,140715205.0,140715205.0,,25.98,7102443000.0,77915000.0,25535000.0,80745000.0,50.474,1461972000.0
3,FLR,MRQ,2020-09-30,2020-09-30,2020-09-30,2021-08-06,-463316000.0,7271650000.0,,5010399000.0,2261251000.0,,8.031,-11211000.0,2093782000.0,2093782000.0,3669535000.0,23640000.0,1.414,5.284,1719612000.0,42450000.0,1677162000.0,1719612000.0,0.0,22371000.0,0.0,0.023,0.0,65748000.0,88119000.0,0.023,88119000.0,65748000.0,48145000.0,0.14,0.14,0.14,1128946000.0,,1128946000.0,931644826.0,-2.0,-2.706,68941000.0,0.49,1.0,133675000.0,0.035,326892000.0,17603000.0,3025975000.0,,0.0,576204000.0,17514000.0,558690000.0,5964966000.0,3544613000.0,2420353000.0,1238377826.0,124189000.0,19088000.0,0.0,-7040000.0,0.0,28171000.0,2850000.0,-4750000.0,80152000.0,13016000.0,19341000.0,19341000.0,19341000.0,0.0,4299000.0,0.005,68085000.0,65590000.0,1338153000.0,0.0,1.097,-2.181,-2.175,563624000.0,0.0,8.81,0.079,0.079,1083351000.0,1413242000.0,3803210000.0,3803210000.0,0.0,,,,,2215000.0,68085000.0,1.0,140565020.0,140565020.0,,27.057,6944758000.0,69008000.0,28804000.0,70363000.0,49.406,1465786000.0
4,FLR,MRQ,2020-06-30,2020-06-30,2020-06-30,2021-08-06,-478636000.0,7240774000.0,,5027386000.0,2213388000.0,,7.788,-17982000.0,1969593000.0,1969593000.0,3656048000.0,-24990000.0,1.395,5.505,1707933000.0,53102000.0,1654831000.0,1707933000.0,0.0,28204000.0,0.0,0.034,0.0,22076000.0,50280000.0,0.013,50280000.0,22076000.0,6369000.0,-0.18,-0.18,-0.18,1091722000.0,,1091722000.0,1570347752.0,-2.0,-2.549,109849000.0,0.784,1.0,78894000.0,0.021,322652000.0,15707000.0,3051383000.0,,0.0,540962000.0,12711000.0,528251000.0,6009880000.0,3605079000.0,2404801000.0,1693306752.0,98719000.0,-18051000.0,0.0,-1636000.0,-14020000.0,-4840000.0,-37861000.0,-6306000.0,127831000.0,13589000.0,-24990000.0,-24990000.0,-24990000.0,10070000.0,0.0,-0.007,46422000.0,32472000.0,1428785000.0,0.0,1.551,-1.273,-1.273,568606000.0,0.0,12.08,0.103,0.103,1146761000.0,1393866000.0,3734942000.0,3734942000.0,0.0,,,,,3379000.0,42598000.0,1.0,140174400.0,140174400.0,,26.645,6918122000.0,68225000.0,31359000.0,74787000.0,49.354,1422307000.0
5,FLR,MRQ,2020-03-31,2020-03-31,2020-03-31,2021-08-06,-499353000.0,7292469000.0,,5129489000.0,2162980000.0,,7.788,-16629000.0,1870874000.0,1870874000.0,3633848000.0,-256450000.0,1.382,5.572,1698377000.0,51204000.0,1647173000.0,1698377000.0,0.0,28717000.0,0.0,0.09,0.1,-311689000.0,-282972000.0,-0.077,-282972000.0,-311689000.0,-328240000.0,-1.9,-1.9,-1.9,1091645000.0,,1091645000.0,845646104.0,-1.0,-0.776,-80372000.0,-0.573,1.0,63846000.0,0.017,306482000.0,16551000.0,3102944000.0,,0.0,530234000.0,6477000.0,523757000.0,6082304000.0,3710546000.0,2371758000.0,968605104.0,-126325000.0,-5971000.0,0.0,22203000.0,-14700000.0,22628000.0,-21738000.0,806000.0,-63743000.0,-63472000.0,-265959000.0,-265959000.0,-265959000.0,0.0,9509000.0,-0.072,135923000.0,-72077000.0,1443280000.0,-0.053,0.887,-0.563,-0.564,567148000.0,0.0,6.91,0.057,0.057,1097800000.0,1418845000.0,3697694000.0,3697694000.0,0.0,,,,,5977000.0,33558000.0,1.0,140174400.0,140174400.0,,26.379,6985987000.0,55521000.0,-62281000.0,79420000.0,49.838,1418943000.0
6,FLR,MRQ,2019-12-31,2019-12-31,2019-12-31,2021-08-06,-379873000.0,7966658000.0,,5366763000.0,2599895000.0,,10.614,-31238000.0,1997199000.0,1997199000.0,4348071000.0,-324724000.0,1.374,4.29,1690467000.0,38728000.0,1651739000.0,1690467000.0,0.0,28435000.0,0.0,0.039,0.1,-228103000.0,-199668000.0,-0.045,-199668000.0,-228103000.0,-245717000.0,-2.11,-2.11,-2.11,1487752000.0,,1487752000.0,2523533672.0,-3.0,-3.185,120882000.0,0.862,1.0,60619000.0,0.014,508415000.0,17614000.0,3246389000.0,,0.0,608076000.0,7262000.0,600814000.0,6382566000.0,3905122000.0,2477444000.0,2646492672.0,192095000.0,-5471000.0,0.0,-12113000.0,-29365000.0,9841000.0,5794000.0,40616000.0,152120000.0,24340000.0,-296140000.0,-296140000.0,-296140000.0,0.0,-28584000.0,-0.067,328671000.0,-268052000.0,1546840000.0,-0.047,1.779,-1.739,-1.737,594826000.0,0.0,18.88,0.153,0.153,1217464000.0,1700912000.0,4408690000.0,4408690000.0,0.0,,,,,8562000.0,46200000.0,1.0,140174400.0,140174400.0,,31.451,7458243000.0,62688000.0,50423000.0,83295000.0,53.207,1461641000.0
7,FLR,MRQ,2019-09-30,2019-09-30,2019-09-30,2021-08-06,-551903000.0,7883707000.0,,5322888000.0,2560819000.0,,11.126,-7966000.0,1805104000.0,1805104000.0,4537327000.0,-730654000.0,1.382,3.976,1682145000.0,45240000.0,1636905000.0,1682145000.0,0.0,45132000.0,0.0,0.044,0.21,-228808000.0,-183676000.0,-0.04,-183676000.0,-228808000.0,-247792000.0,-5.3,-5.3,-5.3,1559495000.0,,1559495000.0,2518347574.0,-4.0,-6.474,-32503000.0,-0.232,1.0,91251000.0,0.02,439576000.0,18984000.0,3470801000.0,,0.0,673916000.0,47873000.0,626043000.0,6199777000.0,3850371000.0,2349406000.0,2676809574.0,-52181000.0,4287000.0,1466000.0,8569000.0,-29384000.0,-29331000.0,30676000.0,25203000.0,-24537000.0,-28989000.0,-743099000.0,-743099000.0,-743099000.0,0.0,12445000.0,-0.161,345155000.0,-253904000.0,1295954000.0,-0.04,1.716,-2.181,-2.189,571214000.0,0.0,19.13,0.131,0.131,1045749000.0,1998142000.0,4628578000.0,4628578000.0,0.0,,,,,-2290000.0,11167000.0,1.0,139927317.0,140163000.0,140163000.0,33.023,7444131000.0,70537000.0,495307000.0,0.0,53.111,1472517000.0
8,FLR,MRQ,2019-06-30,2019-06-30,2019-06-30,2021-08-06,-510008000.0,8973874000.0,,5157552000.0,3816322000.0,,16.942,-38209000.0,1857285000.0,1857285000.0,4577607000.0,-452700000.0,1.271,2.728,1698823000.0,41577000.0,1657246000.0,1698823000.0,0.0,47083000.0,0.0,0.025,0.21,-470902000.0,-423819000.0,-0.102,-423819000.0,-470902000.0,-489778000.0,-2.95,-2.95,-2.95,2374237000.0,,2374237000.0,4595223310.0,-21.0,-208.902,70702000.0,0.505,1.0,-431203000.0,-0.104,534401000.0,18876000.0,4223315000.0,,0.0,967067000.0,73098000.0,893969000.0,6476385000.0,4057696000.0,2418689000.0,4714151310.0,51508000.0,-15055000.0,-1466000.0,4945000.0,-29319000.0,-27989000.0,-23754000.0,25436000.0,108911000.0,-5660000.0,-414021000.0,-414021000.0,-414021000.0,0.0,38679000.0,-0.1,76603000.0,-507806000.0,1546171000.0,-0.071,1.986,-11.591,-11.657,894997000.0,0.0,33.69,0.239,0.24,1490768000.0,2769804000.0,4146404000.0,4146404000.0,0.0,,,,,16561000.0,49932000.0,1.0,139927317.0,140141000.0,140141000.0,29.587,8439473000.0,513306000.0,-75757000.0,0.0,60.221,1099856000.0
9,FLR,MRQ,2019-03-31,2019-03-31,2019-03-31,2021-08-06,-497894000.0,9041714000.0,,5242608000.0,3799106000.0,,21.122,-37452000.0,1805777000.0,1805777000.0,4070859000.0,-45045000.0,1.486,2.007,1686849000.0,35922000.0,1650927000.0,1686849000.0,0.0,49831000.0,0.0,0.023,0.21,-35017000.0,14814000.0,0.004,14814000.0,-35017000.0,-53647000.0,-0.49,-0.49,-0.49,2952313000.0,,2952313000.0,5060158699.0,12.0,7.892,-54928000.0,-0.393,1.0,62753000.0,0.015,535051000.0,18630000.0,4859842000.0,,0.0,1036189000.0,98733000.0,937456000.0,5925789000.0,3527893000.0,2397896000.0,5136452699.0,41031000.0,-12001000.0,1466000.0,7692000.0,-30005000.0,-29820000.0,67756000.0,116119000.0,-17476000.0,20571000.0,-68904000.0,-68904000.0,-68904000.0,0.0,23859000.0,-0.017,85989000.0,-23236000.0,1543478000.0,-0.429,1.74,42.049,41.818,985754000.0,0.0,36.8,0.251,0.252,1380475000.0,3354352000.0,4133612000.0,4133612000.0,0.0,,,,,13242000.0,58621000.0,1.0,139577519.0,139776000.0,139776000.0,29.573,8506663000.0,363872000.0,15257000.0,0.0,60.859,1714715000.0
10,FLR,MRQ,2018-12-31,2018-12-31,2018-12-31,2021-08-06,-543531000.0,8882555000.0,,5370603000.0,3511952000.0,,20.217,-42152000.0,1764746000.0,1764746000.0,7321871000.0,17725000.0,1.468,2.083,1688452000.0,26887000.0,1661565000.0,1688452000.0,0.0,51737000.0,0.0,0.026,0.21,151965000.0,203702000.0,0.027,203702000.0,151965000.0,132952000.0,0.0,0.0,0.0,2834125000.0,,2834125000.0,4574031800.0,11.0,7.14,131297000.0,0.937,1.0,260832000.0,0.034,466452000.0,19013000.0,4680581000.0,,0.0,1117964000.0,214828000.0,903136000.0,5902302000.0,3659228000.0,2243074000.0,4529523800.0,84950000.0,-37546000.0,-49934000.0,-25856000.0,-29541000.0,-132117000.0,73123000.0,28207000.0,173449000.0,-29505000.0,-1119000.0,-1119000.0,-1119000.0,113920000.0,18844000.0,0.0,8338000.0,252494000.0,1400666000.0,,1.598,26.112,25.968,745942000.0,0.0,32.2,0.24,0.24,1237248000.0,3294154000.0,7582703000.0,7582703000.0,0.0,,,,,8294000.0,-13562000.0,1.0,140668441.0,140185000.0,140990000.0,54.091,8416103000.0,378102000.0,134071000.0,0.0,60.036,1711375000.0
11,FLR,MRQ,2018-09-30,2018-09-30,2018-09-30,2021-08-06,-482178000.0,9147976000.0,,5584161000.0,3563815000.0,,21.626,-17442000.0,1679796000.0,1679796000.0,3654953000.0,96025000.0,1.525,1.955,1724304000.0,56945000.0,1667359000.0,1724304000.0,0.0,53013000.0,0.0,0.014,0.21,130293000.0,183306000.0,0.048,183306000.0,130293000.0,106055000.0,0.55,0.55,0.55,3043024000.0,,3043024000.0,8143933215.0,25.0,14.989,103873000.0,0.738,1.0,187282000.0,0.049,553294000.0,24238000.0,4977087000.0,,0.0,1102264000.0,243048000.0,859216000.0,5948047000.0,3662103000.0,2285944000.0,8169962215.0,-2164000.0,3375000.0,1787000.0,69822000.0,-29552000.0,32074000.0,-155728000.0,-142043000.0,121315000.0,175000.0,77345000.0,77345000.0,77345000.0,-13245000.0,18680000.0,0.02,61058000.0,126224000.0,1619222000.0,0.382,2.685,41.428,41.5,1029162000.0,0.0,58.1,0.589,0.59,1724091000.0,3401528000.0,3842235000.0,3842235000.0,0.0,,,,,10745000.0,61058000.0,1.0,140618971.0,140713000.0,141549000.0,27.305,8594682000.0,425313000.0,28710000.0,0.0,61.08,1922058000.0
12,FLR,MRQ,2018-06-30,2018-06-30,2018-06-30,2021-08-06,-422595000.0,9119217000.0,,5455836000.0,3663381000.0,,21.637,-21778000.0,1681960000.0,1681960000.0,4673644000.0,131164000.0,1.454,1.95,1655931000.0,80561000.0,1575370000.0,1655931000.0,0.0,55252000.0,0.0,0.017,0.21,184087000.0,239339000.0,0.049,239339000.0,184087000.0,167303000.0,0.82,0.81,0.82,3043355000.0,,3043355000.0,6808346421.0,19.0,11.729,-18376000.0,-0.131,1.0,210152000.0,0.043,558308000.0,16784000.0,4783233000.0,,0.0,1006174000.0,101124000.0,905050000.0,5934377000.0,3751647000.0,2182730000.0,6857839421.0,-3994000.0,-1116000.0,1364000.0,49645000.0,-29399000.0,17531000.0,17106000.0,40511000.0,3402000.0,-42033000.0,114832000.0,114832000.0,114832000.0,0.0,16332000.0,0.024,17776000.0,192376000.0,1692897000.0,0.256,2.253,31.997,31.882,1053866000.0,0.0,48.78,0.458,0.459,1556503000.0,3353176000.0,4883796000.0,4883796000.0,0.0,,,,,10073000.0,17776000.0,1.0,140587114.0,140654000.0,141306000.0,34.722,8560909000.0,426671000.0,52471000.0,0.0,60.865,1704189000.0
13,FLR,MRQ,2018-03-31,2018-03-31,2018-03-31,2021-08-06,-372960000.0,9425226000.0,,5694762000.0,3730464000.0,,21.387,-48588000.0,1685954000.0,1685954000.0,4765975000.0,-12061000.0,1.396,2.101,1636461000.0,28808000.0,1607653000.0,1636461000.0,0.0,56654000.0,0.0,0.015,0.21,2528000.0,59182000.0,0.012,59182000.0,2528000.0,-14584000.0,-0.13,-0.13,-0.13,2996311000.0,,2996311000.0,7820380049.0,54.0,21.027,-184590000.0,-1.318,1.0,57795000.0,0.012,581298000.0,17112000.0,4716129000.0,,0.0,1041227000.0,142503000.0,898724000.0,6295919000.0,4078306000.0,2217613000.0,8005496049.0,-118121000.0,-15574000.0,4019000.0,0.0,-30242000.0,-57979000.0,66882000.0,130916000.0,-136002000.0,8978000.0,-17590000.0,-17590000.0,-17590000.0,0.0,5529000.0,-0.004,57271000.0,524000.0,1720943000.0,-1.615,2.672,106.075,105.963,1097833000.0,0.0,57.22,0.541,0.542,1727474000.0,3268837000.0,4823770000.0,4823770000.0,0.0,,,,,13917000.0,57271000.0,1.0,139907306.0,140099000.0,140099000.0,34.431,8843928000.0,435675000.0,3006000.0,0.0,63.126,1616456000.0
14,FLR,MRQ,2017-12-31,2017-12-31,2017-12-31,2021-08-06,-402242000.0,9327692000.0,,5601257000.0,3726435000.0,,23.891,-26527000.0,1804075000.0,1804075000.0,438691000.0,43153000.0,1.567,1.746,1618959000.0,27361000.0,1591598000.0,1618959000.0,0.0,57314000.0,0.0,0.016,0.21,4196000.0,61510000.0,0.197,61510000.0,4196000.0,-12271000.0,0.16,0.16,0.16,3342310000.0,,3342310000.0,7015227386.0,30.0,15.16,24807000.0,0.177,1.0,-125811000.0,-0.402,564683000.0,16467000.0,5003723000.0,,0.0,1153619000.0,161134000.0,992485000.0,5835293000.0,3574170000.0,2261123000.0,7224557386.0,-22954000.0,-31540000.0,577000.0,0.0,-29372000.0,-55320000.0,-28266000.0,33027000.0,51334000.0,9298000.0,22622000.0,22622000.0,22622000.0,-189311000.0,20531000.0,0.072,45545000.0,-171356000.0,1512740000.0,1.312,2.162,47.013,46.955,1093681000.0,0.0,51.65,0.488,0.488,1602751000.0,3654931000.0,312880000.0,312880000.0,0.0,,,,,9593000.0,45361000.0,1.0,139875264.0,139896000.0,141031000.0,2.237,8763009000.0,316472000.0,-34893000.0,0.0,62.639,2027087000.0
15,FLR,MRQ,2017-09-30,2017-09-30,2017-09-30,2021-08-06,-420094000.0,9193527000.0,,5514894000.0,3678633000.0,,23.471,-46833000.0,1827029000.0,1827029000.0,4720071000.0,112889000.0,1.556,1.754,1617699000.0,36725000.0,1580974000.0,1617699000.0,970338000.0,56514000.0,0.0,0.02,0.21,163913000.0,220427000.0,0.045,220427000.0,163913000.0,146958000.0,0.68,0.67,0.68,3283308000.0,,3283308000.0,5666797060.0,13.0,8.63,75878000.0,0.542,1.0,221563000.0,0.045,563440000.0,16955000.0,4877183000.0,,0.0,1155742000.0,178056000.0,977686000.0,5759634000.0,3543574000.0,2216060000.0,5889735060.0,7230000.0,-47204000.0,507000.0,0.0,-29342000.0,-37031000.0,-83380000.0,16464000.0,122711000.0,4930000.0,94463000.0,94463000.0,94463000.0,0.0,18426000.0,0.019,45973000.0,175590000.0,1398182000.0,0.309,1.794,29.228,29.236,1080175000.0,0.0,42.1,0.302,0.302,2859750000.0,3624554000.0,4941634000.0,4941634000.0,0.0,,,,,8846000.0,45973000.0,1.0,139898695.0,139887000.0,140830000.0,35.326,8630087000.0,294382000.0,52495000.0,0.0,61.693,1971320000.0
16,FLR,MRQ,2017-06-30,2017-06-30,2017-06-30,2021-08-06,-451261000.0,9221808000.0,,5613818000.0,3607990000.0,,22.727,-61413000.0,1819799000.0,1819799000.0,4684116000.0,-6632000.0,1.504,1.86,1596861000.0,36390000.0,1560471000.0,1596861000.0,1083679000.0,55664000.0,0.0,0.018,0.21,-24869000.0,30795000.0,0.007,30795000.0,-24869000.0,-41342000.0,-0.17,-0.17,-0.17,3177686000.0,,3177686000.0,5998531085.0,22.0,12.061,96278000.0,0.689,1.0,31976000.0,0.007,548849000.0,16473000.0,4716750000.0,,0.0,1104587000.0,193927000.0,910660000.0,5910673000.0,3733271000.0,2177402000.0,6399231085.0,-147782000.0,-105098000.0,2509000.0,0.0,-29285000.0,-45662000.0,-276364000.0,-111794000.0,157691000.0,16553000.0,-24025000.0,-24025000.0,-24025000.0,0.0,17393000.0,-0.005,47315000.0,-15339000.0,1527821000.0,-1.235,2.014,57.212,57.949,1067502000.0,0.0,45.78,0.331,0.332,2910101000.0,3559643000.0,4716092000.0,4716092000.0,0.0,,,,,6564000.0,47315000.0,1.0,139782243.0,139818000.0,139818000.0,33.73,8672959000.0,335480000.0,-17317000.0,0.0,62.03,1880547000.0
17,FLR,MRQ,2017-03-31,2017-03-31,2017-03-31,2021-08-06,-452180000.0,9160335000.0,,5560338000.0,3599997000.0,,23.098,-52232000.0,1967581000.0,1967581000.0,4685904000.0,77354000.0,1.512,1.805,1566881000.0,40858000.0,1526023000.0,1566881000.0,752779000.0,55777000.0,0.0,0.016,0.21,94245000.0,150022000.0,0.031,150022000.0,94245000.0,76682000.0,0.43,0.43,0.43,3220835000.0,,3220835000.0,7082637779.0,15.0,9.981,218003000.0,1.563,1.0,150001000.0,0.031,545400000.0,17563000.0,4537866000.0,,0.0,986268000.0,74942000.0,911326000.0,5814284000.0,3676369000.0,2137915000.0,7332881779.0,117145000.0,-86026000.0,5787000.0,-53455000.0,-29996000.0,-77489000.0,-96268000.0,41379000.0,270235000.0,20667000.0,60611000.0,60611000.0,60611000.0,0.0,16743000.0,0.013,45048000.0,104953000.0,1643925000.0,0.488,2.277,30.851,31.136,1037461000.0,0.0,52.62,0.377,0.377,3035698000.0,3613246000.0,4835905000.0,4835905000.0,0.0,,,,,15666000.0,45048000.0,1.0,139355412.0,139443000.0,140958000.0,34.68,8614935000.0,361492000.0,16071000.0,0.0,61.781,1883969000.0
18,FLR,MRQ,2016-12-31,2016-12-31,2016-12-31,2021-08-06,-496669000.0,9216417000.0,,5610270000.0,3606147000.0,,22.442,-50001000.0,1850436000.0,1850436000.0,4740637000.0,70978000.0,1.47,1.911,1600192000.0,82243000.0,1517949000.0,1600192000.0,763774000.0,58374000.0,0.0,0.016,0.21,197059000.0,255433000.0,0.051,255433000.0,197059000.0,178111000.0,0.5,0.5,0.5,3125191000.0,,3125191000.0,7222261714.0,13.0,9.071,203434000.0,1.461,1.0,249018000.0,0.05,532239000.0,18948000.0,4617905000.0,,0.0,994975000.0,111037000.0,883938000.0,5973586000.0,3816029000.0,2157557000.0,7313420714.0,70062000.0,3572000.0,343000.0,-35684000.0,-28969000.0,-108159000.0,-24573000.0,25633000.0,253435000.0,-50641000.0,70461000.0,70461000.0,70461000.0,0.0,517000.0,0.014,56176000.0,192842000.0,1590506000.0,0.42,2.34,25.989,26.0,1017223000.0,0.0,52.52,0.384,0.384,3237513000.0,3582150000.0,4989655000.0,4989655000.0,0.0,,,,,8244000.0,56176000.0,1.0,139250204.0,139258000.0,141059000.0,35.83,8684178000.0,454109000.0,107650000.0,0.0,62.36,1794241000.0
19,FLR,MRQ,2016-09-30,2016-09-30,2016-09-30,2021-08-06,-466346000.0,9316606000.0,,5741578000.0,3575028000.0,,22.307,-36443000.0,1780374000.0,1780374000.0,4729637000.0,17406000.0,1.481,1.952,1689215000.0,133693000.0,1555522000.0,1689215000.0,716592000.0,58958000.0,0.0,0.016,0.21,2124000.0,61082000.0,0.013,61082000.0,2124000.0,-15253000.0,0.03,0.03,0.03,3106285000.0,,3106285000.0,7232712297.0,22.0,13.354,325497000.0,2.338,1.0,37227000.0,0.008,593161000.0,17377000.0,4756089000.0,,0.0,1026920000.0,130821000.0,896099000.0,6061998000.0,3876197000.0,2185801000.0,7146226297.0,153320000.0,-117358000.0,171000.0,-32502000.0,-29693000.0,-70632000.0,-143733000.0,6873000.0,361940000.0,5745000.0,4804000.0,4804000.0,4804000.0,0.0,12602000.0,0.001,27144000.0,10083000.0,1642739000.0,7.0,2.301,44.781,43.492,1042354000.0,0.0,51.32,0.388,0.388,3294128000.0,3541253000.0,4766864000.0,4766864000.0,0.0,,,,,7930000.0,27144000.0,1.0,139248369.0,139250000.0,140924000.0,34.232,8723445000.0,314939000.0,-20057000.0,0.0,62.646,1865381000.0
20,FLR,MRQ,2016-06-30,2016-06-30,2016-06-30,2021-08-06,-449428000.0,9241467000.0,,5651240000.0,3590227000.0,,22.55,-45603000.0,1627054000.0,1627054000.0,4607868000.0,120054000.0,1.495,1.898,1713540000.0,166081000.0,1547459000.0,1713540000.0,737663000.0,61212000.0,0.0,0.017,0.21,181880000.0,243092000.0,0.05,243092000.0,181880000.0,163161000.0,0.73,0.72,0.73,3139548000.0,,3139548000.0,6854698088.0,11.0,8.57,-69714000.0,-0.501,1.0,248249000.0,0.051,567264000.0,18719000.0,4980659000.0,,0.0,1037256000.0,125086000.0,912170000.0,5957833000.0,3780030000.0,2177803000.0,6861262088.0,-70437000.0,1797000.0,463000.0,25599000.0,-29392000.0,-2380000.0,-13097000.0,30903000.0,-24111000.0,-30849000.0,101813000.0,101813000.0,101813000.0,0.0,18241000.0,0.021,52640000.0,195609000.0,1714192000.0,0.288,2.185,21.043,21.06,1055902000.0,0.0,49.28,0.38,0.38,3472710000.0,3566143000.0,4856117000.0,4856117000.0,0.0,,,,,9991000.0,52640000.0,1.0,139230156.0,139226000.0,140801000.0,34.879,8674203000.0,339206000.0,61348000.0,0.0,62.303,1871210000.0
21,FLR,MRQ,2016-03-31,2016-03-31,2016-03-31,2021-08-06,-417389000.0,9001727000.0,,5402869000.0,3598858000.0,,22.228,-22695000.0,1697491000.0,1697491000.0,4168067000.0,119011000.0,1.505,1.872,1690927000.0,118926000.0,1572001000.0,1690927000.0,745078000.0,47369000.0,0.0,0.016,0.21,189177000.0,236546000.0,0.053,236546000.0,189177000.0,174532000.0,0.75,0.74,0.75,3088611000.0,,3088611000.0,6502656503.0,10.0,7.724,91960000.0,0.662,1.0,255822000.0,0.058,0.0,14645000.0,5405233000.0,,0.0,1802485000.0,167130000.0,1635355000.0,5780893000.0,3589930000.0,2190963000.0,7459878503.0,-252395000.0,-643188000.0,-7037000.0,223493000.0,-29941000.0,170821000.0,-559948000.0,98699000.0,114655000.0,22077000.0,104323000.0,104323000.0,104323000.0,0.0,14688000.0,0.024,55113000.0,200709000.0,1578073000.0,0.28,2.415,20.013,20.418,1065264000.0,0.0,53.7,0.415,0.415,3103032000.0,3493789000.0,4423889000.0,4423889000.0,0.0,,,,,13921000.0,55113000.0,1.0,138917663.0,138950000.0,140865000.0,31.838,9001727000.0,362699000.0,70209000.0,0.0,64.784,1812939000.0
22,FLR,MRQ,2015-12-31,2015-12-31,2015-12-31,2021-08-06,-432775000.0,7625406000.0,,5105400000.0,2520006000.0,,21.268,46860000.0,1949886000.0,1949886000.0,4118219000.0,-33078000.0,1.739,1.505,986564000.0,0.0,986564000.0,986564000.0,754037000.0,48109000.0,0.0,0.018,0.21,-47234000.0,875000.0,0.0,875000.0,-47234000.0,-58265000.0,-0.33,-0.32,-0.33,2997347000.0,,2997347000.0,5898231589.0,8.0,6.606,325569000.0,2.31,1.0,252462000.0,0.058,111646000.0,11031000.0,3615086000.0,,0.0,755656000.0,197092000.0,558564000.0,4511907000.0,2935352000.0,1576555000.0,6686941589.0,168487000.0,-10192000.0,-149480000.0,0.0,-30651000.0,-194021000.0,103742000.0,64092000.0,278709000.0,-19943000.0,-51357000.0,-51357000.0,-51357000.0,601000.0,18279000.0,-0.012,284165000.0,-31703000.0,1266509000.0,-0.636,2.231,16.21,16.568,892340000.0,0.0,47.22,0.369,0.377,2579495000.0,3428732000.0,4370681000.0,4370681000.0,0.0,,,,,19629000.0,44269000.0,1.0,141612486.0,140935000.0,142966000.0,31.012,7513760000.0,394832000.0,-6908000.0,0.0,53.314,2170048000.0
23,FLR,MRQ,2015-09-30,2015-09-30,2015-09-30,2021-08-06,-579136000.0,7599361000.0,,5229758000.0,2369603000.0,,21.223,-32078000.0,1781399000.0,1781399000.0,4133819000.0,181736000.0,1.827,1.444,992689000.0,0.0,992689000.0,992689000.0,652378000.0,46489000.0,0.0,0.02,0.21,272870000.0,319359000.0,0.073,319359000.0,272870000.0,262700000.0,1.19,1.17,1.19,3062340000.0,,3062340000.0,5407047146.0,5.0,4.382,334156000.0,2.316,1.0,250793000.0,0.057,0.0,10170000.0,3948850000.0,,0.0,901117000.0,245752000.0,655365000.0,4423419000.0,2861801000.0,1561618000.0,6138347146.0,57639000.0,12138000.0,-145307000.0,0.0,-31022000.0,-177803000.0,-83272000.0,-76900000.0,366234000.0,-47520000.0,171283000.0,171283000.0,171283000.0,5057000.0,10453000.0,0.039,35165000.0,215628000.0,1247249000.0,0.176,2.004,9.048,9.287,929888000.0,0.0,42.35,0.32,0.318,2706903000.0,3640054000.0,4384612000.0,4384612000.0,0.0,,,,,13650000.0,35165000.0,1.0,144943262.0,144293000.0,146085000.0,30.387,7599361000.0,410769000.0,91417000.0,0.0,52.666,2367957000.0
24,FLR,MRQ,2015-06-30,2015-06-30,2015-06-30,2021-08-06,-515730000.0,7560373000.0,,5202717000.0,2357656000.0,,21.309,-34619000.0,1723760000.0,1723760000.0,4516125000.0,160744000.0,1.897,1.392,992460000.0,0.0,992460000.0,992460000.0,577376000.0,47114000.0,0.0,0.016,0.21,238013000.0,285127000.0,0.059,285127000.0,238013000.0,226612000.0,1.02,1.0,1.02,3116605000.0,,3116605000.0,6978492760.0,7.0,6.048,130288000.0,0.891,1.0,293981000.0,0.061,0.0,11401000.0,4086524000.0,,0.0,761387000.0,166082000.0,595305000.0,4338771000.0,2742549000.0,1596222000.0,7769816760.0,-87533000.0,-25921000.0,-102356000.0,-28425000.0,-31168000.0,-202436000.0,-68832000.0,-9400000.0,164907000.0,18828000.0,148507000.0,148507000.0,148507000.0,0.0,12237000.0,0.031,47785000.0,246196000.0,1212814000.0,0.206,2.493,13.475,13.913,964409000.0,0.0,53.01,0.384,0.383,2773759000.0,3630881000.0,4810106000.0,4810106000.0,0.0,,,,,15228000.0,47785000.0,1.0,146572661.0,146261000.0,147921000.0,32.887,7560373000.0,412856000.0,78105000.0,0.0,51.691,2460168000.0
25,FLR,MRQ,2015-03-31,2015-03-31,2015-03-31,2021-08-06,-533817000.0,7619196000.0,,5379253000.0,2239943000.0,,20.772,-43978000.0,1811293000.0,1811293000.0,4251189000.0,165604000.0,1.908,1.44,1019969000.0,27738000.0,992231000.0,1019969000.0,586020000.0,48026000.0,0.0,0.015,0.21,239521000.0,287547000.0,0.063,287547000.0,239521000.0,227353000.0,0.98,0.96,0.98,3068724000.0,,3068724000.0,7474950906.0,8.0,6.853,-4696000.0,-0.032,1.0,297460000.0,0.065,0.0,12168000.0,4008176000.0,,0.0,736315000.0,145568000.0,590747000.0,4417940000.0,2819696000.0,1598244000.0,8447648906.0,-181832000.0,-21537000.0,-110735000.0,0.0,-32363000.0,-153970000.0,-18145000.0,47567000.0,39282000.0,-48999000.0,144079000.0,144079000.0,144079000.0,0.0,21525000.0,0.032,41110000.0,256350000.0,1251950000.0,0.214,2.753,16.698,17.427,965935000.0,0.0,57.16,0.408,0.408,2743235000.0,3601071000.0,4548649000.0,4548649000.0,0.0,,,,,12546000.0,41110000.0,1.0,147789519.0,147731000.0,149915000.0,30.79,7619196000.0,426196000.0,83274000.0,0.0,51.575,2559557000.0
26,FLR,MRQ,2014-12-31,2014-12-31,2014-12-31,2021-08-06,-484212000.0,8194429000.0,,5758047000.0,2436382000.0,,20.209,-68739000.0,1993125000.0,1993125000.0,5093928000.0,229363000.0,1.729,1.598,1020427000.0,28742000.0,991685000.0,1020427000.0,569418000.0,48100000.0,0.0,0.014,0.21,293799000.0,341899000.0,0.063,341899000.0,293799000.0,284439000.0,1.37,1.36,1.37,3110871000.0,,3110871000.0,8098213644.0,9.0,7.457,166486000.0,1.082,1.0,361268000.0,0.066,112952000.0,9360000.0,3777926000.0,,0.0,638580000.0,105131000.0,533449000.0,4970599000.0,3330853000.0,1639746000.0,9471653644.0,92928000.0,-4502000.0,-495218000.0,494595000.0,-33243000.0,-104142000.0,-18395000.0,51291000.0,235225000.0,-19760000.0,214543000.0,214543000.0,214543000.0,0.0,14820000.0,0.039,53096000.0,308172000.0,1422084000.0,0.153,3.045,18.539,18.713,980263000.0,0.0,60.63,0.44,0.443,3058980000.0,3593597000.0,5455196000.0,5455196000.0,0.0,,,,,11852000.0,53096000.0,1.0,156220578.0,153938000.0,156196000.0,35.438,8081477000.0,541227000.0,69896000.0,0.0,52.498,2427194000.0
27,FLR,MRQ,2014-09-30,2014-09-30,2014-09-30,2021-08-06,-337088000.0,8048705000.0,,5659480000.0,2389225000.0,,22.62,-48282000.0,1900197000.0,1900197000.0,5059960000.0,114890000.0,1.713,1.219,526757000.0,29822000.0,496935000.0,526757000.0,565136000.0,49185000.0,0.0,0.012,0.21,190116000.0,239301000.0,0.044,239301000.0,190116000.0,184137000.0,0.44,0.44,0.44,3558881000.0,,3558881000.0,8863504630.0,10.0,8.482,-66662000.0,-0.424,1.0,380121000.0,0.07,0.0,5979000.0,3371988000.0,,0.0,805672000.0,167323000.0,638349000.0,4339027000.0,3303277000.0,1035750000.0,10520271630.0,-282612000.0,-16186000.0,-78554000.0,-1000.0,-33294000.0,-141150000.0,-74116000.0,-9648000.0,-18380000.0,-48966000.0,69502000.0,69502000.0,69502000.0,0.0,45388000.0,0.013,35131000.0,344990000.0,1457605000.0,0.477,2.956,22.714,23.111,970605000.0,0.0,66.79,0.47,0.47,2893983000.0,3894404000.0,5440081000.0,5440081000.0,0.0,,,,,12387000.0,35131000.0,1.0,157512676.0,157332000.0,159456000.0,34.577,8048705000.0,457672000.0,114635000.0,0.0,51.157,2356203000.0
28,FLR,MRQ,2014-06-30,2014-06-30,2014-06-30,2021-08-06,-279298000.0,8398951000.0,,6004845000.0,2394106000.0,,23.012,-59740000.0,2182809000.0,2182809000.0,4906352000.0,109980000.0,1.682,1.264,526042000.0,29217000.0,496825000.0,526042000.0,776702000.0,46594000.0,0.0,0.01,0.21,175361000.0,221955000.0,0.042,221955000.0,175361000.0,167916000.0,0.49,0.48,0.49,3646548000.0,,3646548000.0,10622063340.0,11.0,9.432,179275000.0,1.131,1.0,345312000.0,0.066,0.0,7445000.0,3171426000.0,,0.0,799409000.0,159702000.0,639707000.0,4609907000.0,3570758000.0,1039149000.0,12238013340.0,40751000.0,-13021000.0,-129891000.0,-73000.0,-33715000.0,-196107000.0,-12864000.0,56868000.0,239015000.0,10707000.0,77790000.0,77790000.0,77790000.0,85183000.0,32190000.0,0.015,56711000.0,288601000.0,1645880000.0,0.429,3.356,21.595,21.909,984578000.0,0.0,76.9,0.518,0.516,3047972000.0,3924270000.0,5251664000.0,5251664000.0,0.0,,,,,12227000.0,56711000.0,1.0,159141916.0,158465000.0,160454000.0,33.141,8398951000.0,441644000.0,90126000.0,0.0,53.002,2434087000.0
29,FLR,MRQ,2014-03-31,2014-03-31,2014-03-31,2021-08-06,-307388000.0,7991937000.0,,5614751000.0,2377186000.0,,23.036,-42071000.0,2142058000.0,2142058000.0,5072304000.0,193310000.0,1.785,1.126,526108000.0,29393000.0,496715000.0,526108000.0,660777000.0,48715000.0,0.0,0.009,0.21,234129000.0,282844000.0,0.053,282844000.0,234129000.0,227232000.0,0.93,0.92,0.93,3690729000.0,,3690729000.0,10706671242.0,11.0,8.793,144643000.0,0.903,1.0,312332000.0,0.058,0.0,6897000.0,3231224000.0,,0.0,841525000.0,183509000.0,658016000.0,4157503000.0,3144763000.0,1012740000.0,12463810242.0,-141524000.0,-4978000.0,-178231000.0,0.0,-25966000.0,-225017000.0,-93740000.0,-45621000.0,186714000.0,-9481000.0,149074000.0,149074000.0,149074000.0,0.0,44236000.0,0.028,37773000.0,274559000.0,1523735000.0,0.226,3.377,19.165,19.384,960064000.0,0.0,77.73,0.488,0.487,2769819000.0,3996524000.0,5384636000.0,5384636000.0,0.0,,,,,7677000.0,37773000.0,1.0,160347488.0,160213000.0,162360000.0,33.609,7991937000.0,365220000.0,78158000.0,0.0,49.883,2469988000.0
30,FLR,MRQ,2013-12-31,2013-12-31,2013-12-31,2021-08-06,-298201000.0,8323850000.0,,6003683000.0,2320167000.0,,23.174,-77137000.0,2283582000.0,2283582000.0,5955475000.0,185079000.0,1.762,1.183,526443000.0,29839000.0,496604000.0,526443000.0,743524000.0,44258000.0,0.0,0.008,0.16,256583000.0,300841000.0,0.048,300841000.0,256583000.0,249534000.0,1.03,1.01,1.03,3756987000.0,,3756987000.0,11099933962.0,11.0,8.836,9226000.0,0.057,1.0,335930000.0,0.053,114107000.0,7049000.0,3045444000.0,,0.0,659611000.0,186023000.0,473588000.0,4443027000.0,3407160000.0,1035867000.0,13115576962.0,-253988000.0,-4918000.0,-168827000.0,0.0,-26259000.0,-233854000.0,-100877000.0,-22392000.0,86363000.0,-5620000.0,166795000.0,166795000.0,166795000.0,0.0,18284000.0,0.027,64558000.0,271372000.0,1641109000.0,0.155,3.491,19.643,19.535,966953000.0,0.0,80.29,0.48,0.477,3014845000.0,4040664000.0,6291405000.0,6291405000.0,0.0,,,,,8881000.0,64558000.0,1.0,163352559.0,162119000.0,164444000.0,38.807,8209743000.0,385569000.0,82739000.0,0.0,50.64,2596523000.0
31,FLR,MRQ,2013-09-30,2013-09-30,2013-09-30,2021-08-06,-276481000.0,8727168000.0,,6441354000.0,2285814000.0,,23.282,-48006000.0,2537570000.0,2537570000.0,6329685000.0,217351000.0,1.69,1.261,521927000.0,25433000.0,496494000.0,521927000.0,796601000.0,53614000.0,0.0,0.009,0.16,266872000.0,320486000.0,0.048,320486000.0,266872000.0,260437000.0,1.06,1.05,1.06,3793612000.0,,3793612000.0,9978566180.0,14.0,10.784,419005000.0,2.572,1.0,354531000.0,0.053,0.0,6435000.0,2899344000.0,,0.0,782053000.0,157910000.0,624143000.0,4782981000.0,3812181000.0,970800000.0,11568789180.0,432494000.0,-4712000.0,9711000.0,-71000.0,-26251000.0,-42209000.0,4735000.0,51028000.0,467011000.0,2957000.0,173046000.0,173046000.0,173046000.0,0.0,44305000.0,0.026,46070000.0,308461000.0,1974777000.0,0.151,3.05,23.296,23.19,937066000.0,0.0,70.96,0.412,0.412,3259100000.0,4019910000.0,6684216000.0,6684216000.0,0.0,,,,,9919000.0,46070000.0,1.0,163032542.0,162940000.0,164845000.0,41.023,8727168000.0,383246000.0,87391000.0,0.0,53.561,2629173000.0
32,FLR,MRQ,2013-06-30,2013-06-30,2013-06-30,2021-08-06,-302673000.0,8367597000.0,,6186539000.0,2181058000.0,,22.111,-48112000.0,2105076000.0,2105076000.0,6857472000.0,207340000.0,1.675,1.286,514853000.0,18469000.0,496384000.0,514853000.0,742422000.0,54287000.0,0.0,0.013,0.16,259226000.0,313513000.0,0.044,313513000.0,259226000.0,252778000.0,0.99,0.98,0.99,3599650000.0,,3599650000.0,8159936276.0,12.0,9.05,209144000.0,1.285,1.0,332856000.0,0.046,0.0,6448000.0,3084831000.0,,0.0,779295000.0,192188000.0,587107000.0,4627765000.0,3692543000.0,935222000.0,9659990276.0,90276000.0,-25414000.0,6095000.0,-3000.0,-26206000.0,-50402000.0,-86129000.0,-10820000.0,257256000.0,-30449000.0,161412000.0,161412000.0,161412000.0,0.0,45928000.0,0.022,31918000.0,300938000.0,1900848000.0,0.162,2.684,20.635,20.666,929275000.0,0.0,59.31,0.339,0.338,3330370000.0,3873124000.0,7190328000.0,7190328000.0,0.0,,,,,10550000.0,31918000.0,1.0,162872876.0,162797000.0,164135000.0,44.167,8367597000.0,328548000.0,91366000.0,0.0,51.399,2493996000.0
33,FLR,MRQ,2013-03-31,2013-03-31,2013-03-31,2021-08-06,-265321000.0,8463034000.0,,6260805000.0,2202229000.0,,21.458,-41204000.0,2014800000.0,2014800000.0,6843750000.0,213256000.0,1.597,1.394,514746000.0,18472000.0,496274000.0,514746000.0,810019000.0,54939000.0,0.0,0.012,0.16,266490000.0,321429000.0,0.045,321429000.0,266490000.0,259535000.0,1.02,1.02,1.02,3484966000.0,,3484966000.0,9165625901.0,13.0,10.147,-62928000.0,-0.387,1.0,341874000.0,0.048,0.0,6955000.0,3042243000.0,,0.0,752010000.0,160442000.0,591568000.0,4858128000.0,3920737000.0,937391000.0,10779169901.0,-139741000.0,9587000.0,5807000.0,-26361000.0,0.0,-43104000.0,-52339000.0,-25068000.0,-21724000.0,-22574000.0,166458000.0,166458000.0,166458000.0,0.0,46798000.0,0.023,32602000.0,309272000.0,2088824000.0,0.157,3.093,23.037,23.356,947058000.0,0.0,66.33,0.379,0.378,3509150000.0,3737928000.0,7185624000.0,7185624000.0,0.0,,,,,6891000.0,32602000.0,1.0,162508215.0,162408000.0,163991000.0,44.244,8463034000.0,316516000.0,93077000.0,0.0,52.11,2340068000.0
34,FLR,MRQ,2012-12-31,2012-12-31,2012-12-31,2021-08-06,-257850000.0,8276043000.0,,6094137000.0,2181906000.0,,20.286,-29115000.0,2154541000.0,2154541000.0,7038364000.0,29033000.0,1.568,1.451,540997000.0,20792000.0,520205000.0,540997000.0,870147000.0,55345000.0,0.0,0.014,0.16,-85479000.0,-30134000.0,-0.004,-30134000.0,-85479000.0,-93336000.0,-0.01,-0.01,-0.01,3341295000.0,,3341295000.0,8178389855.0,13.0,9.517,64354000.0,0.391,1.0,-15642000.0,-0.002,101332000.0,7857000.0,2674053000.0,,0.0,598376000.0,137127000.0,461249000.0,4848949000.0,3887114000.0,961835000.0,9780766855.0,3515000.0,-18754000.0,-223609000.0,-6611000.0,-53004000.0,-327148000.0,237380000.0,287229000.0,93469000.0,-186000.0,-4325000.0,-4325000.0,-4325000.0,0.0,33358000.0,-0.001,41078000.0,-56720000.0,1954108000.0,-16.0,2.927,21.434,21.516,951255000.0,0.0,58.74,0.355,0.356,3185370000.0,3597521000.0,7022722000.0,7022722000.0,0.0,,,,,9122000.0,41078000.0,1.0,166509480.0,164709000.0,166151000.0,42.637,8174711000.0,329196000.0,-89011000.0,0.0,49.631,2207023000.0
35,FLR,MRQ,2012-09-30,2012-09-30,2012-09-30,2021-08-06,-163992000.0,8769440000.0,,6518107000.0,2251333000.0,,22.081,-53440000.0,2151026000.0,2151026000.0,6829781000.0,172338000.0,1.651,1.358,548649000.0,23702000.0,524947000.0,548649000.0,876001000.0,53207000.0,0.0,0.014,0.32,243637000.0,296844000.0,0.042,296844000.0,243637000.0,236747000.0,0.87,0.86,0.87,3679986000.0,,3679986000.0,8126300479.0,8.0,6.965,375199000.0,2.251,1.0,306275000.0,0.043,0.0,6890000.0,3220006000.0,,0.0,967042000.0,378331000.0,588711000.0,4998097000.0,3947057000.0,1051040000.0,9396984479.0,347457000.0,-28162000.0,-26834000.0,-600000.0,-27073000.0,-74757000.0,-21270000.0,63536000.0,428639000.0,14845000.0,144583000.0,144583000.0,144583000.0,0.0,27755000.0,0.02,40884000.0,265391000.0,2023426000.0,0.368,2.554,15.309,15.419,962222000.0,0.0,56.28,0.351,0.35,3500904000.0,3842313000.0,7136056000.0,7136056000.0,0.0,,,,,9124000.0,40884000.0,1.0,166968452.0,166660000.0,167968000.0,42.818,8769440000.0,379143000.0,92164000.0,0.0,52.619,2571050000.0
36,FLR,MRQ,2012-06-30,2012-06-30,2012-06-30,2021-08-06,-190375000.0,8392136000.0,,6171173000.0,2220963000.0,,21.125,-52742000.0,1803569000.0,1803569000.0,6809783000.0,192521000.0,1.648,1.337,532885000.0,19155000.0,513730000.0,532885000.0,894452000.0,51673000.0,0.0,0.012,0.16,263460000.0,315133000.0,0.044,315133000.0,263460000.0,256850000.0,0.96,0.95,0.96,3554557000.0,,3554557000.0,6954819927.0,8.0,6.17,75999000.0,0.452,1.0,318466000.0,0.045,0.0,6610000.0,3377511000.0,,0.0,984141000.0,427050000.0,557091000.0,4753664000.0,3743941000.0,1009723000.0,8344333927.0,-118717000.0,-2814000.0,-104718000.0,-2000.0,-27185000.0,-150536000.0,-77640000.0,-19166000.0,128741000.0,-19282000.0,161190000.0,161190000.0,161190000.0,0.0,31331000.0,0.023,31206000.0,287260000.0,1896809000.0,0.167,2.348,13.802,13.821,913196000.0,0.0,49.34,0.325,0.323,3483476000.0,3743262000.0,7128249000.0,7128249000.0,0.0,,,,,9496000.0,31206000.0,1.0,169119050.0,168264000.0,169440000.0,42.363,8392136000.0,337767000.0,95660000.0,0.0,49.875,2427232000.0
37,FLR,MRQ,2012-03-31,2012-03-31,2012-03-31,2021-08-06,-163604000.0,8521177000.0,,6164929000.0,2356248000.0,,20.978,-17071000.0,1922286000.0,1922286000.0,6014210000.0,177175000.0,1.579,1.386,532772000.0,19157000.0,513615000.0,532772000.0,1332351000.0,52156000.0,0.0,0.009,0.16,225388000.0,277544000.0,0.044,277544000.0,225388000.0,218507000.0,0.92,0.91,0.92,3542112000.0,,3542112000.0,8518511136.0,9.0,7.595,-64149000.0,-0.38,1.0,275898000.0,0.044,0.0,6881000.0,3227566000.0,,0.0,975793000.0,306138000.0,669655000.0,4908754000.0,3904097000.0,1004657000.0,10146964136.0,-239125000.0,-389000.0,-22480000.0,-301000.0,-21388000.0,-64185000.0,-152210000.0,-133175000.0,-47078000.0,24348000.0,154882000.0,154882000.0,154882000.0,0.0,22293000.0,0.025,37842000.0,238056000.0,1705146000.0,0.174,2.865,16.664,16.865,906200000.0,0.0,60.04,0.412,0.412,3498303000.0,3704025000.0,6290108000.0,6290108000.0,0.0,,,,,5302000.0,37842000.0,1.0,169003400.0,168852000.0,170406000.0,37.252,8521177000.0,348947000.0,63625000.0,0.0,50.465,2260832000.0
38,FLR,MRQ,2011-12-31,2011-12-31,2011-12-31,2021-08-06,-199292000.0,8268364000.0,,5878711000.0,2389653000.0,,20.07,-101646000.0,2161411000.0,2161411000.0,5942381000.0,183826000.0,1.532,1.416,532958000.0,19458000.0,513500000.0,532958000.0,1092707000.0,51727000.0,0.0,0.01,0.125,225406000.0,277133000.0,0.044,277133000.0,225406000.0,217939000.0,0.9,0.89,0.9,3395525000.0,,3395525000.0,6676380120.0,7.0,5.988,76944000.0,0.455,1.0,309753000.0,0.05,95947000.0,7467000.0,2705765000.0,,0.0,729287000.0,96438000.0,632849000.0,4808458000.0,3838199000.0,970259000.0,8525630120.0,-224878000.0,-12553000.0,-39598000.0,-4202000.0,-21327000.0,-96357000.0,-331762000.0,-217588000.0,178590000.0,24651000.0,153156000.0,153156000.0,153156000.0,0.0,30670000.0,0.024,61271000.0,248482000.0,1734686000.0,0.139,2.511,14.359,14.608,921585000.0,0.0,50.25,0.365,0.371,3180770000.0,3590553000.0,6252134000.0,6252134000.0,0.0,,,,,7788000.0,61271000.0,1.0,169664281.0,169183000.0,170799000.0,36.955,8172417000.0,375061000.0,64783000.0,0.0,48.305,2040512000.0
39,FLR,MRQ,2011-09-30,2011-09-30,2011-09-30,2021-08-06,-198965000.0,8189819000.0,,6049361000.0,2140458000.0,,19.209,-64515000.0,2386289000.0,2386289000.0,5775527000.0,161589000.0,1.594,1.464,537039000.0,23653000.0,513386000.0,537039000.0,1230647000.0,50595000.0,0.0,0.011,0.125,206737000.0,257332000.0,0.043,257332000.0,206737000.0,204710000.0,0.79,0.78,0.79,3295757000.0,,3295757000.0,6188007542.0,9.0,6.787,218754000.0,1.275,1.0,262086000.0,0.043,0.0,2027000.0,2544657000.0,,0.0,616845000.0,79146000.0,537699000.0,4824168000.0,3795912000.0,1028256000.0,8090708542.0,440324000.0,-18701000.0,-241236000.0,489693000.0,-22440000.0,176387000.0,86892000.0,166728000.0,283269000.0,-106224000.0,135362000.0,135362000.0,135362000.0,0.0,26227000.0,0.022,37258000.0,224828000.0,1649471000.0,0.158,2.455,14.507,14.592,877164000.0,0.0,46.55,0.361,0.357,3158373000.0,3485144000.0,6037613000.0,6037613000.0,0.0,,,,,8568000.0,37258000.0,1.0,173806843.0,171576000.0,173178000.0,35.189,8189819000.0,371209000.0,69348000.0,0.0,47.733,2253449000.0
40,FLR,MRQ,2011-06-30,2011-06-30,2011-06-30,2021-08-06,-127065000.0,7669039000.0,,5592494000.0,2076545000.0,,20.102,-75505000.0,1945965000.0,1945965000.0,5727032000.0,191459000.0,1.579,1.181,43264000.0,25496000.0,17768000.0,43264000.0,1152555000.0,50812000.0,0.0,0.008,0.125,258790000.0,309602000.0,0.051,309602000.0,258790000.0,255232000.0,0.95,0.94,0.95,3486139000.0,,3486139000.0,9160340110.0,18.0,12.975,-18128000.0,-0.105,1.0,306844000.0,0.051,0.0,3558000.0,2224969000.0,,0.0,786551000.0,276962000.0,509589000.0,4115456000.0,3541369000.0,574087000.0,11269055110.0,-245700000.0,-2335000.0,-107941000.0,-39691000.0,-21122000.0,-160418000.0,-158166000.0,-78927000.0,57377000.0,15507000.0,165499000.0,165499000.0,165499000.0,0.0,25960000.0,0.027,31106000.0,275738000.0,1468624000.0,0.132,3.233,30.565,30.79,901186000.0,0.0,64.66,0.515,0.513,2976792000.0,3371112000.0,6033876000.0,6033876000.0,0.0,,,,,6841000.0,31106000.0,1.0,174281706.0,173425000.0,175257000.0,34.792,7669039000.0,281161000.0,89733000.0,0.0,44.221,2051125000.0
41,FLR,MRQ,2011-03-31,2011-03-31,2011-03-31,2021-08-06,-153283000.0,7550208000.0,,5450396000.0,2099812000.0,,19.427,-42749000.0,2191665000.0,2191665000.0,4787543000.0,161213000.0,1.542,1.201,82950000.0,65187000.0,17763000.0,82950000.0,1212678000.0,48805000.0,0.0,0.007,0.125,222125000.0,270930000.0,0.054,270930000.0,222125000.0,219576000.0,0.79,0.78,0.79,3415566000.0,,3415566000.0,10984309382.0,22.0,16.092,327784000.0,1.864,1.0,270233000.0,0.053,0.0,2549000.0,1907557000.0,,0.0,710784000.0,154102000.0,556682000.0,4101550000.0,3533936000.0,567614000.0,13004855382.0,56668000.0,-1826000.0,-225371000.0,-31505000.0,-22789000.0,-315437000.0,-33388000.0,7425000.0,370533000.0,34960000.0,139711000.0,139711000.0,139711000.0,0.0,21502000.0,0.028,33825000.0,236408000.0,1416084000.0,0.158,3.808,36.067,36.286,865352000.0,0.0,73.66,0.62,0.617,2674898000.0,3227008000.0,5057776000.0,5057776000.0,0.0,,,,,823000.0,33825000.0,1.0,176552476.0,175819000.0,179022000.0,28.767,7550208000.0,306628000.0,79865000.0,0.0,42.943,1916460000.0
42,FLR,MRQ,2010-12-31,2010-12-31,2010-12-31,2021-08-06,-176311000.0,7614923000.0,,5562825000.0,2052098000.0,,19.694,-39550000.0,2134997000.0,2134997000.0,5167767000.0,139081000.0,1.579,1.169,114451000.0,96692000.0,17759000.0,114451000.0,1074996000.0,50421000.0,0.0,0.008,0.125,23486000.0,73907000.0,0.014,73907000.0,23486000.0,20529000.0,0.66,0.65,0.66,3496999000.0,,3496999000.0,9986593028.0,21.0,14.747,300948000.0,1.695,1.0,99118000.0,0.019,87849000.0,2957000.0,1983145000.0,,0.0,607265000.0,193279000.0,413986000.0,4086298000.0,3523383000.0,562915000.0,11846762028.0,157852000.0,-1800000.0,-146254000.0,-2530000.0,-22517000.0,-200778000.0,-13677000.0,22451000.0,340498000.0,31809000.0,117122000.0,117122000.0,117122000.0,0.0,21959000.0,0.022,57970000.0,41148000.0,1432502000.0,0.189,3.388,33.138,32.965,866343000.0,0.0,66.26,0.568,0.566,2685904000.0,3109957000.0,5266885000.0,5266885000.0,0.0,,,,,11843000.0,57970000.0,1.0,178792062.0,177564000.0,181318000.0,29.662,7527074000.0,349090000.0,-96593000.0,0.0,42.391,2039442000.0
43,FLR,MRQ,2010-09-30,2010-09-30,2010-09-30,2021-08-06,-193261000.0,7692410000.0,,5564114000.0,2128296000.0,,19.743,-65541000.0,1977145000.0,1977145000.0,5449681000.0,-30088000.0,1.546,1.176,116976000.0,99222000.0,17754000.0,116976000.0,942524000.0,48029000.0,0.0,0.01,0.125,3514000.0,51543000.0,0.009,51543000.0,3514000.0,1331000.0,-0.3,-0.3,-0.3,3519178000.0,,3519178000.0,7534383587.0,11.0,8.335,372259000.0,2.088,1.0,61807000.0,0.011,0.0,2183000.0,2234063000.0,,0.0,793987000.0,189542000.0,604445000.0,4139182000.0,3598178000.0,541004000.0,8854110587.0,540027000.0,-3181000.0,676000.0,-420000.0,-22504000.0,-43564000.0,80282000.0,147944000.0,437800000.0,65509000.0,-53636000.0,-53636000.0,-53636000.0,0.0,23548000.0,-0.01,39563000.0,22244000.0,1441347000.0,-0.417,2.516,22.755,22.72,874555000.0,0.0,49.53,0.42,0.419,2940870000.0,3015205000.0,5511488000.0,5511488000.0,0.0,,,,,11619000.0,39563000.0,1.0,178762580.0,178248000.0,178248000.0,30.92,7692410000.0,382736000.0,54967000.0,0.0,43.156,1965936000.0
44,FLR,MRQ,2010-06-30,2010-06-30,2010-06-30,2021-08-06,-247466000.0,7267885000.0,,5201409000.0,2066476000.0,,19.8,-68207000.0,1437118000.0,1437118000.0,4868354000.0,178417000.0,1.635,1.05,117391000.0,99642000.0,17749000.0,117391000.0,862017000.0,45815000.0,0.0,0.012,0.125,240403000.0,286218000.0,0.056,286218000.0,240403000.0,238099000.0,0.88,0.87,0.88,3528714000.0,,3528714000.0,6104750228.0,6.0,5.285,-49524000.0,-0.278,1.0,283767000.0,0.055,0.0,2304000.0,2766060000.0,,0.0,917141000.0,324089000.0,593052000.0,3706821000.0,3182098000.0,524723000.0,7596285228.0,-171871000.0,-2271000.0,1104000.0,-67000.0,-22517000.0,-72658000.0,-84220000.0,-15063000.0,18683000.0,-33676000.0,157375000.0,157375000.0,157375000.0,0.0,21042000.0,0.031,27827000.0,255940000.0,1335744000.0,0.142,2.153,12.559,12.574,838179000.0,0.0,42.5,0.362,0.361,2990585000.0,3091348000.0,5152121000.0,5152121000.0,0.0,,,,,13198000.0,27827000.0,1.0,178736123.0,178214000.0,180688000.0,28.91,7267885000.0,394376000.0,80724000.0,0.0,40.782,2019311000.0
45,FLR,MRQ,2010-03-31,2010-03-31,2010-03-31,2021-08-06,-210834000.0,7253826000.0,,5252447000.0,2001379000.0,,19.175,-38420000.0,1608989000.0,1608989000.0,4658297000.0,153672000.0,1.613,1.115,117454000.0,99709000.0,17745000.0,117454000.0,958699000.0,46319000.0,0.0,0.011,0.125,219223000.0,265542000.0,0.054,265542000.0,219223000.0,216051000.0,0.77,0.76,0.77,3416197000.0,,3416197000.0,6756454629.0,7.0,5.688,-284487000.0,-1.597,1.0,260558000.0,0.053,0.0,3172000.0,2505655000.0,,0.0,919579000.0,359245000.0,560334000.0,3810571000.0,3256636000.0,553935000.0,8315953629.0,-78039000.0,-2783000.0,-16544000.0,-10080000.0,-22555000.0,-72872000.0,236045000.0,282205000.0,-246067000.0,4855000.0,136635000.0,136635000.0,136635000.0,0.0,17037000.0,0.028,30908000.0,229650000.0,1311823000.0,0.162,2.434,13.484,13.52,830755000.0,0.0,46.51,0.394,0.393,2833937000.0,2956498000.0,4918855000.0,4918855000.0,0.0,,,,,9271000.0,30908000.0,1.0,178799261.0,178163000.0,180769000.0,27.609,7253826000.0,375148000.0,79416000.0,0.0,40.715,1995811000.0
46,FLR,MRQ,2009-12-31,2009-12-31,2009-12-31,2021-08-06,-220987000.0,7178483000.0,,5122088000.0,2056395000.0,,18.553,-45417000.0,1687028000.0,1687028000.0,5156752000.0,161245000.0,1.551,1.163,127529000.0,109789000.0,17740000.0,127529000.0,980437000.0,46598000.0,0.0,0.011,0.125,254053000.0,300651000.0,0.055,300651000.0,254053000.0,251655000.0,0.83,0.82,0.83,3305533000.0,,3305533000.0,6869973261.0,6.0,5.364,314048000.0,1.763,1.0,322614000.0,0.059,88056000.0,2398000.0,2229530000.0,,0.0,1124039000.0,603594000.0,520445000.0,3844590000.0,3301398000.0,543192000.0,8061677261.0,359011000.0,-91000.0,-11227000.0,-8788000.0,-22521000.0,-75467000.0,45914000.0,91787000.0,359465000.0,29099000.0,148724000.0,148724000.0,148724000.0,0.0,12521000.0,0.027,61480000.0,261134000.0,1334301000.0,0.151,2.439,11.771,11.884,837034000.0,0.0,45.04,0.367,0.367,2394776000.0,2842428000.0,5479366000.0,5479366000.0,0.0,,,,,6721000.0,61480000.0,1.0,178989282.0,178170000.0,179923000.0,30.754,7090427000.0,378618000.0,102931000.0,0.0,39.796,1820690000.0
47,FLR,MRQ,2009-09-30,2009-09-30,2009-09-30,2021-08-06,-282942000.0,7065317000.0,,4910972000.0,2154345000.0,,17.439,-46723000.0,1328017000.0,1328017000.0,5108144000.0,174004000.0,1.475,1.25,136313000.0,118577000.0,17736000.0,136313000.0,908744000.0,46143000.0,0.0,0.01,0.125,256539000.0,302682000.0,0.056,302682000.0,256539000.0,253954000.0,0.9,0.89,0.9,3119162000.0,,3119162000.0,8103665368.0,7.0,6.354,114020000.0,0.637,1.0,312344000.0,0.058,0.0,2585000.0,2544760000.0,,0.0,1350161000.0,691748000.0,658413000.0,3898290000.0,3328853000.0,569437000.0,9146115368.0,146123000.0,-551000.0,-50981000.0,-3136000.0,-22593000.0,-108381000.0,72884000.0,119308000.0,160743000.0,20877000.0,162096000.0,162096000.0,162096000.0,0.0,11908000.0,0.03,49622000.0,262722000.0,1329190000.0,0.139,2.932,12.604,12.681,832034000.0,0.0,50.85,0.405,0.403,1168539000.0,2716168000.0,5420488000.0,5420488000.0,0.0,,,,,7983000.0,49622000.0,1.0,179864609.0,178859000.0,181124000.0,30.306,7065317000.0,544721000.0,91858000.0,0.0,39.502,1582119000.0
48,FLR,MRQ,2009-06-30,2009-06-30,2009-06-30,2021-08-06,-309926000.0,6907900000.0,,4907979000.0,1999921000.0,,16.733,-60423000.0,1181894000.0,1181894000.0,4975649000.0,176339000.0,1.492,1.284,139444000.0,121713000.0,17731000.0,139444000.0,1008362000.0,45243000.0,0.0,0.01,0.125,273669000.0,318912000.0,0.06,318912000.0,273669000.0,271181000.0,0.94,0.93,0.94,2996059000.0,,2996059000.0,7895174236.0,7.0,6.006,248296000.0,1.387,1.0,316905000.0,0.06,0.0,2488000.0,2575143000.0,,0.0,1448913000.0,927091000.0,521822000.0,3847857000.0,3290307000.0,557550000.0,9223959236.0,-288432000.0,-585000.0,-989000.0,-2101000.0,-22806000.0,-40028000.0,-596419000.0,-534853000.0,308719000.0,39296000.0,169270000.0,169270000.0,169270000.0,0.0,7069000.0,0.032,42003000.0,274902000.0,1243808000.0,0.133,3.079,12.373,12.449,830971000.0,0.0,51.29,0.404,0.402,1268764000.0,2576599000.0,5292554000.0,5292554000.0,0.0,,,,,13474000.0,42003000.0,1.0,179839330.0,179054000.0,181198000.0,29.558,6907900000.0,538548000.0,101911000.0,0.0,38.58,1617672000.0
49,FLR,MRQ,2009-03-31,2009-03-31,2009-03-31,2021-08-06,-358413000.0,6719520000.0,,4958845000.0,1760675000.0,,15.502,-42982000.0,1470326000.0,1470326000.0,5448616000.0,221287000.0,1.54,1.382,141541000.0,2101000.0,139440000.0,141541000.0,1078090000.0,44027000.0,0.0,0.014,0.125,314595000.0,358622000.0,0.062,358622000.0,314595000.0,312012000.0,1.13,1.12,1.13,2795191000.0,,2795191000.0,4588695707.0,4.0,3.311,33103000.0,0.184,1.0,349273000.0,0.06,0.0,2583000.0,2171625000.0,,0.0,868081000.0,577057000.0,291024000.0,3861573000.0,3219110000.0,642463000.0,6271719707.0,-363998000.0,-454000.0,-59551000.0,-9764000.0,-22772000.0,-99121000.0,-340438000.0,-299571000.0,76085000.0,-524000.0,204799000.0,204799000.0,204799000.0,0.0,16488000.0,0.035,25415000.0,323858000.0,1190791000.0,0.111,2.244,7.998,7.943,801885000.0,0.0,34.55,0.269,0.267,1452748000.0,2429925000.0,5797889000.0,5797889000.0,0.0,,,,,4152000.0,25415000.0,1.0,181525896.0,180317000.0,181204000.0,32.154,6719520000.0,537723000.0,107213000.0,0.0,37.265,1739735000.0
50,FLR,MRQ,2008-12-31,2008-12-31,2008-12-31,2021-08-06,-356969000.0,6423577000.0,,4668518000.0,1755059000.0,,14.807,-77377000.0,1834324000.0,1834324000.0,5740262000.0,197356000.0,1.476,1.385,150916000.0,133194000.0,17722000.0,150916000.0,999107000.0,40643000.0,0.0,0.011,0.125,254533000.0,295176000.0,0.049,295176000.0,254533000.0,251236000.0,1.04,1.03,1.04,2671322000.0,,2671322000.0,6787085162.0,6.0,5.259,40315000.0,0.223,1.0,331263000.0,0.055,87172000.0,3297000.0,1490771000.0,,0.0,488416000.0,273570000.0,214846000.0,3700393000.0,3162226000.0,538167000.0,8144182162.0,319381000.0,-14784000.0,291000.0,-6551000.0,-22746000.0,-49453000.0,317978000.0,411390000.0,117692000.0,-66836000.0,189507000.0,189507000.0,189507000.0,0.0,7849000.0,0.031,83372000.0,247891000.0,1164556000.0,0.12,3.049,11.374,11.246,799836000.0,0.0,44.87,0.365,0.357,1227224000.0,2247938000.0,6071525000.0,6071525000.0,0.0,,,,,24280000.0,83372000.0,1.0,181506177.0,180412000.0,182276000.0,33.654,6336405000.0,534745000.0,61729000.0,0.0,35.122,1506292000.0
51,FLR,MRQ,2008-09-30,2008-09-30,2008-09-30,2021-08-06,-109462000.0,6605120000.0,,4808393000.0,1796727000.0,,15.377,-66915000.0,1514943000.0,1514943000.0,5341945000.0,189331000.0,1.489,1.41,157846000.0,140129000.0,17717000.0,157846000.0,1117850000.0,43245000.0,0.0,0.009,0.125,298514000.0,341759000.0,0.06,341759000.0,298514000.0,294057000.0,1.01,1.0,1.01,2741002000.0,,2741002000.0,8804585099.0,8.0,7.016,116687000.0,0.655,1.0,331873000.0,0.058,0.0,4457000.0,2019385000.0,,0.0,1010043000.0,709730000.0,300313000.0,3864118000.0,3228638000.0,635480000.0,9970338099.0,29360000.0,0.0,509000.0,-161988000.0,-22729000.0,-194364000.0,78485000.0,144932000.0,183602000.0,-38363000.0,181891000.0,181891000.0,181891000.0,0.0,7440000.0,0.032,45089000.0,286784000.0,1070655000.0,0.124,3.637,12.772,12.746,820573000.0,0.0,55.7,0.476,0.474,1144447000.0,2104795000.0,5673818000.0,5673818000.0,0.0,,,,,6526000.0,45089000.0,1.0,179000684.0,178253000.0,181110000.0,31.83,6605120000.0,481472000.0,112166000.0,0.0,37.055,1579755000.0
52,FLR,MRQ,2008-06-30,2008-06-30,2008-06-30,2021-08-06,-62379000.0,6670053000.0,,4919560000.0,1750493000.0,,14.855,-58655000.0,1485583000.0,1485583000.0,5449963000.0,217877000.0,1.448,1.547,319830000.0,302117000.0,17713000.0,319830000.0,1082769000.0,41324000.0,0.0,0.005,0.125,348905000.0,390229000.0,0.068,390229000.0,348905000.0,343416000.0,1.17,1.12,1.17,2618400000.0,,2618400000.0,15701444996.0,16.0,14.13,417876000.0,2.371,1.0,323607000.0,0.056,0.0,5489000.0,2107163000.0,,0.0,1151032000.0,867546000.0,283486000.0,4051653000.0,3397137000.0,654516000.0,16505787996.0,356310000.0,79209000.0,9558000.0,-5105000.0,-22249000.0,-19489000.0,-104515000.0,-125498000.0,476531000.0,3783000.0,207957000.0,207957000.0,207957000.0,0.0,9920000.0,0.036,61711000.0,261896000.0,1156609000.0,0.107,6.304,23.837,23.856,809998000.0,0.0,93.04,0.85,0.845,1081907000.0,1944425000.0,5773570000.0,5773570000.0,0.0,,,,,2771000.0,61711000.0,1.0,177405288.0,176268000.0,184341000.0,32.754,6670053000.0,446028000.0,135459000.0,0.0,37.84,1522423000.0
53,FLR,MRQ,2008-03-31,2008-03-31,2008-03-31,2021-08-06,-66808000.0,6172295000.0,,4451643000.0,1720652000.0,,13.689,-48169000.0,1129273000.0,1129273000.0,4549700000.0,144339000.0,1.422,1.566,324930000.0,307222000.0,17708000.0,324930000.0,950711000.0,38093000.0,0.0,0.006,0.125,225339000.0,263432000.0,0.055,263432000.0,225339000.0,220143000.0,0.77,0.74,0.77,2405185000.0,,2405185000.0,11655572986.0,15.0,12.85,165600000.0,0.943,1.0,257281000.0,0.054,0.0,5196000.0,2238059000.0,,0.0,1033333000.0,755533000.0,277800000.0,3767110000.0,3129893000.0,637217000.0,12505790986.0,-45871000.0,0.0,2645000.0,0.0,-22204000.0,-6862000.0,-269415000.0,-219569000.0,213769000.0,16637000.0,136706000.0,136706000.0,136706000.0,0.0,7633000.0,0.028,39520000.0,217761000.0,1051869000.0,0.162,5.2,21.56,21.518,800854000.0,0.0,70.58,0.7,0.694,1090420000.0,1757424000.0,4806981000.0,4806981000.0,0.0,,,,,-14926000.0,39520000.0,1.0,177186044.0,175698000.0,182722000.0,27.359,6172295000.0,438236000.0,83437000.0,0.0,35.13,1321750000.0
54,FLR,MRQ,2007-12-31,2007-12-31,2007-12-31,2021-08-06,-74172000.0,5796179000.0,,4059500000.0,1736679000.0,,12.99,-67354000.0,1175144000.0,1175144000.0,4444850000.0,272672000.0,1.419,1.548,324926000.0,307222000.0,17704000.0,324926000.0,772485000.0,40007000.0,0.0,0.005,0.1,219539000.0,259546000.0,0.055,259546000.0,219539000.0,206221000.0,1.42,1.37,1.42,2274459000.0,,2274459000.0,11940390621.0,18.0,14.546,205195000.0,1.172,1.0,267615000.0,0.057,78089000.0,13318000.0,2007778000.0,,0.0,724215000.0,539242000.0,184973000.0,3521720000.0,2860094000.0,661626000.0,12885242621.0,1248000.0,-17190000.0,1287000.0,-22777000.0,-17736000.0,-41750000.0,-237640000.0,-151768000.0,272549000.0,8089000.0,254105000.0,254105000.0,254105000.0,0.0,18567000.0,0.054,51694000.0,215921000.0,985247000.0,0.07,5.665,24.406,24.368,784387000.0,0.0,72.86,0.772,0.762,946565000.0,1641616000.0,4712465000.0,4712465000.0,0.0,,,,,5455000.0,51694000.0,1.0,176849336.0,175092000.0,179156000.0,26.914,5718090000.0,460169000.0,-47884000.0,0.0,32.658,1199406000.0
55,FLR,MRQ,2007-09-30,2007-09-30,2007-09-30,2021-08-06,-98655000.0,5547398000.0,,3809014000.0,1738384000.0,,11.428,-64164000.0,1570594000.0,1570594000.0,3925705000.0,93676000.0,1.438,1.779,625742000.0,346360000.0,279382000.0,625742000.0,615030000.0,35771000.0,0.0,0.006,0.1,162252000.0,198023000.0,0.048,198023000.0,162252000.0,155263000.0,0.54,0.51,0.54,1995941000.0,,1995941000.0,11881971643.0,21.0,16.409,69172000.0,0.396,1.0,189521000.0,0.046,0.0,6989000.0,1954076000.0,,0.0,244405000.0,0.0,244405000.0,3551457000.0,2648470000.0,902987000.0,12719689643.0,-45759000.0,0.0,4583000.0,8013000.0,-17675000.0,26785000.0,-228313000.0,-162398000.0,133336000.0,22433000.0,93676000.0,93676000.0,93676000.0,0.0,0.0,0.023,44931000.0,144590000.0,898478000.0,0.185,6.373,35.874,35.203,757313000.0,0.0,71.99,0.815,0.805,887420000.0,1399889000.0,4115226000.0,4115226000.0,0.0,,,,,-2447000.0,44931000.0,1.0,176686896.0,174646000.0,183460000.0,23.563,5547398000.0,345184000.0,61587000.0,0.0,31.764,1160544000.0
56,FLR,MRQ,2007-06-30,2007-06-30,2007-06-30,2021-08-06,-120443000.0,5280295000.0,,3608689000.0,1671606000.0,,10.786,-54974000.0,1453955000.0,1453955000.0,4034329000.0,95564000.0,1.422,1.808,616237000.0,377752000.0,238485000.0,616237000.0,544352000.0,35949000.0,0.0,0.007,0.1,150093000.0,186042000.0,0.044,186042000.0,150093000.0,143559000.0,0.55,0.53,0.55,1880575000.0,,1880575000.0,9301337789.0,21.0,16.123,292971000.0,1.68,1.0,187209000.0,0.044,0.0,6534000.0,1905011000.0,,0.0,235971000.0,0.0,235971000.0,3399720000.0,2537566000.0,862154000.0,9820496789.0,111396000.0,0.0,5201000.0,22919000.0,0.0,32485000.0,-289009000.0,-234300000.0,347945000.0,19975000.0,95564000.0,95564000.0,95564000.0,0.0,0.0,0.023,51752000.0,135457000.0,898330000.0,0.182,5.222,34.072,33.444,721940000.0,0.0,55.685,0.661,0.653,881810000.0,1323888000.0,4221538000.0,4221538000.0,0.0,,,,,4314000.0,51752000.0,1.0,176358028.0,174350000.0,181660000.0,24.213,5280295000.0,361543000.0,47995000.0,0.0,30.286,1071123000.0
57,FLR,MRQ,2007-03-31,2007-03-31,2007-03-31,2021-08-06,-145201000.0,5043536000.0,,3428820000.0,1614716000.0,,10.117,-37352000.0,1108259000.0,1108259000.0,3464320000.0,84616000.0,1.391,1.866,589100000.0,376827000.0,212273000.0,589100000.0,562383000.0,35082000.0,0.0,0.009,0.1,142159000.0,177241000.0,0.049,177241000.0,142159000.0,136293000.0,0.485,0.47,0.485,1759676000.0,,1759676000.0,7473192716.0,19.0,14.03,130410000.0,0.75,1.0,177484000.0,0.049,0.0,5866000.0,2059777000.0,,0.0,237512000.0,0.0,237512000.0,3283860000.0,2464600000.0,819260000.0,7889612716.0,132209000.0,0.0,1179000.0,28231000.0,-34988000.0,-347000.0,-38470000.0,-57000.0,167762000.0,3264000.0,84616000.0,84616000.0,84616000.0,0.0,0.0,0.023,45366000.0,132118000.0,827784000.0,0.206,4.484,30.437,29.907,693785000.0,0.0,44.86,0.56,0.554,893388000.0,1245985000.0,3641804000.0,3641804000.0,0.0,,,,,-7504000.0,45366000.0,1.0,175871884.0,173928000.0,179896000.0,20.939,5043536000.0,345903000.0,51677000.0,0.0,28.998,964220000.0
58,FLR,MRQ,2006-12-31,2006-12-31,2006-12-31,2021-08-06,-148332000.0,4874870000.0,,3323586000.0,1551284000.0,,9.967,-75458000.0,976050000.0,976050000.0,3469263000.0,80708000.0,1.381,1.817,559630000.0,372501000.0,187129000.0,559630000.0,531548000.0,38511000.0,0.0,0.01,0.1,124314000.0,162825000.0,0.045,162825000.0,124314000.0,118811000.0,0.47,0.455,0.47,1730472000.0,,1730472000.0,6798455987.0,17.0,12.799,34648000.0,0.2,1.0,163901000.0,0.045,77636000.0,5503000.0,1974547000.0,,0.0,143638000.0,0.0,143638000.0,3144398000.0,2406267000.0,738131000.0,7188789987.0,81003000.0,0.0,44000.0,51234000.0,-17609000.0,34048000.0,-76380000.0,-57000.0,110106000.0,13229000.0,80708000.0,80708000.0,80708000.0,0.0,0.0,0.022,50097000.0,113804000.0,804050000.0,0.213,4.154,27.287,26.683,692126000.0,0.0,40.825,0.511,0.501,904364000.0,1223787000.0,3633164000.0,3633164000.0,0.0,,,,,8152000.0,50097000.0,1.0,176087936.0,173622000.0,178650000.0,20.926,4797234000.0,325794000.0,38103000.0,0.0,27.63,917319000.0
59,FLR,MRQ,2006-09-30,2006-09-30,2006-09-30,2021-08-06,19733000.0,4882807000.0,,3295951000.0,1586856000.0,,10.575,-64725000.0,895047000.0,895047000.0,3317401000.0,27338000.0,1.374,1.673,504713000.0,370655000.0,134058000.0,504713000.0,483744000.0,30520000.0,0.0,0.01,0.1,20280000.0,50800000.0,0.015,50800000.0,20280000.0,13851000.0,0.16,0.155,0.16,1826495000.0,,1826495000.0,6709669495.0,20.0,14.732,365218000.0,2.114,1.0,46635000.0,0.014,0.0,6429000.0,2093447000.0,,0.0,218125000.0,0.0,218125000.0,3056312000.0,2399026000.0,657286000.0,6734592495.0,310213000.0,0.0,17272000.0,-56280000.0,-17406000.0,-55171000.0,-65245000.0,-314000.0,429943000.0,686000.0,27338000.0,27338000.0,27338000.0,0.0,0.0,0.008,32647000.0,13988000.0,802339000.0,0.625,3.687,27.17,26.698,654129000.0,0.0,38.445,0.467,0.461,750538000.0,1160688000.0,3364036000.0,3364036000.0,0.0,,,,,6063000.0,32647000.0,1.0,175174730.0,172726000.0,177866000.0,19.476,4882807000.0,340593000.0,-13487000.0,0.0,28.269,896925000.0
60,FLR,MRQ,2006-06-30,2006-06-30,2006-06-30,2021-08-06,19229000.0,4812605000.0,,3280640000.0,1531965000.0,,10.376,-45173000.0,584834000.0,584834000.0,3294870000.0,66552000.0,1.376,1.688,559911000.0,429969000.0,129942000.0,559911000.0,472929000.0,29004000.0,0.0,0.008,0.1,112790000.0,141794000.0,0.041,141794000.0,112790000.0,106537000.0,0.385,0.37,0.385,1790187000.0,,1790187000.0,7963844352.0,17.0,13.441,-130762000.0,-0.758,1.0,161560000.0,0.047,0.0,6253000.0,2403439000.0,,0.0,213203000.0,0.0,213203000.0,3022418000.0,2384243000.0,638175000.0,8136424352.0,-69150000.0,0.0,2546000.0,72949000.0,-17848000.0,60360000.0,-45043000.0,0.0,-85589000.0,1122000.0,66552000.0,66552000.0,66552000.0,0.0,0.0,0.019,54302000.0,107258000.0,897042000.0,0.26,4.545,23.133,22.666,618980000.0,0.0,46.465,0.563,0.554,1007027000.0,1150869000.0,3456430000.0,3456430000.0,0.0,,,,,5779000.0,54302000.0,1.0,175108670.0,172526000.0,179242000.0,20.034,4812605000.0,276794000.0,39985000.0,0.0,27.895,896397000.0
61,FLR,MRQ,2006-03-31,2006-03-31,2006-03-31,2021-08-06,7509000.0,4854598000.0,,3383465000.0,1471133000.0,,9.982,-49373000.0,653984000.0,653984000.0,3440499000.0,88854000.0,1.345,1.831,481404000.0,375087000.0,106317000.0,481404000.0,465343000.0,28123000.0,0.0,0.008,0.1,147619000.0,175742000.0,0.048,175742000.0,147619000.0,142791000.0,0.515,0.5,0.515,1715071000.0,,1715071000.0,7128701778.0,19.0,14.65,-207672000.0,-1.209,1.0,184377000.0,0.051,0.0,4828000.0,2166476000.0,,0.0,208317000.0,0.0,208317000.0,3139527000.0,2515542000.0,623985000.0,7495694778.0,-135032000.0,0.0,11908000.0,59381000.0,0.0,79146000.0,-51149000.0,0.0,-158299000.0,-4730000.0,88854000.0,88854000.0,88854000.0,0.0,0.0,0.025,41771000.0,142606000.0,1130356000.0,0.194,4.37,27.893,27.325,600409000.0,0.0,42.9,0.538,0.529,871993000.0,1101835000.0,3624876000.0,3624876000.0,0.0,,,,,-12563000.0,41771000.0,1.0,174724820.0,171824000.0,177814000.0,21.096,4854598000.0,245475000.0,53937000.0,0.0,28.253,867923000.0
62,FLR,MRQ,2005-12-31,2005-12-31,2005-12-31,2021-08-06,9103000.0,4574445000.0,,3108222000.0,1466223000.0,,9.612,-60219000.0,789016000.0,789016000.0,3858182000.0,65123000.0,1.329,1.805,422023000.0,330000000.0,92023000.0,422023000.0,475498000.0,27814000.0,0.0,0.008,0.08,59296000.0,87110000.0,0.022,87110000.0,59296000.0,55952000.0,0.38,0.37,0.38,1630558000.0,,1630558000.0,6008430876.0,19.0,14.306,-311059000.0,-1.834,1.0,104635000.0,0.026,77150000.0,3344000.0,1790967000.0,,0.0,115871000.0,0.0,115871000.0,2943887000.0,2339335000.0,604552000.0,6708079876.0,-258296000.0,0.0,10352000.0,57558000.0,-27188000.0,58594000.0,-60365000.0,389000.0,-250840000.0,-5685000.0,65123000.0,65123000.0,65123000.0,0.0,0.0,0.016,52850000.0,51785000.0,1003886000.0,0.211,4.114,29.516,28.828,581538000.0,0.0,38.63,0.51,0.498,850203000.0,1030460000.0,3962817000.0,3962817000.0,0.0,,,,,8931000.0,52850000.0,1.0,173649492.0,169640000.0,173312000.0,23.36,4497295000.0,227012000.0,-9171000.0,0.0,26.511,768887000.0
63,FLR,MRQ,2005-09-30,2005-09-30,2005-09-30,2021-08-06,-15368000.0,4223665000.0,,2909392000.0,1314273000.0,,9.017,-53130000.0,1047312000.0,1047312000.0,3237647000.0,131189000.0,1.573,1.75,347663000.0,0.0,347663000.0,347663000.0,460573000.0,26561000.0,0.0,0.01,0.08,161317000.0,187878000.0,0.055,187878000.0,161317000.0,157464000.0,0.77,0.755,0.77,1535727000.0,,1535727000.0,5342609340.0,16.0,12.361,429545000.0,2.522,1.0,180878000.0,0.053,0.0,3853000.0,1674527000.0,,0.0,196972000.0,0.0,196972000.0,2687938000.0,1849489000.0,838449000.0,5584026340.0,358327000.0,0.0,5567000.0,-99910000.0,-13888000.0,-108784000.0,-25034000.0,0.0,482675000.0,9470000.0,131189000.0,131189000.0,131189000.0,0.0,0.0,0.038,25112000.0,155766000.0,865627000.0,0.104,3.636,26.582,25.752,549046000.0,0.0,32.19,0.468,0.459,671392000.0,979274000.0,3418525000.0,3418525000.0,0.0,,,,,5148000.0,25112000.0,1.0,173470840.0,170316000.0,174280000.0,20.072,4223665000.0,157930000.0,26275000.0,0.0,24.799,1059903000.0
64,FLR,MRQ,2005-06-30,2005-06-30,2005-06-30,2021-08-06,-31842000.0,4094490000.0,,2813728000.0,1280762000.0,,8.184,-47286000.0,688985000.0,688985000.0,2888095000.0,-16432000.0,1.534,1.943,447568000.0,99910000.0,347658000.0,447568000.0,454857000.0,26033000.0,0.0,0.011,0.08,9850000.0,35883000.0,0.012,35883000.0,9850000.0,5577000.0,-0.095,-0.095,-0.095,1391171000.0,,1391171000.0,4810912774.0,20.0,14.081,92619000.0,0.545,1.0,31847000.0,0.011,0.0,4273000.0,2019249000.0,,0.0,183809000.0,0.0,183809000.0,2703319000.0,1833824000.0,869495000.0,4986403774.0,45935000.0,0.0,3630000.0,-19995000.0,-13865000.0,-30813000.0,-42215000.0,-13604000.0,139905000.0,-20942000.0,-16432000.0,-16432000.0,-16432000.0,0.0,0.0,-0.006,27652000.0,4195000.0,726672000.0,-0.842,3.584,39.531,37.396,519032000.0,0.0,28.795,0.458,0.45,802148000.0,861973000.0,2919942000.0,2919942000.0,0.0,,,,,5788000.0,27652000.0,1.0,173169084.0,169988000.0,169988000.0,17.177,4094490000.0,183862000.0,22009000.0,0.0,24.087,979904000.0
65,FLR,MRQ,2005-03-31,2005-03-31,2005-03-31,2021-08-06,-13489000.0,4207733000.0,,2943079000.0,1264654000.0,,8.546,-27841000.0,643050000.0,643050000.0,2741199000.0,47393000.0,1.53,1.941,467559000.0,119905000.0,347654000.0,467559000.0,497801000.0,23716000.0,0.0,0.012,0.08,85408000.0,109124000.0,0.038,109124000.0,85408000.0,80589000.0,0.285,0.28,0.285,1430546000.0,,1430546000.0,4615430659.0,15.0,11.616,9094000.0,0.054,1.0,118568000.0,0.041,0.0,4819000.0,2109025000.0,,0.0,175982000.0,0.0,175982000.0,2777187000.0,1923217000.0,853970000.0,4742358659.0,38533000.0,0.0,72821000.0,-10035000.0,-13724000.0,48905000.0,-31518000.0,0.0,36935000.0,-15789000.0,47393000.0,47393000.0,47393000.0,0.0,0.0,0.017,38109000.0,80459000.0,785258000.0,0.281,3.315,25.311,24.311,516921000.0,0.0,27.715,0.466,0.456,786350000.0,892270000.0,2859767000.0,2859767000.0,0.0,,,,,4756000.0,38109000.0,1.0,171111624.0,167396000.0,169868000.0,17.084,4207733000.0,166682000.0,33196000.0,0.0,25.136,1019862000.0
66,FLR,MRQ,2004-12-31,2004-12-31,2004-12-31,2021-08-06,2970000.0,3969557000.0,,2723314000.0,1246243000.0,,8.111,-30087000.0,604517000.0,604517000.0,2613901000.0,47917000.0,1.544,1.972,477589000.0,129940000.0,347649000.0,477589000.0,389895000.0,24748000.0,0.0,0.012,0.08,74582000.0,99330000.0,0.036,99330000.0,74582000.0,70656000.0,0.29,0.285,0.29,1335792000.0,,1335792000.0,4370631028.0,15.0,11.328,-133556000.0,-0.811,1.0,126002000.0,0.046,77036000.0,3926000.0,2001612000.0,,0.0,85189000.0,0.0,85189000.0,2633765000.0,1763981000.0,869784000.0,4567783028.0,42968000.0,0.0,27969000.0,129940000.0,-13501000.0,144328000.0,-30054000.0,-2000000.0,-103469000.0,32163000.0,47917000.0,47917000.0,47917000.0,0.0,0.0,0.017,57886000.0,68116000.0,722910000.0,0.276,3.42,24.467,23.803,527808000.0,0.0,27.255,0.487,0.474,761179000.0,858601000.0,2739903000.0,2739903000.0,0.0,,,,,9517000.0,57886000.0,1.0,167594314.0,164684000.0,166766000.0,16.637,3892521000.0,159542000.0,22739000.0,0.0,23.636,959333000.0
67,FLR,MRQ,2004-09-30,2004-09-30,2004-09-30,2021-08-06,-33108000.0,3768389000.0,,2573667000.0,1194722000.0,,7.512,-20610000.0,561549000.0,561549000.0,2257972000.0,47262000.0,1.508,2.068,364397000.0,16752000.0,347645000.0,364397000.0,473105000.0,20716000.0,0.0,0.014,0.08,76619000.0,97335000.0,0.041,97335000.0,76619000.0,72885000.0,0.29,0.285,0.29,1228366000.0,,1228366000.0,3508010575.0,12.0,9.093,-20810000.0,-0.127,1.0,104698000.0,0.044,0.0,3734000.0,1864057000.0,,0.0,149631000.0,0.0,149631000.0,2540023000.0,1707180000.0,832843000.0,3714406575.0,-33014000.0,0.0,13309000.0,-28581000.0,-13400000.0,-28652000.0,-11936000.0,-412000.0,-200000.0,7774000.0,47262000.0,47262000.0,47262000.0,0.0,0.0,0.02,32888000.0,71810000.0,753655000.0,0.276,3.024,19.529,18.945,511992000.0,0.0,22.26,0.412,0.404,724715000.0,824185000.0,2362670000.0,2362670000.0,0.0,,,,,5699000.0,32888000.0,1.0,166864626.0,163512000.0,166258000.0,14.45,3768389000.0,179450000.0,25623000.0,0.0,23.047,866487000.0
68,FLR,MRQ,2004-06-30,2004-06-30,2004-06-30,2021-08-06,-38086000.0,3591107000.0,,2397745000.0,1193362000.0,,7.204,-17814000.0,594563000.0,594563000.0,2114767000.0,44790000.0,1.548,2.068,388167000.0,13687000.0,374480000.0,388167000.0,437355000.0,20879000.0,0.0,0.013,0.08,70671000.0,91550000.0,0.041,91550000.0,70671000.0,67353000.0,0.275,0.27,0.275,1170418000.0,,1170418000.0,3793618863.0,13.0,10.104,44801000.0,0.276,1.0,99683000.0,0.045,0.0,3318000.0,1835505000.0,,0.0,152233000.0,0.0,152233000.0,2420689000.0,1549206000.0,871483000.0,3957996863.0,48317000.0,0.0,8552000.0,-561000.0,-13292000.0,-5565000.0,-3153000.0,2770000.0,62615000.0,-5580000.0,44790000.0,44790000.0,44790000.0,0.0,0.0,0.02,32979000.0,66704000.0,612826000.0,0.291,3.382,21.159,20.547,512081000.0,0.0,23.835,0.452,0.442,736119000.0,790323000.0,2214450000.0,2214450000.0,0.0,,,,,5255000.0,32979000.0,1.0,166058186.0,162466000.0,165038000.0,13.63,3591107000.0,179082000.0,22563000.0,0.0,22.104,848539000.0
69,FLR,MRQ,2004-03-31,2004-03-31,2004-03-31,2021-08-06,-34375000.0,3546407000.0,,2351363000.0,1195044000.0,,6.976,-13770000.0,546246000.0,546246000.0,1964433000.0,46726000.0,1.522,2.141,381868000.0,6771000.0,375097000.0,381868000.0,475944000.0,22870000.0,0.0,0.017,0.08,74732000.0,97602000.0,0.047,97602000.0,74732000.0,70264000.0,0.29,0.285,0.29,1128937000.0,,1128937000.0,3026419339.0,10.0,8.079,-58906000.0,-0.364,1.0,98821000.0,0.048,0.0,4468000.0,1836673000.0,,0.0,154038000.0,0.0,154038000.0,2417470000.0,1545356000.0,872114000.0,3212252339.0,49744000.0,-33000000.0,11857000.0,101602000.0,-13283000.0,99914000.0,-10659000.0,0.0,-45136000.0,5625000.0,46726000.0,46726000.0,46726000.0,0.0,0.0,0.023,27798000.0,71023000.0,612526000.0,0.276,2.845,17.154,16.605,530389000.0,0.0,19.345,0.365,0.356,712369000.0,758825000.0,2063254000.0,2063254000.0,0.0,,,,,1163000.0,27798000.0,1.0,166050780.0,161836000.0,164298000.0,12.749,3546407000.0,174328000.0,23538000.0,0.0,21.914,806007000.0
70,FLR,MRQ,2003-12-31,2003-12-31,2003-12-31,2021-08-06,-35335000.0,3441306000.0,,2205468000.0,1235838000.0,,6.729,-24486000.0,496502000.0,496502000.0,2249623000.0,51420000.0,1.211,2.182,310669000.0,266017000.0,44652000.0,310669000.0,480881000.0,21032000.0,0.0,0.016,0.08,78288000.0,99320000.0,0.042,99320000.0,78288000.0,76174000.0,0.32,0.315,0.32,1081534000.0,,1081534000.0,2939229127.0,11.0,8.721,-193063000.0,-1.201,1.0,114906000.0,0.049,54157000.0,2114000.0,1380354000.0,,0.0,98206000.0,0.0,98206000.0,2359772000.0,1820962000.0,538810000.0,3252144127.0,-82272000.0,0.0,7599000.0,121469000.0,-13134000.0,114324000.0,-45644000.0,-23212000.0,-168577000.0,17625000.0,51420000.0,51420000.0,51420000.0,0.0,0.0,0.022,39862000.0,75044000.0,571535000.0,0.25,3.007,20.655,20.122,569480000.0,0.0,19.82,0.369,0.359,627986000.0,725382000.0,2364529000.0,2364529000.0,0.0,,,,,14493000.0,39862000.0,1.0,164083962.0,160726000.0,163166000.0,14.712,3387149000.0,184601000.0,24754000.0,0.0,21.074,384506000.0
71,FLR,MRQ,2003-09-30,2003-09-30,2003-09-30,2021-08-06,-52580000.0,3287518000.0,,2055318000.0,1232200000.0,,6.349,-13990000.0,578774000.0,578774000.0,2023254000.0,44124000.0,1.242,2.239,265859000.0,121499000.0,144360000.0,265859000.0,460372000.0,19367000.0,0.0,0.017,0.08,67627000.0,86994000.0,0.041,86994000.0,67627000.0,65072000.0,0.275,0.275,0.275,1015018000.0,,1015018000.0,2777457009.0,11.0,8.442,-1441000.0,-0.009,1.0,97561000.0,0.046,0.0,2555000.0,1320254000.0,,0.0,166561000.0,0.0,166561000.0,2272500000.0,1654349000.0,618151000.0,3047814009.0,-4876000.0,0.0,8627000.0,0.0,-13103000.0,-4836000.0,-14738000.0,-328000.0,12549000.0,2149000.0,44124000.0,44124000.0,44124000.0,0.0,0.0,0.021,33551000.0,64010000.0,576277000.0,0.291,3.003,19.761,19.242,561642000.0,0.0,18.665,0.342,0.335,535936000.0,687096000.0,2120815000.0,2120815000.0,0.0,,,,,0.0,33551000.0,1.0,163290330.0,159870000.0,161250000.0,13.266,3287518000.0,204572000.0,20948000.0,0.0,20.564,400969000.0
72,FLR,MRQ,2003-06-30,2003-06-30,2003-06-30,2021-08-06,-53747000.0,3246854000.0,,2014833000.0,1232021000.0,,6.098,-6026000.0,583650000.0,583650000.0,2146339000.0,44994000.0,1.218,2.344,313293000.0,168906000.0,144387000.0,313293000.0,446298000.0,19709000.0,0.0,0.019,0.08,70985000.0,90694000.0,0.04,90694000.0,70985000.0,68095000.0,0.28,0.28,0.28,971049000.0,,971049000.0,2544520358.0,10.0,7.897,2987000.0,0.019,1.0,97061000.0,0.043,0.0,2890000.0,1322121000.0,,0.0,164634000.0,0.0,164634000.0,2275805000.0,1654376000.0,621429000.0,2742284358.0,53520000.0,31242000.0,10522000.0,0.0,-13058000.0,-2548000.0,28624000.0,3156000.0,9013000.0,18431000.0,44994000.0,44994000.0,44994000.0,-1636000.0,0.0,0.02,31348000.0,65713000.0,560193000.0,0.286,2.824,19.4,18.899,567596000.0,0.0,16.82,0.297,0.29,545170000.0,656075000.0,2243400000.0,2243400000.0,0.0,,,,,0.0,31348000.0,1.0,163037120.0,159238000.0,160602000.0,14.088,3246854000.0,205956000.0,23101000.0,0.0,20.39,360457000.0
73,FLR,MRQ,2003-03-31,2003-03-31,2003-03-31,2021-08-06,-71734000.0,3139678000.0,,1826907000.0,1312771000.0,,5.717,-11199000.0,530130000.0,530130000.0,1980261000.0,16912000.0,1.139,2.464,332366000.0,190098000.0,142268000.0,332366000.0,419918000.0,20825000.0,0.0,0.019,0.08,39185000.0,60010000.0,0.029,60010000.0,39185000.0,36635000.0,0.11,0.105,0.11,906300000.0,,906300000.0,2255852480.0,9.0,7.023,-167910000.0,-1.059,1.0,96698000.0,0.047,0.0,2550000.0,1337494000.0,,0.0,160648000.0,0.0,160648000.0,2233378000.0,1604420000.0,628958000.0,2734276480.0,-223237000.0,-53847000.0,-937000.0,0.0,-12992000.0,-13979000.0,-59397000.0,6489000.0,-156711000.0,6850000.0,16912000.0,16912000.0,16912000.0,148000.0,0.0,0.008,36704000.0,59994000.0,536851000.0,0.727,3.017,19.623,19.136,576057000.0,0.0,16.84,0.287,0.28,539954000.0,624139000.0,2076959000.0,2076959000.0,0.0,,,,,0.0,36704000.0,1.0,162367962.0,158534000.0,159294000.0,13.101,3139678000.0,232925000.0,19723000.0,0.0,19.804,222487000.0
74,FLR,MRQ,2002-12-31,2002-12-31,2002-12-31,2021-08-06,-75983000.0,3142151000.0,,1924092000.0,1218059000.0,,5.576,-12880000.0,753367000.0,753367000.0,2349047000.0,48201000.0,1.096,2.555,274943000.0,257330000.0,17613000.0,274943000.0,524661000.0,19628000.0,0.0,0.023,0.08,71698000.0,91326000.0,0.037,91326000.0,71698000.0,69736000.0,0.305,0.305,0.305,883867000.0,,883867000.0,1817970104.0,7.0,5.33,-60811000.0,-0.384,1.0,115972000.0,0.047,21247000.0,1962000.0,886309000.0,,0.0,125610000.0,0.0,125610000.0,2258284000.0,1756171000.0,502113000.0,2249631104.0,-79933000.0,0.0,-5575000.0,-13044000.0,-12834000.0,-31729000.0,-10926000.0,-846000.0,-47931000.0,10653000.0,48201000.0,48201000.0,48201000.0,1292000.0,0.0,0.02,51816000.0,64156000.0,452613000.0,0.262,2.545,13.75,13.592,467020000.0,0.0,14.0,0.226,0.223,503399000.0,620219000.0,2465019000.0,2465019000.0,0.0,,,,,12909000.0,51816000.0,1.0,160687936.0,158526000.0,158680000.0,15.55,3120904000.0,242072000.0,21535000.0,0.0,19.687,167921000.0
75,FLR,MRQ,2002-09-30,2002-09-30,2002-09-30,2021-08-06,-59132000.0,3112180000.0,,2044096000.0,1068084000.0,,5.468,-12565000.0,833300000.0,833300000.0,2336284000.0,31249000.0,1.148,2.581,401639000.0,384031000.0,17608000.0,401639000.0,378405000.0,18979000.0,0.0,0.026,0.08,61199000.0,80178000.0,0.033,80178000.0,61199000.0,58883000.0,0.195,0.195,0.195,869026000.0,,869026000.0,1671220528.0,7.0,5.21,12555000.0,0.079,1.0,114931000.0,0.047,0.0,2316000.0,900071000.0,,107761000.0,144073000.0,0.0,144073000.0,2243154000.0,1780448000.0,462706000.0,1971345528.0,-2964000.0,0.0,-7450000.0,-478000.0,-12896000.0,-20910000.0,-3363000.0,8555000.0,25120000.0,-3811000.0,31249000.0,31249000.0,31249000.0,-790000.0,0.0,0.013,43206000.0,71725000.0,492849000.0,0.41,2.268,13.699,13.429,472020000.0,0.0,12.22,0.195,0.192,480970000.0,584852000.0,2451215000.0,2451215000.0,0.0,,,,,0.0,43206000.0,1.0,161321238.0,158930000.0,159604000.0,15.423,3112180000.0,265457000.0,27634000.0,0.0,19.582,263648000.0
76,FLR,MRQ,2002-06-30,2002-06-30,2002-06-30,2021-08-06,-55954000.0,3206127000.0,,2026305000.0,1179822000.0,,5.409,10841000.0,836264000.0,836264000.0,2439409000.0,42975000.0,1.091,2.729,536139000.0,518535000.0,17604000.0,536139000.0,370897000.0,20309000.0,0.0,0.016,0.08,69372000.0,89681000.0,0.035,89681000.0,69372000.0,66910000.0,0.27,0.27,0.27,859685000.0,,859685000.0,3031766587.0,21.0,12.649,144395000.0,0.909,1.0,96704000.0,0.038,0.0,2462000.0,1049241000.0,,84495000.0,175865000.0,0.0,175865000.0,2346442000.0,1856761000.0,489681000.0,3137665587.0,162975000.0,5064000.0,3904000.0,-6751000.0,-12897000.0,-15845000.0,31246000.0,15735000.0,133554000.0,14020000.0,42975000.0,42975000.0,42975000.0,1435000.0,0.0,0.017,31606000.0,65098000.0,439652000.0,0.296,3.65,53.964,52.635,483735000.0,0.0,19.475,0.318,0.313,506031000.0,566499000.0,2536113000.0,2536113000.0,0.0,,,,,0.0,31606000.0,1.0,161112482.0,158932000.0,160738000.0,15.957,3206127000.0,263740000.0,23935000.0,0.0,20.173,169544000.0
77,FLR,MRQ,2002-03-31,2002-03-31,2002-03-31,2021-08-06,-53454000.0,3166221000.0,,1973411000.0,1192810000.0,,5.211,-1329000.0,673289000.0,673289000.0,2420045000.0,41190000.0,1.065,2.837,567390000.0,549791000.0,17599000.0,567390000.0,426570000.0,19073000.0,0.0,0.016,0.08,60819000.0,79892000.0,0.032,79892000.0,60819000.0,58634000.0,0.26,0.255,0.26,825256000.0,,825256000.0,3291991885.0,24.0,13.637,83673000.0,0.528,1.0,86564000.0,0.035,0.0,2185000.0,1207810000.0,,102996000.0,132903000.0,0.0,132903000.0,2340965000.0,1852512000.0,488453000.0,3280705885.0,100635000.0,45891000.0,4773000.0,-17902000.0,-12858000.0,-26761000.0,42394000.0,-1500000.0,85002000.0,0.0,41190000.0,41190000.0,41190000.0,-1437000.0,0.0,0.016,33469000.0,53095000.0,430361000.0,0.308,3.975,66.4,63.734,500978000.0,0.0,20.395,0.343,0.338,564423000.0,536421000.0,2506609000.0,2506609000.0,0.0,,,,,0.0,33469000.0,1.0,160858342.0,158364000.0,159802000.0,15.828,3166221000.0,268052000.0,17444000.0,0.0,19.993,120899000.0
78,FLR,MRQ,2001-12-31,2001-12-31,2001-12-31,2021-08-06,-49805000.0,3142477000.0,,1851327000.0,1291150000.0,,4.997,-35850000.0,572654000.0,572654000.0,2551522000.0,28493000.0,0.994,2.982,595450000.0,577856000.0,17594000.0,595450000.0,423996000.0,25420000.0,0.0,0.017,0.08,45570000.0,70990000.0,0.027,70990000.0,45570000.0,42933000.0,0.185,0.185,0.185,789266000.0,,789266000.0,3091255049.0,30.0,14.105,159158000.0,1.008,1.0,83429000.0,0.032,22277000.0,2637000.0,1280263000.0,,0.0,143333000.0,0.0,143333000.0,2353211000.0,1862733000.0,490478000.0,2996077049.0,161501000.0,25696000.0,243000.0,1413000.0,-25639000.0,-23239000.0,-3228000.0,14740000.0,195008000.0,-7040000.0,28493000.0,28493000.0,28493000.0,-105699000.0,0.0,0.011,44682000.0,38747000.0,382528000.0,0.432,3.796,154.357,149.6,508104000.0,0.0,18.7,0.334,0.324,565525000.0,508089000.0,2634951000.0,2634951000.0,0.0,,,,,0.0,44682000.0,1.0,160218024.0,157960000.0,168808000.0,16.681,3120200000.0,276818000.0,14440000.0,0.0,19.753,-11406000.0
79,FLR,MRQ,2001-09-30,2001-09-30,2001-09-30,2021-08-06,-49239000.0,2921584000.0,,1906665000.0,1014919000.0,,4.844,-42657000.0,411153000.0,411153000.0,2113777000.0,-54514000.0,1.097,2.823,506331000.0,488741000.0,17590000.0,506331000.0,385479000.0,29545000.0,0.0,0.012,0.08,-30423000.0,-878000.0,0.0,-878000.0,-30423000.0,-33259000.0,-0.345,-0.34,-0.345,764192000.0,,764192000.0,3214496621.0,,,108297000.0,0.686,1.0,84849000.0,0.039,0.0,2836000.0,1279387000.0,,118229000.0,141342000.0,0.0,141342000.0,2157392000.0,1737375000.0,420017000.0,3084779621.0,100142000.0,0.0,-815000.0,-1248000.0,-12819000.0,-15041000.0,-35771000.0,3921000.0,150954000.0,0.0,-54514000.0,-54514000.0,-54514000.0,1307000.0,0.0,-0.025,22181000.0,62668000.0,390887000.0,-0.232,4.037,,,498653000.0,0.0,19.25,,,574752000.0,492413000.0,2198626000.0,2198626000.0,0.0,,,,,0.0,22181000.0,1.0,160248292.0,157764000.0,159708000.0,13.936,2921584000.0,249309000.0,21255000.0,0.0,18.519,169290000.0
80,FLR,MRQ,2001-06-30,2001-06-30,2001-06-30,2021-08-06,-46338000.0,3019737000.0,,1826823000.0,1192914000.0,,5.333,-46723000.0,311011000.0,311011000.0,2137165000.0,34239000.0,1.042,2.623,440728000.0,423143000.0,17585000.0,440728000.0,334471000.0,31956000.0,0.0,0.007,0.08,59439000.0,91395000.0,0.041,91395000.0,59439000.0,50246000.0,0.22,0.22,0.22,833452000.0,,833452000.0,3922670071.0,,,170662000.0,1.092,1.0,90195000.0,0.04,0.0,9193000.0,1396299000.0,,224556000.0,192472000.0,0.0,192472000.0,2186285000.0,1753155000.0,433130000.0,3578693071.0,213653000.0,0.0,46739000.0,-19177000.0,0.0,27124000.0,-30856000.0,9140000.0,217385000.0,0.0,34239000.0,34239000.0,34239000.0,880000.0,0.0,0.015,35127000.0,55068000.0,482616000.0,0.364,4.294,,,636897000.0,0.0,22.575,,,706846000.0,559749000.0,2227360000.0,2227360000.0,0.0,,,,,0.0,35127000.0,1.0,158524610.0,156278000.0,159760000.0,14.253,3019737000.0,195460000.0,16007000.0,0.0,19.323,73668000.0
81,FLR,MRQ,2001-03-31,2001-03-31,2001-03-31,2021-08-06,-47496000.0,2857526000.0,,1506851000.0,1350675000.0,,4.977,-23755000.0,97358000.0,97358000.0,1818686000.0,11192000.0,0.88,2.818,441335000.0,423754000.0,17581000.0,441335000.0,223823000.0,30258000.0,0.0,0.004,0.08,27389000.0,57647000.0,0.03,57647000.0,27389000.0,17044000.0,0.075,0.07,0.075,748514000.0,,748514000.0,3764599948.0,,,34666000.0,0.23,1.0,92538000.0,0.048,0.0,10345000.0,1488679000.0,,171875000.0,202538000.0,0.0,202538000.0,2109012000.0,1712824000.0,396188000.0,3387992948.0,75508000.0,0.0,97006000.0,-42624000.0,-12455000.0,41301000.0,-24214000.0,159000.0,58421000.0,0.0,11192000.0,11192000.0,11192000.0,5292000.0,0.0,0.006,62793000.0,29745000.0,592336000.0,1.067,4.526,,,755040000.0,0.0,22.25,,,747998000.0,538329000.0,1911224000.0,1911224000.0,0.0,,,,,0.0,62793000.0,1.0,152269346.0,150406000.0,153964000.0,12.707,2857526000.0,219464000.0,5852000.0,0.0,18.999,-205973000.0
82,FLR,MRQ,2000-12-31,2000-12-31,2000-12-31,2021-08-06,-42719000.0,2700561000.0,,1230706000.0,1469855000.0,,4.181,,21850000.0,21850000.0,,,0.767,3.266,398249000.0,380673000.0,17576000.0,398249000.0,309764000.0,,0.0,,0.0,,,,,,,,,,633077000.0,,633077000.0,2853248036.0,,,,,1.0,,,24792000.0,,1448058000.0,,0.0,96166000.0,0.0,96166000.0,2067484000.0,1604110000.0,463374000.0,2502682036.0,,,,,,,,,,,,,,,,,,,451823000.0,,3.953,,,573033000.0,,16.53,,,606145000.0,539592000.0,,,,,,,,,,1.0,151402422.0,151402422.0,,,2675769000.0,199205000.0,,0.0,17.673,-373404000.0
83,FLR,MRQ,2000-09-30,2000-10-31,2000-10-31,2021-08-06,-46400000.0,3652734000.0,,1447793000.0,2204941000.0,,10.728,-87903000.0,69426000.0,69426000.0,1816970000.0,-12683000.0,0.893,1.27,271085000.0,253512000.0,17573000.0,271085000.0,395872000.0,82323000.0,0.0,,0.0,9197000.0,91520000.0,0.048,91520000.0,9197000.0,365000.0,-0.085,-0.08,-0.085,1609257000.0,,1609257000.0,,,,6022000.0,0.04,1.0,76533000.0,0.04,0.0,8832000.0,2234018000.0,,161886000.0,190403000.0,0.0,190403000.0,2043477000.0,1620375000.0,423102000.0,,-36212000.0,0.0,0.0,-21693000.0,-18937000.0,-42653000.0,-87484000.0,1345000.0,93925000.0,0.0,-12683000.0,-12683000.0,-12683000.0,46221000.0,0.0,-0.007,25070000.0,51463000.0,530332000.0,0.0,,,,756765000.0,0.0,,,,665117000.0,1423304000.0,1893503000.0,1893503000.0,0.0,,,,,0.0,25070000.0,1.0,151402422.0,150004000.0,150004000.0,12.623,3652734000.0,198212000.0,13048000.0,0.0,24.351,-172582000.0
84,FLR,MRQ,2000-06-30,2000-07-31,2000-07-31,2021-08-06,,,,,,,,-77526000.0,,,2583810000.0,33338000.0,,,,,,,,75807000.0,,,0.0,43831000.0,119638000.0,0.046,119638000.0,43831000.0,36664000.0,0.22,0.22,0.22,,,,,,,59907000.0,0.4,1.0,43734000.0,0.017,,7167000.0,,,,,,,,,,,-14571000.0,0.0,0.0,-86695000.0,-18918000.0,-106192000.0,-45812000.0,38865000.0,137433000.0,0.0,33338000.0,33338000.0,33338000.0,-24170000.0,0.0,0.013,26261000.0,17473000.0,,0.0,,,,,0.0,,,,,,2627544000.0,2627544000.0,0.0,,,,,0.0,26261000.0,1.0,151402422.0,149930000.0,149930000.0,17.525,,,3326000.0,,,
85,FLR,MRQ,2000-03-31,2000-04-30,2000-04-30,2021-08-06,,,,,,,,-126365000.0,,,2229875000.0,51042000.0,,,,,,,,79753000.0,,,0.0,73489000.0,153242000.0,0.067,153242000.0,73489000.0,67503000.0,0.34,0.33,0.34,,,,,,,-123365000.0,-0.817,1.0,65787000.0,0.029,,5986000.0,,,,,,,,,,,-27921000.0,0.0,-22985000.0,143690000.0,-19108000.0,100063000.0,-130984000.0,1219000.0,3000000.0,0.0,51042000.0,51042000.0,51042000.0,-14316000.0,0.0,0.022,9333000.0,56454000.0,,0.0,,,,,0.0,,,,,,2295662000.0,2295662000.0,0.0,,,,,0.0,27252000.0,1.0,151402422.0,150906000.0,150906000.0,15.213,,,16461000.0,,,
86,FLR,MRQ,1999-09-30,1999-10-31,1999-10-31,2021-08-06,-37752000.0,4886117000.0,,1910171000.0,2975946000.0,,10.511,,209614000.0,209614000.0,,,0.867,2.09,565466000.0,247911000.0,317555000.0,565466000.0,565373000.0,,0.0,,0.0,,,,,,,,,,1581372000.0,,1581372000.0,,,,,,1.0,,,116045000.0,,2921614000.0,,248118000.0,167891000.0,0.0,167891000.0,3304745000.0,2204310000.0,1100435000.0,,,,,,,,,,,,,,,,,,,,793465000.0,,,,,2222953000.0,,,,,850557000.0,1375338000.0,,,,,,,,,,1.0,151402422.0,150456000.0,,,4770072000.0,105502000.0,,162210000.0,31.704,-294139000.0
87,FLR,MRQ,1998-09-30,1998-10-31,1998-10-31,2021-08-06,-29911000.0,5019208000.0,,2277151000.0,2742057000.0,,9.68,,340544000.0,340544000.0,,,0.912,2.29,729062000.0,428634000.0,300428000.0,729062000.0,546816000.0,,0.0,,0.0,,,,,,,,,,1525609000.0,,1525609000.0,,,,,,1.0,,,139091000.0,,2773081000.0,,198645000.0,137562000.0,0.0,137562000.0,3493599000.0,2495554000.0,998045000.0,,,,,,,,,,,,,,,,,,,,972096000.0,,,,,2147308000.0,,,,,959416000.0,1331843000.0,,,,,,,,,,1.0,,157602000.0,,,4880117000.0,81155000.0,,105515000.0,30.965,-218403000.0
0,FLR,MRT,2021-06-30,2021-06-30,2021-06-30,2021-08-06,-416663000.0,7856477000.0,7364713500.0,5926159000.0,1930318000.0,1.851,10.723,-19575000.0,2711115000.0,2711115000.0,13225229000.0,-260436000.0,1.587,4.015,1683478000.0,4738000.0,1678740000.0,1683478000.0,0.0,91448000.0,0.0,0.0,0.0,-216754000.0,-125306000.0,-0.009,-125306000.0,-216754000.0,-289401000.0,-2.49,-2.49,-2.49,1515549000.0,1164599000.0,1515549000.0,2247109911.0,-10.0,-17.933,-51657000.0,-0.365,1.0,408632000.0,0.03,206987000.0,72647000.0,2886821000.0,3017105250.0,0.0,629225000.0,31651000.0,597574000.0,6085083000.0,3735032000.0,2350051000.0,2501709911.0,741522000.0,6588000.0,0.0,-27180000.0,0.0,685993000.0,18002000.0,-18160000.0,-32082000.0,69609000.0,-345566000.0,-350441000.0,-350441000.0,107777000.0,85130000.0,-0.026,340989000.0,67643000.0,1087404000.0,0.0,1.651,-7.139,-7.108,448436000.0,4875000.0,17.7,0.183,0.183,892261000.0,1048345000.0,13633861000.0,13633861000.0,0.0,-0.048,-0.301,-0.072,-0.016,33853000.0,312075000.0,1.0,141339543.0,141339543.0,,96.462,7649490000.0,92191000.0,56165000.0,91908000.0,54.121,2191127000.0
1,FLR,MRT,2021-03-31,2021-03-31,2021-03-31,2021-08-06,-417469000.0,7020915000.0,7210787750.0,5169537000.0,1851378000.0,1.96,6.988,-55961000.0,1937800000.0,1937800000.0,13704335000.0,-170981000.0,1.502,5.872,1683200000.0,4704000.0,1678496000.0,1683200000.0,0.0,100857000.0,0.0,0.0,0.0,-96678000.0,4179000.0,0.0,4179000.0,-96678000.0,-169815000.0,-1.83,-1.83,-1.83,983654000.0,1058642250.0,983654000.0,2786800299.0,-29.0,666.858,-36887000.0,-0.262,1.0,428061000.0,0.03,206958000.0,73137000.0,3118012000.0,3058245750.0,0.0,539693000.0,18698000.0,520995000.0,5776258000.0,3441345000.0,2334913000.0,3250133299.0,66926000.0,-70548000.0,0.0,-15058000.0,-14020000.0,54208000.0,-84329000.0,-11505000.0,19074000.0,77973000.0,-256111000.0,-256111000.0,-256111000.0,10070000.0,85130000.0,-0.018,355937000.0,72124000.0,1102174000.0,0.0,3.304,-12.69,-12.617,456733000.0,0.0,23.09,0.23,0.23,862305000.0,1162790000.0,14132396000.0,14132396000.0,0.0,-0.036,-0.242,-0.032,-0.007,26098000.0,323199000.0,1.0,140759346.0,140759346.0,,100.401,6813957000.0,81376000.0,86296000.0,77583000.0,48.409,1728192000.0
2,FLR,MRT,2020-12-31,2020-12-31,2020-12-31,2021-08-06,-416906000.0,7309812000.0,7278676250.0,5034009000.0,2275803000.0,2.153,7.322,-50750000.0,2198781000.0,2198781000.0,15283226000.0,-366791000.0,1.409,5.869,1705988000.0,4890000.0,1701098000.0,1705988000.0,0.0,105574000.0,0.0,0.006,0.1,-344334000.0,-238760000.0,-0.015,-238760000.0,-344334000.0,-416454000.0,-3.1,-3.1,-3.1,1030247000.0,1085640000.0,1030247000.0,1873051824.0,-5.0,-7.845,135134000.0,0.96,1.0,385251000.0,0.025,207369000.0,72120000.0,3037613000.0,3054478750.0,0.0,550761000.0,23345000.0,527416000.0,6046585000.0,3572037000.0,2474548000.0,2247221824.0,201582000.0,-28690000.0,0.0,3881000.0,-28720000.0,48446000.0,-41562000.0,-15430000.0,185884000.0,8814000.0,-435046000.0,-435046000.0,-435046000.0,0.0,68255000.0,-0.028,545876000.0,-160625000.0,1115625000.0,-0.032,2.181,-5.165,-5.152,463827000.0,0.0,15.97,0.143,0.143,935676000.0,1249809000.0,15668477000.0,15668477000.0,0.0,-0.06,-0.401,-0.113,-0.022,21882000.0,240692000.0,1.0,140715205.0,140715205.0,,111.349,7102443000.0,77915000.0,18592000.0,80745000.0,50.474,1461972000.0
3,FLR,MRT,2020-09-30,2020-09-30,2020-09-30,2021-08-06,-463316000.0,7271650000.0,7442887750.0,5010399000.0,2261251000.0,2.102,8.031,-77060000.0,2093782000.0,2093782000.0,15307502000.0,-582524000.0,1.414,5.284,1719612000.0,42450000.0,1677162000.0,1719612000.0,0.0,107727000.0,0.0,0.023,0.2,-451968000.0,-344241000.0,-0.022,-344241000.0,-451968000.0,-519443000.0,-4.05,-4.05,-4.05,1128946000.0,1200016250.0,1128946000.0,931644826.0,-2.0,-2.706,219300000.0,1.56,1.0,337034000.0,0.022,326892000.0,67475000.0,3025975000.0,3106672750.0,0.0,576204000.0,17514000.0,558690000.0,5964966000.0,3544613000.0,2420353000.0,1238377826.0,288678000.0,-10405000.0,0.0,1414000.0,-58085000.0,55800000.0,-50955000.0,30366000.0,296360000.0,-12527000.0,-567748000.0,-567748000.0,-567748000.0,10070000.0,-14776000.0,-0.036,579101000.0,-242067000.0,1338153000.0,-0.049,1.097,-2.181,-2.175,563624000.0,0.0,8.81,0.079,0.079,1083351000.0,1413242000.0,15644536000.0,15644536000.0,0.0,-0.076,-0.473,-0.145,-0.029,20133000.0,190441000.0,1.0,140565020.0,140565020.0,,111.298,6944758000.0,69008000.0,48305000.0,70363000.0,49.406,1465786000.0
4,FLR,MRT,2020-06-30,2020-06-30,2020-06-30,2021-08-06,-478636000.0,7240774000.0,7595902000.0,5027386000.0,2213388000.0,2.168,7.788,-73815000.0,1969593000.0,1969593000.0,16175294000.0,-1336818000.0,1.395,5.505,1707933000.0,53102000.0,1654831000.0,1707933000.0,0.0,130488000.0,0.0,0.034,0.41,-746524000.0,-616036000.0,-0.037,-616036000.0,-746524000.0,-815380000.0,-9.49,-9.49,-9.49,1091722000.0,1307653500.0,1091722000.0,1570347752.0,-2.0,-2.549,117856000.0,0.841,1.0,294610000.0,0.018,322652000.0,68856000.0,3051383000.0,3217879250.0,0.0,540962000.0,12711000.0,528251000.0,6009880000.0,3605079000.0,2404801000.0,1693306752.0,112308000.0,-25206000.0,1466000.0,17023000.0,-87469000.0,-1702000.0,-23129000.0,60319000.0,191671000.0,-54532000.0,-1330188000.0,-1330188000.0,-1330188000.0,10070000.0,-6630000.0,-0.081,856171000.0,-561561000.0,1428785000.0,-0.043,1.551,-1.273,-1.273,568606000.0,0.0,12.08,0.103,0.103,1146761000.0,1393866000.0,16469904000.0,16469904000.0,0.0,-0.175,-1.017,-0.232,-0.045,15628000.0,133523000.0,1.0,140174400.0,140174400.0,,117.496,6918122000.0,68225000.0,514808000.0,74787000.0,49.354,1422307000.0
5,FLR,MRT,2020-03-31,2020-03-31,2020-03-31,2021-08-06,-499353000.0,7292469000.0,8029177000.0,5129489000.0,2162980000.0,2.103,7.788,-94042000.0,1870874000.0,1870874000.0,17096853000.0,-1764528000.0,1.382,5.572,1698377000.0,51204000.0,1647173000.0,1698377000.0,0.0,149367000.0,0.0,0.09,0.62,-1239502000.0,-1090135000.0,-0.065,-1090135000.0,-1239502000.0,-1311527000.0,-12.26,-12.26,-12.26,1091645000.0,1628282250.0,1091645000.0,845646104.0,-1.0,-0.776,78709000.0,0.562,1.0,-215487000.0,-0.013,306482000.0,72025000.0,3102944000.0,3510862250.0,0.0,530234000.0,6477000.0,523757000.0,6082304000.0,3710546000.0,2371758000.0,968605104.0,65097000.0,-22210000.0,0.0,23604000.0,-102768000.0,-24851000.0,-9022000.0,92061000.0,172751000.0,-73781000.0,-1719219000.0,-1719219000.0,-1719219000.0,0.0,32049000.0,-0.102,886352000.0,-1101839000.0,1443280000.0,-0.051,0.887,-0.563,-0.564,567148000.0,0.0,6.91,0.057,0.057,1097800000.0,1418845000.0,16881366000.0,16881366000.0,0.0,-0.214,-1.056,-0.353,-0.073,28810000.0,140857000.0,1.0,140174400.0,140174400.0,,120.431,6985987000.0,55521000.0,407692000.0,79420000.0,49.838,1418943000.0
6,FLR,MRT,2019-12-31,2019-12-31,2019-12-31,2021-08-06,-379873000.0,7966658000.0,8466488250.0,5366763000.0,2599895000.0,2.045,10.614,-114865000.0,1997199000.0,1997199000.0,17533864000.0,-1553122000.0,1.374,4.29,1690467000.0,38728000.0,1651739000.0,1690467000.0,0.0,170481000.0,0.0,0.039,0.73,-962830000.0,-792349000.0,-0.046,-792349000.0,-962830000.0,-1036934000.0,-10.87,-10.87,-10.87,1487752000.0,2093449250.0,1487752000.0,2523533672.0,-3.0,-3.185,104153000.0,0.743,1.0,-216580000.0,-0.013,508415000.0,74104000.0,3246389000.0,3950086750.0,0.0,608076000.0,7262000.0,600814000.0,6382566000.0,3905122000.0,2477444000.0,2646492672.0,232453000.0,-28240000.0,1466000.0,9093000.0,-118073000.0,-77299000.0,80472000.0,207374000.0,219018000.0,10262000.0,-1522164000.0,-1522164000.0,-1522164000.0,0.0,-30958000.0,-0.088,836419000.0,-1052999000.0,1546840000.0,-0.067,1.779,-1.739,-1.737,594826000.0,0.0,18.88,0.153,0.153,1217464000.0,1700912000.0,17317284000.0,17317284000.0,0.0,-0.18,-0.727,-0.244,-0.056,36075000.0,165921000.0,1.0,140174400.0,140174400.0,,123.541,7458243000.0,62688000.0,485230000.0,83295000.0,53.207,1461641000.0
7,FLR,MRT,2019-09-30,2019-09-30,2019-09-30,2021-08-06,-551903000.0,7883707000.0,8695462500.0,5322888000.0,2560819000.0,2.357,11.126,-125779000.0,1805104000.0,1805104000.0,20507664000.0,-1210674000.0,1.382,3.976,1682145000.0,45240000.0,1636905000.0,1682145000.0,0.0,193783000.0,0.0,0.044,0.84,-582762000.0,-388979000.0,-0.019,-388979000.0,-582762000.0,-658265000.0,-8.74,-8.74,-8.74,1559495000.0,2430042500.0,1559495000.0,2518347574.0,-4.0,-6.474,114568000.0,0.817,1.0,-16367000.0,-0.001,439576000.0,75503000.0,3470801000.0,4308634750.0,0.0,673916000.0,47873000.0,626043000.0,6199777000.0,3850371000.0,2349406000.0,2676809574.0,125308000.0,-60315000.0,-48468000.0,-4650000.0,-118249000.0,-219257000.0,147801000.0,194965000.0,240347000.0,-43583000.0,-1227143000.0,-1227143000.0,-1227143000.0,113920000.0,93827000.0,-0.06,516085000.0,-532452000.0,1295954000.0,-0.096,1.716,-2.181,-2.189,571214000.0,0.0,19.13,0.131,0.131,1045749000.0,1998142000.0,20491297000.0,20491297000.0,0.0,-0.141,-0.505,-0.135,-0.028,35807000.0,106158000.0,1.0,139927317.0,140163000.0,140163000.0,146.196,7444131000.0,70537000.0,568878000.0,0.0,53.111,1472517000.0
8,FLR,MRT,2019-06-30,2019-06-30,2019-06-30,2021-08-06,-510008000.0,8973874000.0,9011529750.0,5157552000.0,3816322000.0,2.187,16.942,-135255000.0,1857285000.0,1857285000.0,19625290000.0,-383995000.0,1.271,2.728,1698823000.0,41577000.0,1657246000.0,1698823000.0,0.0,201664000.0,0.0,0.025,0.84,-223661000.0,-21997000.0,-0.001,-21997000.0,-223661000.0,-304418000.0,-2.89,-2.89,-2.89,2374237000.0,2800924750.0,2374237000.0,4595223310.0,-21.0,-208.902,250944000.0,1.791,1.0,79664000.0,0.004,534401000.0,80757000.0,4223315000.0,4685206250.0,0.0,967067000.0,73098000.0,893969000.0,6476385000.0,4057696000.0,2418689000.0,4714151310.0,175325000.0,-61227000.0,-48147000.0,56603000.0,-118417000.0,-157852000.0,-38603000.0,27719000.0,386199000.0,-14419000.0,-406699000.0,-406699000.0,-406699000.0,100675000.0,100062000.0,-0.021,231988000.0,-152324000.0,1546171000.0,-0.291,1.986,-11.591,-11.657,894997000.0,0.0,33.69,0.239,0.24,1490768000.0,2769804000.0,19704954000.0,19704954000.0,0.0,-0.045,-0.145,-0.048,-0.011,48842000.0,156049000.0,1.0,139927317.0,140141000.0,140141000.0,140.608,8439473000.0,513306000.0,102281000.0,0.0,60.221,1099856000.0
9,FLR,MRT,2019-03-31,2019-03-31,2019-03-31,2021-08-06,-497894000.0,9041714000.0,9047865500.0,5242608000.0,3799106000.0,2.259,21.122,-118824000.0,1805777000.0,1805777000.0,19721327000.0,199869000.0,1.486,2.007,1686849000.0,35922000.0,1650927000.0,1686849000.0,0.0,209833000.0,0.0,0.023,0.84,431328000.0,641161000.0,0.031,641161000.0,431328000.0,352663000.0,0.88,0.87,0.88,2952313000.0,2968204250.0,2952313000.0,5060158699.0,12.0,7.892,161866000.0,1.158,1.0,721019000.0,0.035,535051000.0,78665000.0,4859842000.0,4825185750.0,0.0,1036189000.0,98733000.0,937456000.0,5925789000.0,3527893000.0,2397896000.0,5136452699.0,119823000.0,-47288000.0,-45317000.0,101303000.0,-118497000.0,-112332000.0,2257000.0,42794000.0,280690000.0,-50792000.0,122154000.0,122154000.0,122154000.0,100675000.0,77715000.0,0.006,173161000.0,547858000.0,1543478000.0,0.955,1.74,42.049,41.818,985754000.0,0.0,36.8,0.251,0.252,1380475000.0,3354352000.0,20442346000.0,20442346000.0,0.0,0.014,0.041,0.089,0.021,42354000.0,123893000.0,1.0,139577519.0,139776000.0,139776000.0,146.251,8506663000.0,363872000.0,230509000.0,0.0,60.859,1714715000.0
10,FLR,MRT,2018-12-31,2018-12-31,2018-12-31,2021-08-06,-543531000.0,8882555000.0,9143743500.0,5370603000.0,3511952000.0,2.062,20.184,-129960000.0,1764746000.0,1764746000.0,18281628000.0,232853000.0,1.468,2.083,1688452000.0,26887000.0,1661565000.0,1688452000.0,0.0,216656000.0,0.0,0.026,0.84,423943000.0,640599000.0,0.034,640599000.0,423943000.0,346799000.0,1.24,1.23,1.24,2834125000.0,2979203750.0,2834125000.0,4574031800.0,11.0,7.14,32204000.0,0.229,1.0,569380000.0,0.03,466452000.0,77144000.0,4680581000.0,4789257500.0,0.0,1117964000.0,214828000.0,903136000.0,5902302000.0,3659228000.0,2243074000.0,4529523800.0,-39329000.0,-50861000.0,-42764000.0,93611000.0,-118734000.0,-140491000.0,1383000.0,57591000.0,162164000.0,-62385000.0,173468000.0,173468000.0,173468000.0,0.0,59385000.0,0.009,143064000.0,426316000.0,1400666000.0,0.677,1.598,26.112,25.968,745942000.0,0.0,32.2,0.24,0.24,1237248000.0,3294154000.0,18851008000.0,18851008000.0,0.0,0.019,0.058,0.089,0.022,43029000.0,121164000.0,1.0,140668441.0,140413000.0,141272000.0,134.254,8416103000.0,378102000.0,173331000.0,0.0,59.938,1711375000.0
11,FLR,MRT,2018-09-30,2018-09-30,2018-09-30,2021-08-06,-482178000.0,9147976000.0,9255027750.0,5584161000.0,3563815000.0,1.498,21.626,-114335000.0,1679796000.0,1679796000.0,13533263000.0,258281000.0,1.525,1.955,1724304000.0,56945000.0,1667359000.0,1724304000.0,0.0,222233000.0,0.0,0.014,0.84,321104000.0,543337000.0,0.039,543337000.0,321104000.0,246503000.0,1.4,1.39,1.4,3043024000.0,3106250000.0,3043024000.0,8143933215.0,25.0,14.989,-74286000.0,-0.528,1.0,329418000.0,0.024,553294000.0,74601000.0,4977087000.0,4870043000.0,0.0,1102264000.0,243048000.0,859216000.0,5948047000.0,3662103000.0,2285944000.0,8169962215.0,-147233000.0,-44855000.0,7747000.0,119467000.0,-118565000.0,-63694000.0,-100006000.0,62411000.0,40049000.0,-23582000.0,197209000.0,197209000.0,197209000.0,-202556000.0,61072000.0,0.014,181650000.0,147768000.0,1619222000.0,0.6,2.685,41.428,41.5,1029162000.0,0.0,58.1,0.589,0.59,1724091000.0,3401528000.0,13862681000.0,13862681000.0,0.0,0.021,0.063,0.066,0.023,44328000.0,181466000.0,1.0,140618971.0,140713000.0,141549000.0,98.517,8594682000.0,425313000.0,49294000.0,0.0,61.08,1922058000.0
12,FLR,MRT,2018-06-30,2018-06-30,2018-06-30,2021-08-06,-422595000.0,9119217000.0,9266415500.0,5455836000.0,3663381000.0,1.615,21.637,-143726000.0,1681960000.0,1681960000.0,14598381000.0,275145000.0,1.454,1.95,1655931000.0,80561000.0,1575370000.0,1655931000.0,0.0,225734000.0,0.0,0.017,0.84,354724000.0,580458000.0,0.039,580458000.0,354724000.0,287406000.0,1.53,1.51,1.53,3043355000.0,3166321000.0,3043355000.0,6808346421.0,19.0,11.729,-102281000.0,-0.727,1.0,363699000.0,0.024,558308000.0,67318000.0,4783233000.0,4845067000.0,0.0,1006174000.0,101124000.0,905050000.0,5934377000.0,3751647000.0,2182730000.0,6857839421.0,-137839000.0,-95434000.0,6467000.0,49645000.0,-118355000.0,-132799000.0,-27658000.0,220918000.0,41445000.0,-18827000.0,214327000.0,214327000.0,214327000.0,-189311000.0,60818000.0,0.014,166565000.0,197134000.0,1692897000.0,0.549,2.253,31.997,31.882,1053866000.0,0.0,48.78,0.458,0.459,1556503000.0,3353176000.0,14962080000.0,14962080000.0,0.0,0.023,0.068,0.073,0.024,42429000.0,166381000.0,1.0,140587114.0,140654000.0,141306000.0,106.375,8560909000.0,426671000.0,73079000.0,0.0,60.865,1704189000.0
13,FLR,MRT,2018-03-31,2018-03-31,2018-03-31,2021-08-06,-372960000.0,9425226000.0,9292063250.0,5694762000.0,3730464000.0,1.592,21.387,-183361000.0,1685954000.0,1685954000.0,14608853000.0,137349000.0,1.396,2.101,1636461000.0,28808000.0,1607653000.0,1636461000.0,0.0,226146000.0,0.0,0.015,0.84,145768000.0,371914000.0,0.025,371914000.0,145768000.0,78761000.0,0.54,0.53,0.54,2996311000.0,3199903750.0,2996311000.0,7820380049.0,54.0,21.027,12373000.0,0.088,1.0,185523000.0,0.013,581298000.0,67007000.0,4716129000.0,4828446250.0,0.0,1041227000.0,142503000.0,898724000.0,6295919000.0,4078306000.0,2217613000.0,8005496049.0,-281627000.0,-199416000.0,7612000.0,0.0,-118241000.0,-195992000.0,-321128000.0,68613000.0,195734000.0,39759000.0,75470000.0,75470000.0,75470000.0,-189311000.0,61879000.0,0.005,196104000.0,-10581000.0,1720943000.0,1.556,2.672,106.075,105.963,1097833000.0,0.0,57.22,0.541,0.542,1727474000.0,3268837000.0,14794376000.0,14794376000.0,0.0,0.008,0.024,0.03,0.01,38920000.0,195920000.0,1.0,139907306.0,140099000.0,140099000.0,105.599,8843928000.0,435675000.0,3291000.0,0.0,63.126,1616456000.0
14,FLR,MRT,2017-12-31,2017-12-31,2017-12-31,2021-08-06,-402242000.0,9327692000.0,9225840500.0,5601257000.0,3726435000.0,1.605,23.914,-187005000.0,1804075000.0,1804075000.0,14528782000.0,226764000.0,1.567,1.746,1618959000.0,27361000.0,1591598000.0,1618959000.0,0.0,225269000.0,0.0,0.016,0.84,237485000.0,462754000.0,0.031,462754000.0,237485000.0,170027000.0,1.1,1.09,1.1,3342310000.0,3256034750.0,3342310000.0,7015227386.0,30.0,15.16,414966000.0,2.969,1.0,277729000.0,0.019,564683000.0,67458000.0,5003723000.0,4783880500.0,0.0,1153619000.0,161134000.0,992485000.0,5835293000.0,3574170000.0,2261123000.0,7224557386.0,-46361000.0,-269868000.0,9380000.0,-53455000.0,-117995000.0,-215502000.0,-484278000.0,-20924000.0,601971000.0,51448000.0,153671000.0,153671000.0,153671000.0,-189311000.0,73093000.0,0.01,183881000.0,93848000.0,1512740000.0,0.764,2.162,47.013,46.955,1093681000.0,0.0,51.65,0.488,0.488,1602751000.0,3654931000.0,14806511000.0,14806511000.0,0.0,0.017,0.047,0.05,0.016,40669000.0,183697000.0,1.0,139875264.0,139761000.0,140893000.0,105.942,8763009000.0,316472000.0,16356000.0,0.0,62.7,2027087000.0
15,FLR,MRT,2017-09-30,2017-09-30,2017-09-30,2021-08-06,-420094000.0,9193527000.0,9198021750.0,5514894000.0,3678633000.0,2.118,23.471,-210479000.0,1827029000.0,1827029000.0,18830728000.0,254589000.0,1.556,1.754,1617699000.0,36725000.0,1580974000.0,1617699000.0,970338000.0,226329000.0,0.0,0.02,0.84,430348000.0,656677000.0,0.034,656677000.0,430348000.0,360409000.0,1.44,1.43,1.44,3283308000.0,3201755000.0,3283308000.0,5666797060.0,13.0,8.63,593593000.0,4.243,1.0,652558000.0,0.033,563440000.0,69939000.0,4877183000.0,4687426000.0,0.0,1155742000.0,178056000.0,977686000.0,5759634000.0,3543574000.0,2216060000.0,5889735060.0,46655000.0,-234756000.0,9146000.0,-89139000.0,-117592000.0,-268341000.0,-480585000.0,-28318000.0,804072000.0,-8491000.0,201510000.0,201510000.0,201510000.0,0.0,53079000.0,0.01,194512000.0,458046000.0,1398182000.0,0.583,1.794,29.228,29.236,1080175000.0,0.0,42.1,0.302,0.302,2859750000.0,3624554000.0,19483286000.0,19483286000.0,0.0,0.022,0.063,0.092,0.022,39320000.0,194512000.0,1.0,139898695.0,139887000.0,140830000.0,139.279,8630087000.0,294382000.0,158899000.0,0.0,61.693,1971320000.0
16,FLR,MRT,2017-06-30,2017-06-30,2017-06-30,2021-08-06,-451261000.0,9221808000.0,9228791500.0,5613818000.0,3607990000.0,2.092,22.727,-200089000.0,1819799000.0,1819799000.0,18840294000.0,159106000.0,1.504,1.86,1596861000.0,36390000.0,1560471000.0,1596861000.0,1083679000.0,228773000.0,0.0,0.018,0.84,268559000.0,497332000.0,0.026,497332000.0,268559000.0,198198000.0,0.79,0.79,0.79,3177686000.0,3157499250.0,3177686000.0,5998531085.0,22.0,12.061,843212000.0,6.031,1.0,468222000.0,0.024,548849000.0,70361000.0,4716750000.0,4657152500.0,0.0,1104587000.0,193927000.0,910660000.0,5910673000.0,3733271000.0,2177402000.0,6399231085.0,192745000.0,-304910000.0,8810000.0,-121641000.0,-117943000.0,-301942000.0,-540938000.0,-37909000.0,1043301000.0,-7676000.0,111851000.0,111851000.0,111851000.0,0.0,47255000.0,0.006,175683000.0,292539000.0,1527821000.0,1.063,2.014,57.212,57.949,1067502000.0,0.0,45.78,0.331,0.332,2910101000.0,3559643000.0,19308516000.0,19308516000.0,0.0,0.012,0.035,0.058,0.014,38404000.0,175683000.0,1.0,139782243.0,139818000.0,139818000.0,138.097,8672959000.0,335480000.0,86347000.0,0.0,62.03,1880547000.0
17,FLR,MRT,2017-03-31,2017-03-31,2017-03-31,2021-08-06,-452180000.0,9160335000.0,9233706250.0,5560338000.0,3599997000.0,2.106,23.098,-184279000.0,1967581000.0,1967581000.0,18764046000.0,285792000.0,1.512,1.805,1566881000.0,40858000.0,1526023000.0,1566881000.0,752779000.0,234321000.0,0.0,0.016,0.84,475308000.0,709629000.0,0.036,709629000.0,475308000.0,402701000.0,1.69,1.68,1.69,3220835000.0,3147964750.0,3220835000.0,7082637779.0,15.0,9.981,677220000.0,4.857,1.0,684495000.0,0.035,545400000.0,72607000.0,4537866000.0,4723129750.0,0.0,986268000.0,74942000.0,911326000.0,5814284000.0,3676369000.0,2137915000.0,7332881779.0,270090000.0,-198015000.0,6764000.0,-96042000.0,-118050000.0,-258660000.0,-277671000.0,104788000.0,861499000.0,-55078000.0,237689000.0,237689000.0,237689000.0,0.0,48103000.0,0.012,181008000.0,503487000.0,1643925000.0,0.497,2.277,30.851,31.136,1037461000.0,0.0,52.62,0.377,0.377,3035698000.0,3613246000.0,19448541000.0,19448541000.0,0.0,0.026,0.076,0.101,0.024,41831000.0,181008000.0,1.0,139355412.0,139443000.0,140958000.0,139.473,8614935000.0,361492000.0,165012000.0,0.0,61.781,1883969000.0
18,FLR,MRT,2016-12-31,2016-12-31,2016-12-31,2021-08-06,-496669000.0,9216417000.0,9194054250.0,5610270000.0,3606147000.0,2.071,22.456,-154742000.0,1850436000.0,1850436000.0,18246209000.0,327449000.0,1.47,1.911,1600192000.0,82243000.0,1517949000.0,1600192000.0,763774000.0,225913000.0,0.0,0.016,0.84,570241000.0,796154000.0,0.042,796154000.0,570241000.0,500552000.0,2.02,2.0,2.02,3125191000.0,3114908750.0,3125191000.0,7222261714.0,13.0,9.071,551177000.0,3.96,1.0,790316000.0,0.042,532239000.0,69689000.0,4617905000.0,4939971500.0,0.0,994975000.0,111037000.0,883938000.0,5973586000.0,3816029000.0,2157557000.0,7313420714.0,-99450000.0,-755177000.0,-6060000.0,180906000.0,-117995000.0,-10350000.0,-741351000.0,162108000.0,705919000.0,-53668000.0,281401000.0,281401000.0,281401000.0,0.0,46048000.0,0.015,191073000.0,599243000.0,1590506000.0,0.416,2.34,25.989,26.0,1017223000.0,0.0,52.52,0.384,0.384,3237513000.0,3582150000.0,19036525000.0,19036525000.0,0.0,0.031,0.09,0.115,0.03,40086000.0,191073000.0,1.0,139250204.0,139171000.0,140912000.0,136.785,8684178000.0,454109000.0,219151000.0,0.0,62.399,1794241000.0
19,FLR,MRT,2016-09-30,2016-09-30,2016-09-30,2021-08-06,-466346000.0,9316606000.0,8796301500.0,5741578000.0,3575028000.0,2.094,22.307,-57881000.0,1780374000.0,1780374000.0,17623791000.0,223393000.0,1.481,1.952,1689215000.0,133693000.0,1555522000.0,1689215000.0,716592000.0,215648000.0,0.0,0.016,0.84,325947000.0,541595000.0,0.029,541595000.0,325947000.0,264175000.0,1.18,1.17,1.18,3106285000.0,3082947750.0,3106285000.0,7232712297.0,22.0,13.354,673312000.0,4.835,1.0,793760000.0,0.043,593161000.0,61772000.0,4756089000.0,4689266750.0,0.0,1026920000.0,130821000.0,896099000.0,6061998000.0,3876197000.0,2185801000.0,7146226297.0,-1025000.0,-768941000.0,-155883000.0,216590000.0,-119677000.0,-96212000.0,-613036000.0,200567000.0,731193000.0,-22970000.0,159583000.0,159583000.0,159583000.0,601000.0,63810000.0,0.009,419062000.0,374698000.0,1642739000.0,0.712,2.301,44.781,43.492,1042354000.0,0.0,51.32,0.388,0.388,3294128000.0,3541253000.0,18417551000.0,18417551000.0,0.0,0.018,0.052,0.07,0.018,51471000.0,179166000.0,1.0,139248369.0,139250000.0,140924000.0,132.262,8723445000.0,314939000.0,104592000.0,0.0,62.646,1865381000.0
20,FLR,MRT,2016-06-30,2016-06-30,2016-06-30,2021-08-06,-449428000.0,9241467000.0,8366990250.0,5651240000.0,3590227000.0,2.156,22.55,-53516000.0,1627054000.0,1627054000.0,17027973000.0,387723000.0,1.495,1.898,1713540000.0,166081000.0,1547459000.0,1713540000.0,737663000.0,203179000.0,0.0,0.017,0.84,596693000.0,799872000.0,0.044,799872000.0,596693000.0,542128000.0,2.34,2.31,2.34,3139548000.0,3071961500.0,3139548000.0,6854698088.0,11.0,8.57,681971000.0,4.898,1.0,1007326000.0,0.056,567264000.0,54565000.0,4980659000.0,4487457000.0,0.0,1037256000.0,125086000.0,912170000.0,5957833000.0,3780030000.0,2177803000.0,6861262088.0,-96706000.0,-639445000.0,-301361000.0,249092000.0,-121006000.0,-203383000.0,-552575000.0,116794000.0,735487000.0,-76235000.0,326062000.0,326062000.0,326062000.0,5658000.0,61661000.0,0.018,427083000.0,580243000.0,1714192000.0,0.359,2.185,21.043,21.06,1055902000.0,0.0,49.28,0.38,0.38,3472710000.0,3566143000.0,18035299000.0,18035299000.0,0.0,0.039,0.106,0.133,0.033,57191000.0,187187000.0,1.0,139230156.0,139226000.0,140801000.0,129.54,8674203000.0,339206000.0,216066000.0,0.0,62.303,1871210000.0
21,FLR,MRT,2016-03-31,2016-03-31,2016-03-31,2021-08-06,-417389000.0,9001727000.0,7946716750.0,5402869000.0,3598858000.0,2.264,22.228,-42532000.0,1697491000.0,1697491000.0,16936230000.0,428413000.0,1.505,1.872,1690927000.0,118926000.0,1572001000.0,1690927000.0,745078000.0,189081000.0,0.0,0.016,0.84,652826000.0,841907000.0,0.047,841907000.0,652826000.0,605579000.0,2.63,2.59,2.63,3088611000.0,3066225750.0,3088611000.0,6502656503.0,10.0,7.724,881973000.0,6.347,1.0,1053058000.0,0.059,0.0,47247000.0,5405233000.0,4263923250.0,0.0,1802485000.0,167130000.0,1635355000.0,5780893000.0,3589930000.0,2190963000.0,7459878503.0,-113802000.0,-667163000.0,-404180000.0,195068000.0,-122782000.0,-403439000.0,-608310000.0,76491000.0,924505000.0,-26558000.0,372756000.0,372756000.0,372756000.0,5658000.0,55657000.0,0.021,422228000.0,630830000.0,1578073000.0,0.319,2.415,20.013,20.418,1065264000.0,0.0,53.7,0.415,0.415,3103032000.0,3493789000.0,17989288000.0,17989288000.0,0.0,0.047,0.122,0.153,0.036,62428000.0,182332000.0,1.0,138917663.0,138950000.0,140865000.0,129.466,9001727000.0,362699000.0,232823000.0,0.0,64.784,1812939000.0
22,FLR,MRT,2015-12-31,2015-12-31,2015-12-31,2021-08-06,-432775000.0,7625406000.0,7601084000.0,5105400000.0,2520006000.0,2.383,20.699,-63815000.0,1949886000.0,1949886000.0,17019352000.0,475006000.0,1.739,1.505,986564000.0,0.0,986564000.0,986564000.0,754037000.0,189738000.0,0.0,0.018,0.84,703170000.0,892908000.0,0.049,892908000.0,703170000.0,658400000.0,2.85,2.81,2.85,2997347000.0,3061254000.0,2997347000.0,5898231589.0,8.0,6.606,785317000.0,5.423,1.0,1094696000.0,0.06,111646000.0,44770000.0,3615086000.0,3914659000.0,0.0,755656000.0,197092000.0,558564000.0,4511907000.0,2935352000.0,1576555000.0,6686941589.0,-43239000.0,-45512000.0,-507878000.0,-28425000.0,-125204000.0,-728230000.0,-66507000.0,25359000.0,849132000.0,-97634000.0,412512000.0,412512000.0,412512000.0,5658000.0,62494000.0,0.023,408225000.0,686471000.0,1266509000.0,0.295,2.231,16.21,16.568,892340000.0,0.0,47.22,0.369,0.377,2579495000.0,3428732000.0,18114048000.0,18114048000.0,0.0,0.054,0.135,0.18,0.039,61053000.0,168329000.0,1.0,141612486.0,144805000.0,146722000.0,125.093,7513760000.0,394832000.0,245888000.0,0.0,51.889,2170048000.0
23,FLR,MRT,2015-09-30,2015-09-30,2015-09-30,2021-08-06,-579136000.0,7599361000.0,7743339750.0,5229758000.0,2369603000.0,2.479,21.223,-179414000.0,1781399000.0,1781399000.0,17995061000.0,737447000.0,1.827,1.444,992689000.0,0.0,992689000.0,992689000.0,652378000.0,189729000.0,0.0,0.02,0.84,1044203000.0,1233932000.0,0.064,1233932000.0,1044203000.0,1001104000.0,4.56,4.49,4.56,3062340000.0,3089635000.0,3062340000.0,5407047146.0,5.0,4.382,626234000.0,4.34,1.0,1203502000.0,0.063,0.0,43099000.0,3948850000.0,3955369000.0,0.0,901117000.0,245752000.0,655365000.0,4423419000.0,2861801000.0,1561618000.0,6138347146.0,-118798000.0,-39822000.0,-853616000.0,466170000.0,-127796000.0,-638351000.0,-188644000.0,12558000.0,805648000.0,-97451000.0,678412000.0,678412000.0,678412000.0,5057000.0,59035000.0,0.035,177156000.0,1026346000.0,1247249000.0,0.184,2.004,9.048,9.287,929888000.0,0.0,42.35,0.32,0.318,2706903000.0,3640054000.0,19198563000.0,19198563000.0,0.0,0.088,0.22,0.264,0.054,53276000.0,177156000.0,1.0,144943262.0,144293000.0,146085000.0,133.053,7599361000.0,410769000.0,322692000.0,0.0,52.666,2367957000.0
24,FLR,MRT,2015-06-30,2015-06-30,2015-06-30,2021-08-06,-515730000.0,7560373000.0,7855675750.0,5202717000.0,2357656000.0,2.578,21.309,-195618000.0,1723760000.0,1723760000.0,18921202000.0,670601000.0,1.897,1.392,992460000.0,0.0,992460000.0,992460000.0,577376000.0,192425000.0,0.0,0.016,0.84,961449000.0,1153874000.0,0.057,1153874000.0,961449000.0,922541000.0,3.81,3.76,3.81,3116605000.0,3213770250.0,3116605000.0,6978492760.0,7.0,6.048,225416000.0,1.541,1.0,1332830000.0,0.066,0.0,38908000.0,4086524000.0,3811153500.0,0.0,761387000.0,166082000.0,595305000.0,4338771000.0,2742549000.0,1596222000.0,7769816760.0,-459049000.0,-68146000.0,-786863000.0,466169000.0,-130068000.0,-601698000.0,-179488000.0,79810000.0,421034000.0,-98897000.0,576631000.0,576631000.0,576631000.0,0.0,93970000.0,0.028,177122000.0,1155708000.0,1212814000.0,0.22,2.493,13.475,13.913,964409000.0,0.0,53.01,0.384,0.383,2773759000.0,3630881000.0,20254032000.0,20254032000.0,0.0,0.073,0.179,0.252,0.047,52013000.0,177122000.0,1.0,146572661.0,146261000.0,147921000.0,138.479,7560373000.0,412856000.0,345910000.0,0.0,51.691,2460168000.0
25,FLR,MRT,2015-03-31,2015-03-31,2015-03-31,2021-08-06,-533817000.0,7619196000.0,8065320250.0,5379253000.0,2239943000.0,2.566,20.772,-220739000.0,1811293000.0,1811293000.0,19311429000.0,619837000.0,1.908,1.44,1019969000.0,27738000.0,992231000.0,1019969000.0,586020000.0,191905000.0,0.0,0.015,0.84,898797000.0,1090702000.0,0.053,1090702000.0,898797000.0,863845000.0,3.28,3.24,3.28,3068724000.0,3346256000.0,3068724000.0,7474950906.0,8.0,6.853,274403000.0,1.857,1.0,1384161000.0,0.067,0.0,34952000.0,4008176000.0,3582379000.0,0.0,736315000.0,145568000.0,590747000.0,4417940000.0,2819696000.0,1598244000.0,8447648906.0,-330765000.0,-55246000.0,-814398000.0,494521000.0,-132615000.0,-595369000.0,-123520000.0,146078000.0,495142000.0,-107018000.0,505914000.0,505914000.0,505914000.0,85183000.0,113923000.0,0.024,186048000.0,1198113000.0,1251950000.0,0.256,2.753,16.698,17.427,965935000.0,0.0,57.16,0.408,0.408,2743235000.0,3601071000.0,20695590000.0,20695590000.0,0.0,0.063,0.151,0.251,0.043,49012000.0,186048000.0,1.0,147789519.0,147731000.0,149915000.0,140.09,7619196000.0,426196000.0,357931000.0,0.0,51.575,2559557000.0
26,FLR,MRT,2014-12-31,2014-12-31,2014-12-31,2021-08-06,-484212000.0,8194429000.0,8158505500.0,5758047000.0,2436382000.0,2.639,19.753,-218832000.0,1993125000.0,1993125000.0,20132544000.0,647543000.0,1.729,1.598,1020427000.0,28742000.0,991685000.0,1020427000.0,569418000.0,192594000.0,0.0,0.014,0.84,893405000.0,1085999000.0,0.05,1085999000.0,893405000.0,863724000.0,3.24,3.2,3.24,3110871000.0,3501757250.0,3110871000.0,8098213644.0,9.0,7.457,423742000.0,2.691,1.0,1399033000.0,0.065,112952000.0,29681000.0,3777926000.0,3388141000.0,0.0,638580000.0,105131000.0,533449000.0,4970599000.0,3330853000.0,1639746000.0,9471653644.0,-290457000.0,-38687000.0,-881894000.0,494521000.0,-126218000.0,-666416000.0,-199115000.0,52890000.0,642574000.0,-67500000.0,510909000.0,510909000.0,510909000.0,0.0,136634000.0,0.024,182711000.0,1216322000.0,1422084000.0,0.259,3.045,18.539,18.713,980263000.0,0.0,60.63,0.44,0.443,3058980000.0,3593597000.0,21531577000.0,21531577000.0,0.0,0.063,0.146,0.264,0.041,44143000.0,182711000.0,1.0,156220578.0,157487000.0,159616000.0,136.72,8081477000.0,541227000.0,352815000.0,0.0,51.315,2427194000.0
27,FLR,MRT,2014-09-30,2014-09-30,2014-09-30,2021-08-06,-337088000.0,8048705000.0,8190860750.0,5659480000.0,2389225000.0,2.731,22.62,-227230000.0,1900197000.0,1900197000.0,20994091000.0,603259000.0,1.713,1.219,526757000.0,29822000.0,496935000.0,526757000.0,565136000.0,188752000.0,0.0,0.012,0.79,856189000.0,1044941000.0,0.047,1044941000.0,856189000.0,828819000.0,2.89,2.85,2.89,3558881000.0,3663286250.0,3558881000.0,8863504630.0,10.0,8.482,266482000.0,1.694,1.0,1373695000.0,0.061,0.0,27370000.0,3371988000.0,3205020500.0,0.0,805672000.0,167323000.0,638349000.0,4339027000.0,3303277000.0,1035750000.0,10520271630.0,-637373000.0,-39103000.0,-555503000.0,-74000.0,-119234000.0,-796128000.0,-281597000.0,-20793000.0,493712000.0,-53360000.0,463161000.0,463161000.0,463161000.0,85183000.0,140098000.0,0.021,194173000.0,1179522000.0,1457605000.0,0.273,2.956,22.714,23.111,970605000.0,0.0,66.79,0.47,0.47,2893983000.0,3894404000.0,22367786000.0,22367786000.0,0.0,0.057,0.126,0.267,0.038,41172000.0,194173000.0,1.0,157512676.0,157332000.0,159456000.0,142.169,8048705000.0,457672000.0,365658000.0,0.0,51.157,2356203000.0
28,FLR,MRT,2014-06-30,2014-06-30,2014-06-30,2021-08-06,-279298000.0,8398951000.0,8360476500.0,6004845000.0,2394106000.0,2.824,23.012,-226954000.0,2182809000.0,2182809000.0,22263816000.0,705720000.0,1.682,1.264,526042000.0,29217000.0,496825000.0,526042000.0,776702000.0,193181000.0,0.0,0.01,0.74,932945000.0,1126126000.0,0.048,1126126000.0,932945000.0,905119000.0,3.51,3.46,3.51,3646548000.0,3721969000.0,3646548000.0,10622063340.0,11.0,9.432,752149000.0,4.746,1.0,1348105000.0,0.057,0.0,27826000.0,3171426000.0,3086859500.0,0.0,799409000.0,159702000.0,639707000.0,4609907000.0,3570758000.0,1039149000.0,12238013340.0,77733000.0,-27629000.0,-467238000.0,-144000.0,-112191000.0,-697187000.0,-202746000.0,39883000.0,979103000.0,-1437000.0,566705000.0,566705000.0,566705000.0,85183000.0,139015000.0,0.024,205112000.0,1142993000.0,1645880000.0,0.211,3.356,21.595,21.909,984578000.0,0.0,76.9,0.518,0.516,3047972000.0,3924270000.0,23611921000.0,23611921000.0,0.0,0.068,0.152,0.302,0.04,38704000.0,205112000.0,1.0,159141916.0,158465000.0,160454000.0,149.004,8398951000.0,441644000.0,338414000.0,0.0,53.002,2434087000.0
29,FLR,MRT,2014-03-31,2014-03-31,2014-03-31,2021-08-06,-307388000.0,7991937000.0,8352638000.0,5614751000.0,2377186000.0,3.059,23.036,-215326000.0,2142058000.0,2142058000.0,24214936000.0,803080000.0,1.785,1.126,526108000.0,29393000.0,496715000.0,526108000.0,660777000.0,200874000.0,0.0,0.009,0.69,1016810000.0,1217684000.0,0.048,1217684000.0,1016810000.0,989981000.0,4.01,3.96,4.01,3690729000.0,3710244500.0,3690729000.0,10706671242.0,11.0,8.793,782018000.0,4.881,1.0,1335649000.0,0.052,0.0,26829000.0,3231224000.0,3065210750.0,0.0,841525000.0,183509000.0,658016000.0,4157503000.0,3144763000.0,1012740000.0,12463810242.0,127258000.0,-40022000.0,-331252000.0,-74000.0,-104682000.0,-551482000.0,-276011000.0,-27805000.0,997344000.0,-42593000.0,650327000.0,650327000.0,650327000.0,0.0,152753000.0,0.025,180319000.0,1155330000.0,1523735000.0,0.172,3.377,19.165,19.384,960064000.0,0.0,77.73,0.488,0.487,2769819000.0,3996524000.0,25550585000.0,25550585000.0,0.0,0.078,0.175,0.332,0.04,37027000.0,180319000.0,1.0,160347488.0,160213000.0,162360000.0,159.479,7991937000.0,365220000.0,339654000.0,0.0,49.883,2469988000.0
30,FLR,MRT,2013-12-31,2013-12-31,2013-12-31,2021-08-06,-298201000.0,8323850000.0,8470412250.0,6003683000.0,2320167000.0,3.229,23.111,-214459000.0,2283582000.0,2283582000.0,25986382000.0,823026000.0,1.762,1.183,526443000.0,29839000.0,496604000.0,526443000.0,743524000.0,207098000.0,0.0,0.008,0.64,1049171000.0,1256269000.0,0.046,1256269000.0,1049171000.0,1022284000.0,4.11,4.06,4.11,3756987000.0,3658803750.0,3756987000.0,11099933962.0,11.0,8.836,574447000.0,3.534,1.0,1365191000.0,0.05,114107000.0,26887000.0,3045444000.0,3017965500.0,0.0,659611000.0,186023000.0,473588000.0,4443027000.0,3407160000.0,1035867000.0,13115576962.0,129041000.0,-25457000.0,-147214000.0,-26435000.0,-78716000.0,-369569000.0,-234610000.0,-7252000.0,788906000.0,-55686000.0,667711000.0,667711000.0,667711000.0,0.0,155315000.0,0.024,175148000.0,1190043000.0,1641109000.0,0.156,3.491,19.643,19.535,966953000.0,0.0,80.29,0.48,0.477,3014845000.0,4040664000.0,27351573000.0,27351573000.0,0.0,0.079,0.182,0.348,0.038,36241000.0,175148000.0,1.0,163352559.0,162566000.0,164354000.0,168.249,8209743000.0,385569000.0,354573000.0,0.0,50.501,2596523000.0
31,FLR,MRT,2013-09-30,2013-09-30,2013-09-30,2021-08-06,-276481000.0,8727168000.0,8458460500.0,6441354000.0,2285814000.0,3.32,23.282,-166437000.0,2537570000.0,2537570000.0,27069271000.0,666980000.0,1.69,1.261,521927000.0,25433000.0,496494000.0,521927000.0,796601000.0,218185000.0,0.0,0.009,0.64,707109000.0,925294000.0,0.033,925294000.0,707109000.0,679414000.0,3.06,3.04,3.06,3793612000.0,3554880750.0,3793612000.0,9978566180.0,14.0,10.784,629575000.0,3.864,1.0,1013619000.0,0.036,0.0,27695000.0,2899344000.0,2925117750.0,0.0,782053000.0,157910000.0,624143000.0,4782981000.0,3812181000.0,970800000.0,11568789180.0,386544000.0,-39293000.0,-201996000.0,-33046000.0,-105461000.0,-462863000.0,103647000.0,302369000.0,796012000.0,-50252000.0,496591000.0,496591000.0,496591000.0,0.0,170389000.0,0.018,151668000.0,861951000.0,1974777000.0,0.209,3.05,23.296,23.19,937066000.0,0.0,70.96,0.412,0.412,3259100000.0,4019910000.0,28082890000.0,28082890000.0,0.0,0.059,0.14,0.242,0.025,36482000.0,151668000.0,1.0,163032542.0,162940000.0,164845000.0,172.351,8727168000.0,383246000.0,182823000.0,0.0,53.561,2629173000.0
32,FLR,MRT,2013-06-30,2013-06-30,2013-06-30,2021-08-06,-302673000.0,8367597000.0,8469028500.0,6186539000.0,2181058000.0,3.369,22.111,-171871000.0,2105076000.0,2105076000.0,27569367000.0,621967000.0,1.675,1.286,514853000.0,18469000.0,496384000.0,514853000.0,742422000.0,217778000.0,0.0,0.013,0.8,683874000.0,901652000.0,0.032,901652000.0,683874000.0,655724000.0,2.87,2.85,2.87,3599650000.0,3526474250.0,3599650000.0,8159936276.0,12.0,9.05,585769000.0,3.598,1.0,965363000.0,0.034,0.0,28150000.0,3084831000.0,3005283250.0,0.0,779295000.0,192188000.0,587107000.0,4627765000.0,3692543000.0,935222000.0,9659990276.0,301507000.0,-62743000.0,-238541000.0,-33575000.0,-106283000.0,-495411000.0,77642000.0,314877000.0,757640000.0,-38364000.0,468128000.0,468128000.0,468128000.0,0.0,153839000.0,0.016,146482000.0,818881000.0,1900848000.0,0.279,2.684,20.635,20.666,929275000.0,0.0,59.31,0.339,0.338,3330370000.0,3873124000.0,28534730000.0,28534730000.0,0.0,0.055,0.133,0.228,0.024,35687000.0,146482000.0,1.0,162872876.0,162797000.0,164135000.0,175.278,8367597000.0,328548000.0,187596000.0,0.0,51.399,2493996000.0
33,FLR,MRT,2013-03-31,2013-03-31,2013-03-31,2021-08-06,-265321000.0,8463034000.0,8475163250.0,6260805000.0,2202229000.0,3.36,21.458,-176501000.0,2014800000.0,2014800000.0,27521678000.0,607148000.0,1.597,1.394,514746000.0,18472000.0,496274000.0,514746000.0,810019000.0,215164000.0,0.0,0.012,0.8,688108000.0,903272000.0,0.032,903272000.0,688108000.0,659796000.0,2.84,2.82,2.84,3484966000.0,3515201000.0,3484966000.0,9165625901.0,13.0,10.147,452624000.0,2.787,1.0,950973000.0,0.033,0.0,28312000.0,3042243000.0,3078453250.0,0.0,752010000.0,160442000.0,591568000.0,4858128000.0,3920737000.0,937391000.0,10779169901.0,92514000.0,-40143000.0,-349354000.0,-33574000.0,-107262000.0,-595545000.0,86131000.0,306531000.0,629125000.0,-27197000.0,467906000.0,467906000.0,467906000.0,0.0,139242000.0,0.016,145770000.0,805203000.0,2088824000.0,0.282,3.093,23.037,23.356,947058000.0,0.0,66.33,0.379,0.378,3509150000.0,3737928000.0,28472651000.0,28472651000.0,0.0,0.055,0.133,0.224,0.024,34633000.0,145770000.0,1.0,162508215.0,162408000.0,163991000.0,175.316,8463034000.0,316516000.0,191890000.0,0.0,52.11,2340068000.0
34,FLR,MRT,2012-12-31,2012-12-31,2012-12-31,2021-08-06,-257850000.0,8276043000.0,8489699000.0,6094137000.0,2181906000.0,3.248,19.993,-152368000.0,2154541000.0,2154541000.0,26692138000.0,571067000.0,1.568,1.451,540997000.0,20792000.0,520205000.0,540997000.0,870147000.0,212381000.0,0.0,0.014,0.8,647006000.0,859387000.0,0.031,859387000.0,647006000.0,618768000.0,2.73,2.71,2.73,3341295000.0,3529487500.0,3341295000.0,8178389855.0,13.0,9.517,451403000.0,2.701,1.0,884997000.0,0.032,101332000.0,28238000.0,2674053000.0,3124784000.0,0.0,598376000.0,137127000.0,461249000.0,4848949000.0,3887114000.0,961835000.0,9780766855.0,-6870000.0,-50119000.0,-377641000.0,-7514000.0,-128650000.0,-616626000.0,-13740000.0,198424000.0,603771000.0,19725000.0,456330000.0,456330000.0,456330000.0,0.0,114737000.0,0.017,151010000.0,733987000.0,1954108000.0,0.293,2.927,21.434,21.516,951255000.0,0.0,58.74,0.355,0.356,3185370000.0,3597521000.0,27577135000.0,27577135000.0,0.0,0.054,0.129,0.207,0.023,33044000.0,151010000.0,1.0,166509480.0,167121000.0,168491000.0,165.013,8174711000.0,329196000.0,162438000.0,0.0,48.915,2207023000.0
35,FLR,MRT,2012-09-30,2012-09-30,2012-09-30,2021-08-06,-163992000.0,8769440000.0,8487779250.0,6518107000.0,2251333000.0,3.158,22.081,-224899000.0,2151026000.0,2151026000.0,25596155000.0,725860000.0,1.651,1.358,548649000.0,23702000.0,524947000.0,548649000.0,876001000.0,208763000.0,0.0,0.014,0.765,957891000.0,1166654000.0,0.044,1166654000.0,957891000.0,930043000.0,3.65,3.61,3.65,3679986000.0,3543045000.0,3679986000.0,8126300479.0,8.0,6.965,463993000.0,2.784,1.0,1210392000.0,0.045,0.0,27848000.0,3220006000.0,3132712000.0,0.0,967042000.0,378331000.0,588711000.0,4998097000.0,3947057000.0,1051040000.0,9396984479.0,-235263000.0,-43918000.0,-193630000.0,-5105000.0,-96973000.0,-385835000.0,-582882000.0,-306393000.0,688892000.0,44562000.0,613811000.0,613811000.0,613811000.0,0.0,112049000.0,0.023,171203000.0,1039189000.0,2023426000.0,0.21,2.554,15.309,15.419,962222000.0,0.0,56.28,0.351,0.35,3500904000.0,3842313000.0,26806547000.0,26806547000.0,0.0,0.072,0.173,0.306,0.036,31710000.0,171203000.0,1.0,166968452.0,166660000.0,167968000.0,160.846,8769440000.0,379143000.0,316232000.0,0.0,52.619,2571050000.0
36,FLR,MRT,2012-06-30,2012-06-30,2012-06-30,2021-08-06,-190375000.0,8392136000.0,8342874000.0,6171173000.0,2220963000.0,3.081,21.125,-235974000.0,1803569000.0,1803569000.0,24541901000.0,715111000.0,1.648,1.337,532885000.0,19155000.0,513730000.0,532885000.0,894452000.0,206151000.0,0.0,0.012,0.57,920991000.0,1127142000.0,0.044,1127142000.0,920991000.0,898006000.0,3.57,3.53,3.57,3554557000.0,3446987750.0,3554557000.0,6954819927.0,8.0,6.17,307548000.0,1.828,1.0,1166203000.0,0.045,0.0,22985000.0,3377511000.0,2963874750.0,0.0,984141000.0,427050000.0,557091000.0,4753664000.0,3743941000.0,1009723000.0,8344333927.0,-142396000.0,-34457000.0,-408032000.0,485188000.0,-92340000.0,-134691000.0,-474720000.0,-203201000.0,543522000.0,-76507000.0,604590000.0,604590000.0,604590000.0,0.0,110521000.0,0.024,167577000.0,998626000.0,1896809000.0,0.16,2.348,13.802,13.821,913196000.0,0.0,49.34,0.325,0.323,3483476000.0,3743262000.0,25708104000.0,25708104000.0,0.0,0.072,0.175,0.311,0.036,31154000.0,167577000.0,1.0,169119050.0,168264000.0,169440000.0,152.784,8392136000.0,337767000.0,293416000.0,0.0,49.875,2427232000.0
37,FLR,MRT,2012-03-31,2012-03-31,2012-03-31,2021-08-06,-163604000.0,8521177000.0,8162099750.0,6164929000.0,2356248000.0,3.016,20.978,-258737000.0,1922286000.0,1922286000.0,23459150000.0,714049000.0,1.579,1.386,532772000.0,19157000.0,513615000.0,532772000.0,1332351000.0,205290000.0,0.0,0.009,0.535,916321000.0,1121611000.0,0.046,1121611000.0,916321000.0,896388000.0,3.56,3.52,3.56,3542112000.0,3429883250.0,3542112000.0,8518511136.0,9.0,7.595,213421000.0,1.264,1.0,1154581000.0,0.047,0.0,19933000.0,3227566000.0,2675739250.0,0.0,975793000.0,306138000.0,669655000.0,4908754000.0,3904097000.0,1004657000.0,10146964136.0,-269379000.0,-33978000.0,-411255000.0,445499000.0,-86277000.0,-144573000.0,-555246000.0,-262962000.0,472158000.0,-41718000.0,608899000.0,608899000.0,608899000.0,0.0,105150000.0,0.025,167477000.0,987104000.0,1705146000.0,0.15,2.865,16.664,16.865,906200000.0,0.0,60.04,0.412,0.412,3498303000.0,3704025000.0,24613731000.0,24613731000.0,0.0,0.075,0.178,0.342,0.037,28499000.0,167477000.0,1.0,169003400.0,168852000.0,170406000.0,145.771,8521177000.0,348947000.0,287489000.0,0.0,50.465,2260832000.0
38,FLR,MRT,2011-12-31,2011-12-31,2011-12-31,2021-08-06,-199292000.0,8268364000.0,7919357500.0,5878711000.0,2389653000.0,2.952,19.684,-284415000.0,2161411000.0,2161411000.0,22232483000.0,698087000.0,1.532,1.416,532958000.0,19458000.0,513500000.0,532958000.0,1092707000.0,201939000.0,0.0,0.01,0.5,913058000.0,1114997000.0,0.048,1114997000.0,913058000.0,897457000.0,3.44,3.4,3.44,3395525000.0,3398246750.0,3395525000.0,6676380120.0,7.0,5.988,605354000.0,3.509,1.0,1148916000.0,0.049,95947000.0,15601000.0,2705765000.0,2345737000.0,0.0,729287000.0,96438000.0,632849000.0,4808458000.0,3838199000.0,970259000.0,8525630120.0,26414000.0,-35415000.0,-614146000.0,414295000.0,-87678000.0,-395825000.0,-436424000.0,-122362000.0,889769000.0,-31106000.0,593728000.0,593728000.0,593728000.0,0.0,104359000.0,0.025,163460000.0,985456000.0,1734686000.0,0.145,2.511,14.359,14.608,921585000.0,0.0,50.25,0.365,0.371,3180770000.0,3590553000.0,23381399000.0,23381399000.0,0.0,0.075,0.175,0.389,0.039,24020000.0,163460000.0,1.0,169664281.0,172501000.0,174564000.0,135.544,8172417000.0,375061000.0,303729000.0,0.0,47.376,2040512000.0
39,FLR,MRT,2011-09-30,2011-09-30,2011-09-30,2021-08-06,-198965000.0,8189819000.0,7755997250.0,6049361000.0,2140458000.0,2.888,19.209,-222319000.0,2386289000.0,2386289000.0,21457869000.0,653342000.0,1.594,1.464,537039000.0,23653000.0,513386000.0,537039000.0,1230647000.0,200633000.0,0.0,0.011,0.5,711138000.0,911771000.0,0.041,911771000.0,711138000.0,700047000.0,3.19,3.15,3.19,3295757000.0,3423615250.0,3295757000.0,6188007542.0,9.0,6.787,829358000.0,4.834,1.0,938281000.0,0.042,0.0,11091000.0,2544657000.0,2165082000.0,0.0,616845000.0,79146000.0,537699000.0,4824168000.0,3795912000.0,1028256000.0,8090708542.0,409144000.0,-24662000.0,-720802000.0,415967000.0,-88868000.0,-500246000.0,-118339000.0,117677000.0,1051677000.0,-23948000.0,557694000.0,557694000.0,557694000.0,0.0,95648000.0,0.025,160159000.0,778122000.0,1649471000.0,0.157,2.455,14.507,14.592,877164000.0,0.0,46.55,0.361,0.357,3158373000.0,3485144000.0,22396150000.0,22396150000.0,0.0,0.072,0.163,0.328,0.032,28075000.0,160159000.0,1.0,173806843.0,171576000.0,173178000.0,130.532,8189819000.0,371209000.0,142353000.0,0.0,47.733,2253449000.0
40,FLR,MRT,2011-06-30,2011-06-30,2011-06-30,2021-08-06,-127065000.0,7669039000.0,7631645000.0,5592494000.0,2076545000.0,2.866,20.102,-223345000.0,1945965000.0,1945965000.0,21132023000.0,461665000.0,1.579,1.181,43264000.0,25496000.0,17768000.0,43264000.0,1152555000.0,198067000.0,0.0,0.008,0.5,507915000.0,705982000.0,0.032,705982000.0,507915000.0,496668000.0,2.1,2.07,2.1,3486139000.0,3479470500.0,3486139000.0,9160340110.0,18.0,12.975,982863000.0,5.667,1.0,738002000.0,0.034,0.0,11247000.0,2224969000.0,2087433500.0,0.0,786551000.0,276962000.0,509589000.0,4115456000.0,3541369000.0,574087000.0,11269055110.0,508847000.0,-9142000.0,-478890000.0,-74146000.0,-88932000.0,-720197000.0,-124949000.0,98893000.0,1206208000.0,147785000.0,368696000.0,368696000.0,368696000.0,0.0,92969000.0,0.017,162464000.0,575538000.0,1468624000.0,0.238,3.233,30.565,30.79,901186000.0,0.0,64.66,0.515,0.513,2976792000.0,3371112000.0,21870025000.0,21870025000.0,0.0,0.048,0.106,0.243,0.023,31126000.0,162464000.0,1.0,174281706.0,173425000.0,175257000.0,126.107,7669039000.0,281161000.0,127972000.0,0.0,44.221,2051125000.0
41,FLR,MRT,2011-03-31,2011-03-31,2011-03-31,2021-08-06,-153283000.0,7550208000.0,7531356500.0,5450396000.0,2099812000.0,2.787,19.427,-216047000.0,2191665000.0,2191665000.0,20273345000.0,448623000.0,1.542,1.201,82950000.0,65187000.0,17763000.0,82950000.0,1212678000.0,193070000.0,0.0,0.007,0.5,489528000.0,682598000.0,0.033,682598000.0,489528000.0,479535000.0,2.03,2.0,2.03,3415566000.0,3490114250.0,3415566000.0,10984309382.0,22.0,16.092,951467000.0,5.412,1.0,714925000.0,0.034,0.0,9993000.0,1907557000.0,2222706250.0,0.0,710784000.0,154102000.0,556682000.0,4101550000.0,3533936000.0,567614000.0,13004855382.0,582676000.0,-9078000.0,-369845000.0,-34522000.0,-90327000.0,-632437000.0,-51003000.0,162757000.0,1167514000.0,98602000.0,360572000.0,360572000.0,360572000.0,0.0,88051000.0,0.017,159185000.0,555740000.0,1416084000.0,0.246,3.808,36.067,36.286,865352000.0,0.0,73.66,0.62,0.617,2674898000.0,3227008000.0,20988270000.0,20988270000.0,0.0,0.048,0.103,0.22,0.023,37483000.0,159185000.0,1.0,176552476.0,175819000.0,179022000.0,119.374,7550208000.0,306628000.0,118963000.0,0.0,42.943,1916460000.0
42,FLR,MRT,2010-12-31,2010-12-31,2010-12-31,2021-08-06,-176311000.0,7614923000.0,7457261000.0,5562825000.0,2052098000.0,2.796,19.641,-211718000.0,2134997000.0,2134997000.0,20144099000.0,441082000.0,1.579,1.169,114451000.0,96692000.0,17759000.0,114451000.0,1074996000.0,190584000.0,0.0,0.008,0.5,486626000.0,677210000.0,0.032,677210000.0,486626000.0,476010000.0,2.01,1.98,2.01,3496999000.0,3490272000.0,3496999000.0,9986593028.0,21.0,14.747,339196000.0,1.905,1.0,705250000.0,0.034,87849000.0,10616000.0,1983145000.0,2372230750.0,0.0,607265000.0,193279000.0,413986000.0,4086298000.0,3523383000.0,562915000.0,11846762028.0,447969000.0,-10035000.0,-161018000.0,-13097000.0,-90093000.0,-389872000.0,218430000.0,437537000.0,550914000.0,68497000.0,357496000.0,357496000.0,357496000.0,0.0,83586000.0,0.017,156268000.0,548982000.0,1432502000.0,0.249,3.388,33.138,32.965,866343000.0,0.0,66.26,0.568,0.566,2685904000.0,3109957000.0,20849349000.0,20849349000.0,0.0,0.048,0.102,0.205,0.023,45931000.0,156268000.0,1.0,178792062.0,178047000.0,180988000.0,117.1,7527074000.0,349090000.0,118514000.0,0.0,42.276,2039442000.0
43,FLR,MRT,2010-09-30,2010-09-30,2010-09-30,2021-08-06,-193261000.0,7692410000.0,7348151000.0,5564114000.0,2128296000.0,2.866,19.743,-217585000.0,1977145000.0,1977145000.0,20133084000.0,463246000.0,1.546,1.176,116976000.0,99222000.0,17754000.0,116976000.0,942524000.0,186761000.0,0.0,0.01,0.5,717193000.0,903954000.0,0.043,903954000.0,717193000.0,707136000.0,2.18,2.15,2.18,3519178000.0,3442405500.0,3519178000.0,7534383587.0,11.0,8.335,352296000.0,1.976,1.0,928746000.0,0.044,0.0,10057000.0,2234063000.0,2433827000.0,0.0,793987000.0,189542000.0,604445000.0,4139182000.0,3598178000.0,541004000.0,8854110587.0,649128000.0,-8326000.0,-25991000.0,-19355000.0,-90097000.0,-264561000.0,278021000.0,506873000.0,569881000.0,65787000.0,389098000.0,389098000.0,389098000.0,0.0,74148000.0,0.018,159778000.0,768968000.0,1441347000.0,0.229,2.516,22.755,22.72,874555000.0,0.0,49.53,0.42,0.419,2940870000.0,3015205000.0,21061830000.0,21061830000.0,0.0,0.053,0.113,0.295,0.034,40809000.0,159778000.0,1.0,178762580.0,178248000.0,178248000.0,118.16,7692410000.0,382736000.0,318038000.0,0.0,43.156,1965936000.0
44,FLR,MRT,2010-06-30,2010-06-30,2010-06-30,2021-08-06,-247466000.0,7267885000.0,7191377750.0,5201409000.0,2066476000.0,2.916,19.8,-198767000.0,1437118000.0,1437118000.0,19791547000.0,667338000.0,1.635,1.05,117391000.0,99642000.0,17749000.0,117391000.0,862017000.0,184875000.0,0.0,0.012,0.5,970218000.0,1155093000.0,0.055,1155093000.0,970218000.0,959759000.0,3.38,3.34,3.38,3528714000.0,3342401500.0,3528714000.0,6104750228.0,6.0,5.285,94057000.0,0.528,1.0,1179283000.0,0.056,0.0,10459000.0,2766060000.0,2511501250.0,0.0,917141000.0,324089000.0,593052000.0,3706821000.0,3182098000.0,524723000.0,7596285228.0,255224000.0,-5696000.0,-77648000.0,-22071000.0,-90186000.0,-329378000.0,270623000.0,478237000.0,292824000.0,21155000.0,604830000.0,604830000.0,604830000.0,0.0,62508000.0,0.029,169837000.0,1009446000.0,1335744000.0,0.148,2.153,12.559,12.574,838179000.0,0.0,42.5,0.362,0.361,2990585000.0,3091348000.0,20970830000.0,20970830000.0,0.0,0.084,0.181,0.386,0.046,37173000.0,169837000.0,1.0,178736123.0,178214000.0,180688000.0,117.672,7267885000.0,394376000.0,354929000.0,0.0,40.782,2019311000.0
45,FLR,MRT,2010-03-31,2010-03-31,2010-03-31,2021-08-06,-210834000.0,7253826000.0,7101381500.0,5252447000.0,2001379000.0,2.973,19.175,-190983000.0,1608989000.0,1608989000.0,19898842000.0,665260000.0,1.613,1.115,117454000.0,99709000.0,17745000.0,117454000.0,958699000.0,184303000.0,0.0,0.011,0.5,1003484000.0,1187787000.0,0.056,1187787000.0,1003484000.0,992841000.0,3.44,3.4,3.44,3416197000.0,3209237750.0,3416197000.0,6756454629.0,7.0,5.688,391877000.0,2.2,1.0,1212421000.0,0.057,0.0,10643000.0,2505655000.0,2463772000.0,0.0,919579000.0,359245000.0,560334000.0,3810571000.0,3256636000.0,553935000.0,8315953629.0,138663000.0,-4010000.0,-79741000.0,-24105000.0,-90475000.0,-296748000.0,-241576000.0,-41553000.0,582860000.0,94127000.0,616725000.0,616725000.0,616725000.0,0.0,48535000.0,0.029,184013000.0,1028408000.0,1311823000.0,0.145,2.434,13.484,13.52,830755000.0,0.0,46.51,0.394,0.393,2833937000.0,2956498000.0,21111263000.0,21111263000.0,0.0,0.087,0.192,0.407,0.048,37449000.0,184013000.0,1.0,178799261.0,178163000.0,180769000.0,118.494,7253826000.0,375148000.0,376116000.0,0.0,40.715,1995811000.0
46,FLR,MRT,2009-12-31,2009-12-31,2009-12-31,2021-08-06,-220987000.0,7178483000.0,6967805000.0,5122088000.0,2056395000.0,3.156,18.456,-195545000.0,1687028000.0,1687028000.0,20689161000.0,732875000.0,1.551,1.163,127529000.0,109789000.0,17740000.0,127529000.0,980437000.0,182011000.0,0.0,0.011,0.5,1098856000.0,1280867000.0,0.058,1280867000.0,1098856000.0,1088802000.0,3.79,3.75,3.79,3305533000.0,3053986250.0,3305533000.0,6869973261.0,6.0,5.364,709467000.0,3.961,1.0,1301136000.0,0.059,88056000.0,10054000.0,2229530000.0,2380264500.0,0.0,1124039000.0,603594000.0,520445000.0,3844590000.0,3301398000.0,543192000.0,8061677261.0,-147296000.0,-1681000.0,-122748000.0,-23789000.0,-90692000.0,-322997000.0,-818059000.0,-623329000.0,905012000.0,88748000.0,684889000.0,684889000.0,684889000.0,0.0,47986000.0,0.031,178520000.0,1122616000.0,1334301000.0,0.132,2.439,11.771,11.884,837034000.0,0.0,45.04,0.367,0.367,2394776000.0,2842428000.0,21990297000.0,21990297000.0,0.0,0.098,0.224,0.462,0.05,32330000.0,178520000.0,1.0,178989282.0,179100000.0,180862000.0,122.782,7090427000.0,378618000.0,403913000.0,0.0,39.589,1820690000.0
47,FLR,MRT,2009-09-30,2009-09-30,2009-09-30,2021-08-06,-282942000.0,7065317000.0,6779078500.0,4910972000.0,2154345000.0,3.331,17.439,-227505000.0,1328017000.0,1328017000.0,21272671000.0,768986000.0,1.475,1.25,136313000.0,118577000.0,17736000.0,136313000.0,908744000.0,176056000.0,0.0,0.01,0.5,1099336000.0,1275392000.0,0.056,1275392000.0,1099336000.0,1088383000.0,4.01,3.97,4.01,3119162000.0,2895433500.0,3119162000.0,8103665368.0,7.0,6.354,435734000.0,2.436,1.0,1309785000.0,0.058,0.0,10953000.0,2544760000.0,2195574750.0,0.0,1350161000.0,691748000.0,658413000.0,3898290000.0,3328853000.0,569437000.0,9146115368.0,-186926000.0,-16374000.0,-111230000.0,-21552000.0,-90917000.0,-296983000.0,-545995000.0,-303726000.0,663239000.0,-7187000.0,725672000.0,725672000.0,725672000.0,0.0,43314000.0,0.032,200412000.0,1109373000.0,1329190000.0,0.125,2.932,12.604,12.681,832034000.0,0.0,50.85,0.405,0.403,1168539000.0,2716168000.0,22582456000.0,22582456000.0,0.0,0.107,0.251,0.501,0.049,49889000.0,200412000.0,1.0,179864609.0,178859000.0,181124000.0,126.258,7065317000.0,544721000.0,362711000.0,0.0,39.502,1582119000.0
48,FLR,MRT,2009-06-30,2009-06-30,2009-06-30,2021-08-06,-309926000.0,6907900000.0,6664029250.0,4907979000.0,1999921000.0,3.427,16.733,-247697000.0,1181894000.0,1181894000.0,21506472000.0,784313000.0,1.492,1.284,139444000.0,121713000.0,17731000.0,139444000.0,1008362000.0,173158000.0,0.0,0.01,0.5,1141311000.0,1314469000.0,0.058,1314469000.0,1141311000.0,1128486000.0,4.12,4.08,4.12,2996059000.0,2800893500.0,2996059000.0,7895174236.0,7.0,6.006,438401000.0,2.448,1.0,1329314000.0,0.058,0.0,12825000.0,2575143000.0,2064231000.0,0.0,1448913000.0,927091000.0,521822000.0,3847857000.0,3290307000.0,557550000.0,9223959236.0,-303689000.0,-15823000.0,-59740000.0,-180404000.0,-91053000.0,-382966000.0,-540394000.0,-278102000.0,686098000.0,-66427000.0,745467000.0,745467000.0,745467000.0,0.0,38846000.0,0.033,195879000.0,1133435000.0,1243808000.0,0.121,3.079,12.373,12.449,830971000.0,0.0,51.29,0.404,0.402,1268764000.0,2576599000.0,22835786000.0,22835786000.0,0.0,0.112,0.266,0.553,0.05,48432000.0,195879000.0,1.0,179839330.0,179054000.0,181198000.0,127.536,6907900000.0,538548000.0,383019000.0,0.0,38.58,1617672000.0
49,FLR,MRT,2009-03-31,2009-03-31,2009-03-31,2021-08-06,-358413000.0,6719520000.0,6604567500.0,4958845000.0,1760675000.0,3.53,15.502,-245929000.0,1470326000.0,1470326000.0,21980786000.0,825851000.0,1.54,1.382,141541000.0,2101000.0,139440000.0,141541000.0,1078090000.0,169239000.0,0.0,0.014,0.5,1216547000.0,1385786000.0,0.059,1385786000.0,1216547000.0,1200721000.0,4.35,4.27,4.35,2795191000.0,2706478750.0,2795191000.0,4588695707.0,4.0,3.311,607981000.0,3.372,1.0,1336016000.0,0.057,0.0,15826000.0,2171625000.0,1947236000.0,0.0,868081000.0,577057000.0,291024000.0,3861573000.0,3219110000.0,642463000.0,6271719707.0,341053000.0,63971000.0,-49193000.0,-183408000.0,-90496000.0,-362427000.0,-48490000.0,131253000.0,853910000.0,-101940000.0,784154000.0,784154000.0,784154000.0,0.0,41697000.0,0.034,215587000.0,1120429000.0,1190791000.0,0.115,2.244,7.998,7.943,801885000.0,0.0,34.55,0.269,0.267,1452748000.0,2429925000.0,23316802000.0,23316802000.0,0.0,0.119,0.29,0.625,0.052,37729000.0,215587000.0,1.0,181525896.0,180317000.0,181204000.0,129.31,6719520000.0,537723000.0,416567000.0,0.0,37.265,1739735000.0
50,FLR,MRT,2008-12-31,2008-12-31,2008-12-31,2021-08-06,-356969000.0,6423577000.0,6467761250.0,4668518000.0,1755059000.0,3.452,15.036,-251116000.0,1834324000.0,1834324000.0,21081870000.0,748903000.0,1.476,1.385,150916000.0,133194000.0,17722000.0,150916000.0,999107000.0,163305000.0,0.0,0.011,0.5,1127291000.0,1290596000.0,0.058,1290596000.0,1127291000.0,1108852000.0,3.99,3.89,3.99,2671322000.0,2608977250.0,2671322000.0,6787085162.0,6.0,5.259,740478000.0,4.168,1.0,1244024000.0,0.056,87172000.0,18439000.0,1490771000.0,1963844500.0,0.0,488416000.0,273570000.0,214846000.0,3700393000.0,3162226000.0,538167000.0,8144182162.0,659180000.0,64425000.0,13003000.0,-173644000.0,-89928000.0,-270168000.0,22533000.0,211255000.0,991594000.0,-84779000.0,716061000.0,716061000.0,716061000.0,0.0,32842000.0,0.032,229692000.0,1014332000.0,1164556000.0,0.125,3.049,11.374,11.246,799836000.0,0.0,44.87,0.365,0.357,1227224000.0,2247938000.0,22325894000.0,22325894000.0,0.0,0.111,0.274,0.574,0.05,18651000.0,229692000.0,1.0,181506177.0,177658000.0,182612000.0,125.668,6336405000.0,534745000.0,392791000.0,0.0,35.666,1506292000.0
51,FLR,MRT,2008-09-30,2008-09-30,2008-09-30,2021-08-06,-109462000.0,6605120000.0,6310911750.0,4808393000.0,1796727000.0,3.322,15.377,-241093000.0,1514943000.0,1514943000.0,19786458000.0,824219000.0,1.489,1.41,157846000.0,140129000.0,17717000.0,157846000.0,1117850000.0,162669000.0,0.0,0.009,0.475,1092297000.0,1254966000.0,0.06,1254966000.0,1092297000.0,1063837000.0,4.37,4.23,4.37,2741002000.0,2509761500.0,2741002000.0,8804585099.0,8.0,7.016,905358000.0,5.079,1.0,1180376000.0,0.056,0.0,28460000.0,2019385000.0,2093096250.0,0.0,1010043000.0,709730000.0,300313000.0,3864118000.0,3228638000.0,635480000.0,9970338099.0,341047000.0,62019000.0,13999000.0,-189870000.0,-84918000.0,-262465000.0,-533085000.0,-351903000.0,1146451000.0,-9854000.0,780659000.0,780659000.0,780659000.0,0.0,43560000.0,0.037,198014000.0,982362000.0,1070655000.0,0.109,3.637,12.772,12.746,820573000.0,0.0,55.7,0.476,0.474,1144447000.0,2104795000.0,20966834000.0,20966834000.0,0.0,0.124,0.311,0.522,0.052,-174000.0,198014000.0,1.0,179000684.0,178253000.0,181110000.0,117.624,6605120000.0,481472000.0,283178000.0,0.0,37.055,1579755000.0
52,FLR,MRT,2008-06-30,2008-06-30,2008-06-30,2021-08-06,-62379000.0,6670053000.0,6046481250.0,4919560000.0,1750493000.0,3.21,14.855,-238342000.0,1485583000.0,1485583000.0,18370218000.0,728564000.0,1.448,1.547,319830000.0,302117000.0,17713000.0,319830000.0,1082769000.0,155195000.0,0.0,0.005,0.45,956035000.0,1111230000.0,0.057,1111230000.0,956035000.0,925043000.0,3.9,3.74,3.9,2618400000.0,2323496250.0,2618400000.0,15701444996.0,16.0,14.13,857843000.0,4.867,1.0,1038024000.0,0.053,0.0,30992000.0,2107163000.0,2076769000.0,0.0,1151032000.0,867546000.0,283486000.0,4051653000.0,3397137000.0,654516000.0,16505787996.0,265928000.0,62019000.0,18073000.0,-19869000.0,-79864000.0,-41316000.0,-839883000.0,-659233000.0,1096185000.0,50942000.0,692444000.0,692444000.0,692444000.0,0.0,36120000.0,0.036,197856000.0,840168000.0,1156609000.0,0.115,6.304,23.837,23.856,809998000.0,0.0,93.04,0.85,0.845,1081907000.0,1944425000.0,19408242000.0,19408242000.0,0.0,0.115,0.298,0.46,0.049,-9147000.0,197856000.0,1.0,177405288.0,176268000.0,184341000.0,110.106,6670053000.0,446028000.0,232599000.0,0.0,37.84,1522423000.0
53,FLR,MRT,2008-03-31,2008-03-31,2008-03-31,2021-08-06,-66808000.0,6172295000.0,5699041750.0,4451643000.0,1720652000.0,3.133,13.689,-234661000.0,1129273000.0,1129273000.0,16954584000.0,606251000.0,1.422,1.566,324930000.0,307222000.0,17708000.0,324930000.0,950711000.0,149820000.0,0.0,0.006,0.425,757223000.0,907043000.0,0.051,907043000.0,757223000.0,725186000.0,3.28,3.15,3.28,2405185000.0,2139040000.0,2405185000.0,11655572986.0,15.0,12.85,732938000.0,4.172,1.0,901626000.0,0.05,0.0,32037000.0,2238059000.0,2026231000.0,0.0,1033333000.0,755533000.0,277800000.0,3767110000.0,3129893000.0,637217000.0,12505790986.0,21014000.0,-17190000.0,13716000.0,8155000.0,-57615000.0,10658000.0,-1024377000.0,-768035000.0,967599000.0,67134000.0,580051000.0,580051000.0,580051000.0,0.0,26200000.0,0.032,187897000.0,713729000.0,1051869000.0,0.13,5.2,21.56,21.518,800854000.0,0.0,70.58,0.7,0.694,1090420000.0,1757424000.0,17856210000.0,17856210000.0,0.0,0.102,0.271,0.374,0.042,-7604000.0,187897000.0,1.0,177186044.0,175698000.0,182722000.0,101.63,6172295000.0,438236000.0,145135000.0,0.0,35.13,1321750000.0
54,FLR,MRT,2007-12-31,2007-12-31,2007-12-31,2021-08-06,-74172000.0,5796179000.0,5416852000.0,4059500000.0,1736679000.0,3.081,13.034,-223844000.0,1175144000.0,1175144000.0,15869204000.0,546528000.0,1.419,1.548,324926000.0,307222000.0,17704000.0,324926000.0,772485000.0,146809000.0,0.0,0.005,0.4,674043000.0,820852000.0,0.049,820852000.0,674043000.0,641336000.0,2.99,2.88,2.99,2274459000.0,1977662750.0,2274459000.0,11940390621.0,18.0,14.546,697748000.0,3.998,1.0,821829000.0,0.049,78089000.0,32707000.0,2007778000.0,1981660500.0,0.0,724215000.0,539242000.0,184973000.0,3521720000.0,2860094000.0,661626000.0,12885242621.0,199094000.0,-17190000.0,12250000.0,36386000.0,-70399000.0,17173000.0,-793432000.0,-548523000.0,921592000.0,53761000.0,527961000.0,527961000.0,527961000.0,0.0,18567000.0,0.032,193743000.0,628086000.0,985247000.0,0.134,5.665,24.406,24.368,784387000.0,0.0,72.86,0.772,0.762,946565000.0,1641616000.0,16691033000.0,16691033000.0,0.0,0.097,0.267,0.34,0.04,-182000.0,193743000.0,1.0,176849336.0,174504000.0,181043000.0,95.648,5718090000.0,460169000.0,113375000.0,0.0,32.768,1199406000.0
55,FLR,MRT,2007-09-30,2007-09-30,2007-09-30,2021-08-06,-98655000.0,5547398000.0,5186524750.0,3809014000.0,1738384000.0,3.01,11.428,-231948000.0,1570594000.0,1570594000.0,14893617000.0,354564000.0,1.438,1.779,625742000.0,346360000.0,279382000.0,625742000.0,615030000.0,145313000.0,0.0,0.006,0.4,578818000.0,724131000.0,0.046,724131000.0,578818000.0,553926000.0,2.045,1.965,2.045,1995941000.0,1841666000.0,1995941000.0,11881971643.0,21.0,16.409,527201000.0,3.019,1.0,718115000.0,0.046,0.0,24892000.0,1954076000.0,1973352750.0,0.0,244405000.0,0.0,244405000.0,3551457000.0,2648470000.0,902987000.0,12719689643.0,278849000.0,0.0,11007000.0,110397000.0,-70272000.0,92971000.0,-632172000.0,-396812000.0,759149000.0,58901000.0,354564000.0,354564000.0,354564000.0,0.0,0.0,0.023,192146000.0,525969000.0,898478000.0,0.196,6.373,35.874,35.203,757313000.0,0.0,71.99,0.815,0.805,887420000.0,1399889000.0,15611732000.0,15611732000.0,0.0,0.068,0.193,0.293,0.037,2515000.0,192146000.0,1.0,176686896.0,174646000.0,183460000.0,89.391,5547398000.0,345184000.0,199362000.0,0.0,31.764,1160544000.0
56,FLR,MRT,2007-06-30,2007-06-30,2007-06-30,2021-08-06,-120443000.0,5280295000.0,5020377000.0,3608689000.0,1671606000.0,2.96,10.786,-232509000.0,1453955000.0,1453955000.0,14285313000.0,288226000.0,1.422,1.808,616237000.0,377752000.0,238485000.0,616237000.0,544352000.0,140062000.0,0.0,0.007,0.4,436846000.0,576908000.0,0.039,576908000.0,436846000.0,412514000.0,1.665,1.61,1.665,1880575000.0,1799304500.0,1880575000.0,9301337789.0,21.0,16.123,823247000.0,4.722,1.0,575229000.0,0.039,0.0,24332000.0,1905011000.0,2008195500.0,0.0,235971000.0,0.0,235971000.0,3399720000.0,2537566000.0,862154000.0,9820496789.0,634821000.0,0.0,23696000.0,46104000.0,-70003000.0,11015000.0,-469104000.0,-234728000.0,1055756000.0,37154000.0,288226000.0,288226000.0,288226000.0,0.0,0.0,0.019,179862000.0,395367000.0,898330000.0,0.24,5.222,34.072,33.444,721940000.0,0.0,55.685,0.661,0.653,881810000.0,1323888000.0,14860542000.0,14860542000.0,0.0,0.057,0.16,0.218,0.029,11025000.0,179862000.0,1.0,176358028.0,174350000.0,181660000.0,85.234,5280295000.0,361543000.0,124288000.0,0.0,30.286,1071123000.0
57,FLR,MRT,2007-03-31,2007-03-31,2007-03-31,2021-08-06,-145201000.0,5043536000.0,4903454500.0,3428820000.0,1614716000.0,2.875,10.117,-222708000.0,1108259000.0,1108259000.0,13545854000.0,259214000.0,1.391,1.866,589100000.0,376827000.0,212273000.0,589100000.0,562383000.0,133117000.0,0.0,0.009,0.4,399543000.0,532660000.0,0.038,532660000.0,399543000.0,375492000.0,1.5,1.45,1.5,1759676000.0,1776707500.0,1759676000.0,7473192716.0,19.0,14.03,399514000.0,2.297,1.0,549580000.0,0.039,0.0,24051000.0,2059777000.0,2132802500.0,0.0,237512000.0,0.0,237512000.0,3283860000.0,2464600000.0,819260000.0,7889612716.0,454275000.0,0.0,21041000.0,96134000.0,-87851000.0,38890000.0,-225138000.0,-428000.0,622222000.0,18301000.0,259214000.0,259214000.0,259214000.0,0.0,0.0,0.018,182412000.0,367168000.0,827784000.0,0.267,4.484,30.437,29.907,693785000.0,0.0,44.86,0.56,0.554,893388000.0,1245985000.0,14095434000.0,14095434000.0,0.0,0.053,0.146,0.187,0.028,12490000.0,182412000.0,1.0,175871884.0,173928000.0,179896000.0,81.042,5043536000.0,345903000.0,116278000.0,0.0,28.998,964220000.0
58,FLR,MRT,2006-12-31,2006-12-31,2006-12-31,2021-08-06,-148332000.0,4874870000.0,4856220000.0,3323586000.0,1551284000.0,2.899,10.022,-234729000.0,976050000.0,976050000.0,13522033000.0,263452000.0,1.381,1.817,559630000.0,372501000.0,187129000.0,559630000.0,531548000.0,126158000.0,0.0,0.01,0.4,405003000.0,531161000.0,0.038,531161000.0,405003000.0,381990000.0,1.53,1.48,1.53,1730472000.0,1765556250.0,1730472000.0,6798455987.0,17.0,12.799,61432000.0,0.356,1.0,556473000.0,0.04,77636000.0,23013000.0,1974547000.0,2159477250.0,0.0,143638000.0,0.0,143638000.0,3144398000.0,2406267000.0,738131000.0,7188789987.0,187034000.0,0.0,31770000.0,127284000.0,-52863000.0,118383000.0,-237817000.0,-371000.0,296161000.0,10307000.0,263452000.0,263452000.0,263452000.0,0.0,0.0,0.019,178817000.0,377656000.0,804050000.0,0.261,4.154,27.287,26.683,692126000.0,0.0,40.825,0.511,0.501,904364000.0,1223787000.0,14078506000.0,14078506000.0,0.0,0.054,0.149,0.188,0.029,7431000.0,178817000.0,1.0,176087936.0,172674000.0,178392000.0,81.532,4797234000.0,325794000.0,118538000.0,0.0,27.782,917319000.0
59,FLR,MRT,2006-09-30,2006-09-30,2006-09-30,2021-08-06,19733000.0,4882807000.0,4781113750.0,3295951000.0,1586856000.0,3.014,10.575,-219490000.0,895047000.0,895047000.0,13910952000.0,247867000.0,1.374,1.673,504713000.0,370655000.0,134058000.0,504713000.0,483744000.0,115461000.0,0.0,0.01,0.38,339985000.0,455446000.0,0.032,455446000.0,339985000.0,319131000.0,1.44,1.395,1.44,1826495000.0,1740577750.0,1826495000.0,6709669495.0,20.0,14.732,-284275000.0,-1.646,1.0,497207000.0,0.035,0.0,20854000.0,2093447000.0,2113582250.0,0.0,218125000.0,0.0,218125000.0,3056312000.0,2399026000.0,657286000.0,6734592495.0,-152265000.0,0.0,42078000.0,133608000.0,-62442000.0,142929000.0,-221802000.0,75000.0,-64785000.0,-8607000.0,247867000.0,247867000.0,247867000.0,0.0,0.0,0.017,181570000.0,315637000.0,802339000.0,0.264,3.687,27.17,26.698,654129000.0,0.0,38.445,0.467,0.461,750538000.0,1160688000.0,14408159000.0,14408159000.0,0.0,0.052,0.142,0.161,0.024,8210000.0,181570000.0,1.0,175174730.0,172726000.0,177866000.0,83.416,4882807000.0,340593000.0,71264000.0,0.0,28.269,896925000.0
60,FLR,MRT,2006-06-30,2006-06-30,2006-06-30,2021-08-06,19229000.0,4812605000.0,4616328250.0,3280640000.0,1531965000.0,3.133,10.376,-207895000.0,584834000.0,584834000.0,13831198000.0,351718000.0,1.376,1.688,559911000.0,429969000.0,129942000.0,559911000.0,472929000.0,111502000.0,0.0,0.008,0.36,481022000.0,592524000.0,0.041,592524000.0,481022000.0,462744000.0,2.05,1.995,2.05,1790187000.0,1667885750.0,1790187000.0,7963844352.0,17.0,13.441,-219948000.0,-1.275,1.0,631450000.0,0.044,0.0,18278000.0,2403439000.0,2008852250.0,0.0,213203000.0,0.0,213203000.0,3022418000.0,2384243000.0,638175000.0,8136424352.0,-104151000.0,0.0,30373000.0,89978000.0,-58924000.0,89316000.0,-181591000.0,389000.0,-12053000.0,177000.0,351718000.0,351718000.0,351718000.0,0.0,0.0,0.024,174035000.0,457415000.0,897042000.0,0.176,4.545,23.133,22.666,618980000.0,0.0,46.465,0.563,0.554,1007027000.0,1150869000.0,14462648000.0,14462648000.0,0.0,0.076,0.211,0.239,0.033,7295000.0,174035000.0,1.0,175108670.0,172526000.0,179242000.0,83.829,4812605000.0,276794000.0,111026000.0,0.0,27.895,896397000.0
61,FLR,MRT,2006-03-31,2006-03-31,2006-03-31,2021-08-06,7509000.0,4854598000.0,4436799500.0,3383465000.0,1471133000.0,3.139,9.982,-210008000.0,653984000.0,653984000.0,13424423000.0,268734000.0,1.345,1.831,481404000.0,375087000.0,106317000.0,481404000.0,465343000.0,108531000.0,0.0,0.008,0.34,378082000.0,486613000.0,0.035,486613000.0,378082000.0,361784000.0,1.57,1.53,1.57,1715071000.0,1568131750.0,1715071000.0,7128701778.0,19.0,14.65,3433000.0,0.02,1.0,501737000.0,0.036,0.0,16298000.0,2166476000.0,1912804750.0,0.0,208317000.0,0.0,208317000.0,3139527000.0,2515542000.0,623985000.0,7495694778.0,10934000.0,0.0,31457000.0,-2966000.0,-54941000.0,-1857000.0,-178763000.0,-13215000.0,213441000.0,-21887000.0,268734000.0,268734000.0,268734000.0,0.0,0.0,0.019,147385000.0,354352000.0,1130356000.0,0.217,4.37,27.893,27.325,600409000.0,0.0,42.9,0.538,0.529,871993000.0,1101835000.0,13926160000.0,13926160000.0,0.0,0.061,0.171,0.198,0.027,7304000.0,147385000.0,1.0,174724820.0,171824000.0,177814000.0,81.049,4854598000.0,245475000.0,93050000.0,0.0,28.253,867923000.0
62,FLR,MRT,2005-12-31,2005-12-31,2005-12-31,2021-08-06,9103000.0,4574445000.0,4275083250.0,3108222000.0,1466223000.0,3.079,9.612,-188476000.0,789016000.0,789016000.0,12725123000.0,227273000.0,1.329,1.805,422023000.0,330000000.0,92023000.0,422023000.0,475498000.0,104124000.0,0.0,0.008,0.32,315871000.0,419995000.0,0.032,419995000.0,315871000.0,299582000.0,1.34,1.31,1.34,1630558000.0,1497000500.0,1630558000.0,6008430876.0,19.0,14.306,220199000.0,1.298,1.0,435928000.0,0.033,77150000.0,16289000.0,1790967000.0,1898442000.0,0.0,115871000.0,0.0,115871000.0,2943887000.0,2339335000.0,604552000.0,6708079876.0,184499000.0,0.0,92370000.0,-72382000.0,-68665000.0,-32098000.0,-159132000.0,-13215000.0,408675000.0,-32946000.0,227273000.0,227273000.0,227273000.0,0.0,0.0,0.017,143723000.0,292205000.0,1003886000.0,0.239,4.114,29.516,28.828,581538000.0,0.0,38.63,0.51,0.498,850203000.0,1030460000.0,13161051000.0,13161051000.0,0.0,0.053,0.152,0.166,0.024,24623000.0,143723000.0,1.0,173649492.0,169640000.0,173312000.0,77.582,4497295000.0,227012000.0,72309000.0,0.0,26.511,768887000.0
63,FLR,MRT,2005-09-30,2005-09-30,2005-09-30,2021-08-06,-15368000.0,4223665000.0,4123861250.0,2909392000.0,1314273000.0,2.895,9.017,-158344000.0,1047312000.0,1047312000.0,11480842000.0,210067000.0,1.573,1.75,347663000.0,0.0,347663000.0,347663000.0,460573000.0,101058000.0,0.0,0.01,0.32,331157000.0,432215000.0,0.036,432215000.0,331157000.0,314286000.0,1.25,1.225,1.25,1535727000.0,1423309000.0,1535727000.0,5342609340.0,16.0,12.361,397702000.0,2.335,1.0,457295000.0,0.038,0.0,16871000.0,1674527000.0,1951103250.0,0.0,196972000.0,0.0,196972000.0,2687938000.0,1849489000.0,838449000.0,5584026340.0,485763000.0,0.0,109987000.0,0.0,-54978000.0,53636000.0,-128821000.0,-15604000.0,556046000.0,4902000.0,210067000.0,210067000.0,210067000.0,0.0,0.0,0.018,148759000.0,308536000.0,865627000.0,0.256,3.636,26.582,25.752,549046000.0,0.0,32.19,0.468,0.459,671392000.0,979274000.0,11938137000.0,11938137000.0,0.0,0.051,0.148,0.17,0.028,25209000.0,148759000.0,1.0,173470840.0,170316000.0,174280000.0,70.094,4223665000.0,157930000.0,104219000.0,0.0,24.799,1059903000.0
64,FLR,MRT,2005-06-30,2005-06-30,2005-06-30,2021-08-06,-31842000.0,4094490000.0,4010042250.0,2813728000.0,1280762000.0,2.714,8.184,-125824000.0,688985000.0,688985000.0,10501167000.0,126140000.0,1.534,1.943,447568000.0,99910000.0,347658000.0,447568000.0,454857000.0,95213000.0,0.0,0.011,0.32,246459000.0,341672000.0,0.031,341672000.0,246459000.0,229707000.0,0.77,0.755,0.77,1391171000.0,1346468750.0,1391171000.0,4810912774.0,20.0,14.081,-52653000.0,-0.31,1.0,381115000.0,0.035,0.0,16752000.0,2019249000.0,1998485750.0,0.0,183809000.0,0.0,183809000.0,2703319000.0,1833824000.0,869495000.0,4986403774.0,94422000.0,0.0,117729000.0,71329000.0,-54490000.0,133768000.0,-115723000.0,-16016000.0,73171000.0,3206000.0,126140000.0,126140000.0,126140000.0,0.0,0.0,0.012,156535000.0,224580000.0,726672000.0,0.416,3.584,39.531,37.396,519032000.0,0.0,28.795,0.458,0.45,802148000.0,861973000.0,10882282000.0,10882282000.0,0.0,0.031,0.094,0.123,0.023,25760000.0,156535000.0,1.0,173169084.0,169988000.0,169988000.0,64.018,4094490000.0,183862000.0,103567000.0,0.0,24.087,979904000.0
65,FLR,MRT,2005-03-31,2005-03-31,2005-03-31,2021-08-06,-13489000.0,4207733000.0,3884196500.0,2943079000.0,1264654000.0,2.62,8.546,-96352000.0,643050000.0,643050000.0,9727839000.0,187362000.0,1.53,1.941,467559000.0,119905000.0,347654000.0,467559000.0,497801000.0,90059000.0,0.0,0.012,0.32,307280000.0,397339000.0,0.039,397339000.0,307280000.0,291483000.0,1.14,1.12,1.14,1430546000.0,1291280500.0,1430546000.0,4615430659.0,15.0,11.616,-100471000.0,-0.6,1.0,448951000.0,0.044,0.0,15797000.0,2109025000.0,1952549750.0,0.0,175982000.0,0.0,175982000.0,2777187000.0,1923217000.0,853970000.0,4742358659.0,96804000.0,0.0,122651000.0,90763000.0,-53917000.0,159016000.0,-76661000.0,358000.0,-4119000.0,18568000.0,187362000.0,187362000.0,187362000.0,0.0,0.0,0.018,161862000.0,287089000.0,785258000.0,0.281,3.315,25.311,24.311,516921000.0,0.0,27.715,0.466,0.456,786350000.0,892270000.0,10176790000.0,10176790000.0,0.0,0.048,0.145,0.157,0.03,25227000.0,161862000.0,1.0,171111624.0,167396000.0,169868000.0,60.795,4207733000.0,166682000.0,104121000.0,0.0,25.136,1019862000.0
66,FLR,MRT,2004-12-31,2004-12-31,2004-12-31,2021-08-06,2970000.0,3969557000.0,3718865000.0,2723314000.0,1246243000.0,2.522,8.189,-82281000.0,604517000.0,604517000.0,8960236000.0,186695000.0,1.544,1.972,477589000.0,129940000.0,347649000.0,477589000.0,389895000.0,89213000.0,0.0,0.012,0.32,296604000.0,385817000.0,0.041,385817000.0,296604000.0,281158000.0,1.145,1.125,1.145,1335792000.0,1215878250.0,1335792000.0,4370631028.0,15.0,11.328,-168471000.0,-1.033,1.0,420041000.0,0.045,77036000.0,15446000.0,2001612000.0,1884461750.0,0.0,85189000.0,0.0,85189000.0,2633765000.0,1763981000.0,869784000.0,4567783028.0,108015000.0,-33000000.0,61687000.0,202400000.0,-53476000.0,210025000.0,-55802000.0,358000.0,-86190000.0,39982000.0,186695000.0,186695000.0,186695000.0,0.0,0.0,0.02,142388000.0,277653000.0,722910000.0,0.279,3.42,24.467,23.803,527808000.0,0.0,27.255,0.487,0.474,761179000.0,858601000.0,9380277000.0,9380277000.0,0.0,0.05,0.154,0.157,0.032,21634000.0,142388000.0,1.0,167594314.0,163124000.0,165590000.0,57.504,3892521000.0,159542000.0,94463000.0,0.0,23.862,959333000.0
67,FLR,MRT,2004-09-30,2004-09-30,2004-09-30,2021-08-06,-33108000.0,3768389000.0,3586802250.0,2573667000.0,1194722000.0,2.511,7.512,-76680000.0,561549000.0,561549000.0,8586795000.0,190198000.0,1.508,2.068,364397000.0,16752000.0,347645000.0,364397000.0,473105000.0,85497000.0,0.0,0.014,0.32,300310000.0,385807000.0,0.043,385807000.0,300310000.0,286676000.0,1.175,1.155,1.175,1228366000.0,1152313750.0,1228366000.0,3508010575.0,12.0,9.093,-227978000.0,-1.394,1.0,418108000.0,0.046,0.0,13634000.0,1864057000.0,1729147250.0,0.0,149631000.0,0.0,149631000.0,2540023000.0,1707180000.0,832843000.0,3714406575.0,-17225000.0,-33000000.0,41317000.0,193929000.0,-53109000.0,180021000.0,-71392000.0,-20854000.0,-151298000.0,25444000.0,190198000.0,190198000.0,190198000.0,0.0,0.0,0.021,133527000.0,284581000.0,753655000.0,0.272,3.024,19.529,18.945,511992000.0,0.0,22.26,0.412,0.404,724715000.0,824185000.0,9004903000.0,9004903000.0,0.0,0.053,0.165,0.174,0.033,26610000.0,133527000.0,1.0,166864626.0,163512000.0,166258000.0,55.072,3768389000.0,179450000.0,96478000.0,0.0,23.047,866487000.0
68,FLR,MRT,2004-06-30,2004-06-30,2004-06-30,2021-08-06,-38086000.0,3591107000.0,3466584500.0,2397745000.0,1193362000.0,2.528,7.204,-70060000.0,594563000.0,594563000.0,8352077000.0,187060000.0,1.548,2.068,388167000.0,13687000.0,374480000.0,388167000.0,437355000.0,84148000.0,0.0,0.013,0.32,291318000.0,375466000.0,0.043,375466000.0,291318000.0,278863000.0,1.16,1.145,1.16,1170418000.0,1098976750.0,1170418000.0,3793618863.0,13.0,10.104,-208609000.0,-1.284,1.0,410971000.0,0.047,0.0,12455000.0,1835505000.0,1593196500.0,0.0,152233000.0,0.0,152233000.0,2420689000.0,1549206000.0,871483000.0,3957996863.0,10913000.0,-33000000.0,36635000.0,222510000.0,-52812000.0,203837000.0,-74194000.0,-20770000.0,-138549000.0,19819000.0,187060000.0,187060000.0,187060000.0,0.0,0.0,0.021,134190000.0,276781000.0,612826000.0,0.276,3.382,21.159,20.547,512081000.0,0.0,23.835,0.452,0.442,736119000.0,790323000.0,8763048000.0,8763048000.0,0.0,0.054,0.17,0.183,0.033,20911000.0,134190000.0,1.0,166058186.0,162466000.0,165038000.0,53.938,3591107000.0,179082000.0,91803000.0,0.0,22.104,848539000.0
69,FLR,MRT,2004-03-31,2004-03-31,2004-03-31,2021-08-06,-34375000.0,3546407000.0,3380521250.0,2351363000.0,1195044000.0,2.601,6.976,-58272000.0,546246000.0,546246000.0,8383649000.0,187264000.0,1.522,2.141,381868000.0,6771000.0,375097000.0,381868000.0,475944000.0,82978000.0,0.0,0.017,0.32,291632000.0,374610000.0,0.043,374610000.0,291632000.0,279605000.0,1.165,1.155,1.165,1128937000.0,1049134500.0,1128937000.0,3026419339.0,10.0,8.079,-250423000.0,-1.547,1.0,408349000.0,0.046,0.0,12027000.0,1836673000.0,1464850500.0,0.0,154038000.0,0.0,154038000.0,2417470000.0,1545356000.0,872114000.0,3212252339.0,16116000.0,-1758000.0,38605000.0,223071000.0,-52578000.0,206854000.0,-42417000.0,-20384000.0,-192151000.0,43830000.0,187264000.0,187264000.0,187264000.0,-1636000.0,0.0,0.021,132559000.0,275790000.0,612526000.0,0.275,2.845,17.154,16.605,530389000.0,0.0,19.345,0.365,0.356,712369000.0,758825000.0,8791998000.0,8791998000.0,0.0,0.055,0.178,0.199,0.033,15656000.0,132559000.0,1.0,166050780.0,161836000.0,164298000.0,54.327,3546407000.0,174328000.0,92341000.0,0.0,21.914,806007000.0
70,FLR,MRT,2003-12-31,2003-12-31,2003-12-31,2021-08-06,-35335000.0,3441306000.0,3278839000.0,2205468000.0,1235838000.0,2.686,6.777,-55701000.0,496502000.0,496502000.0,8399477000.0,157450000.0,1.211,2.182,310669000.0,266017000.0,44652000.0,310669000.0,480881000.0,80933000.0,0.0,0.016,0.32,256085000.0,337018000.0,0.038,337018000.0,256085000.0,245976000.0,0.985,0.975,0.985,1081534000.0,993475250.0,1081534000.0,2939229127.0,11.0,8.721,-359427000.0,-2.252,1.0,406226000.0,0.046,54157000.0,10109000.0,1380354000.0,1340055750.0,0.0,98206000.0,0.0,98206000.0,2359772000.0,1820962000.0,538810000.0,3252144127.0,-256865000.0,-22605000.0,25811000.0,121469000.0,-52287000.0,92961000.0,-91155000.0,-13895000.0,-303726000.0,45055000.0,157450000.0,157450000.0,157450000.0,-1488000.0,0.0,0.018,141465000.0,264761000.0,571535000.0,0.325,3.007,20.655,20.122,569480000.0,0.0,19.82,0.369,0.359,627986000.0,725382000.0,8805703000.0,8805703000.0,0.0,0.048,0.158,0.191,0.029,14493000.0,141465000.0,1.0,164083962.0,159592000.0,161078000.0,55.176,3387149000.0,184601000.0,88526000.0,0.0,21.224,384506000.0
71,FLR,MRT,2003-09-30,2003-09-30,2003-09-30,2021-08-06,-52580000.0,3287518000.0,3204050250.0,2055318000.0,1232200000.0,2.78,6.349,-44095000.0,578774000.0,578774000.0,8498901000.0,154231000.0,1.242,2.239,265859000.0,121499000.0,144360000.0,265859000.0,460372000.0,79529000.0,0.0,0.017,0.32,249495000.0,329024000.0,0.037,329024000.0,249495000.0,239538000.0,0.97,0.965,0.97,1015018000.0,944058500.0,1015018000.0,2777457009.0,11.0,8.442,-227175000.0,-1.421,1.0,407292000.0,0.046,0.0,9957000.0,1320254000.0,1216544500.0,0.0,166561000.0,0.0,166561000.0,2272500000.0,1654349000.0,618151000.0,3047814009.0,-254526000.0,-22605000.0,12637000.0,-13044000.0,-51987000.0,-53092000.0,-56437000.0,8471000.0,-183080000.0,38083000.0,154231000.0,154231000.0,154231000.0,-196000.0,0.0,0.017,153419000.0,253873000.0,576277000.0,0.33,3.003,19.761,19.242,561642000.0,0.0,18.665,0.342,0.335,535936000.0,687096000.0,8906193000.0,8906193000.0,0.0,0.048,0.163,0.205,0.028,12909000.0,153419000.0,1.0,163290330.0,159870000.0,161250000.0,55.709,3287518000.0,204572000.0,85307000.0,0.0,20.564,400969000.0
72,FLR,MRT,2003-06-30,2003-06-30,2003-06-30,2021-08-06,-53747000.0,3246854000.0,3160215750.0,2014833000.0,1232021000.0,2.923,6.098,-42670000.0,583650000.0,583650000.0,8811931000.0,141356000.0,1.218,2.344,313293000.0,168906000.0,144387000.0,313293000.0,446298000.0,79141000.0,0.0,0.019,0.32,243067000.0,322208000.0,0.035,322208000.0,243067000.0,233349000.0,0.89,0.885,0.89,971049000.0,907560500.0,971049000.0,2544520358.0,10.0,7.897,-213179000.0,-1.339,1.0,424662000.0,0.046,0.0,9718000.0,1322121000.0,1111498750.0,0.0,164634000.0,0.0,164634000.0,2275805000.0,1654376000.0,621429000.0,2742284358.0,-252614000.0,-22605000.0,-3440000.0,-13522000.0,-51780000.0,-69166000.0,-45062000.0,17354000.0,-170509000.0,32123000.0,141356000.0,141356000.0,141356000.0,-986000.0,0.0,0.015,163074000.0,261588000.0,560193000.0,0.36,2.824,19.4,18.899,567596000.0,0.0,16.82,0.297,0.29,545170000.0,656075000.0,9236593000.0,9236593000.0,0.0,0.045,0.156,0.219,0.026,12909000.0,163074000.0,1.0,163037120.0,159238000.0,160602000.0,58.005,3246854000.0,205956000.0,91993000.0,0.0,20.39,360457000.0
73,FLR,MRT,2003-03-31,2003-03-31,2003-03-31,2021-08-06,-71734000.0,3139678000.0,3150034000.0,1826907000.0,1312771000.0,3.025,5.717,-25803000.0,530130000.0,530130000.0,9105001000.0,139337000.0,1.139,2.464,332366000.0,190098000.0,142268000.0,332366000.0,419918000.0,79741000.0,0.0,0.019,0.32,241454000.0,321195000.0,0.034,321195000.0,241454000.0,232164000.0,0.88,0.875,0.88,906300000.0,879719500.0,906300000.0,2255852480.0,9.0,7.023,-71771000.0,-0.453,1.0,424305000.0,0.045,0.0,9290000.0,1337494000.0,1043278750.0,0.0,160648000.0,0.0,160648000.0,2233378000.0,1604420000.0,628958000.0,2734276480.0,-143159000.0,-48783000.0,-10058000.0,-20273000.0,-51619000.0,-82463000.0,-42440000.0,29933000.0,-45968000.0,27712000.0,139337000.0,139337000.0,139337000.0,2085000.0,0.0,0.015,163332000.0,260973000.0,536851000.0,0.364,3.017,19.623,19.136,576057000.0,0.0,16.84,0.287,0.28,539954000.0,624139000.0,9529306000.0,9529306000.0,0.0,0.044,0.158,0.231,0.025,12909000.0,163332000.0,1.0,162367962.0,158534000.0,159294000.0,60.109,3139678000.0,232925000.0,92827000.0,0.0,19.804,222487000.0
74,FLR,MRT,2002-12-31,2002-12-31,2002-12-31,2021-08-06,-75983000.0,3142151000.0,3156669750.0,1924092000.0,1218059000.0,3.155,5.57,-15933000.0,753367000.0,753367000.0,9544785000.0,163615000.0,1.096,2.555,274943000.0,257330000.0,17613000.0,274943000.0,524661000.0,77989000.0,0.0,0.023,0.32,263088000.0,341077000.0,0.034,341077000.0,263088000.0,254163000.0,1.03,1.025,1.03,883867000.0,859458500.0,883867000.0,1817970104.0,7.0,5.33,179812000.0,1.133,1.0,414171000.0,0.042,21247000.0,8925000.0,886309000.0,1010857750.0,0.0,125610000.0,0.0,125610000.0,2258284000.0,1756171000.0,502113000.0,2249631104.0,180713000.0,50955000.0,-4348000.0,-38175000.0,-51485000.0,-95245000.0,59351000.0,21944000.0,195745000.0,20862000.0,163615000.0,163615000.0,163615000.0,500000.0,0.0,0.016,160097000.0,254074000.0,452613000.0,0.311,2.545,13.75,13.592,467020000.0,0.0,14.0,0.226,0.223,503399000.0,620219000.0,9958956000.0,9958956000.0,0.0,0.052,0.19,0.26,0.026,12909000.0,160097000.0,1.0,160687936.0,158688000.0,159706000.0,62.758,3120904000.0,242072000.0,90548000.0,0.0,19.667,167921000.0
75,FLR,MRT,2002-09-30,2002-09-30,2002-09-30,2021-08-06,-59132000.0,3112180000.0,3156751250.0,2044096000.0,1068084000.0,3.209,5.468,-38903000.0,833300000.0,833300000.0,9747260000.0,143907000.0,1.148,2.581,401639000.0,384031000.0,17608000.0,401639000.0,378405000.0,83781000.0,0.0,0.026,0.32,236960000.0,320741000.0,0.032,320741000.0,236960000.0,227360000.0,0.91,0.905,0.91,869026000.0,835808250.0,869026000.0,1671220528.0,7.0,5.21,399781000.0,2.515,1.0,381628000.0,0.038,0.0,9600000.0,900071000.0,1109346250.0,107761000.0,144073000.0,0.0,144073000.0,2243154000.0,1780448000.0,462706000.0,1971345528.0,422147000.0,76651000.0,1470000.0,-23718000.0,-64290000.0,-86755000.0,67049000.0,37530000.0,438684000.0,3169000.0,143907000.0,143907000.0,143907000.0,-106491000.0,0.0,0.014,152963000.0,228665000.0,492849000.0,0.352,2.268,13.699,13.429,472020000.0,0.0,12.22,0.195,0.192,480970000.0,584852000.0,10128888000.0,10128888000.0,0.0,0.046,0.172,0.214,0.023,0.0,152963000.0,1.0,161321238.0,158930000.0,159604000.0,63.732,3112180000.0,265457000.0,83453000.0,0.0,19.582,263648000.0
76,FLR,MRT,2002-06-30,2002-06-30,2002-06-30,2021-08-06,-55954000.0,3206127000.0,3109102250.0,2026305000.0,1179822000.0,3.177,5.409,-68995000.0,836264000.0,836264000.0,9524753000.0,58144000.0,1.091,2.729,536139000.0,518535000.0,17604000.0,536139000.0,370897000.0,94347000.0,0.0,0.016,0.32,145338000.0,239685000.0,0.024,239685000.0,145338000.0,135218000.0,0.37,0.37,0.37,859685000.0,809599750.0,859685000.0,3031766587.0,21.0,12.649,495523000.0,3.118,1.0,351546000.0,0.036,0.0,10120000.0,1049241000.0,1204175250.0,84495000.0,175865000.0,0.0,175865000.0,2346442000.0,1856761000.0,489681000.0,3137665587.0,525253000.0,76651000.0,8105000.0,-24488000.0,-64213000.0,-80886000.0,34641000.0,32896000.0,564518000.0,6980000.0,58144000.0,58144000.0,58144000.0,-104394000.0,0.0,0.006,131938000.0,219608000.0,439652000.0,0.865,3.65,53.964,52.635,483735000.0,0.0,19.475,0.318,0.313,506031000.0,566499000.0,9876299000.0,9876299000.0,0.0,0.019,0.072,0.121,0.015,0.0,131938000.0,1.0,161112482.0,158932000.0,160738000.0,62.142,3206127000.0,263740000.0,77074000.0,0.0,20.173,169544000.0
77,FLR,MRT,2002-03-31,2002-03-31,2002-03-31,2021-08-06,-53454000.0,3166221000.0,3062504750.0,1973411000.0,1192810000.0,3.124,5.211,-126559000.0,673289000.0,673289000.0,9222509000.0,49408000.0,1.065,2.837,567390000.0,549791000.0,17599000.0,567390000.0,426570000.0,105994000.0,0.0,0.016,0.32,135405000.0,241399000.0,0.025,241399000.0,135405000.0,118554000.0,0.32,0.32,0.32,825256000.0,803041500.0,825256000.0,3291991885.0,24.0,13.637,521790000.0,3.295,1.0,345037000.0,0.036,0.0,16851000.0,1207810000.0,1290939750.0,102996000.0,132903000.0,0.0,132903000.0,2340965000.0,1852512000.0,488453000.0,3280705885.0,575931000.0,71587000.0,50940000.0,-36914000.0,-51316000.0,-37917000.0,-27461000.0,26301000.0,648349000.0,-7040000.0,49408000.0,49408000.0,49408000.0,-104949000.0,0.0,0.005,135459000.0,209578000.0,430361000.0,1.0,3.975,66.4,63.734,500978000.0,0.0,20.395,0.343,0.338,564423000.0,536421000.0,9567546000.0,9567546000.0,0.0,0.016,0.062,0.105,0.014,0.0,135459000.0,1.0,160858342.0,158364000.0,159802000.0,60.415,3166221000.0,268052000.0,69146000.0,0.0,19.993,120899000.0
78,FLR,MRT,2001-12-31,2001-12-31,2001-12-31,2021-08-06,-49805000.0,3142477000.0,2985331000.0,1851327000.0,1291150000.0,3.005,5.072,-148985000.0,572654000.0,572654000.0,8618972000.0,19410000.0,0.994,2.982,595450000.0,577856000.0,17594000.0,595450000.0,423996000.0,117179000.0,0.0,0.017,0.32,101975000.0,219154000.0,0.024,219154000.0,101975000.0,76964000.0,0.125,0.125,0.125,789266000.0,783856000.0,789266000.0,3091255049.0,30.0,14.105,472783000.0,3.038,1.0,353189000.0,0.039,22277000.0,25011000.0,1280263000.0,1361157000.0,0.0,143333000.0,0.0,143333000.0,2353211000.0,1862733000.0,490478000.0,2996077049.0,550804000.0,25696000.0,143173000.0,-61636000.0,-50913000.0,30145000.0,-94069000.0,27960000.0,621768000.0,-7040000.0,19410000.0,19410000.0,19410000.0,-252000.0,0.0,0.002,166961000.0,186228000.0,382528000.0,2.56,3.796,154.357,149.6,508104000.0,0.0,18.7,0.334,0.324,565525000.0,508089000.0,8972161000.0,8972161000.0,0.0,0.007,0.025,0.075,0.011,0.0,166961000.0,1.0,160218024.0,155602000.0,158314000.0,57.661,3120200000.0,276818000.0,57554000.0,0.0,20.052,-11406000.0
79,FLR,MRT,2001-09-30,2001-09-30,2001-09-30,2021-08-06,-49239000.0,2921584000.0,2874852000.0,1906665000.0,1014919000.0,,4.844,,411153000.0,411153000.0,,,1.097,2.823,506331000.0,488741000.0,17590000.0,506331000.0,385479000.0,,0.0,0.012,0.24,,,,,,,,,,764192000.0,744808750.0,764192000.0,3214496621.0,,,,,1.0,,,0.0,,1279387000.0,1403105750.0,118229000.0,141342000.0,0.0,141342000.0,2157392000.0,1737375000.0,420017000.0,3084779621.0,,,,,,,,,,,,,,,,,,,390887000.0,,4.037,,,498653000.0,,19.25,,,574752000.0,492413000.0,,,,,,,,,,1.0,160248292.0,157764000.0,,,2921584000.0,249309000.0,,0.0,18.519,169290000.0
80,FLR,MRT,2001-06-30,2001-06-30,2001-06-30,2021-08-06,-46338000.0,3019737000.0,,1826823000.0,1192914000.0,,5.333,,311011000.0,311011000.0,,,1.042,2.623,440728000.0,423143000.0,17585000.0,440728000.0,334471000.0,,0.0,0.007,0.16,,,,,,,,,,833452000.0,,833452000.0,3922670071.0,,,,,1.0,,,0.0,,1396299000.0,,224556000.0,192472000.0,0.0,192472000.0,2186285000.0,1753155000.0,433130000.0,3578693071.0,,,,,,,,,,,,,,,,,,,482616000.0,,4.294,,,636897000.0,,22.575,,,706846000.0,559749000.0,,,,,,,,,,1.0,158524610.0,156278000.0,,,3019737000.0,195460000.0,,0.0,19.323,73668000.0
81,FLR,MRT,2001-03-31,2001-03-31,2001-03-31,2021-08-06,-47496000.0,2857526000.0,,1506851000.0,1350675000.0,,4.977,,97358000.0,97358000.0,,,0.88,2.818,441335000.0,423754000.0,17581000.0,441335000.0,223823000.0,,0.0,0.004,0.08,,,,,,,,,,748514000.0,,748514000.0,3764599948.0,,,,,1.0,,,0.0,,1488679000.0,,171875000.0,202538000.0,0.0,202538000.0,2109012000.0,1712824000.0,396188000.0,3387992948.0,,,,,,,,,,,,,,,,,,,592336000.0,,4.526,,,755040000.0,,22.25,,,747998000.0,538329000.0,,,,,,,,,,1.0,152269346.0,150406000.0,,,2857526000.0,219464000.0,,0.0,18.999,-205973000.0
82,FLR,MRT,2000-12-31,2000-12-31,2000-12-31,2021-08-06,-42719000.0,2700561000.0,,1230706000.0,1469855000.0,,,,21850000.0,21850000.0,,,0.767,3.266,398249000.0,380673000.0,17576000.0,398249000.0,309764000.0,,0.0,,,,,,,,,,,,633077000.0,,633077000.0,2853248036.0,,,,,1.0,,,24792000.0,,1448058000.0,,0.0,96166000.0,0.0,96166000.0,2067484000.0,1604110000.0,463374000.0,2502682036.0,,,,,,,,,,,,,,,,,,,451823000.0,,3.953,,,573033000.0,,16.53,,,606145000.0,539592000.0,,,,,,,,,,1.0,151402422.0,,,,2675769000.0,199205000.0,,0.0,,-373404000.0
83,FLR,MRT,2000-09-30,2000-10-31,2000-10-31,2021-08-06,-46400000.0,3652734000.0,4269425500.0,1447793000.0,2204941000.0,2.207,10.692,-402600000.0,69426000.0,69426000.0,9162941000.0,123949000.0,0.893,1.27,271085000.0,253512000.0,17573000.0,271085000.0,395872000.0,311688000.0,0.0,,0.0,198278000.0,509966000.0,0.054,509966000.0,198278000.0,171963000.0,0.825,0.81,0.825,1609257000.0,1595314500.0,1609257000.0,,,,-216519000.0,-1.439,1.0,259938000.0,0.028,0.0,26315000.0,2234018000.0,2577816000.0,161886000.0,190403000.0,0.0,190403000.0,2043477000.0,1620375000.0,423102000.0,,-140188000.0,0.0,-17174000.0,150116000.0,-75983000.0,53476000.0,-379745000.0,28384000.0,186081000.0,0.0,123949000.0,123949000.0,123949000.0,-31891000.0,0.0,0.013,80955000.0,178983000.0,530332000.0,0.0,,,,756765000.0,0.0,,,,665117000.0,1423304000.0,9422879000.0,9422879000.0,0.0,0.029,0.078,0.077,0.021,0.0,98874000.0,1.0,151402422.0,150512000.0,152730000.0,62.605,3652734000.0,198212000.0,48014000.0,0.0,24.269,-172582000.0
84,FLR,MRT,2000-06-30,2000-07-31,2000-07-31,2021-08-06,,,,,,,,,,,,,,,,,,,,,,,0.0,,,,,,,,,,,,,,,,,,1.0,,,,,,,,,,,,,,,,,,,,,,,,,,,,,,,,,,,,,,,,,,,,,,,,,,,,,,1.0,151402422.0,149930000.0,,,,,,,,
85,FLR,MRT,2000-03-31,2000-04-30,2000-04-30,2021-08-06,,,,,,,,,,,,,,,,,,,,,,,0.0,,,,,,,,,,,,,,,,,,1.0,,,,,,,,,,,,,,,,,,,,,,,,,,,,,,,,,,,,,,,,,,,,,,,,,,,,,,1.0,151402422.0,150906000.0,,,,,,,,
86,FLR,MRT,1999-09-30,1999-10-31,1999-10-31,2021-08-06,-37752000.0,4886117000.0,4952662500.0,1910171000.0,2975946000.0,2.171,10.511,-399180000.0,209614000.0,209614000.0,10471166000.0,104187000.0,0.867,2.09,565466000.0,247911000.0,317555000.0,565466000.0,565373000.0,318204000.0,0.0,,0.0,173658000.0,491862000.0,0.046,491862000.0,173658000.0,154686000.0,0.69,0.685,0.69,1581372000.0,1553490500.0,1581372000.0,,,,179075000.0,1.19,1.0,281119000.0,0.026,116045000.0,18972000.0,2921614000.0,2847347500.0,248118000.0,167891000.0,0.0,167891000.0,3304745000.0,2204310000.0,1100435000.0,,-130930000.0,0.0,10760000.0,-282261000.0,-60692000.0,-334006000.0,-375179000.0,-4688000.0,578255000.0,0.0,104187000.0,104187000.0,104187000.0,-66012000.0,0.0,0.01,190262000.0,90857000.0,793465000.0,0.0,,,,2222953000.0,0.0,,,,850557000.0,1375338000.0,10752285000.0,10752285000.0,0.0,0.021,0.067,0.061,0.016,0.0,73062000.0,1.0,151402422.0,150456000.0,151858000.0,71.465,4770072000.0,105502000.0,50499000.0,162210000.0,31.704,-294139000.0
87,FLR,MRT,1998-09-30,1998-10-31,1998-10-31,2021-08-06,-29911000.0,5019208000.0,,2277151000.0,2742057000.0,,9.68,-487444000.0,340544000.0,340544000.0,12138279000.0,235344000.0,0.912,2.29,729062000.0,428634000.0,300428000.0,729062000.0,546816000.0,288870000.0,0.0,,0.0,335298000.0,624168000.0,0.05,624168000.0,335298000.0,322178000.0,1.495,1.485,1.495,1525609000.0,,1525609000.0,,,,215075000.0,1.365,1.0,239197000.0,0.019,139091000.0,13120000.0,2773081000.0,,198645000.0,137562000.0,0.0,137562000.0,3493599000.0,2495554000.0,998045000.0,,41220000.0,0.0,-369044000.0,341524000.0,-63497000.0,-97982000.0,-563317000.0,-10656000.0,702519000.0,0.0,235344000.0,235344000.0,235344000.0,-99430000.0,0.0,0.019,22598000.0,216599000.0,972096000.0,0.0,,,,2147308000.0,0.0,,,,959416000.0,1331843000.0,12377476000.0,12377476000.0,0.0,,,,0.027,0.0,22598000.0,1.0,,157602000.0,158270000.0,78.536,4880117000.0,81155000.0,86834000.0,105515000.0,30.965,-218403000.0
88,FLR,MRT,1997-09-30,1997-10-31,1997-10-31,2021-08-06,,,,,,,,-415206000.0,,,14022570000.0,146187000.0,,,,,,,,248353000.0,,,0.0,286027000.0,534380000.0,0.037,534380000.0,286027000.0,255269000.0,0.88,0.875,0.88,,,,,,,-86582000.0,-0.521,1.0,275971000.0,0.019,,30758000.0,,,,,,,,,,,52360000.0,-169208000.0,-17917000.0,317411000.0,-63750000.0,235707000.0,-511971000.0,127510000.0,328624000.0,0.0,146187000.0,146187000.0,146187000.0,0.0,0.0,0.01,13230000.0,262741000.0,,0.0,,,,,0.0,,,,,,14298541000.0,14298541000.0,0.0,,,,0.02,0.0,13230000.0,1.0,,166182000.0,166956000.0,86.041,,,109082000.0,,,
