None,ticker,dimension,calendardate,datekey,reportperiod,lastupdated,accoci,assets,assetsavg,assetsc,assetsnc,assetturnover,bvps,capex,cashneq,cashnequsd,cor,consolinc,currentratio,de,debt,debtc,debtnc,debtusd,deferredrev,depamor,deposits,divyield,dps,ebit,ebitda,ebitdamargin,ebitdausd,ebitusd,ebt,eps,epsdil,epsusd,equity,equityavg,equityusd,ev,evebit,evebitda,fcf,fcfps,fxusd,gp,grossmargin,intangibles,intexp,invcap,invcapavg,inventory,investments,investmentsc,investmentsnc,liabilities,liabilitiesc,liabilitiesnc,marketcap,ncf,ncfbus,ncfcommon,ncfdebt,ncfdiv,ncff,ncfi,ncfinv,ncfo,ncfx,netinc,netinccmn,netinccmnusd,netincdis,netincnci,netmargin,opex,opinc,payables,payoutratio,pb,pe,pe1,ppnenet,prefdivis,price,ps,ps1,receivables,retearn,revenue,revenueusd,rnd,roa,roe,roic,ros,sbcomp,sgna,sharefactor,sharesbas,shareswa,shareswadil,sps,tangibles,taxassets,taxexp,taxliabilities,tbvps,workingcapital
0,ATI,MRY,2020-12-31,2020-12-31,2020-12-31,2021-08-03,-1223600000.0,4034900000.0,5018825000.0,2066000000.0,1968900000.0,0.594,4.109,-130600000.0,645900000.0,645900000.0,2689300000.0,-1559600000.0,3.162,6.512,1567800000.0,17800000.0,1550000000.0,1567800000.0,0.0,143300000.0,0.0,0.0,0.0,-1400500000.0,-1257200000.0,-0.422,-1257200000.0,-1400500000.0,-1494900000.0,-12.43,-12.43,-12.43,521100000.0,1519475000.0,521100000.0,3095711766.0,-2.0,-2.462,36300000.0,0.286,1.0,292800000.0,0.098,240700000.0,94400000.0,4062800000.0,4972900000.0,997100000.0,0.0,0.0,0.0,3393500000.0,653300000.0,2740200000.0,2126711766.0,155100000.0,0.0,-7800000.0,151300000.0,0.0,116900000.0,-128700000.0,0.0,166900000.0,0.0,-1572600000.0,-1572600000.0,-1572600000.0,0.0,13000000.0,-0.527,1595500000.0,-1302700000.0,290600000.0,0.0,4.081,-1.352,-1.349,1469200000.0,0.0,16.77,0.713,0.713,345800000.0,106500000.0,2982100000.0,2982100000.0,0.0,-0.313,-1.035,-0.282,-0.47,0.0,201000000.0,1.0,126816444.0,126816444.0,,23.515,3794200000.0,0.0,77700000.0,0.0,29.919,1412700000.0
1,ATI,MRY,2019-12-31,2019-12-31,2019-12-31,2021-08-03,-1201700000.0,5634600000.0,5575950000.0,2303000000.0,3331600000.0,0.739,16.577,-76200000.0,490800000.0,490800000.0,3484700000.0,270100000.0,2.712,1.647,1398900000.0,11500000.0,1387400000.0,1398900000.0,0.0,151100000.0,0.0,0.0,0.0,328100000.0,479200000.0,0.116,479200000.0,328100000.0,229100000.0,2.05,1.85,2.05,2090100000.0,2054675000.0,2090100000.0,3647423290.0,11.0,7.611,153900000.0,1.221,1.0,637800000.0,0.155,525800000.0,99000000.0,5167700000.0,5401125000.0,1155300000.0,0.0,0.0,0.0,3441400000.0,849200000.0,2592200000.0,2604923290.0,108800000.0,158100000.0,-9900000.0,-179100000.0,0.0,-203000000.0,81700000.0,0.0,230100000.0,0.0,257600000.0,257600000.0,257600000.0,0.0,12500000.0,0.062,271700000.0,366100000.0,521200000.0,0.0,1.246,10.112,10.078,2450100000.0,0.0,20.66,0.632,0.632,554100000.0,1679300000.0,4122500000.0,4122500000.0,0.0,0.046,0.125,0.061,0.08,0.0,267200000.0,1.0,126085348.0,126085348.0,,32.696,5108800000.0,0.0,-28500000.0,0.0,40.519,1453800000.0
2,ATI,MRY,2018-12-31,2018-12-31,2018-12-31,2021-08-03,-1133800000.0,5501800000.0,5408525000.0,2246700000.0,3255100000.0,0.748,15.003,-136400000.0,382000000.0,382000000.0,3416300000.0,236700000.0,2.685,1.861,1542100000.0,6600000.0,1535500000.0,1542100000.0,0.0,156400000.0,0.0,0.0,0.0,334400000.0,490800000.0,0.121,490800000.0,334400000.0,233400000.0,1.78,1.61,1.78,1885700000.0,1909250000.0,1885700000.0,4134549301.0,12.0,8.424,256400000.0,2.04,1.0,630300000.0,0.156,534700000.0,101000000.0,5290300000.0,5476525000.0,1211100000.0,0.0,0.0,0.0,3510200000.0,836900000.0,2673300000.0,2736149301.0,240400000.0,-10000000.0,-6500000.0,-5200000.0,0.0,-7300000.0,-145100000.0,0.0,392800000.0,0.0,222400000.0,222400000.0,222400000.0,0.0,14300000.0,0.055,268200000.0,362100000.0,498800000.0,0.0,1.451,12.303,12.23,2475000000.0,0.0,21.77,0.676,0.676,527800000.0,1422000000.0,4046600000.0,4046600000.0,0.0,0.041,0.116,0.061,0.083,0.0,268200000.0,1.0,125684396.0,125684396.0,,32.197,4967100000.0,0.0,11000000.0,0.0,39.52,1409800000.0
3,ATI,MRY,2017-12-31,2017-12-31,2017-12-31,2021-08-03,-1027800000.0,5185400000.0,5150300000.0,1915700000.0,3269700000.0,0.684,15.978,-120000000.0,141600000.0,141600000.0,3028100000.0,-79700000.0,2.688,1.921,1540700000.0,10100000.0,1530600000.0,1540700000.0,0.0,160800000.0,0.0,0.0,0.0,35100000.0,195900000.0,0.056,195900000.0,35100000.0,-98700000.0,-0.83,-0.83,-0.83,1739400000.0,1473725000.0,1739400000.0,4417155210.0,126.0,22.548,-97600000.0,-0.897,1.0,497000000.0,0.141,531400000.0,133800000.0,5340500000.0,5533075000.0,1176100000.0,0.0,0.0,0.0,3340900000.0,712600000.0,2628300000.0,2627955210.0,-88000000.0,0.0,393000000.0,-379500000.0,0.0,9200000.0,-119600000.0,0.0,22400000.0,0.0,-91900000.0,-91900000.0,-91900000.0,0.0,12200000.0,-0.026,362400000.0,134600000.0,420100000.0,0.0,1.511,-28.596,-29.084,2495700000.0,0.0,24.14,0.745,0.745,545300000.0,1184300000.0,3525100000.0,3525100000.0,0.0,-0.018,-0.062,0.006,0.01,0.0,248000000.0,1.0,108863099.0,108863099.0,,32.381,4654000000.0,0.0,-6800000.0,9700000.0,42.751,1203100000.0
4,ATI,MRY,2016-12-31,2016-12-31,2016-12-31,2021-08-03,-1093700000.0,5170000000.0,5485600000.0,1766500000.0,3403500000.0,0.571,12.441,-202200000.0,229600000.0,229600000.0,2911800000.0,-627100000.0,2.493,2.749,1877000000.0,105100000.0,1771900000.0,1877000000.0,0.0,170300000.0,0.0,0.015,0.24,-623800000.0,-453500000.0,-0.145,-453500000.0,-623800000.0,-747800000.0,-5.97,-5.97,-5.97,1355200000.0,1704150000.0,1355200000.0,3422610933.0,-5.0,-7.547,-245900000.0,-2.257,1.0,222800000.0,0.071,641900000.0,124000000.0,5466800000.0,5749400000.0,1037000000.0,0.0,0.0,0.0,3725200000.0,708700000.0,3016500000.0,1735210933.0,79800000.0,2200000.0,0.0,377500000.0,-25800000.0,323500000.0,-200000000.0,0.0,-43700000.0,0.0,-640900000.0,-640900000.0,-640900000.0,0.0,13800000.0,-0.204,764600000.0,-541800000.0,294300000.0,-0.04,1.28,-2.707,-2.668,2498900000.0,0.0,15.93,0.554,0.554,452100000.0,1277100000.0,3134600000.0,3134600000.0,0.0,-0.117,-0.376,-0.108,-0.199,0.0,240800000.0,1.0,108927240.0,108927240.0,,28.777,4528100000.0,0.0,-106900000.0,15600000.0,41.57,1057800000.0
5,ATI,MRY,2015-12-31,2015-12-31,2015-12-31,2021-08-03,-1014500000.0,5751700000.0,6234725000.0,1867600000.0,3884100000.0,0.597,19.072,-144500000.0,149800000.0,149800000.0,3659300000.0,-365900000.0,2.72,1.707,1495700000.0,3900000.0,1491800000.0,1495700000.0,0.0,189900000.0,0.0,0.055,0.62,-379800000.0,-189900000.0,-0.051,-189900000.0,-379800000.0,-490000000.0,-3.53,-3.53,-3.53,2082800000.0,2416850000.0,2082800000.0,2536690000.0,-7.0,-13.358,-13100000.0,-0.12,1.0,60300000.0,0.016,651400000.0,110200000.0,5759700000.0,5978100000.0,1271600000.0,0.0,0.0,0.0,3555200000.0,686500000.0,2868700000.0,1228590000.0,-119700000.0,-600000.0,-1400000.0,-22100000.0,-66500000.0,-106000000.0,-145100000.0,0.0,131400000.0,0.0,-377900000.0,-377900000.0,-377900000.0,0.0,12000000.0,-0.102,429700000.0,-369400000.0,380800000.0,-0.176,0.59,-3.251,-3.187,2928200000.0,0.0,11.25,0.33,0.33,400300000.0,1945900000.0,3719600000.0,3719600000.0,0.0,-0.061,-0.156,-0.064,-0.102,0.0,238800000.0,1.0,109208000.0,109208000.0,,34.06,5100300000.0,0.0,-112100000.0,75600000.0,46.703,1181100000.0
6,ATI,MRY,2014-12-31,2014-12-31,2014-12-31,2021-08-03,-931400000.0,6571700000.0,6640825000.0,2482100000.0,4089600000.0,0.636,23.904,-225700000.0,269500000.0,269500000.0,3844800000.0,9600000.0,2.765,1.482,1516000000.0,17800000.0,1498200000.0,1516000000.0,0.0,176800000.0,0.0,0.021,0.72,97400000.0,274200000.0,0.065,274200000.0,97400000.0,-11300000.0,-0.03,-0.03,-0.03,2598400000.0,2802900000.0,2598400000.0,5042001502.0,52.0,18.388,-169800000.0,-1.562,1.0,378600000.0,0.09,780400000.0,108700000.0,6140100000.0,6086625000.0,1472800000.0,0.0,0.0,0.0,3850300000.0,897700000.0,2952600000.0,3779601502.0,-757300000.0,-90500000.0,-3800000.0,-416100000.0,-77100000.0,-497000000.0,-316200000.0,0.0,55900000.0,0.0,-2600000.0,-2600000.0,-2600000.0,600000.0,12200000.0,-0.001,272500000.0,106100000.0,556700000.0,-24.0,1.455,-1453.693,-1159.0,2961800000.0,0.0,34.77,0.895,0.895,603600000.0,2398900000.0,4223400000.0,4223400000.0,0.0,0.0,-0.001,0.016,0.023,0.0,272500000.0,1.0,108702948.0,108702948.0,,38.853,5791300000.0,0.0,-8700000.0,143100000.0,53.276,1584400000.0
7,ATI,MRY,2013-12-31,2013-12-31,2013-12-31,2021-08-03,-713200000.0,6898500000.0,6447925000.0,2950800000.0,3947700000.0,0.627,26.803,-612700000.0,1026800000.0,1026800000.0,3790900000.0,161600000.0,2.437,1.349,1947300000.0,419900000.0,1527400000.0,1947300000.0,0.0,189900000.0,0.0,0.02,0.72,155600000.0,345500000.0,0.085,345500000.0,155600000.0,90400000.0,1.44,1.44,1.44,2894200000.0,2584800000.0,2894200000.0,5273803577.0,34.0,15.264,-244300000.0,-2.262,1.0,252600000.0,0.062,727900000.0,65200000.0,5880100000.0,5892725000.0,1322100000.0,0.0,0.0,0.0,3903800000.0,1211000000.0,2692800000.0,3847403577.0,722200000.0,601700000.0,-6200000.0,463300000.0,-76900000.0,364800000.0,-11000000.0,0.0,368400000.0,0.0,154000000.0,154000000.0,154000000.0,-252800000.0,7600000.0,0.038,342200000.0,-89600000.0,471800000.0,0.5,1.329,24.983,24.743,2874100000.0,0.0,35.63,0.952,0.952,528200000.0,2490100000.0,4043500000.0,4043500000.0,0.0,0.024,0.06,0.026,0.038,0.0,276400000.0,1.0,107982138.0,107982138.0,,37.446,6170600000.0,0.0,-63600000.0,210100000.0,57.145,1739800000.0
8,ATI,MRY,2012-12-31,2012-12-31,2012-12-31,2021-08-03,-1029400000.0,6247800000.0,6121325000.0,2510600000.0,3737200000.0,0.762,23.106,-382000000.0,304600000.0,304600000.0,4041400000.0,167800000.0,2.881,1.476,1480100000.0,17100000.0,1463000000.0,1480100000.0,0.0,194000000.0,0.0,0.024,0.72,302400000.0,496400000.0,0.106,496400000.0,302400000.0,230800000.0,1.49,1.43,1.49,2479600000.0,2553100000.0,2479600000.0,4456417737.0,15.0,8.977,45500000.0,0.424,1.0,625500000.0,0.134,740100000.0,71600000.0,5811700000.0,5776750000.0,1536600000.0,0.0,0.0,0.0,3660700000.0,871500000.0,2789200000.0,3258117737.0,-76000000.0,3300000.0,-21200000.0,-27100000.0,-76500000.0,-124800000.0,-378700000.0,0.0,427500000.0,0.0,158400000.0,158400000.0,158400000.0,-7900000.0,9400000.0,0.034,321600000.0,303900000.0,499900000.0,0.483,1.314,20.569,20.376,2559900000.0,0.0,30.36,0.698,0.698,613300000.0,2427600000.0,4666900000.0,4666900000.0,0.0,0.026,0.062,0.052,0.065,0.0,321600000.0,1.0,107316131.0,107316131.0,,43.487,5507700000.0,71500000.0,72400000.0,24000000.0,51.322,1639100000.0
9,ATI,MRY,2011-12-31,2011-12-31,2011-12-31,2021-08-03,-941600000.0,6046900000.0,5853850000.0,2569500000.0,3477400000.0,0.822,23.273,-278200000.0,380600000.0,380600000.0,4075500000.0,223100000.0,2.982,1.404,1509300000.0,27300000.0,1482000000.0,1509300000.0,0.0,174400000.0,0.0,0.015,0.72,417000000.0,591400000.0,0.123,591400000.0,417000000.0,324700000.0,2.09,1.97,2.09,2475300000.0,2506300000.0,2475300000.0,6280798631.0,15.0,10.62,18600000.0,0.175,1.0,736800000.0,0.153,737700000.0,92300000.0,5576100000.0,5409225000.0,1384300000.0,0.0,0.0,0.0,3475300000.0,861800000.0,2613500000.0,5083998631.0,-51700000.0,-346500000.0,-800000.0,348100000.0,-74700000.0,276200000.0,-624700000.0,0.0,296800000.0,0.0,214300000.0,214300000.0,214300000.0,-11400000.0,8800000.0,0.045,322400000.0,414400000.0,490700000.0,0.344,2.054,23.724,22.871,2368800000.0,0.0,47.8,1.056,1.056,709100000.0,2361500000.0,4812300000.0,4812300000.0,0.0,0.037,0.086,0.077,0.087,0.0,323000000.0,1.0,106359804.0,106359804.0,,45.245,5309200000.0,0.0,110400000.0,33300000.0,49.917,1707700000.0
10,ATI,MRY,2010-12-31,2010-12-31,2010-12-31,2021-08-03,-665100000.0,4493600000.0,4446025000.0,2115100000.0,2378500000.0,0.91,20.701,-219100000.0,432300000.0,432300000.0,3557500000.0,78700000.0,2.674,1.158,1063300000.0,141400000.0,921900000.0,1063300000.0,0.0,141500000.0,0.0,0.013,0.72,180400000.0,321900000.0,0.08,321900000.0,180400000.0,117700000.0,0.73,0.72,0.73,2040800000.0,2039475000.0,2040800000.0,6057700435.0,34.0,18.819,-192000000.0,-1.948,1.0,490300000.0,0.121,206800000.0,62700000.0,4126800000.0,4138400000.0,1024500000.0,0.0,0.0,0.0,2364200000.0,791000000.0,1573200000.0,5439900435.0,-276500000.0,2300000.0,500000.0,-8400000.0,-70800000.0,-86800000.0,-216800000.0,0.0,27100000.0,0.0,70700000.0,70700000.0,70700000.0,0.0,8000000.0,0.017,301900000.0,188400000.0,394100000.0,0.986,2.666,76.943,75.589,1989300000.0,0.0,55.18,1.344,1.344,545400000.0,2224800000.0,4047800000.0,4047800000.0,0.0,0.016,0.035,0.044,0.045,0.0,304900000.0,1.0,98584640.0,98584640.0,,41.059,4286800000.0,0.0,47000000.0,74200000.0,43.483,1324100000.0
11,ATI,MRY,2009-12-31,2009-12-31,2009-12-31,2021-08-03,-673500000.0,4346000000.0,4270175000.0,1997600000.0,2348400000.0,0.715,20.517,-415400000.0,708800000.0,708800000.0,2646500000.0,38000000.0,3.198,1.121,1071100000.0,33500000.0,1037600000.0,1071100000.0,0.0,132600000.0,0.0,0.016,0.72,77900000.0,210500000.0,0.069,210500000.0,77900000.0,58600000.0,0.33,0.32,0.33,2012200000.0,2029350000.0,2012200000.0,4635171922.0,60.0,22.02,-196900000.0,-2.008,1.0,408400000.0,0.134,207800000.0,19300000.0,3875900000.0,3711475000.0,825500000.0,0.0,0.0,0.0,2256400000.0,624600000.0,1631800000.0,4390871922.0,238900000.0,-38300000.0,-600000.0,545600000.0,-70600000.0,474100000.0,-453700000.0,0.0,218500000.0,0.0,31700000.0,31700000.0,31700000.0,0.0,6300000.0,0.01,315000000.0,93400000.0,308600000.0,2.182,2.182,138.513,135.667,1907900000.0,0.0,44.77,1.437,1.437,392000000.0,2230500000.0,3054900000.0,3054900000.0,0.0,0.007,0.016,0.021,0.026,0.0,315700000.0,1.0,98076210.0,98076210.0,,31.148,4138200000.0,63100000.0,26900000.0,23700000.0,42.194,1373000000.0
12,ATI,MRY,2008-12-31,2008-12-31,2008-12-31,2021-08-03,-746500000.0,4170400000.0,4281400000.0,1929400000.0,2241000000.0,1.24,20.327,-515700000.0,469900000.0,469900000.0,4157800000.0,573500000.0,2.781,1.094,509800000.0,15200000.0,494600000.0,509800000.0,0.0,118800000.0,0.0,0.028,0.72,863600000.0,982400000.0,0.185,982400000.0,863600000.0,860100000.0,5.71,5.67,5.71,1957400000.0,2258875000.0,1957400000.0,2701666724.0,3.0,2.75,238800000.0,2.48,1.0,1151900000.0,0.217,190900000.0,3500000.0,3325500000.0,3437675000.0,887600000.0,0.0,0.0,0.0,2141400000.0,693900000.0,1447500000.0,2458366724.0,-153400000.0,1800000.0,-293100000.0,-17900000.0,-71400000.0,-394000000.0,-513900000.0,0.0,754500000.0,0.0,565900000.0,565900000.0,565900000.0,0.0,7600000.0,0.107,280700000.0,871200000.0,278500000.0,0.126,1.256,4.344,4.471,1633600000.0,0.0,25.53,0.463,0.463,530500000.0,2286700000.0,5309700000.0,5309700000.0,0.0,0.132,0.251,0.251,0.163,0.0,282700000.0,1.0,96293252.0,96293252.0,,55.141,3979500000.0,281600000.0,294200000.0,78200000.0,41.327,1235500000.0
13,ATI,MRY,2007-12-31,2007-12-31,2007-12-31,2021-08-03,-235700000.0,4095600000.0,3845625000.0,2248700000.0,1846900000.0,1.418,21.744,-447400000.0,623300000.0,623300000.0,4003100000.0,753900000.0,3.194,0.842,528200000.0,20900000.0,507300000.0,528200000.0,0.0,102900000.0,0.0,0.007,0.57,1152100000.0,1255000000.0,0.23,1255000000.0,1152100000.0,1147300000.0,7.35,7.26,7.35,2223500000.0,1967525000.0,2223500000.0,8701186378.0,8.0,6.933,254100000.0,2.485,1.0,1449400000.0,0.266,209800000.0,4800000.0,3086700000.0,2851250000.0,916100000.0,0.0,0.0,0.0,1872100000.0,704000000.0,1168100000.0,8835286378.0,121000000.0,-4300000.0,-105800000.0,-23900000.0,-58100000.0,-128800000.0,-451700000.0,0.0,701500000.0,0.0,747100000.0,747100000.0,747100000.0,0.0,6800000.0,0.137,290500000.0,1158900000.0,388400000.0,0.078,3.974,11.826,11.755,1239500000.0,0.0,86.4,1.62,1.62,652200000.0,1830700000.0,5452500000.0,5452500000.0,0.0,0.194,0.38,0.404,0.211,0.0,296700000.0,1.0,102260259.0,102260259.0,,53.32,3885800000.0,60900000.0,400200000.0,0.0,37.999,1544700000.0
14,ATI,MRY,2006-12-31,2006-12-31,2006-12-31,2021-08-03,-310800000.0,3280500000.0,3210850000.0,1987900000.0,1292600000.0,1.537,14.921,-236300000.0,502300000.0,502300000.0,3740400000.0,574100000.0,3.091,1.183,553600000.0,23700000.0,529900000.0,553600000.0,0.0,86200000.0,0.0,0.005,0.43,895900000.0,982100000.0,0.199,982100000.0,895900000.0,872600000.0,5.76,5.61,5.76,1502900000.0,1177650000.0,1502900000.0,9282543343.0,10.0,9.452,75300000.0,0.748,1.0,1196200000.0,0.242,206500000.0,23300000.0,2482200000.0,2459700000.0,798700000.0,0.0,0.0,0.0,1777600000.0,643100000.0,1134500000.0,9133643343.0,139600000.0,500000.0,33100000.0,-14200000.0,-43100000.0,63800000.0,-235800000.0,0.0,311600000.0,0.0,574100000.0,574100000.0,574100000.0,0.0,0.0,0.116,300300000.0,895900000.0,355100000.0,0.075,6.077,15.909,15.743,871700000.0,0.0,90.68,1.85,1.85,610900000.0,1166600000.0,4936600000.0,4936600000.0,0.0,0.179,0.487,0.364,0.181,0.0,295300000.0,1.0,100723901.0,100723901.0,,49.011,3074000000.0,145600000.0,298500000.0,0.0,30.519,1344800000.0
15,ATI,MRY,2005-12-31,2005-12-31,2005-12-31,2021-08-03,-369400000.0,2731600000.0,2579025000.0,1484000000.0,1247600000.0,1.373,8.183,-90700000.0,362700000.0,362700000.0,2885700000.0,362400000.0,2.646,2.415,560400000.0,13400000.0,547000000.0,560400000.0,0.0,78500000.0,0.0,0.008,0.28,347700000.0,426200000.0,0.12,426200000.0,347700000.0,309100000.0,3.77,3.59,3.77,799900000.0,665100000.0,799900000.0,3721521335.0,11.0,8.732,133100000.0,1.362,1.0,654200000.0,0.185,199700000.0,38600000.0,2168700000.0,2116750000.0,607100000.0,0.0,0.0,0.0,1931700000.0,560900000.0,1370800000.0,3526821335.0,111900000.0,-19700000.0,26100000.0,-51400000.0,-27100000.0,-1500000.0,-110400000.0,0.0,223800000.0,0.0,362400000.0,362400000.0,362400000.0,0.0,0.0,0.102,304500000.0,349700000.0,312900000.0,0.074,4.409,9.732,9.57,704900000.0,0.0,36.08,0.996,0.996,442100000.0,642600000.0,3539900000.0,3539900000.0,0.0,0.141,0.545,0.164,0.098,0.0,275800000.0,1.0,97750037.0,97750037.0,,36.214,2531900000.0,178100000.0,-53300000.0,0.0,25.902,923100000.0
16,ATI,MRY,2004-12-31,2004-12-31,2004-12-31,2021-08-03,-331300000.0,2315700000.0,2151125000.0,1160200000.0,1155500000.0,1.27,4.46,-43300000.0,250800000.0,250800000.0,2488100000.0,19800000.0,2.354,4.437,582700000.0,29400000.0,553300000.0,582700000.0,0.0,76100000.0,0.0,0.011,0.24,55300000.0,131400000.0,0.048,131400000.0,55300000.0,19800000.0,0.23,0.22,0.23,425900000.0,275550000.0,425900000.0,2398137268.0,43.0,18.251,-19200000.0,-0.201,1.0,244900000.0,0.09,205300000.0,35500000.0,1949500000.0,1872850000.0,513000000.0,0.0,0.0,0.0,1889800000.0,492800000.0,1397000000.0,2069537268.0,171200000.0,-11300000.0,237300000.0,-31800000.0,-21200000.0,201700000.0,-54600000.0,0.0,24100000.0,0.0,19800000.0,19800000.0,19800000.0,0.0,0.0,0.007,189600000.0,55300000.0,271200000.0,1.043,4.859,104.522,94.217,718300000.0,0.0,21.67,0.757,0.757,357900000.0,345500000.0,2733000000.0,2733000000.0,0.0,0.009,0.072,0.03,0.02,0.0,233300000.0,1.0,95502412.0,95502412.0,,28.617,2110400000.0,53000000.0,0.0,0.0,22.098,667400000.0
17,ATI,MRY,2003-12-31,2003-12-31,2003-12-31,2021-08-03,-341800000.0,1903200000.0,2052750000.0,743300000.0,1159900000.0,0.944,2.166,-64600000.0,79600000.0,79600000.0,1873600000.0,-314600000.0,1.883,9.894,532100000.0,27800000.0,504300000.0,532100000.0,0.0,74600000.0,0.0,0.018,0.24,-253800000.0,-179200000.0,-0.092,-179200000.0,-253800000.0,-281500000.0,-3.89,-3.89,-3.89,174700000.0,333800000.0,174700000.0,1519193572.0,-6.0,-8.478,17400000.0,0.216,1.0,63800000.0,0.033,198400000.0,27700000.0,1762600000.0,1937575000.0,359700000.0,0.0,0.0,0.0,1728500000.0,394700000.0,1333800000.0,1066093572.0,20200000.0,-5700000.0,200000.0,24800000.0,-19400000.0,8500000.0,-70300000.0,0.0,82000000.0,0.0,-314600000.0,-314600000.0,-314600000.0,0.0,0.0,-0.162,316300000.0,-252500000.0,172300000.0,-0.062,6.102,-3.389,-3.398,711100000.0,0.0,13.22,0.55,0.55,248800000.0,483800000.0,1937400000.0,1937400000.0,0.0,-0.153,-0.942,-0.131,-0.131,0.0,248800000.0,1.0,80642479.0,80642479.0,,24.025,1704800000.0,59800000.0,33100000.0,0.0,21.14,348600000.0
18,ATI,MRY,2002-12-31,2002-12-31,2002-12-31,2021-08-03,-407700000.0,2093200000.0,2438275000.0,795700000.0,1297500000.0,0.782,5.566,-39500000.0,59400000.0,59400000.0,1744500000.0,-65800000.0,2.327,3.664,519100000.0,9700000.0,509400000.0,519100000.0,0.0,90000000.0,0.0,0.106,0.66,-69500000.0,20500000.0,0.011,20500000.0,-69500000.0,-103800000.0,-0.82,-0.82,-0.82,448800000.0,795425000.0,448800000.0,951859258.0,-14.0,46.432,164700000.0,2.043,1.0,163300000.0,0.086,194400000.0,34300000.0,2016500000.0,2358925000.0,392300000.0,0.0,0.0,0.0,1644400000.0,342000000.0,1302400000.0,502359258.0,25700000.0,2400000.0,0.0,-171000000.0,-53200000.0,-138700000.0,-39800000.0,0.0,204200000.0,0.0,-65800000.0,-65800000.0,-65800000.0,0.0,0.0,-0.034,232800000.0,-69500000.0,171300000.0,-0.805,1.119,-7.635,-7.598,757600000.0,0.0,6.23,0.263,0.263,239300000.0,835100000.0,1907800000.0,1907800000.0,0.0,-0.027,-0.083,-0.029,-0.036,0.0,188300000.0,1.0,80635515.0,80635515.0,,23.66,1898800000.0,158100000.0,-38000000.0,0.0,23.548,453700000.0
19,ATI,MRY,2001-12-31,2001-12-31,2001-12-31,2021-08-03,-25700000.0,2643200000.0,2756400000.0,926100000.0,1717100000.0,0.772,11.77,-99900000.0,33700000.0,33700000.0,1862300000.0,-25200000.0,2.784,1.798,582200000.0,9200000.0,573000000.0,582200000.0,0.0,98600000.0,0.0,0.048,0.8,-7100000.0,91500000.0,0.043,91500000.0,-7100000.0,-36400000.0,-0.31,-0.31,-0.31,944700000.0,995550000.0,944700000.0,1891266943.0,-266.0,20.67,22900000.0,0.285,1.0,265700000.0,0.125,188400000.0,29300000.0,2670600000.0,2619775000.0,508400000.0,0.0,0.0,0.0,1698500000.0,332700000.0,1365800000.0,1344366943.0,7500000.0,17900000.0,-2800000.0,-219100000.0,-64200000.0,-30300000.0,-85000000.0,0.0,122800000.0,0.0,-25200000.0,-25200000.0,-25200000.0,0.0,0.0,-0.012,272800000.0,-7100000.0,155300000.0,-2.581,1.423,-53.348,-54.032,828900000.0,0.0,16.75,0.632,0.632,274600000.0,957500000.0,2128000000.0,2128000000.0,0.0,-0.009,-0.025,-0.003,-0.003,0.0,198800000.0,1.0,80260713.0,80260713.0,,26.514,2454800000.0,82000000.0,-11200000.0,153700000.0,30.585,593400000.0
20,ATI,MRY,2000-12-31,2000-12-31,2000-12-31,2021-08-03,-19600000.0,2776200000.0,2811175000.0,1022800000.0,1753400000.0,0.875,12.93,-55000000.0,26200000.0,26200000.0,1998500000.0,132500000.0,2.474,1.671,543800000.0,53200000.0,490600000.0,543800000.0,0.0,99700000.0,0.0,0.05,0.8,243200000.0,342900000.0,0.139,342900000.0,243200000.0,208800000.0,1.6,1.6,1.6,1039200000.0,1062100000.0,1039200000.0,1838656036.0,8.0,5.362,80500000.0,1.002,1.0,461900000.0,0.188,194500000.0,34400000.0,2685800000.0,2703850000.0,585700000.0,0.0,0.0,0.0,1737000000.0,413500000.0,1323500000.0,1276256036.0,-24500000.0,-11100000.0,-217700000.0,193700000.0,-66000000.0,-90000000.0,-70000000.0,0.0,135500000.0,0.0,132500000.0,132500000.0,132500000.0,0.0,0.0,0.054,218700000.0,243200000.0,169300000.0,0.5,1.228,9.632,9.925,872000000.0,0.0,15.88,0.519,0.519,325300000.0,1050000000.0,2460400000.0,2460400000.0,0.0,0.047,0.125,0.09,0.099,0.0,203700000.0,1.0,80368768.0,80368768.0,,30.614,2581700000.0,61200000.0,76300000.0,158700000.0,32.123,609300000.0
21,ATI,MRY,1999-12-31,1999-12-31,1999-12-31,2021-08-03,3500000.0,2750600000.0,3065050000.0,1033500000.0,1717100000.0,0.749,12.829,-45600000.0,50700000.0,50700000.0,1877900000.0,300200000.0,1.914,1.292,353000000.0,152700000.0,200300000.0,353000000.0,0.0,95300000.0,0.0,0.0,0.0,389300000.0,484600000.0,0.211,484600000.0,389300000.0,363400000.0,3.15,3.13,3.15,1200200000.0,1313950000.0,1200200000.0,2380825711.0,6.0,4.913,57300000.0,0.612,1.0,418200000.0,0.182,204200000.0,25900000.0,2308700000.0,2594900000.0,558300000.0,0.0,0.0,0.0,1550400000.0,540000000.0,1010400000.0,2099425711.0,-23500000.0,480500000.0,-249400000.0,-153900000.0,-122100000.0,-525400000.0,429700000.0,0.0,102900000.0,0.0,300200000.0,300200000.0,300200000.0,-59600000.0,0.0,0.131,234700000.0,183500000.0,172900000.0,0.0,1.749,6.993,7.124,912400000.0,0.0,22.44,0.914,0.914,341200000.0,994500000.0,2296100000.0,2296100000.0,0.0,0.098,0.228,0.15,0.17,0.0,229100000.0,1.0,93557296.0,93557296.0,,24.542,2546400000.0,62600000.0,63200000.0,103100000.0,27.218,493500000.0
22,ATI,MRY,1998-12-31,1998-12-31,1998-12-31,2021-08-03,-3500000.0,2943500000.0,2993075000.0,1007300000.0,1936200000.0,0.803,13.66,-119300000.0,74200000.0,74200000.0,1831700000.0,241200000.0,2.33,1.197,498800000.0,68200000.0,430600000.0,498800000.0,0.0,82100000.0,0.0,,0.0,355400000.0,437500000.0,0.182,437500000.0,355400000.0,336000000.0,2.45,2.43,2.45,1339900000.0,1308925000.0,1339900000.0,,,,173000000.0,1.764,1.0,570700000.0,0.238,208600000.0,19400000.0,2727100000.0,2597050000.0,555300000.0,0.0,0.0,0.0,1603600000.0,432400000.0,1171200000.0,,20900000.0,-218900000.0,-41100000.0,114600000.0,-122300000.0,-48800000.0,-307200000.0,34400000.0,292300000.0,0.0,241200000.0,241200000.0,241200000.0,-86200000.0,0.0,0.1,312200000.0,258500000.0,140900000.0,0.0,,,,887600000.0,0.0,,,,314000000.0,923900000.0,2402400000.0,2402400000.0,0.0,0.081,0.184,0.137,0.148,0.0,244400000.0,1.0,98091274.0,98091274.0,,24.491,2734900000.0,39200000.0,94800000.0,0.0,27.881,574900000.0
23,ATI,MRY,1997-12-31,1997-12-31,1997-12-31,2021-08-03,-1100000.0,2898200000.0,2752300000.0,1444000000.0,1454200000.0,0.909,14.229,-61000000.0,53700000.0,53700000.0,1929400000.0,328800000.0,2.401,1.329,335100000.0,4700000.0,330400000.0,335100000.0,0.0,84300000.0,0.0,,0.0,479800000.0,564100000.0,0.226,564100000.0,479800000.0,462900000.0,3.34,3.28,3.34,1244600000.0,1058050000.0,1244600000.0,,,,95500000.0,1.092,1.0,571500000.0,0.229,186500000.0,16900000.0,2391700000.0,2308050000.0,697900000.0,34400000.0,34400000.0,0.0,1653600000.0,601400000.0,1052200000.0,,-9400000.0,74300000.0,-72200000.0,-115600000.0,-112200000.0,-300000000.0,38500000.0,28900000.0,156500000.0,0.0,328800000.0,328800000.0,328800000.0,-98400000.0,0.0,0.131,240200000.0,331300000.0,267900000.0,0.0,,,,753800000.0,0.0,,,,576000000.0,822600000.0,2500900000.0,2500900000.0,0.0,0.119,0.311,0.208,0.192,0.0,228200000.0,1.0,87467334.0,87467334.0,,28.592,2711700000.0,49700000.0,134100000.0,0.0,31.002,842600000.0
24,ATI,MRY,1996-12-31,1996-12-31,1996-12-31,2021-08-03,0.0,2606400000.0,,1199800000.0,1406600000.0,,,-76200000.0,62500000.0,62500000.0,3081000000.0,235300000.0,2.048,1.991,443400000.0,0.0,443400000.0,443400000.0,0.0,109700000.0,0.0,,0.0,440000000.0,549700000.0,0.136,549700000.0,440000000.0,404900000.0,2.44,2.4,2.44,871500000.0,,871500000.0,,,,144700000.0,,1.0,971600000.0,0.24,177100000.0,35100000.0,2224400000.0,,518400000.0,0.0,0.0,0.0,1734900000.0,585800000.0,1149100000.0,,-49200000.0,101200000.0,-9800000.0,-330600000.0,-106100000.0,-218300000.0,-51800000.0,-135400000.0,220900000.0,0.0,235300000.0,233300000.0,233300000.0,0.0,0.0,0.058,595700000.0,375900000.0,241700000.0,0.0,,,,731400000.0,2000000.0,,,,522500000.0,596700000.0,4052600000.0,4052600000.0,0.0,,,,0.109,0.0,538200000.0,1.0,,,,,2429300000.0,70100000.0,169600000.0,0.0,,614000000.0
25,ATI,MRY,1995-12-31,1995-12-31,1995-12-31,2021-08-03,,,,,,,,-79000000.0,,,3158900000.0,273900000.0,,,,,,,,110900000.0,,,0.0,475600000.0,586500000.0,0.145,586500000.0,475600000.0,438000000.0,3.08,3.02,3.08,,,,,,,134100000.0,,1.0,889200000.0,0.22,,37600000.0,,,,,,,,,,,71700000.0,25800000.0,-69200000.0,104800000.0,-57100000.0,-73100000.0,-68300000.0,0.0,213100000.0,0.0,273900000.0,272300000.0,272300000.0,0.0,0.0,0.067,485400000.0,403800000.0,,0.0,,,,,1600000.0,,,,,,4048100000.0,4048100000.0,0.0,,,,0.117,0.0,479000000.0,1.0,,,,,,,164100000.0,,,
0,ATI,MRQ,2021-06-30,2021-06-30,2021-06-30,2021-08-03,-1176300000.0,3974000000.0,,1996500000.0,1977500000.0,,3.718,-33700000.0,472500000.0,472500000.0,573500000.0,-44400000.0,3.332,7.12,1621500000.0,19300000.0,1602200000.0,1621500000.0,0.0,36300000.0,0.0,0.0,0.0,-21500000.0,14800000.0,0.024,14800000.0,-21500000.0,-45200000.0,-0.39,-0.39,-0.39,473000000.0,,473000000.0,3724584051.0,-3.0,-3.711,-68200000.0,-0.536,1.0,42700000.0,0.069,241900000.0,23700000.0,4282000000.0,,1059000000.0,0.0,0.0,0.0,3367900000.0,599100000.0,2768800000.0,2652184051.0,-69200000.0,0.0,0.0,-1000000.0,0.0,-1000000.0,-33700000.0,0.0,-34500000.0,0.0,-49200000.0,-49200000.0,-49200000.0,0.0,4800000.0,-0.08,54000000.0,-11300000.0,265800000.0,0.0,5.607,-2.159,-2.147,1486300000.0,0.0,20.85,1.034,1.034,362200000.0,53800000.0,616200000.0,616200000.0,0.0,,,,,0.0,60200000.0,1.0,127203072.0,127203072.0,,4.844,3732100000.0,0.0,4000000.0,0.0,29.34,1397400000.0
1,ATI,MRQ,2021-03-31,2021-03-31,2021-03-31,2021-08-03,-1208600000.0,4068500000.0,,2093400000.0,1975100000.0,,3.808,-25000000.0,541700000.0,541700000.0,606700000.0,-2400000.0,3.037,7.163,1614100000.0,15700000.0,1598400000.0,1614100000.0,0.0,36100000.0,0.0,0.0,0.0,21000000.0,57100000.0,0.082,57100000.0,21000000.0,-2400000.0,-0.06,-0.06,-0.06,482900000.0,,482900000.0,3592888687.0,-3.0,-2.783,-93100000.0,-0.734,1.0,85800000.0,0.124,241600000.0,23400000.0,4210100000.0,,1047800000.0,0.0,0.0,0.0,3459200000.0,689200000.0,2770000000.0,2670988687.0,-104200000.0,0.0,0.0,-6300000.0,0.0,-11000000.0,-25100000.0,0.0,-68100000.0,0.0,-7900000.0,-7900000.0,-7900000.0,0.0,5500000.0,-0.011,54000000.0,31800000.0,324800000.0,0.0,5.531,-1.668,-1.664,1478700000.0,0.0,21.06,0.982,0.982,423900000.0,103000000.0,692500000.0,692500000.0,0.0,,,,,0.0,54000000.0,1.0,126827573.0,126827573.0,,5.46,3826900000.0,0.0,5500000.0,0.0,30.174,1404200000.0
2,ATI,MRQ,2020-12-31,2020-12-31,2020-12-31,2021-08-03,-1223600000.0,4034900000.0,,2066000000.0,1968900000.0,,4.109,-40000000.0,645900000.0,645900000.0,613100000.0,-1116300000.0,3.162,6.512,1567800000.0,17800000.0,1550000000.0,1567800000.0,0.0,35000000.0,0.0,0.0,0.0,-1121800000.0,-1086800000.0,-1.651,-1086800000.0,-1121800000.0,-1147500000.0,-8.86,-8.86,-8.86,521100000.0,,521100000.0,3095711766.0,-2.0,-2.462,81900000.0,0.646,1.0,45200000.0,0.069,240700000.0,25700000.0,4062800000.0,,997100000.0,0.0,0.0,0.0,3393500000.0,653300000.0,2740200000.0,2126711766.0,73700000.0,0.0,-7800000.0,-1500000.0,0.0,-8700000.0,-39500000.0,0.0,121900000.0,0.0,-1121000000.0,-1121000000.0,-1121000000.0,0.0,4700000.0,-1.703,1133300000.0,-1088100000.0,290600000.0,0.0,4.081,-1.352,-1.349,1469200000.0,0.0,16.77,0.713,0.713,345800000.0,106500000.0,658300000.0,658300000.0,0.0,,,,,0.0,52800000.0,1.0,126816444.0,126816444.0,,5.191,3794200000.0,0.0,-26500000.0,0.0,29.919,1412700000.0
3,ATI,MRQ,2020-09-30,2020-09-30,2020-09-30,2021-08-03,-1128600000.0,5063900000.0,,2086300000.0,2977600000.0,,13.671,-27800000.0,572200000.0,572200000.0,559900000.0,-47000000.0,3.701,1.854,1541200000.0,12200000.0,1529000000.0,1541200000.0,0.0,35400000.0,0.0,0.0,0.0,-24200000.0,11200000.0,0.019,11200000.0,-24200000.0,-49300000.0,-0.4,-0.4,-0.4,1733700000.0,,1733700000.0,2096418786.0,-9.0,-22.762,31600000.0,0.249,1.0,38100000.0,0.064,238400000.0,25100000.0,5230800000.0,,1035900000.0,0.0,0.0,0.0,3214100000.0,563700000.0,2650400000.0,1105818786.0,33100000.0,0.0,0.0,1500000.0,0.0,1100000.0,-27400000.0,0.0,59400000.0,0.0,-50100000.0,-50100000.0,-50100000.0,0.0,3100000.0,-0.084,47700000.0,-9600000.0,240700000.0,0.0,0.638,-2.799,-2.795,2466600000.0,0.0,8.72,0.331,0.331,388000000.0,1227400000.0,598000000.0,598000000.0,0.0,,,,,0.0,45400000.0,1.0,126814081.0,126814081.0,,4.716,4825500000.0,0.0,800000.0,0.0,38.052,1522600000.0
4,ATI,MRQ,2020-06-30,2020-06-30,2020-06-30,2021-08-03,-1172800000.0,5169400000.0,,2201600000.0,2967800000.0,,13.704,-36600000.0,539100000.0,539100000.0,695600000.0,-419900000.0,3.583,1.917,1529700000.0,12800000.0,1516900000.0,1529700000.0,0.0,35600000.0,0.0,0.0,0.0,-308300000.0,-272700000.0,-0.354,-272700000.0,-308300000.0,-330000000.0,-3.34,-3.34,-3.34,1735300000.0,,1735300000.0,2352057682.0,-32.0,32.397,64400000.0,0.509,1.0,74700000.0,0.097,236400000.0,21700000.0,5309200000.0,,1103500000.0,0.0,0.0,0.0,3327100000.0,614400000.0,2712700000.0,1290357682.0,-99900000.0,0.0,0.0,-145300000.0,0.0,-164300000.0,-36600000.0,0.0,101000000.0,0.0,-422600000.0,-422600000.0,-422600000.0,0.0,2700000.0,-0.549,348100000.0,-273400000.0,275800000.0,0.0,0.744,-5.514,-5.538,2455000000.0,0.0,10.19,0.343,0.343,483600000.0,1277600000.0,770300000.0,770300000.0,0.0,,,,,0.0,44400000.0,1.0,126629802.0,126629802.0,,6.083,4933000000.0,0.0,92600000.0,0.0,38.956,1587200000.0
5,ATI,MRQ,2020-03-31,2020-03-31,2020-03-31,2021-08-03,-1216600000.0,5807100000.0,,2508000000.0,3299100000.0,,16.559,-26200000.0,639000000.0,639000000.0,820700000.0,23600000.0,2.368,1.731,1700700000.0,310700000.0,1390000000.0,1700700000.0,0.0,37300000.0,0.0,0.0,0.0,53800000.0,91100000.0,0.095,91100000.0,53800000.0,31900000.0,0.17,0.16,0.17,2087800000.0,,2087800000.0,1979825458.0,6.0,4.032,-141600000.0,-1.123,1.0,134800000.0,0.141,520800000.0,21900000.0,5288800000.0,,1181100000.0,0.0,0.0,0.0,3614500000.0,1059200000.0,2555300000.0,1071725458.0,148200000.0,0.0,0.0,296600000.0,0.0,288800000.0,-25200000.0,0.0,-115400000.0,0.0,21100000.0,21100000.0,21100000.0,0.0,2500000.0,0.022,66400000.0,68400000.0,424600000.0,0.0,0.513,4.064,4.048,2445500000.0,0.0,8.5,0.263,0.263,593400000.0,1700400000.0,955500000.0,955500000.0,0.0,,,,,0.0,58400000.0,1.0,126085348.0,126085348.0,,7.578,5286300000.0,0.0,10800000.0,0.0,41.926,1448800000.0
6,ATI,MRQ,2019-12-31,2019-12-31,2019-12-31,2021-08-03,-1201700000.0,5634600000.0,,2303000000.0,3331600000.0,,16.577,-69900000.0,490800000.0,490800000.0,849300000.0,60000000.0,2.712,1.647,1398900000.0,11500000.0,1387400000.0,1398900000.0,0.0,36500000.0,0.0,0.0,0.0,41800000.0,78300000.0,0.077,78300000.0,41800000.0,17700000.0,0.45,0.41,0.45,2090100000.0,,2090100000.0,3647423290.0,11.0,7.611,170200000.0,1.35,1.0,169300000.0,0.166,525800000.0,24100000.0,5167700000.0,,1155300000.0,0.0,0.0,0.0,3441400000.0,849200000.0,2592200000.0,2604923290.0,-20500000.0,2200000.0,-9900000.0,-178900000.0,0.0,-192900000.0,-67700000.0,0.0,240100000.0,0.0,56500000.0,56500000.0,56500000.0,0.0,3500000.0,0.055,70800000.0,98500000.0,521200000.0,0.0,1.246,10.112,10.078,2450100000.0,0.0,20.66,0.632,0.632,554100000.0,1679300000.0,1018600000.0,1018600000.0,0.0,,,,,0.0,66300000.0,1.0,126085348.0,126085348.0,,8.079,5108800000.0,0.0,-38800000.0,0.0,40.519,1453800000.0
7,ATI,MRQ,2019-09-30,2019-09-30,2019-09-30,2021-08-03,-1061400000.0,5628900000.0,,2422400000.0,3206500000.0,,17.196,15600000.0,511300000.0,511300000.0,859000000.0,115300000.0,3.174,1.545,1553800000.0,12100000.0,1541700000.0,1553800000.0,0.0,37000000.0,0.0,0.0,0.0,138900000.0,175900000.0,0.173,175900000.0,138900000.0,114700000.0,0.88,0.78,0.88,2168000000.0,,2168000000.0,3820502099.0,11.0,7.63,110000000.0,0.872,1.0,159700000.0,0.157,523800000.0,24200000.0,5384300000.0,,1168500000.0,0.0,0.0,0.0,3349000000.0,763300000.0,2585700000.0,2553102099.0,230100000.0,122500000.0,0.0,-2300000.0,0.0,-2300000.0,138000000.0,0.0,94400000.0,0.0,111000000.0,111000000.0,111000000.0,0.0,4300000.0,0.109,65200000.0,94500000.0,415800000.0,0.0,1.178,10.541,10.492,2407500000.0,0.0,20.25,0.616,0.616,596700000.0,1622800000.0,1018700000.0,1018700000.0,0.0,,,,,0.0,65200000.0,1.0,126079116.0,126079116.0,,8.08,5105100000.0,0.0,3700000.0,15800000.0,40.491,1659100000.0
8,ATI,MRQ,2019-06-30,2019-06-30,2019-06-30,2021-08-03,-1084400000.0,5549300000.0,,2261400000.0,3287900000.0,,16.078,1600000.0,281200000.0,281200000.0,902700000.0,78500000.0,2.979,1.683,1548600000.0,11500000.0,1537100000.0,1548600000.0,0.0,38900000.0,0.0,0.0,0.0,106800000.0,145700000.0,0.135,145700000.0,106800000.0,80900000.0,0.6,0.54,0.6,2026400000.0,,2026400000.0,4501678976.0,16.0,10.107,27200000.0,0.216,1.0,177700000.0,0.164,524800000.0,25900000.0,5532700000.0,,1217500000.0,0.0,0.0,0.0,3410700000.0,759200000.0,2651500000.0,3176078976.0,64200000.0,33400000.0,0.0,3600000.0,0.0,3600000.0,35000000.0,0.0,25600000.0,0.0,75100000.0,75100000.0,75100000.0,0.0,3400000.0,0.07,67700000.0,110000000.0,420600000.0,0.0,1.567,17.48,17.379,2404900000.0,0.0,25.2,0.767,0.767,581400000.0,1511800000.0,1080400000.0,1080400000.0,0.0,,,,,0.0,67700000.0,1.0,126034880.0,126034880.0,,8.572,5024500000.0,0.0,5800000.0,15100000.0,39.866,1502200000.0
9,ATI,MRQ,2019-03-31,2019-03-31,2019-03-31,2021-08-03,-1095500000.0,5491000000.0,,2177900000.0,3313100000.0,,15.389,-23500000.0,217000000.0,217000000.0,873700000.0,16300000.0,2.866,1.781,1542600000.0,6400000.0,1536200000.0,1542600000.0,0.0,38700000.0,0.0,0.0,0.0,40600000.0,79300000.0,0.079,79300000.0,40600000.0,15800000.0,0.12,0.12,0.12,1934200000.0,,1934200000.0,4373850006.0,15.0,9.9,-153500000.0,-1.221,1.0,131100000.0,0.13,536800000.0,24800000.0,5519800000.0,,1254400000.0,0.0,0.0,0.0,3444400000.0,760000000.0,2684400000.0,3213750006.0,-165000000.0,0.0,0.0,-1500000.0,0.0,-11400000.0,-23600000.0,0.0,-130000000.0,0.0,15000000.0,15000000.0,15000000.0,0.0,1300000.0,0.015,68000000.0,63100000.0,455300000.0,0.0,1.662,17.914,17.881,2470700000.0,0.0,25.57,0.789,0.789,565100000.0,1437000000.0,1004800000.0,1004800000.0,0.0,,,,,0.0,68000000.0,1.0,125684396.0,125684396.0,,7.995,4954200000.0,0.0,800000.0,14500000.0,39.418,1417900000.0
10,ATI,MRQ,2018-12-31,2018-12-31,2018-12-31,2021-08-03,-1133800000.0,5501800000.0,,2246700000.0,3255100000.0,,15.003,-36500000.0,382000000.0,382000000.0,890300000.0,45000000.0,2.685,1.861,1542100000.0,6600000.0,1535500000.0,1542100000.0,0.0,39300000.0,0.0,0.0,0.0,60500000.0,99800000.0,0.096,99800000.0,60500000.0,35300000.0,0.33,0.3,0.33,1885700000.0,,1885700000.0,4134549301.0,12.0,8.424,239700000.0,1.907,1.0,147600000.0,0.142,534700000.0,25200000.0,5290300000.0,,1211100000.0,0.0,0.0,0.0,3510200000.0,836900000.0,2673300000.0,2736149301.0,228500000.0,0.0,-6500000.0,-11700000.0,0.0,-11700000.0,-36000000.0,0.0,276200000.0,0.0,41100000.0,41100000.0,41100000.0,0.0,3900000.0,0.04,72900000.0,74700000.0,498800000.0,0.0,1.451,12.303,12.23,2475000000.0,0.0,21.77,0.676,0.676,527800000.0,1422000000.0,1037900000.0,1037900000.0,0.0,,,,,0.0,72900000.0,1.0,125684396.0,125684396.0,,8.258,4967100000.0,0.0,-5800000.0,0.0,39.52,1409800000.0
11,ATI,MRQ,2018-09-30,2018-09-30,2018-09-30,2021-08-03,-991300000.0,5389000000.0,,2122400000.0,3266600000.0,,15.755,-30300000.0,153500000.0,153500000.0,859800000.0,55600000.0,2.905,1.669,1551900000.0,16600000.0,1535300000.0,1551900000.0,0.0,38400000.0,0.0,0.0,0.0,82200000.0,120600000.0,0.118,120600000.0,82200000.0,57400000.0,0.4,0.37,0.4,1980200000.0,,1980200000.0,5143373902.0,17.0,11.191,51300000.0,0.408,1.0,160400000.0,0.157,536400000.0,24800000.0,5520400000.0,,1239800000.0,0.0,0.0,0.0,3305800000.0,730600000.0,2575200000.0,3713973902.0,31100000.0,-10000000.0,0.0,-1200000.0,0.0,-11200000.0,-39300000.0,0.0,81600000.0,0.0,50500000.0,50500000.0,50500000.0,0.0,5100000.0,0.05,65500000.0,94900000.0,416100000.0,0.0,1.876,20.295,19.966,2472600000.0,0.0,29.55,0.948,0.948,588300000.0,1380900000.0,1020200000.0,1020200000.0,0.0,,,,,0.0,65500000.0,1.0,125684396.0,125684396.0,,8.117,4852600000.0,0.0,6900000.0,12100000.0,38.609,1391800000.0
12,ATI,MRQ,2018-06-30,2018-06-30,2018-06-30,2021-08-03,-991600000.0,5393300000.0,,2126300000.0,3267000000.0,,15.321,-28000000.0,122400000.0,122400000.0,835800000.0,75600000.0,2.868,1.741,1551800000.0,16300000.0,1535500000.0,1551800000.0,0.0,38900000.0,0.0,0.0,0.0,103200000.0,142100000.0,0.141,142100000.0,103200000.0,77700000.0,0.58,0.52,0.58,1925000000.0,,1925000000.0,4645358317.0,35.0,16.007,54100000.0,0.431,1.0,173700000.0,0.172,531000000.0,25500000.0,5550400000.0,,1254100000.0,0.0,0.0,0.0,3351400000.0,741300000.0,2610100000.0,3156258317.0,12500000.0,-100000.0,0.0,-48300000.0,0.0,-41300000.0,-28300000.0,0.0,82100000.0,0.0,72800000.0,72800000.0,72800000.0,0.0,2800000.0,0.072,62700000.0,111000000.0,429300000.0,0.0,1.64,279.315,-628.0,2479000000.0,0.0,25.12,0.838,0.838,621900000.0,1330400000.0,1009500000.0,1009500000.0,0.0,,,,,0.0,62700000.0,1.0,125647226.0,125647226.0,,8.034,4862300000.0,0.0,4900000.0,9700000.0,38.698,1385000000.0
13,ATI,MRQ,2018-03-31,2018-03-31,2018-03-31,2021-08-03,-992200000.0,5350000000.0,,2051800000.0,3298200000.0,,14.691,-41600000.0,109900000.0,109900000.0,830400000.0,60500000.0,2.7,1.835,1599000000.0,63700000.0,1535300000.0,1599000000.0,0.0,39800000.0,0.0,0.0,0.0,88500000.0,128300000.0,0.131,128300000.0,88500000.0,63000000.0,0.46,0.42,0.46,1846100000.0,,1846100000.0,4374752504.0,62.0,18.947,-88700000.0,-0.706,1.0,148600000.0,0.152,534200000.0,25500000.0,5545000000.0,,1210800000.0,0.0,0.0,0.0,3386700000.0,759900000.0,2626800000.0,2975652504.0,-31700000.0,100000.0,0.0,56000000.0,0.0,56900000.0,-41500000.0,0.0,-47100000.0,0.0,58000000.0,58000000.0,58000000.0,0.0,2500000.0,0.059,67100000.0,81500000.0,424700000.0,0.0,1.612,-57.892,-44.679,2490700000.0,0.0,23.68,0.818,0.818,606400000.0,1257800000.0,979000000.0,979000000.0,0.0,,,,,0.0,67100000.0,1.0,125661001.0,125661001.0,,7.791,4815800000.0,0.0,5000000.0,10700000.0,38.324,1291900000.0
14,ATI,MRQ,2017-12-31,2017-12-31,2017-12-31,2021-08-03,-1027800000.0,5185400000.0,,1915700000.0,3269700000.0,,15.978,-34700000.0,141600000.0,141600000.0,767300000.0,5200000.0,2.688,1.921,1540700000.0,10100000.0,1530600000.0,1540700000.0,0.0,40100000.0,0.0,0.0,0.0,28500000.0,68600000.0,0.075,68600000.0,28500000.0,-3100000.0,0.04,0.04,0.04,1739400000.0,,1739400000.0,4417155210.0,126.0,22.548,41500000.0,0.381,1.0,142600000.0,0.157,531400000.0,31600000.0,5340500000.0,,1176100000.0,0.0,0.0,0.0,3340900000.0,712600000.0,2628300000.0,2627955210.0,16700000.0,-3200000.0,393000000.0,-413300000.0,0.0,-22000000.0,-37500000.0,0.0,76200000.0,0.0,1700000.0,1700000.0,1700000.0,0.0,3500000.0,0.002,60500000.0,82100000.0,420100000.0,0.0,1.511,-28.596,-29.084,2495700000.0,0.0,24.14,0.745,0.745,545300000.0,1184300000.0,909900000.0,909900000.0,0.0,,,,,0.0,60500000.0,1.0,108863099.0,108863099.0,,8.358,4654000000.0,0.0,-4800000.0,9700000.0,42.751,1203100000.0
15,ATI,MRQ,2017-09-30,2017-09-30,2017-09-30,2021-08-03,-1016300000.0,5075100000.0,,1804100000.0,3271000000.0,,12.379,-30000000.0,124900000.0,124900000.0,763800000.0,-119400000.0,2.678,2.691,1914100000.0,36400000.0,1877700000.0,1914100000.0,0.0,40100000.0,0.0,0.0,0.0,-88900000.0,-48800000.0,-0.056,-48800000.0,-88900000.0,-123100000.0,-1.12,-1.12,-1.12,1347800000.0,,1347800000.0,4391724448.0,646.0,26.204,1700000.0,0.016,1.0,105300000.0,0.121,531900000.0,34200000.0,5658800000.0,,1101100000.0,0.0,0.0,0.0,3627600000.0,673600000.0,2954000000.0,2602224448.0,-29700000.0,-100000.0,0.0,-31300000.0,0.0,-31300000.0,-30100000.0,0.0,31700000.0,0.0,-121200000.0,-121200000.0,-121200000.0,0.0,1800000.0,-0.139,179000000.0,-73700000.0,350500000.0,0.0,1.931,-31.09,-31.039,2490900000.0,0.0,23.9,0.763,0.763,525900000.0,1182600000.0,869100000.0,869100000.0,0.0,,,,,0.0,64600000.0,1.0,108879684.0,108879684.0,,7.982,4543200000.0,0.0,-1900000.0,14100000.0,41.727,1130500000.0
16,ATI,MRQ,2017-06-30,2017-06-30,2017-06-30,2021-08-03,-1067200000.0,5186300000.0,,1800100000.0,3386200000.0,,12.989,-30500000.0,154600000.0,154600000.0,755900000.0,13400000.0,2.568,2.598,1944100000.0,67500000.0,1876600000.0,1944100000.0,0.0,40300000.0,0.0,0.005,0.0,42500000.0,82800000.0,0.094,82800000.0,42500000.0,8000000.0,0.09,0.09,0.09,1413500000.0,,1413500000.0,3636566558.0,-9.0,-14.922,-5800000.0,-0.053,1.0,124300000.0,0.141,643500000.0,34500000.0,5631300000.0,,1076200000.0,0.0,0.0,0.0,3671900000.0,701000000.0,2970900000.0,1851066558.0,-5200000.0,700000.0,0.0,-2300000.0,0.0,-100000.0,-29800000.0,0.0,24700000.0,0.0,10100000.0,10100000.0,10100000.0,0.0,3300000.0,0.011,65000000.0,59300000.0,355500000.0,0.0,1.31,-3.752,-3.698,2492300000.0,0.0,17.01,0.559,0.559,538600000.0,1303800000.0,880200000.0,880200000.0,0.0,,,,,0.0,65000000.0,1.0,108822255.0,108822255.0,,8.088,4542800000.0,0.0,-2100000.0,20100000.0,41.745,1099100000.0
17,ATI,MRQ,2017-03-31,2017-03-31,2017-03-31,2021-08-03,-1071400000.0,5154400000.0,,1762600000.0,3391800000.0,,12.818,-24800000.0,159800000.0,159800000.0,741100000.0,21100000.0,2.215,2.629,1945300000.0,172800000.0,1772500000.0,1945300000.0,0.0,40300000.0,0.0,0.009,0.0,53000000.0,93300000.0,0.108,93300000.0,53000000.0,19500000.0,0.16,0.16,0.16,1394200000.0,,1394200000.0,3600862558.0,-8.0,-12.116,-135000000.0,-1.241,1.0,124800000.0,0.144,642600000.0,33500000.0,5501700000.0,,1051900000.0,0.0,0.0,0.0,3665000000.0,795600000.0,2869400000.0,1953462558.0,-69800000.0,2600000.0,0.0,67400000.0,0.0,62600000.0,-22200000.0,0.0,-110200000.0,0.0,17500000.0,17500000.0,17500000.0,0.0,3600000.0,0.02,57900000.0,66900000.0,346400000.0,0.0,1.401,-3.741,-3.688,2495800000.0,0.0,17.96,0.602,0.602,504600000.0,1294600000.0,865900000.0,865900000.0,0.0,,,,,0.0,57900000.0,1.0,108767403.0,108767403.0,,7.961,4511800000.0,0.0,2000000.0,13000000.0,41.481,967000000.0
18,ATI,MRQ,2016-12-31,2016-12-31,2016-12-31,2021-08-03,-1093700000.0,5170000000.0,,1766500000.0,3403500000.0,,12.441,-27300000.0,229600000.0,229600000.0,638500000.0,13700000.0,2.493,2.749,1877000000.0,105100000.0,1771900000.0,1877000000.0,0.0,40100000.0,0.0,0.015,0.0,200000.0,40300000.0,0.051,40300000.0,200000.0,-32600000.0,0.1,0.1,0.1,1355200000.0,,1355200000.0,3422610933.0,-5.0,-7.547,40700000.0,0.374,1.0,157600000.0,0.198,641900000.0,32800000.0,5466800000.0,,1037000000.0,0.0,0.0,0.0,3725200000.0,708700000.0,3016500000.0,1735210933.0,41200000.0,100000.0,0.0,400000.0,0.0,400000.0,-27200000.0,0.0,68000000.0,0.0,9900000.0,9900000.0,9900000.0,0.0,3800000.0,0.012,83600000.0,74000000.0,294300000.0,0.0,1.28,-2.707,-2.668,2498900000.0,0.0,15.93,0.554,0.554,452100000.0,1277100000.0,796100000.0,796100000.0,0.0,,,,,0.0,58400000.0,1.0,108927240.0,108927240.0,,7.309,4528100000.0,0.0,-42500000.0,15600000.0,41.57,1057800000.0
19,ATI,MRQ,2016-09-30,2016-09-30,2016-09-30,2021-08-03,-961700000.0,5192300000.0,,1762100000.0,3430200000.0,,13.511,-29600000.0,188400000.0,188400000.0,720300000.0,-527200000.0,2.93,2.466,1875800000.0,5400000.0,1870400000.0,1875800000.0,0.0,42400000.0,0.0,0.018,0.08,-502500000.0,-460100000.0,-0.597,-460100000.0,-502500000.0,-535100000.0,-4.95,-4.95,-4.95,1471800000.0,,1471800000.0,3522927405.0,-4.0,-4.524,-107700000.0,-0.989,1.0,50200000.0,0.065,644400000.0,32600000.0,5633800000.0,,1078900000.0,0.0,0.0,0.0,3629600000.0,601500000.0,3028100000.0,1968427405.0,-133900000.0,300000.0,0.0,-1900000.0,-8600000.0,-26500000.0,-29300000.0,0.0,-78100000.0,0.0,-530800000.0,-530800000.0,-530800000.0,0.0,3600000.0,-0.689,549100000.0,-498900000.0,285200000.0,-0.016,1.337,-2.243,-2.206,2514400000.0,0.0,18.07,0.64,0.64,454000000.0,1267100000.0,770500000.0,770500000.0,0.0,,,,,0.0,60500000.0,1.0,108933448.0,108933448.0,,7.073,4547900000.0,0.0,-4300000.0,51300000.0,41.749,1160600000.0
20,ATI,MRQ,2016-06-30,2016-06-30,2016-06-30,2021-08-03,-973700000.0,5861000000.0,,1952400000.0,3908600000.0,,18.311,-75800000.0,322300000.0,322300000.0,762300000.0,-15500000.0,3.223,1.886,1876800000.0,6700000.0,1870100000.0,1876800000.0,0.0,43700000.0,0.0,0.033,0.08,-14400000.0,29300000.0,0.036,29300000.0,-14400000.0,-44700000.0,-0.18,-0.18,-0.18,1994400000.0,,1994400000.0,2880988524.0,-5.0,-7.902,-47900000.0,-0.44,1.0,48200000.0,0.059,646900000.0,30300000.0,6162900000.0,,1094300000.0,0.0,0.0,0.0,3761700000.0,605700000.0,3156000000.0,1388688524.0,165400000.0,1000000.0,0.0,227000000.0,-8600000.0,212300000.0,-74800000.0,0.0,27900000.0,0.0,-18800000.0,-18800000.0,-18800000.0,0.0,3300000.0,-0.023,60300000.0,-12100000.0,308200000.0,-0.444,0.696,-2.825,-2.778,2958900000.0,0.0,12.75,0.442,0.442,492500000.0,1806700000.0,810500000.0,810500000.0,0.0,,,,,0.0,59300000.0,1.0,108916747.0,108916747.0,,7.441,5214100000.0,0.0,-25900000.0,52800000.0,47.872,1346700000.0
21,ATI,MRQ,2016-03-31,2016-03-31,2016-03-31,2021-08-03,-994900000.0,5719100000.0,,1800700000.0,3918400000.0,,18.319,-69500000.0,156900000.0,156900000.0,790700000.0,-98100000.0,2.173,1.812,1649200000.0,156500000.0,1492700000.0,1649200000.0,0.0,44100000.0,0.0,0.032,0.08,-107100000.0,-63000000.0,-0.083,-63000000.0,-107100000.0,-135400000.0,-0.94,-0.94,-0.94,1995200000.0,,1995200000.0,3121174793.0,-6.0,-9.094,-131000000.0,-1.203,1.0,-33200000.0,-0.044,648600000.0,28300000.0,5734100000.0,,1166300000.0,0.0,0.0,0.0,3614600000.0,828700000.0,2785900000.0,1775274793.0,7100000.0,800000.0,0.0,152000000.0,-8600000.0,137300000.0,-68700000.0,0.0,-61500000.0,0.0,-101200000.0,-101200000.0,-101200000.0,0.0,3100000.0,-0.134,71600000.0,-104800000.0,340400000.0,-0.085,0.89,-3.63,-3.575,2962100000.0,0.0,16.3,0.53,0.53,442400000.0,1835900000.0,757500000.0,757500000.0,0.0,,,,,0.0,62600000.0,1.0,108912564.0,108912564.0,,6.955,5070500000.0,0.0,-34200000.0,59100000.0,46.556,972000000.0
22,ATI,MRQ,2015-12-31,2015-12-31,2015-12-31,2021-08-03,-1014500000.0,5751700000.0,,1867600000.0,3884100000.0,,19.072,-45000000.0,149800000.0,149800000.0,836400000.0,-223300000.0,2.72,1.707,1495700000.0,3900000.0,1491800000.0,1495700000.0,0.0,48500000.0,0.0,0.055,0.08,-333500000.0,-285000000.0,-0.386,-285000000.0,-333500000.0,-362700000.0,-2.12,-2.12,-2.12,2082800000.0,,2082800000.0,2536690000.0,-7.0,-13.358,-22500000.0,-0.206,1.0,-97500000.0,-0.132,651400000.0,29200000.0,5759700000.0,,1271600000.0,0.0,0.0,0.0,3555200000.0,686500000.0,2868700000.0,1228590000.0,-47700000.0,-100000.0,0.0,-500000.0,-8600000.0,-25100000.0,-45100000.0,0.0,22500000.0,0.0,-226900000.0,-226900000.0,-226900000.0,0.0,3600000.0,-0.307,231700000.0,-329200000.0,380800000.0,-0.038,0.59,-3.251,-3.187,2928200000.0,0.0,11.25,0.33,0.33,400300000.0,1945900000.0,738900000.0,738900000.0,0.0,,,,,0.0,40800000.0,1.0,109208000.0,109208000.0,,6.766,5100300000.0,0.0,-135800000.0,75600000.0,46.703,1181100000.0
23,ATI,MRQ,2015-09-30,2015-09-30,2015-09-30,2021-08-03,-925400000.0,6161100000.0,,2098600000.0,4062500000.0,,22.028,-36200000.0,197500000.0,197500000.0,861400000.0,-141300000.0,2.847,1.515,1505600000.0,4000000.0,1501600000.0,1505600000.0,0.0,47800000.0,0.0,0.051,0.18,-93700000.0,-45900000.0,-0.055,-45900000.0,-93700000.0,-121200000.0,-1.35,-1.35,-1.35,2405700000.0,,2405700000.0,2818693957.0,522.0,14.681,-18800000.0,-0.172,1.0,-28700000.0,-0.034,780200000.0,27500000.0,5951900000.0,,1356100000.0,0.0,0.0,0.0,3643500000.0,737100000.0,2906400000.0,1548593957.0,-53400000.0,0.0,0.0,-15300000.0,-19300000.0,-34600000.0,-36200000.0,0.0,17400000.0,0.0,-144600000.0,-144600000.0,-144600000.0,0.0,3300000.0,-0.174,62500000.0,-91200000.0,367100000.0,-0.133,0.644,-12.014,-11.719,2938200000.0,0.0,14.18,0.384,0.384,497500000.0,2181700000.0,832700000.0,832700000.0,0.0,,,,,0.0,62500000.0,1.0,109209729.0,109209729.0,,7.625,5380900000.0,0.0,23400000.0,226900000.0,49.271,1361500000.0
24,ATI,MRQ,2015-06-30,2015-06-30,2015-06-30,2021-08-03,-907300000.0,6469300000.0,,2383500000.0,4085800000.0,,23.662,-40700000.0,250900000.0,250900000.0,945500000.0,-13900000.0,2.684,1.454,1521000000.0,18300000.0,1502700000.0,1521000000.0,0.0,48000000.0,0.0,0.024,0.18,2700000.0,50700000.0,0.05,50700000.0,2700000.0,-24100000.0,-0.15,-0.15,-0.15,2584300000.0,,2584300000.0,4587308070.0,37.0,14.942,38800000.0,0.355,1.0,77000000.0,0.075,781500000.0,26800000.0,6069900000.0,,1472900000.0,0.0,0.0,0.0,3756500000.0,888000000.0,2868500000.0,3298308070.0,12900000.0,-600000.0,0.0,-6000000.0,-19300000.0,-25300000.0,-41300000.0,0.0,79500000.0,0.0,-16400000.0,-16400000.0,-16400000.0,0.0,2500000.0,-0.016,72400000.0,4600000.0,487500000.0,-1.2,1.276,219.887,232.308,2946700000.0,0.0,30.2,0.773,0.773,593400000.0,2346300000.0,1022500000.0,1022500000.0,0.0,,,,,0.0,72400000.0,1.0,109215499.0,109215499.0,,9.362,5687800000.0,0.0,-7700000.0,211400000.0,52.079,1495500000.0
25,ATI,MRQ,2015-03-31,2015-03-31,2015-03-31,2021-08-03,-930800000.0,6556800000.0,,2465600000.0,4091200000.0,,23.885,-22600000.0,238000000.0,238000000.0,1016000000.0,12600000.0,2.631,1.479,1527000000.0,17900000.0,1509100000.0,1527000000.0,0.0,45600000.0,0.0,0.024,0.18,44700000.0,90300000.0,0.08,90300000.0,44700000.0,18000000.0,0.09,0.09,0.09,2594600000.0,,2594600000.0,4517369855.0,32.0,14.055,-10600000.0,-0.098,1.0,109500000.0,0.097,777900000.0,26700000.0,6130900000.0,,1472600000.0,0.0,0.0,0.0,3836700000.0,937000000.0,2899700000.0,3259969855.0,-31500000.0,100000.0,-1400000.0,-300000.0,-19300000.0,-21000000.0,-22500000.0,0.0,12000000.0,0.0,10000000.0,10000000.0,10000000.0,0.0,2600000.0,0.009,63100000.0,46400000.0,559500000.0,2.0,1.256,118.977,120.04,2943700000.0,0.0,30.01,0.747,0.747,690900000.0,2382400000.0,1125500000.0,1125500000.0,0.0,,,,,0.0,63100000.0,1.0,108629452.0,108629452.0,,10.361,5778900000.0,0.0,8000000.0,162100000.0,53.198,1528600000.0
26,ATI,MRQ,2014-12-31,2014-12-31,2014-12-31,2021-08-03,-931400000.0,6571700000.0,,2482100000.0,4089600000.0,,23.904,-68200000.0,269500000.0,269500000.0,925600000.0,25300000.0,2.765,1.482,1516000000.0,17800000.0,1498200000.0,1516000000.0,0.0,45200000.0,0.0,0.021,0.18,51700000.0,96900000.0,0.093,96900000.0,51700000.0,25800000.0,0.2,0.2,0.2,2598400000.0,,2598400000.0,5042001502.0,52.0,18.388,25900000.0,0.238,1.0,121900000.0,0.116,780400000.0,25900000.0,6140100000.0,,1472800000.0,0.0,0.0,0.0,3850300000.0,897700000.0,2952600000.0,3779601502.0,5300000.0,100000.0,0.0,-1400000.0,-19300000.0,-20700000.0,-68100000.0,0.0,94100000.0,0.0,22100000.0,22100000.0,22100000.0,-2200000.0,3200000.0,0.021,73300000.0,48600000.0,556700000.0,0.9,1.455,-1453.693,-1159.0,2961800000.0,0.0,34.77,0.895,0.895,603600000.0,2398900000.0,1047500000.0,1047500000.0,0.0,,,,,0.0,70400000.0,1.0,108702948.0,108702948.0,,9.636,5791300000.0,0.0,3700000.0,143100000.0,53.276,1584400000.0
27,ATI,MRQ,2014-09-30,2014-09-30,2014-09-30,2021-08-03,-653600000.0,6503200000.0,,2415000000.0,4088200000.0,,26.409,-59600000.0,264200000.0,264200000.0,972600000.0,2900000.0,2.876,1.223,1526600000.0,17500000.0,1509100000.0,1526600000.0,0.0,44100000.0,0.0,0.019,0.18,25000000.0,69100000.0,0.065,69100000.0,25000000.0,-200000.0,-0.01,-0.01,-0.01,2871200000.0,,2871200000.0,5216556520.0,29.0,14.629,-60300000.0,-0.555,1.0,97000000.0,0.091,782800000.0,25200000.0,6143200000.0,,1417700000.0,0.0,0.0,0.0,3511500000.0,839600000.0,2671900000.0,4033556520.0,-90900000.0,-200000.0,100000.0,-11300000.0,-19200000.0,-30400000.0,-59800000.0,0.0,-700000.0,0.0,-700000.0,-700000.0,-700000.0,700000.0,3600000.0,-0.001,67700000.0,29300000.0,482700000.0,-18.0,1.405,27.125,26.691,2937100000.0,0.0,37.1,0.986,0.986,623700000.0,2396400000.0,1069600000.0,1069600000.0,0.0,,,,,0.0,68700000.0,1.0,108721200.0,108721200.0,,9.838,5720400000.0,0.0,500000.0,278300000.0,52.615,1575400000.0
28,ATI,MRQ,2014-06-30,2014-06-30,2014-06-30,2021-08-03,-664200000.0,6570900000.0,,2513800000.0,4057100000.0,,26.486,-58300000.0,355100000.0,355100000.0,1029500000.0,-700000.0,2.784,1.245,1538100000.0,17400000.0,1520700000.0,1538100000.0,0.0,43500000.0,0.0,0.016,0.18,21600000.0,65100000.0,0.058,65100000.0,21600000.0,-6900000.0,-0.03,-0.03,-0.03,2875700000.0,,2875700000.0,6005751591.0,46.0,19.373,-38900000.0,-0.358,1.0,89500000.0,0.08,785100000.0,28500000.0,6065800000.0,,1406500000.0,0.0,0.0,0.0,3580200000.0,903000000.0,2677200000.0,4896651591.0,-482600000.0,-21100000.0,0.0,-403300000.0,-19300000.0,-422600000.0,-79400000.0,0.0,19400000.0,0.0,-4000000.0,-4000000.0,-4000000.0,200000.0,3300000.0,-0.004,64400000.0,25100000.0,556300000.0,-6.0,1.703,42.359,41.759,2916800000.0,0.0,45.1,1.226,1.226,650900000.0,2416500000.0,1119000000.0,1119000000.0,0.0,,,,,0.0,65700000.0,1.0,108573206.0,108573206.0,,10.306,5785800000.0,0.0,-2900000.0,255600000.0,53.289,1610800000.0
29,ATI,MRQ,2014-03-31,2014-03-31,2014-03-31,2021-08-03,-694300000.0,6917500000.0,,2895700000.0,4021800000.0,,26.553,-39600000.0,837700000.0,837700000.0,917100000.0,-17900000.0,2.31,1.374,1946800000.0,420000000.0,1526800000.0,1946800000.0,0.0,44000000.0,0.0,0.019,0.18,-900000.0,43100000.0,0.044,43100000.0,-900000.0,-30000000.0,-0.19,-0.19,-0.19,2866300000.0,,2866300000.0,4987935763.0,39.0,15.977,-96500000.0,-0.894,1.0,70200000.0,0.071,775500000.0,29100000.0,5997400000.0,,1408500000.0,0.0,0.0,0.0,3938200000.0,1253700000.0,2684500000.0,4067435763.0,-189100000.0,-69300000.0,-3900000.0,-100000.0,-19300000.0,-23300000.0,-108900000.0,0.0,-56900000.0,0.0,-20000000.0,-20000000.0,-20000000.0,1900000.0,2100000.0,-0.02,67100000.0,3100000.0,518200000.0,-0.947,1.419,32.802,32.765,2889300000.0,0.0,37.68,1.034,1.034,557500000.0,2440700000.0,987300000.0,987300000.0,0.0,,,,,0.0,67700000.0,1.0,107946809.0,107946809.0,,9.146,6142000000.0,0.0,-10000000.0,230300000.0,56.898,1642000000.0
30,ATI,MRQ,2013-12-31,2013-12-31,2013-12-31,2021-08-03,-713200000.0,6898500000.0,,2950800000.0,3947700000.0,,26.803,-217200000.0,1026800000.0,1026800000.0,904000000.0,175600000.0,2.437,1.349,1947300000.0,419900000.0,1527400000.0,1947300000.0,0.0,46400000.0,0.0,0.02,0.18,132900000.0,179300000.0,0.196,179300000.0,132900000.0,114200000.0,1.62,1.62,1.62,2894200000.0,,2894200000.0,5273803577.0,34.0,15.264,-76200000.0,-0.706,1.0,11300000.0,0.012,727900000.0,18700000.0,5880100000.0,,1322100000.0,0.0,0.0,0.0,3903800000.0,1211000000.0,2692800000.0,3847403577.0,491100000.0,600900000.0,0.0,-14400000.0,-19200000.0,-33600000.0,383700000.0,0.0,141000000.0,0.0,173400000.0,173400000.0,173400000.0,-257200000.0,2200000.0,0.189,133400000.0,-122100000.0,471800000.0,0.111,1.329,24.983,24.743,2874100000.0,0.0,35.63,0.952,0.952,528200000.0,2490100000.0,915300000.0,915300000.0,0.0,,,,,0.0,66300000.0,1.0,107982138.0,107982138.0,,8.476,6170600000.0,0.0,-59200000.0,210100000.0,57.145,1739800000.0
31,ATI,MRQ,2013-09-30,2013-09-30,2013-09-30,2021-08-03,-982600000.0,6599300000.0,,2693500000.0,3905800000.0,,22.849,-171800000.0,535700000.0,535700000.0,919300000.0,-32200000.0,2.305,1.636,1962100000.0,419900000.0,1542200000.0,1962100000.0,0.0,46600000.0,0.0,0.024,0.18,-24100000.0,22500000.0,0.023,22500000.0,-24100000.0,-42300000.0,-0.32,-0.32,-0.32,2466700000.0,,2466700000.0,4694573507.0,86.0,18.983,-2400000.0,-0.022,1.0,53100000.0,0.055,728100000.0,18200000.0,6129000000.0,,1344900000.0,0.0,0.0,0.0,4035200000.0,1168600000.0,2866600000.0,3294773507.0,461600000.0,300000.0,0.0,483000000.0,-19300000.0,463700000.0,-171500000.0,0.0,169400000.0,0.0,-33800000.0,-33800000.0,-33800000.0,5400000.0,1600000.0,-0.035,70200000.0,-17100000.0,401900000.0,-0.562,1.336,-370.199,-339.111,2744700000.0,0.0,30.52,0.794,0.794,576900000.0,2335900000.0,972400000.0,972400000.0,0.0,,,,,0.0,70600000.0,1.0,107954571.0,107954571.0,,9.007,5871200000.0,0.0,-8500000.0,60300000.0,54.386,1524900000.0
32,ATI,MRQ,2013-06-30,2013-06-30,2013-06-30,2021-08-03,-1004800000.0,6119600000.0,,2331800000.0,3787800000.0,,23.076,-136800000.0,74100000.0,74100000.0,969100000.0,6600000.0,1.965,1.418,1473900000.0,420300000.0,1053600000.0,1473900000.0,0.0,48400000.0,0.0,0.027,0.18,18900000.0,67300000.0,0.064,67300000.0,18900000.0,5000000.0,0.04,0.04,0.04,2491200000.0,,2491200000.0,4181384763.0,29.0,12.262,-21400000.0,-0.198,1.0,87700000.0,0.083,737000000.0,13900000.0,5595800000.0,,1504900000.0,0.0,0.0,0.0,3532700000.0,1186600000.0,2346100000.0,2840284763.0,-63900000.0,-200000.0,100000.0,-5200000.0,-19200000.0,-42300000.0,-137000000.0,0.0,115400000.0,0.0,4400000.0,4400000.0,4400000.0,-700000.0,2200000.0,0.004,67300000.0,20400000.0,445600000.0,4.5,1.14,47.181,46.982,2692400000.0,0.0,26.31,0.659,0.659,655500000.0,2389100000.0,1056800000.0,1056800000.0,0.0,,,,,0.0,67100000.0,1.0,107954571.0,107954571.0,,9.789,5382600000.0,0.0,600000.0,31800000.0,49.86,1145200000.0
33,ATI,MRQ,2013-03-31,2013-03-31,2013-03-31,2021-08-03,-1016200000.0,6174300000.0,,2446400000.0,3727900000.0,,23.141,-86900000.0,138000000.0,138000000.0,998500000.0,11600000.0,3.009,1.438,1479100000.0,17100000.0,1462000000.0,1479100000.0,0.0,48500000.0,0.0,0.023,0.18,27900000.0,76400000.0,0.07,76400000.0,27900000.0,13500000.0,0.09,0.09,0.09,2487100000.0,,2487100000.0,4583522039.0,20.0,10.712,-144300000.0,-1.343,1.0,100500000.0,0.091,736300000.0,14400000.0,5966000000.0,,1537500000.0,0.0,0.0,0.0,3577600000.0,813100000.0,2764500000.0,3408022039.0,-166600000.0,700000.0,-6300000.0,-100000.0,-19200000.0,-23000000.0,-86200000.0,0.0,-57400000.0,0.0,10000000.0,10000000.0,10000000.0,-300000.0,1600000.0,0.009,71300000.0,29200000.0,479400000.0,2.0,1.37,30.375,30.2,2597200000.0,0.0,31.71,0.739,0.739,681500000.0,2404900000.0,1099000000.0,1099000000.0,0.0,,,,,0.0,72400000.0,1.0,107474678.0,107474678.0,,10.226,5438000000.0,31300000.0,3500000.0,36600000.0,50.598,1633300000.0
34,ATI,MRQ,2012-12-31,2012-12-31,2012-12-31,2021-08-03,-1029400000.0,6247800000.0,,2510600000.0,3737200000.0,,23.106,-136400000.0,304600000.0,304600000.0,901800000.0,13500000.0,2.881,1.476,1480100000.0,17100000.0,1463000000.0,1480100000.0,0.0,48900000.0,0.0,0.024,0.18,32200000.0,81100000.0,0.079,81100000.0,32200000.0,16300000.0,0.1,0.11,0.1,2479600000.0,,2479600000.0,4456417737.0,15.0,8.977,45300000.0,0.422,1.0,119600000.0,0.117,740100000.0,15900000.0,5811700000.0,,1536600000.0,0.0,0.0,0.0,3660700000.0,871500000.0,2789200000.0,3258117737.0,23600000.0,1800000.0,900000.0,-100000.0,-19200000.0,-23500000.0,-134600000.0,0.0,181700000.0,0.0,10500000.0,10500000.0,10500000.0,5500000.0,3000000.0,0.01,78900000.0,40700000.0,499900000.0,1.8,1.314,20.569,20.376,2559900000.0,0.0,30.36,0.698,0.698,613300000.0,2427600000.0,1021400000.0,1021400000.0,0.0,,,,,0.0,78300000.0,1.0,107316131.0,107316131.0,,9.518,5507700000.0,71500000.0,5800000.0,24000000.0,51.322,1639100000.0
35,ATI,MRQ,2012-09-30,2012-09-30,2012-09-30,2021-08-03,-875900000.0,6078800000.0,,2484800000.0,3594000000.0,,24.654,-79900000.0,281000000.0,281000000.0,988800000.0,37300000.0,3.203,1.262,1479300000.0,16800000.0,1462500000.0,1479300000.0,0.0,48900000.0,0.0,0.023,0.18,67300000.0,116200000.0,0.103,116200000.0,67300000.0,50100000.0,0.33,0.32,0.33,2642300000.0,,2642300000.0,4709954875.0,14.0,8.867,106100000.0,0.99,1.0,142700000.0,0.126,740300000.0,17200000.0,5761100000.0,,1460200000.0,0.0,0.0,0.0,3333900000.0,775700000.0,2558200000.0,3418854875.0,70700000.0,600000.0,500000.0,-21500000.0,-19100000.0,-36000000.0,-79300000.0,0.0,186000000.0,0.0,35300000.0,35300000.0,35300000.0,-4000000.0,2000000.0,0.031,77400000.0,65300000.0,409300000.0,0.545,1.294,19.036,18.988,2482300000.0,0.0,31.9,0.724,0.724,685700000.0,2443600000.0,1131500000.0,1131500000.0,0.0,,,,,0.0,77600000.0,1.0,107174134.0,107174134.0,,10.558,5338500000.0,0.0,14800000.0,34700000.0,49.811,1709100000.0
36,ATI,MRQ,2012-06-30,2012-06-30,2012-06-30,2021-08-03,-912400000.0,6080000000.0,,2527500000.0,3552500000.0,,24.046,-95800000.0,210300000.0,210300000.0,1158500000.0,58700000.0,3.069,1.322,1501400000.0,27300000.0,1474100000.0,1501400000.0,0.0,48200000.0,0.0,0.023,0.18,106000000.0,154200000.0,0.114,154200000.0,106000000.0,87400000.0,0.53,0.5,0.53,2575500000.0,,2575500000.0,4675295199.0,12.0,8.082,-17800000.0,-0.166,1.0,198900000.0,0.147,737700000.0,18600000.0,5809900000.0,,1512500000.0,0.0,0.0,0.0,3404500000.0,823500000.0,2581000000.0,3415695199.0,-40000000.0,0.0,500000.0,-4100000.0,-19100000.0,-22200000.0,-95800000.0,0.0,78000000.0,0.0,56400000.0,56400000.0,56400000.0,0.0,2300000.0,0.042,90600000.0,108300000.0,451700000.0,0.34,1.326,16.533,16.438,2444000000.0,0.0,31.89,0.691,0.691,744300000.0,2429800000.0,1357400000.0,1357400000.0,0.0,,,,,0.0,90700000.0,1.0,107108661.0,107108661.0,,12.673,5342300000.0,0.0,31000000.0,36600000.0,49.877,1704000000.0
37,ATI,MRQ,2012-03-31,2012-03-31,2012-03-31,2021-08-03,-925700000.0,6078700000.0,,2574700000.0,3504000000.0,,23.571,-69900000.0,250300000.0,250300000.0,1145500000.0,58300000.0,2.943,1.378,1509900000.0,28400000.0,1481500000.0,1509900000.0,0.0,48000000.0,0.0,0.017,0.18,101900000.0,149900000.0,0.111,149900000.0,101900000.0,82000000.0,0.53,0.5,0.53,2515000000.0,,2515000000.0,5521542499.0,14.0,9.366,-88100000.0,-0.826,1.0,207000000.0,0.153,739000000.0,19900000.0,5724300000.0,,1511400000.0,0.0,0.0,0.0,3464800000.0,875000000.0,2589800000.0,4392842499.0,-130300000.0,900000.0,-23100000.0,-1400000.0,-19100000.0,-43100000.0,-69000000.0,0.0,-18200000.0,0.0,56200000.0,56200000.0,56200000.0,0.0,2100000.0,0.042,103000000.0,104000000.0,505800000.0,0.34,1.747,20.508,20.181,2398100000.0,0.0,41.17,0.89,0.89,753100000.0,2394900000.0,1352500000.0,1352500000.0,0.0,,,,,0.0,103400000.0,1.0,106700085.0,106700085.0,,12.676,5339700000.0,0.0,25800000.0,25600000.0,50.044,1699700000.0
38,ATI,MRQ,2011-12-31,2011-12-31,2011-12-31,2021-08-03,-941600000.0,6046900000.0,,2569500000.0,3477400000.0,,23.273,-109400000.0,380600000.0,380600000.0,788100000.0,34200000.0,2.982,1.404,1509300000.0,27300000.0,1482000000.0,1509300000.0,0.0,47200000.0,0.0,0.015,0.18,63700000.0,110900000.0,0.126,110900000.0,63700000.0,41500000.0,0.29,0.29,0.29,2475300000.0,,2475300000.0,6280798631.0,15.0,10.62,79900000.0,0.751,1.0,92600000.0,0.105,737700000.0,22200000.0,5576100000.0,,1384300000.0,0.0,0.0,0.0,3475300000.0,861800000.0,2613500000.0,5083998631.0,-50900000.0,-300000.0,-900000.0,-118000000.0,-19000000.0,-130500000.0,-109700000.0,0.0,189300000.0,0.0,31700000.0,31700000.0,31700000.0,-11400000.0,2500000.0,0.036,37800000.0,54800000.0,490700000.0,0.621,2.054,23.724,22.871,2368800000.0,0.0,47.8,1.056,1.056,709100000.0,2361500000.0,880700000.0,880700000.0,0.0,,,,,0.0,38300000.0,1.0,106359804.0,106359804.0,,8.28,5309200000.0,0.0,9800000.0,33300000.0,49.917,1707700000.0
39,ATI,MRQ,2011-09-30,2011-09-30,2011-09-30,2021-08-03,-637300000.0,6127000000.0,,2689500000.0,3437500000.0,,25.848,-71100000.0,431500000.0,431500000.0,1136800000.0,64200000.0,2.749,1.195,1628300000.0,144900000.0,1483400000.0,1628300000.0,0.0,46600000.0,0.0,0.019,0.18,116900000.0,163500000.0,0.121,163500000.0,116900000.0,93500000.0,0.59,0.56,0.59,2748700000.0,,2748700000.0,5216400620.0,13.0,9.44,108400000.0,1.019,1.0,215800000.0,0.16,740600000.0,23400000.0,5604700000.0,,1434500000.0,0.0,0.0,0.0,3285700000.0,978500000.0,2307200000.0,3933500620.0,63700000.0,400000.0,300000.0,-20200000.0,-19000000.0,-45100000.0,-70700000.0,0.0,179500000.0,0.0,62300000.0,62300000.0,62300000.0,0.0,1900000.0,0.046,97000000.0,118800000.0,491800000.0,0.305,1.431,19.896,18.872,2307500000.0,0.0,36.99,0.792,0.792,769300000.0,2349700000.0,1352600000.0,1352600000.0,0.0,,,,,0.0,96700000.0,1.0,106339568.0,106339568.0,,12.72,5386400000.0,0.0,31200000.0,195700000.0,50.653,1711000000.0
40,ATI,MRQ,2011-06-30,2011-06-30,2011-06-30,2021-08-03,-639600000.0,6049000000.0,,2691100000.0,3357900000.0,,27.187,-55500000.0,367800000.0,367800000.0,1128600000.0,66000000.0,2.694,1.215,1650700000.0,154200000.0,1496500000.0,1650700000.0,0.0,43200000.0,0.0,0.011,0.18,122000000.0,165200000.0,0.122,165200000.0,122000000.0,98300000.0,0.63,0.59,0.63,2690700000.0,,2690700000.0,7027216760.0,24.0,15.654,-77200000.0,-0.78,1.0,223000000.0,0.165,690600000.0,23700000.0,5642500000.0,,1465400000.0,0.0,0.0,0.0,3269000000.0,998800000.0,2270200000.0,6281616760.0,-448500000.0,-347100000.0,700000.0,-6700000.0,-19100000.0,-24200000.0,-402600000.0,0.0,-21700000.0,0.0,64000000.0,64000000.0,64000000.0,0.0,2000000.0,0.047,99000000.0,124000000.0,503600000.0,0.286,2.335,46.053,45.993,2292700000.0,0.0,63.47,1.344,1.344,808100000.0,2307300000.0,1351600000.0,1351600000.0,0.0,,,,,0.0,99300000.0,1.0,98969856.0,98969856.0,,13.657,5358400000.0,13500000.0,34300000.0,109600000.0,54.142,1692300000.0
41,ATI,MRQ,2011-03-31,2011-03-31,2011-03-31,2021-08-03,-649000000.0,5192500000.0,,2787100000.0,2405400000.0,,21.382,-42200000.0,816300000.0,816300000.0,1022000000.0,58700000.0,3.045,1.416,1561900000.0,139400000.0,1422500000.0,1561900000.0,0.0,37400000.0,0.0,0.011,0.18,114400000.0,151800000.0,0.124,151800000.0,114400000.0,91400000.0,0.58,0.54,0.58,2110500000.0,,2110500000.0,7315272329.0,29.0,18.609,-92500000.0,-0.937,1.0,205400000.0,0.167,209100000.0,23000000.0,4813600000.0,,1231900000.0,0.0,0.0,0.0,2989400000.0,915400000.0,2074000000.0,6684272329.0,384000000.0,500000.0,-900000.0,493000000.0,-17600000.0,476000000.0,-41700000.0,0.0,-50300000.0,0.0,56300000.0,56300000.0,56300000.0,0.0,2400000.0,0.046,88600000.0,116800000.0,505200000.0,0.31,3.167,61.436,60.464,1999200000.0,0.0,67.72,1.528,1.528,694000000.0,2264400000.0,1227400000.0,1227400000.0,0.0,,,,,0.0,88700000.0,1.0,98704553.0,98704553.0,,12.435,4983400000.0,2200000.0,35100000.0,75000000.0,50.488,1871700000.0
42,ATI,MRQ,2010-12-31,2010-12-31,2010-12-31,2021-08-03,-665100000.0,4493600000.0,,2115100000.0,2378500000.0,,20.701,-85900000.0,432300000.0,432300000.0,910300000.0,17400000.0,2.674,1.158,1063300000.0,141400000.0,921900000.0,1063300000.0,0.0,35500000.0,0.0,0.013,0.18,36600000.0,72100000.0,0.069,72100000.0,36600000.0,20300000.0,0.16,0.16,0.16,2040800000.0,,2040800000.0,6057700435.0,34.0,18.819,5100000.0,0.052,1.0,127300000.0,0.123,206800000.0,16300000.0,4126800000.0,,1024500000.0,0.0,0.0,0.0,2364200000.0,791000000.0,1573200000.0,5439900435.0,-11000000.0,1500000.0,100000.0,2000000.0,-17800000.0,-17600000.0,-84400000.0,0.0,91000000.0,0.0,15100000.0,15100000.0,15100000.0,0.0,2300000.0,0.015,88400000.0,38900000.0,394100000.0,1.125,2.666,76.943,75.589,1989300000.0,0.0,55.18,1.344,1.344,545400000.0,2224800000.0,1037600000.0,1037600000.0,0.0,,,,,0.0,88800000.0,1.0,98584640.0,98584640.0,,10.525,4286800000.0,0.0,5200000.0,74200000.0,43.483,1324100000.0
43,ATI,MRQ,2010-09-30,2010-09-30,2010-09-30,2021-08-03,-653900000.0,4489700000.0,,2160700000.0,2329000000.0,,20.778,-35600000.0,443300000.0,443300000.0,969000000.0,3300000.0,3.042,1.151,1061100000.0,21900000.0,1039200000.0,1061100000.0,0.0,36200000.0,0.0,0.016,0.18,23600000.0,59800000.0,0.056,59800000.0,23600000.0,7200000.0,0.01,0.01,0.01,2048200000.0,,2048200000.0,5270170336.0,25.0,14.837,93900000.0,0.953,1.0,89800000.0,0.085,208100000.0,16400000.0,4189000000.0,,1012000000.0,0.0,0.0,0.0,2357000000.0,710400000.0,1646600000.0,4578770336.0,64600000.0,-200000.0,0.0,-10300000.0,-17700000.0,-29100000.0,-35800000.0,0.0,129500000.0,0.0,1000000.0,1000000.0,1000000.0,0.0,2300000.0,0.001,63900000.0,25900000.0,412100000.0,18.0,2.236,49.023,48.385,1939900000.0,0.0,46.45,1.197,1.197,623000000.0,2228400000.0,1058800000.0,1058800000.0,0.0,,,,,0.0,65900000.0,1.0,98574173.0,98574173.0,,10.741,4281600000.0,5400000.0,6200000.0,49100000.0,43.435,1450300000.0
44,ATI,MRQ,2010-06-30,2010-06-30,2010-06-30,2021-08-03,-662800000.0,4397800000.0,,2076600000.0,2321200000.0,,20.797,-46400000.0,378700000.0,378700000.0,900200000.0,38200000.0,3.172,1.106,1070100000.0,38000000.0,1032100000.0,1070100000.0,0.0,35200000.0,0.0,0.016,0.18,74200000.0,109400000.0,0.104,109400000.0,74200000.0,58800000.0,0.37,0.36,0.37,2049400000.0,,2049400000.0,4855451094.0,25.0,14.464,-167800000.0,-1.703,1.0,151800000.0,0.144,204800000.0,15400000.0,4229800000.0,,1053000000.0,0.0,0.0,0.0,2267300000.0,654600000.0,1612700000.0,4354551094.0,-184800000.0,400000.0,300000.0,6100000.0,-17600000.0,-17400000.0,-46000000.0,0.0,-121400000.0,0.0,36400000.0,36400000.0,36400000.0,0.0,1800000.0,0.035,75800000.0,76000000.0,363600000.0,0.486,2.125,46.424,46.031,1933500000.0,0.0,44.19,1.257,1.257,569300000.0,2245200000.0,1052000000.0,1052000000.0,0.0,,,,,0.0,76000000.0,1.0,98541550.0,98541550.0,,10.676,4193000000.0,0.0,22400000.0,16500000.0,42.551,1422000000.0
45,ATI,MRQ,2010-03-31,2010-03-31,2010-03-31,2021-08-03,-673400000.0,4403000000.0,,2090300000.0,2312700000.0,,20.565,-51200000.0,563500000.0,563500000.0,778000000.0,19800000.0,3.021,1.141,1064400000.0,32100000.0,1032300000.0,1064400000.0,0.0,34600000.0,0.0,0.013,0.18,46000000.0,80600000.0,0.09,80600000.0,46000000.0,31400000.0,0.19,0.18,0.19,2019500000.0,,2019500000.0,5664048839.0,46.0,21.954,-123200000.0,-1.255,1.0,121400000.0,0.135,203900000.0,14600000.0,4008000000.0,,971100000.0,0.0,0.0,0.0,2304500000.0,692000000.0,1612500000.0,5301748839.0,-145300000.0,600000.0,100000.0,-6200000.0,-17700000.0,-22700000.0,-50600000.0,0.0,-72000000.0,0.0,18200000.0,18200000.0,18200000.0,0.0,1600000.0,0.02,73800000.0,47600000.0,396700000.0,0.947,2.625,120.494,119.978,1921300000.0,0.0,53.99,1.698,1.698,472600000.0,2227200000.0,899400000.0,899400000.0,0.0,,,,,0.0,74200000.0,1.0,98198719.0,98198719.0,,9.159,4199100000.0,11800000.0,13200000.0,8900000.0,42.761,1398300000.0
46,ATI,MRQ,2009-12-31,2009-12-31,2009-12-31,2021-08-03,-673500000.0,4346000000.0,,1997600000.0,2348400000.0,,20.517,-107300000.0,708800000.0,708800000.0,657300000.0,40400000.0,3.198,1.121,1071100000.0,33500000.0,1037600000.0,1071100000.0,0.0,36000000.0,0.0,0.016,0.18,69400000.0,105400000.0,0.129,105400000.0,69400000.0,59400000.0,0.39,0.38,0.39,2012200000.0,,2012200000.0,4635171922.0,60.0,22.02,-38200000.0,-0.389,1.0,158400000.0,0.194,207800000.0,10000000.0,3875900000.0,,825500000.0,0.0,0.0,0.0,2256400000.0,624600000.0,1631800000.0,4390871922.0,-117500000.0,-43800000.0,-400000.0,600000.0,-35300000.0,-35500000.0,-151100000.0,0.0,69100000.0,0.0,37800000.0,37800000.0,37800000.0,0.0,2600000.0,0.046,86400000.0,72000000.0,308600000.0,0.462,2.182,138.513,135.667,1907900000.0,0.0,44.77,1.437,1.437,392000000.0,2230500000.0,815700000.0,815700000.0,0.0,,,,,0.0,86800000.0,1.0,98076210.0,98076210.0,,8.317,4138200000.0,63100000.0,21600000.0,23700000.0,42.194,1373000000.0
47,ATI,MRQ,2009-09-30,2009-09-30,2009-09-30,2021-08-03,-581800000.0,4380000000.0,,2047100000.0,2332900000.0,,21.195,-96600000.0,826300000.0,826300000.0,603500000.0,4000000.0,3.517,1.071,1070600000.0,20200000.0,1050400000.0,1070600000.0,0.0,32200000.0,0.0,0.021,0.18,8100000.0,40300000.0,0.058,40300000.0,8100000.0,0.0,0.01,0.01,0.01,2078700000.0,,2078700000.0,3654285117.0,21.0,12.181,-28500000.0,-0.291,1.0,94100000.0,0.135,196300000.0,8100000.0,3845900000.0,,737300000.0,0.0,0.0,0.0,2226500000.0,582100000.0,1644400000.0,3431585117.0,-24400000.0,6800000.0,0.0,-3200000.0,0.0,-2700000.0,-89800000.0,0.0,68100000.0,0.0,1400000.0,1400000.0,1400000.0,0.0,2600000.0,0.002,83400000.0,10700000.0,283000000.0,18.0,1.651,32.744,31.809,1852500000.0,0.0,34.99,1.024,1.024,415800000.0,2210800000.0,697600000.0,697600000.0,0.0,,,,,0.0,83700000.0,1.0,98073310.0,98073310.0,,7.113,4183700000.0,20600000.0,-1400000.0,300000.0,42.659,1465000000.0
48,ATI,MRQ,2009-06-30,2009-06-30,2009-06-30,2021-08-03,-594700000.0,4321400000.0,,2018000000.0,2303400000.0,,21.175,-102900000.0,850700000.0,850700000.0,634800000.0,-11700000.0,3.89,1.047,1073400000.0,17500000.0,1055900000.0,1073400000.0,0.0,32100000.0,0.0,0.021,0.18,-400000.0,31700000.0,0.045,31700000.0,-400000.0,-1700000.0,-0.14,-0.14,-0.14,2075500000.0,,2075500000.0,3421259553.0,9.0,6.584,-190500000.0,-1.944,1.0,75200000.0,0.106,197300000.0,1300000.0,3828000000.0,,692900000.0,0.0,0.0,0.0,2173800000.0,518800000.0,1655000000.0,3423759553.0,344700000.0,-700000.0,500000.0,553800000.0,-17700000.0,535900000.0,-103600000.0,0.0,-87600000.0,0.0,-13400000.0,-13400000.0,-13400000.0,0.0,1700000.0,-0.019,64700000.0,10500000.0,236400000.0,-1.286,1.65,13.833,13.698,1787000000.0,0.0,34.93,0.846,0.846,398200000.0,2227200000.0,710000000.0,710000000.0,0.0,,,,,0.0,64400000.0,1.0,98017737.0,98017737.0,,7.244,4124100000.0,49900000.0,11700000.0,35300000.0,42.075,1499200000.0
49,ATI,MRQ,2009-03-31,2009-03-31,2009-03-31,2021-08-03,-747200000.0,4033300000.0,,1745900000.0,2287400000.0,,20.02,-108600000.0,506000000.0,506000000.0,750900000.0,5300000.0,3.2,1.031,503500000.0,14700000.0,488800000.0,503500000.0,0.0,32300000.0,0.0,0.033,0.18,800000.0,33100000.0,0.04,33100000.0,800000.0,900000.0,0.06,0.06,0.06,1951000000.0,,1951000000.0,2177079904.0,3.0,2.833,60300000.0,0.619,1.0,80700000.0,0.097,189100000.0,-100000.0,3296100000.0,,746200000.0,0.0,0.0,0.0,2011000000.0,545600000.0,1465400000.0,2137179904.0,36100000.0,-600000.0,-700000.0,-5600000.0,-17600000.0,-23600000.0,-109200000.0,0.0,168900000.0,0.0,5900000.0,5900000.0,5900000.0,0.0,-600000.0,0.007,80500000.0,200000.0,232600000.0,3.0,1.095,4.972,5.018,1709800000.0,0.0,21.93,0.445,0.445,448800000.0,2260300000.0,831600000.0,831600000.0,0.0,,,,,0.0,80800000.0,1.0,97454624.0,97454624.0,,8.533,3844200000.0,263800000.0,-5000000.0,24800000.0,39.446,1200300000.0
50,ATI,MRQ,2008-12-31,2008-12-31,2008-12-31,2021-08-03,-746500000.0,4170400000.0,,1929400000.0,2241000000.0,,20.327,-150600000.0,469900000.0,469900000.0,890300000.0,111500000.0,2.781,1.094,509800000.0,15200000.0,494600000.0,509800000.0,0.0,32100000.0,0.0,0.028,0.18,162800000.0,194900000.0,0.175,194900000.0,162800000.0,162100000.0,1.17,1.16,1.17,1957400000.0,,1957400000.0,2701666724.0,3.0,2.75,259300000.0,2.693,1.0,222400000.0,0.2,190900000.0,700000.0,3325500000.0,,887600000.0,0.0,0.0,0.0,2141400000.0,693900000.0,1447500000.0,2458366724.0,197300000.0,500000.0,-36900000.0,-5700000.0,-17300000.0,-62500000.0,-150100000.0,0.0,409900000.0,0.0,110900000.0,110900000.0,110900000.0,0.0,600000.0,0.1,59000000.0,163400000.0,278500000.0,0.154,1.256,4.344,4.471,1633600000.0,0.0,25.53,0.463,0.463,530500000.0,2286700000.0,1112700000.0,1112700000.0,0.0,,,,,0.0,59000000.0,1.0,96293252.0,96293252.0,,11.555,3979500000.0,281600000.0,51200000.0,78200000.0,41.327,1235500000.0
51,ATI,MRQ,2008-09-30,2008-09-30,2008-09-30,2021-08-03,-245900000.0,4312000000.0,,2141200000.0,2170800000.0,,23.579,-109700000.0,272600000.0,272600000.0,1085800000.0,147100000.0,2.684,0.823,515900000.0,20900000.0,495000000.0,515900000.0,0.0,30200000.0,0.0,0.024,0.18,229700000.0,259900000.0,0.187,259900000.0,229700000.0,228000000.0,1.46,1.45,1.46,2364700000.0,,2364700000.0,3177321363.0,3.0,3.068,138600000.0,1.382,1.0,306600000.0,0.22,204200000.0,1700000.0,3553300000.0,,1083900000.0,0.0,0.0,0.0,1947300000.0,797800000.0,1149500000.0,2963521363.0,-37600000.0,1500000.0,-153400000.0,-6800000.0,-17700000.0,-177700000.0,-108200000.0,0.0,248300000.0,0.0,144100000.0,144100000.0,144100000.0,0.0,3000000.0,0.103,73900000.0,232700000.0,414400000.0,0.123,1.253,4.907,4.909,1523400000.0,0.0,29.55,0.542,0.542,744500000.0,2230400000.0,1392400000.0,1392400000.0,0.0,,,,,0.0,74300000.0,1.0,100288371.0,100288371.0,,13.884,4107800000.0,35200000.0,83900000.0,71700000.0,40.96,1343400000.0
52,ATI,MRQ,2008-06-30,2008-06-30,2008-06-30,2021-08-03,-204800000.0,4366800000.0,,2268000000.0,2098800000.0,,24.006,-143400000.0,310200000.0,310200000.0,1128900000.0,171200000.0,2.868,0.799,524000000.0,21700000.0,502300000.0,524000000.0,0.0,29200000.0,0.0,0.011,0.18,251400000.0,280600000.0,0.192,280600000.0,251400000.0,250100000.0,1.68,1.66,1.68,2427100000.0,,2427100000.0,6049847254.0,6.0,5.517,-113100000.0,-1.119,1.0,332300000.0,0.227,209700000.0,1300000.0,3580100000.0,,1171200000.0,0.0,0.0,0.0,1939700000.0,790800000.0,1148900000.0,5993447254.0,-157800000.0,-500000.0,-26100000.0,5800000.0,-18200000.0,-44200000.0,-143900000.0,0.0,30300000.0,0.0,168900000.0,168900000.0,168900000.0,0.0,2300000.0,0.116,78600000.0,253700000.0,451200000.0,0.107,2.469,9.168,9.176,1446900000.0,0.0,59.28,1.107,1.107,738300000.0,2104800000.0,1461200000.0,1461200000.0,0.0,,,,,0.0,79200000.0,1.0,101104036.0,101104036.0,,14.452,4157100000.0,36800000.0,81200000.0,31100000.0,41.117,1477200000.0
53,ATI,MRQ,2008-03-31,2008-03-31,2008-03-31,2021-08-03,-215600000.0,4276400000.0,,2317700000.0,1958700000.0,,22.648,-112000000.0,468000000.0,468000000.0,1052800000.0,143700000.0,2.79,0.87,524400000.0,20900000.0,503500000.0,524400000.0,0.0,27300000.0,0.0,0.009,0.18,219700000.0,247000000.0,0.184,247000000.0,219700000.0,219900000.0,1.41,1.4,1.41,2286300000.0,,2286300000.0,7108655250.0,7.0,6.078,-46000000.0,-0.456,1.0,290600000.0,0.216,210200000.0,-200000.0,3291800000.0,,1085500000.0,0.0,0.0,0.0,1990100000.0,830800000.0,1159300000.0,7203755250.0,-155300000.0,300000.0,-76700000.0,-11200000.0,-18200000.0,-109600000.0,-111700000.0,0.0,66000000.0,0.0,142000000.0,142000000.0,142000000.0,0.0,1700000.0,0.106,69200000.0,221400000.0,469200000.0,0.128,3.151,10.421,10.479,1329900000.0,0.0,71.36,1.328,1.328,716000000.0,1954500000.0,1343400000.0,1343400000.0,0.0,,,,,0.0,70200000.0,1.0,100949485.0,100949485.0,,13.308,4066200000.0,49200000.0,77900000.0,94100000.0,40.28,1486900000.0
54,ATI,MRQ,2007-12-31,2007-12-31,2007-12-31,2021-08-03,-235700000.0,4095600000.0,,2248700000.0,1846900000.0,,21.744,-166400000.0,623300000.0,623300000.0,979100000.0,155700000.0,3.194,0.842,528200000.0,20900000.0,507300000.0,528200000.0,0.0,27700000.0,0.0,0.007,0.18,220600000.0,248300000.0,0.195,248300000.0,220600000.0,222800000.0,1.47,1.45,1.47,2223500000.0,,2223500000.0,8701186378.0,8.0,6.933,4300000.0,0.042,1.0,294500000.0,0.231,209800000.0,-2200000.0,3086700000.0,,916100000.0,0.0,0.0,0.0,1872100000.0,704000000.0,1168100000.0,8835286378.0,-40300000.0,-500000.0,-61100000.0,25700000.0,-18300000.0,-44100000.0,-166900000.0,0.0,170700000.0,0.0,148900000.0,148900000.0,148900000.0,0.0,6800000.0,0.117,67100000.0,227400000.0,388400000.0,0.122,3.974,11.826,11.755,1239500000.0,0.0,86.4,1.62,1.62,652200000.0,1830700000.0,1273600000.0,1273600000.0,0.0,,,,,0.0,72400000.0,1.0,102260259.0,102260259.0,,12.454,3885800000.0,60900000.0,73900000.0,0.0,37.999,1544700000.0
55,ATI,MRQ,2007-09-30,2007-09-30,2007-09-30,2021-08-03,-286300000.0,3916800000.0,,2348300000.0,1568500000.0,,20.279,-129500000.0,663600000.0,663600000.0,968100000.0,193900000.0,3.337,0.89,529500000.0,16500000.0,513000000.0,529500000.0,0.0,26600000.0,0.0,0.005,0.13,294100000.0,320700000.0,0.24,320700000.0,294100000.0,294000000.0,1.9,1.88,1.9,2072900000.0,,2072900000.0,11249914235.0,9.0,8.725,164500000.0,1.609,1.0,366900000.0,0.275,209800000.0,100000.0,2869200000.0,,970800000.0,0.0,0.0,0.0,1843900000.0,703700000.0,1140200000.0,11238814235.0,134000000.0,-8000000.0,400000.0,-23600000.0,-13300000.0,-22500000.0,-137500000.0,0.0,294000000.0,0.0,193900000.0,193900000.0,193900000.0,0.0,0.0,0.145,72800000.0,294100000.0,337700000.0,0.068,5.422,14.763,14.64,1096500000.0,0.0,109.95,2.016,2.016,648100000.0,1701600000.0,1335000000.0,1335000000.0,0.0,,,,,0.0,73500000.0,1.0,102217501.0,102217501.0,,13.06,3707000000.0,151500000.0,100100000.0,92100000.0,36.266,1644600000.0
56,ATI,MRQ,2007-06-30,2007-06-30,2007-06-30,2021-08-03,-289900000.0,3786100000.0,,2354600000.0,1431500000.0,,18.422,-93800000.0,529600000.0,529600000.0,1069800000.0,206500000.0,3.084,1.012,540700000.0,22200000.0,518500000.0,540700000.0,0.0,25000000.0,0.0,0.005,0.13,328500000.0,353500000.0,0.24,353500000.0,328500000.0,325900000.0,2.03,2.0,2.03,1881800000.0,,1881800000.0,10738459913.0,9.0,8.668,18700000.0,0.183,1.0,401500000.0,0.273,209400000.0,2600000.0,2824200000.0,,1054000000.0,0.0,0.0,0.0,1904300000.0,763600000.0,1140700000.0,10713659913.0,11600000.0,4200000.0,-48800000.0,-4000000.0,-13300000.0,-11300000.0,-89600000.0,0.0,112500000.0,0.0,206500000.0,206500000.0,206500000.0,0.0,0.0,0.14,73000000.0,328500000.0,445300000.0,0.064,5.693,14.725,14.546,980200000.0,0.0,104.88,1.938,1.938,709900000.0,1524100000.0,1471300000.0,1471300000.0,0.0,,,,,0.0,72700000.0,1.0,102151601.0,102151601.0,,14.403,3576700000.0,144300000.0,119400000.0,66200000.0,35.014,1591000000.0
57,ATI,MRQ,2007-03-31,2007-03-31,2007-03-31,2021-08-03,-278200000.0,3584000000.0,,2235900000.0,1348100000.0,,16.59,-57700000.0,518000000.0,518000000.0,986100000.0,197800000.0,2.884,1.118,542800000.0,20700000.0,522100000.0,542800000.0,0.0,23600000.0,0.0,0.004,0.13,308900000.0,332500000.0,0.242,332500000.0,308900000.0,304600000.0,1.95,1.92,1.95,1691900000.0,,1691900000.0,10931966559.0,11.0,9.748,66600000.0,0.653,1.0,386500000.0,0.282,208500000.0,4300000.0,2624900000.0,,954700000.0,0.0,0.0,0.0,1892100000.0,775400000.0,1116700000.0,10880666559.0,15700000.0,0.0,3700000.0,-22000000.0,-13200000.0,-50900000.0,-57700000.0,0.0,124300000.0,0.0,197800000.0,197800000.0,197800000.0,0.0,0.0,0.144,77600000.0,308900000.0,442100000.0,0.067,6.431,16.352,16.092,909100000.0,0.0,106.69,2.065,2.065,686800000.0,1335800000.0,1372600000.0,1372600000.0,0.0,,,,,0.0,78100000.0,1.0,101983940.0,101983940.0,,13.459,3375500000.0,129400000.0,106800000.0,86700000.0,33.098,1460500000.0
58,ATI,MRQ,2006-12-31,2006-12-31,2006-12-31,2021-08-03,-310800000.0,3280500000.0,,1987900000.0,1292600000.0,,14.921,-74200000.0,502300000.0,502300000.0,1063200000.0,163100000.0,3.091,1.183,553600000.0,23700000.0,529900000.0,553600000.0,0.0,24300000.0,0.0,0.005,0.13,258400000.0,282700000.0,0.202,282700000.0,258400000.0,252700000.0,1.63,1.59,1.63,1502900000.0,,1502900000.0,9282543343.0,10.0,9.452,55900000.0,0.555,1.0,333700000.0,0.239,206500000.0,5700000.0,2482200000.0,,798700000.0,0.0,0.0,0.0,1777600000.0,643100000.0,1134500000.0,9133643343.0,96400000.0,-1300000.0,4900000.0,-1800000.0,-13100000.0,41800000.0,-75500000.0,0.0,130100000.0,0.0,163100000.0,163100000.0,163100000.0,0.0,0.0,0.117,75300000.0,258400000.0,355100000.0,0.08,6.077,15.909,15.743,871700000.0,0.0,90.68,1.85,1.85,610900000.0,1166600000.0,1396900000.0,1396900000.0,0.0,,,,,0.0,74200000.0,1.0,100723901.0,100723901.0,,13.869,3074000000.0,145600000.0,89600000.0,0.0,30.519,1344800000.0
59,ATI,MRQ,2006-09-30,2006-09-30,2006-09-30,2021-08-03,-356600000.0,3523400000.0,,2132500000.0,1390900000.0,,12.271,-58600000.0,405900000.0,405900000.0,966100000.0,160200000.0,2.42,1.854,554800000.0,24300000.0,530500000.0,554800000.0,0.0,22000000.0,0.0,0.006,0.1,248100000.0,270100000.0,0.21,270100000.0,248100000.0,243800000.0,1.6,1.56,1.6,1234400000.0,,1234400000.0,6501821581.0,9.0,8.189,91800000.0,0.913,1.0,322300000.0,0.25,206100000.0,4300000.0,2584900000.0,,1044300000.0,0.0,0.0,0.0,2289000000.0,881300000.0,1407700000.0,6255921581.0,92700000.0,300000.0,900000.0,-7600000.0,-10000000.0,600000.0,-58300000.0,0.0,150400000.0,0.0,160200000.0,160200000.0,160200000.0,0.0,0.0,0.124,74200000.0,248100000.0,578600000.0,0.062,5.068,11.75,11.538,813700000.0,0.0,62.19,1.411,1.411,631500000.0,1002600000.0,1288400000.0,1288400000.0,0.0,,,,,0.0,72800000.0,1.0,100593690.0,100593690.0,,12.808,3317300000.0,178600000.0,83600000.0,38700000.0,32.977,1251200000.0
60,ATI,MRQ,2006-06-30,2006-06-30,2006-06-30,2021-08-03,-353900000.0,3115400000.0,,1769100000.0,1346300000.0,,10.704,-50400000.0,313200000.0,313200000.0,918700000.0,144300000.0,2.72,1.903,559100000.0,21100000.0,538000000.0,559100000.0,0.0,20600000.0,0.0,0.005,0.1,215500000.0,236100000.0,0.195,236100000.0,215500000.0,209700000.0,1.45,1.41,1.45,1073300000.0,,1073300000.0,7142283964.0,13.0,11.169,-55300000.0,-0.552,1.0,292100000.0,0.241,206000000.0,5800000.0,2504800000.0,,835600000.0,0.0,0.0,0.0,2042100000.0,650500000.0,1391600000.0,6942483964.0,-45900000.0,1700000.0,10400000.0,-1600000.0,-10100000.0,7700000.0,-48700000.0,0.0,-4900000.0,0.0,144300000.0,144300000.0,144300000.0,0.0,0.0,0.119,76600000.0,215500000.0,396700000.0,0.069,6.468,15.076,14.732,777400000.0,0.0,69.24,1.732,1.732,560400000.0,854700000.0,1210800000.0,1210800000.0,0.0,,,,,0.0,75400000.0,1.0,100266955.0,100266955.0,,12.076,2909400000.0,189900000.0,65400000.0,27100000.0,29.017,1118600000.0
61,ATI,MRQ,2006-03-31,2006-03-31,2006-03-31,2021-08-03,-376500000.0,2924100000.0,,1635000000.0,1289100000.0,,9.057,-53100000.0,359100000.0,359100000.0,792400000.0,106500000.0,2.491,2.249,558900000.0,18000000.0,540900000.0,558900000.0,0.0,19300000.0,0.0,0.005,0.1,173900000.0,193200000.0,0.186,193200000.0,173900000.0,166400000.0,1.08,1.04,1.08,900000000.0,,900000000.0,6277420653.0,14.0,11.891,-17100000.0,-0.172,1.0,248100000.0,0.238,200600000.0,7500000.0,2266900000.0,,701700000.0,0.0,0.0,0.0,2024100000.0,656400000.0,1367700000.0,6079720653.0,-3600000.0,-200000.0,16900000.0,-3200000.0,-9900000.0,13700000.0,-53300000.0,0.0,36000000.0,0.0,106500000.0,106500000.0,106500000.0,0.0,0.0,0.102,74200000.0,173900000.0,368000000.0,0.093,6.755,14.905,14.532,742900000.0,0.0,61.18,1.643,1.643,512200000.0,724400000.0,1040500000.0,1040500000.0,0.0,,,,,0.0,72900000.0,1.0,99374316.0,99374316.0,,10.471,2723500000.0,184600000.0,59900000.0,49600000.0,27.406,978600000.0
62,ATI,MRQ,2005-12-31,2005-12-31,2005-12-31,2021-08-03,-369400000.0,2731600000.0,,1484000000.0,1247600000.0,,8.183,-49500000.0,362700000.0,362700000.0,716100000.0,121400000.0,2.646,2.415,560400000.0,13400000.0,547000000.0,560400000.0,0.0,22800000.0,0.0,0.008,0.1,71800000.0,94600000.0,0.106,94600000.0,71800000.0,64100000.0,1.26,1.19,1.26,799900000.0,,799900000.0,3721521335.0,11.0,8.732,-21300000.0,-0.218,1.0,178300000.0,0.199,199700000.0,7700000.0,2168700000.0,,607100000.0,0.0,0.0,0.0,1931700000.0,560900000.0,1370800000.0,3526821335.0,-9000000.0,1900000.0,6200000.0,-22600000.0,-9700000.0,10400000.0,-47600000.0,0.0,28200000.0,0.0,121400000.0,121400000.0,121400000.0,0.0,0.0,0.136,104500000.0,73800000.0,312900000.0,0.079,4.409,9.732,9.57,704900000.0,0.0,36.08,0.996,0.996,442100000.0,642600000.0,894400000.0,894400000.0,0.0,,,,,0.0,79200000.0,1.0,97750037.0,97750037.0,,9.15,2531900000.0,178100000.0,-57300000.0,0.0,25.902,923100000.0
63,ATI,MRQ,2005-09-30,2005-09-30,2005-09-30,2021-08-03,-295200000.0,2653100000.0,,1486900000.0,1166200000.0,,7.568,-21400000.0,371700000.0,371700000.0,698800000.0,88300000.0,2.905,2.625,566400000.0,19700000.0,546700000.0,566400000.0,0.0,18700000.0,0.0,0.008,0.06,96900000.0,115600000.0,0.134,115600000.0,96900000.0,87000000.0,0.91,0.87,0.91,731800000.0,,731800000.0,3310910208.0,10.0,8.35,114400000.0,1.183,1.0,162900000.0,0.189,202800000.0,9900000.0,2133100000.0,,609400000.0,0.0,0.0,0.0,1921300000.0,511900000.0,1409400000.0,2995810208.0,118500000.0,-2700000.0,13600000.0,-1800000.0,-5900000.0,6800000.0,-24100000.0,0.0,135800000.0,0.0,88300000.0,88300000.0,88300000.0,0.0,0.0,0.102,66000000.0,96900000.0,270800000.0,0.066,4.094,10.854,10.61,705300000.0,0.0,30.98,0.875,0.875,431700000.0,541400000.0,861700000.0,861700000.0,0.0,,,,,0.0,64400000.0,1.0,96701427.0,96701427.0,,8.911,2450300000.0,59300000.0,-1300000.0,0.0,25.339,975000000.0
64,ATI,MRQ,2005-06-30,2005-06-30,2005-06-30,2021-08-03,-325500000.0,2505300000.0,,1351900000.0,1153400000.0,,6.246,-12600000.0,253200000.0,253200000.0,732500000.0,91700000.0,2.699,3.155,568300000.0,20200000.0,548100000.0,568300000.0,0.0,19200000.0,0.0,0.011,0.06,105300000.0,124500000.0,0.138,124500000.0,105300000.0,94700000.0,0.96,0.91,0.96,602900000.0,,602900000.0,2474338370.0,10.0,7.798,51900000.0,0.538,1.0,171700000.0,0.19,203900000.0,10600000.0,2115700000.0,,628700000.0,0.0,0.0,0.0,1902400000.0,500800000.0,1401600000.0,2129238369.0,22000000.0,-18300000.0,1800000.0,-15400000.0,-5700000.0,-11600000.0,-30900000.0,0.0,64500000.0,0.0,91700000.0,91700000.0,91700000.0,0.0,0.0,0.101,66400000.0,105300000.0,277000000.0,0.062,3.532,10.847,10.455,701400000.0,0.0,22.06,0.647,0.647,435400000.0,472400000.0,904200000.0,904200000.0,0.0,,,,,0.0,65400000.0,1.0,96520325.0,96520325.0,,9.368,2301400000.0,61600000.0,3000000.0,0.0,23.844,851100000.0
65,ATI,MRQ,2005-03-31,2005-03-31,2005-03-31,2021-08-03,-312400000.0,2426100000.0,,1272900000.0,1153200000.0,,5.483,-7200000.0,231200000.0,231200000.0,738300000.0,61000000.0,2.471,3.614,576300000.0,26700000.0,549600000.0,576300000.0,0.0,17800000.0,0.0,0.01,0.06,73700000.0,91500000.0,0.104,91500000.0,73700000.0,63300000.0,0.64,0.61,0.64,525800000.0,,525800000.0,2643864872.0,15.0,10.734,-11900000.0,-0.124,1.0,141300000.0,0.161,206600000.0,10400000.0,2049500000.0,,568100000.0,0.0,0.0,0.0,1900300000.0,515100000.0,1385200000.0,2311964872.0,-19600000.0,-600000.0,4500000.0,-11600000.0,-5800000.0,-7100000.0,-7800000.0,0.0,-4700000.0,0.0,61000000.0,61000000.0,61000000.0,0.0,0.0,0.069,67600000.0,73700000.0,281400000.0,0.094,4.397,17.622,16.291,709500000.0,0.0,24.11,0.762,0.762,425600000.0,388300000.0,879600000.0,879600000.0,0.0,,,,,0.0,66800000.0,1.0,95892363.0,95892363.0,,9.173,2219500000.0,53400000.0,2300000.0,0.0,23.146,757800000.0
66,ATI,MRQ,2004-12-31,2004-12-31,2004-12-31,2021-08-03,-331300000.0,2315700000.0,,1160200000.0,1155500000.0,,4.46,-3800000.0,250800000.0,250800000.0,673100000.0,35000000.0,2.354,4.437,582700000.0,29400000.0,553300000.0,582700000.0,0.0,19700000.0,0.0,0.011,0.06,45200000.0,64900000.0,0.083,64900000.0,45200000.0,35000000.0,0.41,0.4,0.41,425900000.0,,425900000.0,2398137268.0,43.0,18.251,11800000.0,0.124,1.0,105000000.0,0.135,205300000.0,10200000.0,1949500000.0,,513000000.0,0.0,0.0,0.0,1889800000.0,492800000.0,1397000000.0,2069537268.0,-11800000.0,-4300000.0,2500000.0,-20600000.0,-11500000.0,-19300000.0,-8100000.0,0.0,15600000.0,0.0,35000000.0,35000000.0,35000000.0,0.0,0.0,0.045,59800000.0,45200000.0,271200000.0,0.146,4.859,104.522,94.217,718300000.0,0.0,21.67,0.757,0.757,357900000.0,345500000.0,778100000.0,778100000.0,0.0,,,,,0.0,65000000.0,1.0,95502412.0,95502412.0,,8.147,2110400000.0,53000000.0,0.0,0.0,22.098,667400000.0
67,ATI,MRQ,2004-09-30,2004-09-30,2004-09-30,2021-08-03,-334700000.0,2288900000.0,,1119600000.0,1169300000.0,,4.096,-14300000.0,262600000.0,262600000.0,653700000.0,8600000.0,2.188,4.864,591200000.0,33900000.0,557300000.0,591200000.0,0.0,18500000.0,0.0,0.013,0.06,17900000.0,36400000.0,0.05,36400000.0,17900000.0,8600000.0,0.1,0.09,0.1,390300000.0,,390300000.0,2262414294.0,-17.0,-39.075,-27400000.0,-0.288,1.0,76900000.0,0.105,204600000.0,9300000.0,1901200000.0,,460800000.0,0.0,0.0,0.0,1898600000.0,511700000.0,1386900000.0,1738914294.0,198600000.0,-500000.0,232200000.0,-4800000.0,-4800000.0,226500000.0,-14800000.0,0.0,-13100000.0,0.0,8600000.0,8600000.0,8600000.0,0.0,0.0,0.012,59000000.0,17900000.0,259100000.0,0.6,4.455,-7.015,-5.925,727200000.0,0.0,18.25,0.713,0.713,365200000.0,320600000.0,730600000.0,730600000.0,0.0,,,,,0.0,56800000.0,1.0,95282975.0,95282975.0,,7.668,2084300000.0,34300000.0,0.0,0.0,21.875,607900000.0
68,ATI,MRQ,2004-06-30,2004-06-30,2004-06-30,2021-08-03,-340200000.0,2058600000.0,,887100000.0,1171500000.0,,1.842,-13100000.0,64000000.0,64000000.0,593900000.0,26600000.0,1.798,12.752,587500000.0,35900000.0,551600000.0,587500000.0,0.0,19100000.0,0.0,0.013,0.06,34400000.0,53500000.0,0.083,53500000.0,34400000.0,26600000.0,0.33,0.31,0.33,149700000.0,,149700000.0,1933967557.0,-10.0,-16.13,8700000.0,0.107,1.0,52600000.0,0.081,201300000.0,7800000.0,1887500000.0,,451100000.0,0.0,0.0,0.0,1908900000.0,493300000.0,1415600000.0,1467067557.0,-3300000.0,-7700000.0,700000.0,-200000.0,-4900000.0,-4300000.0,-20800000.0,0.0,21800000.0,0.0,26600000.0,26600000.0,26600000.0,0.0,0.0,0.041,18200000.0,34400000.0,245500000.0,0.182,9.8,-5.142,-5.099,733400000.0,0.0,18.05,0.669,0.669,337800000.0,438900000.0,646500000.0,646500000.0,0.0,,,,,0.0,57800000.0,1.0,81277981.0,81277981.0,,7.954,1857300000.0,34600000.0,0.0,0.0,22.851,393800000.0
69,ATI,MRQ,2004-03-31,2004-03-31,2004-03-31,2021-08-03,-330200000.0,1941300000.0,,782800000.0,1158500000.0,,1.684,-12100000.0,67300000.0,67300000.0,567400000.0,-50400000.0,1.745,13.243,534200000.0,21800000.0,512400000.0,534200000.0,0.0,18800000.0,0.0,0.02,0.06,-42200000.0,-23400000.0,-0.04,-23400000.0,-42200000.0,-50400000.0,-0.63,-0.63,-0.63,136300000.0,,136300000.0,1432010512.0,-5.0,-7.67,-12300000.0,-0.152,1.0,10400000.0,0.018,206300000.0,8200000.0,1753200000.0,,366900000.0,0.0,0.0,0.0,1805000000.0,448700000.0,1356300000.0,979510512.0,-12300000.0,1200000.0,1900000.0,-6200000.0,0.0,-1200000.0,-10900000.0,0.0,-200000.0,0.0,-50400000.0,-50400000.0,-50400000.0,0.0,0.0,-0.087,52600000.0,-42200000.0,219400000.0,-0.095,7.186,-2.899,-2.888,711200000.0,0.0,12.1,0.481,0.481,311000000.0,418900000.0,577800000.0,577800000.0,0.0,,,,,0.0,53700000.0,1.0,80951282.0,80951282.0,,7.138,1735000000.0,34600000.0,0.0,0.0,21.433,334100000.0
70,ATI,MRQ,2003-12-31,2003-12-31,2003-12-31,2021-08-03,-341800000.0,1903200000.0,,743300000.0,1159900000.0,,2.166,-13100000.0,79600000.0,79600000.0,474200000.0,-232700000.0,1.883,9.894,532100000.0,27800000.0,504300000.0,532100000.0,0.0,18900000.0,0.0,0.018,0.06,-143300000.0,-124400000.0,-0.257,-124400000.0,-143300000.0,-151100000.0,-2.88,-2.88,-2.88,174700000.0,,174700000.0,1519193572.0,-6.0,-8.478,16800000.0,0.208,1.0,10200000.0,0.021,198400000.0,7800000.0,1762600000.0,,359700000.0,0.0,0.0,0.0,1728500000.0,394700000.0,1333800000.0,1066093572.0,1100000.0,-10200000.0,200000.0,-1800000.0,-4800000.0,-5500000.0,-23300000.0,0.0,29900000.0,0.0,-232700000.0,-232700000.0,-232700000.0,0.0,0.0,-0.48,153500000.0,-143300000.0,172300000.0,-0.021,6.102,-3.389,-3.398,711100000.0,0.0,13.22,0.55,0.55,248800000.0,483800000.0,484400000.0,484400000.0,0.0,,,,,0.0,87400000.0,1.0,80642479.0,80642479.0,,6.007,1704800000.0,59800000.0,81600000.0,0.0,21.14,348600000.0
71,ATI,MRQ,2003-09-30,2003-09-30,2003-09-30,2021-08-03,-408200000.0,2098100000.0,,807000000.0,1291100000.0,,4.263,-22700000.0,78500000.0,78500000.0,464400000.0,-28800000.0,2.21,5.062,531600000.0,12400000.0,519200000.0,531600000.0,0.0,18600000.0,0.0,0.037,0.06,-44200000.0,-25600000.0,-0.053,-25600000.0,-44200000.0,-48300000.0,-0.36,-0.36,-0.36,346100000.0,,346100000.0,996314346.0,-6.0,-11.478,12300000.0,0.151,1.0,18200000.0,0.038,194800000.0,4100000.0,1991200000.0,,377100000.0,0.0,0.0,0.0,1752000000.0,365200000.0,1386800000.0,531814346.0,12300000.0,-2200000.0,0.0,14200000.0,-4900000.0,2200000.0,-24900000.0,0.0,35000000.0,0.0,-28800000.0,-28800000.0,-28800000.0,0.0,0.0,-0.06,62400000.0,-44200000.0,175500000.0,-0.167,1.537,-4.373,-4.309,751200000.0,0.0,6.55,0.279,0.279,275500000.0,721800000.0,482600000.0,482600000.0,0.0,,,,,0.0,60300000.0,1.0,81193030.0,81193030.0,,5.944,1903300000.0,164700000.0,-19500000.0,0.0,23.442,441800000.0
72,ATI,MRQ,2003-06-30,2003-06-30,2003-06-30,2021-08-03,-402200000.0,2103100000.0,,811300000.0,1291800000.0,,4.844,-17000000.0,66200000.0,66200000.0,469100000.0,-26000000.0,2.368,4.362,530700000.0,7100000.0,523600000.0,530700000.0,0.0,19100000.0,0.0,0.058,0.06,-32400000.0,-13300000.0,-0.027,-13300000.0,-32400000.0,-40800000.0,-0.32,-0.32,-0.32,392200000.0,,392200000.0,943843055.0,-8.0,-21.748,-45100000.0,-0.557,1.0,20800000.0,0.042,196000000.0,8400000.0,2029000000.0,,416600000.0,0.0,0.0,0.0,1710900000.0,342600000.0,1368300000.0,534343055.0,-45200000.0,800000.0,0.0,6600000.0,-4900000.0,-900000.0,-16200000.0,0.0,-28100000.0,0.0,-26000000.0,-26000000.0,-26000000.0,0.0,0.0,-0.053,53200000.0,-32400000.0,175100000.0,-0.188,1.362,-5.327,-5.28,748600000.0,0.0,6.6,0.282,0.282,274800000.0,764500000.0,489900000.0,489900000.0,0.0,,,,,0.0,53400000.0,1.0,80961069.0,80961069.0,,6.051,1907100000.0,136200000.0,-14800000.0,0.0,23.556,468700000.0
73,ATI,MRQ,2003-03-31,2003-03-31,2003-03-31,2021-08-03,-403200000.0,2106600000.0,,833100000.0,1273500000.0,,5.235,-11800000.0,111400000.0,111400000.0,465900000.0,-27100000.0,2.361,3.99,520900000.0,10000000.0,510900000.0,520900000.0,0.0,18000000.0,0.0,0.179,0.06,-33900000.0,-15900000.0,-0.033,-15900000.0,-33900000.0,-41300000.0,-0.34,-0.34,-0.34,422200000.0,,422200000.0,693566959.0,-7.0,-68.67,33400000.0,0.414,1.0,14600000.0,0.03,195800000.0,7400000.0,1967500000.0,,412000000.0,0.0,0.0,0.0,1684400000.0,352800000.0,1331600000.0,233866959.0,52000000.0,5900000.0,0.0,5800000.0,-4800000.0,12700000.0,-5900000.0,0.0,45200000.0,0.0,-27100000.0,-27100000.0,-27100000.0,0.0,0.0,-0.056,47200000.0,-32600000.0,178100000.0,-0.176,0.554,-2.859,-2.843,749200000.0,0.0,2.9,0.123,0.123,260400000.0,795500000.0,480500000.0,480500000.0,0.0,,,,,0.0,47700000.0,1.0,80643779.0,80643779.0,,5.958,1910800000.0,123800000.0,-14200000.0,0.0,23.694,480300000.0
74,ATI,MRQ,2002-12-31,2002-12-31,2002-12-31,2021-08-03,-407700000.0,2093200000.0,,795700000.0,1297500000.0,,5.566,-3600000.0,59400000.0,59400000.0,428000000.0,-39700000.0,2.327,3.664,519100000.0,9700000.0,509400000.0,519100000.0,0.0,21500000.0,0.0,0.106,0.06,-53500000.0,-32000000.0,-0.07,-32000000.0,-53500000.0,-61700000.0,-0.5,-0.5,-0.5,448800000.0,,448800000.0,951859258.0,-14.0,46.432,-3700000.0,-0.046,1.0,26200000.0,0.058,194400000.0,8200000.0,2016500000.0,,392300000.0,0.0,0.0,0.0,1644400000.0,342000000.0,1302400000.0,502359258.0,-15800000.0,200000.0,0.0,-9400000.0,-4900000.0,-9600000.0,-6100000.0,0.0,-100000.0,0.0,-39700000.0,-39700000.0,-39700000.0,0.0,0.0,-0.087,79700000.0,-53500000.0,171300000.0,-0.12,1.119,-7.635,-7.598,757600000.0,0.0,6.23,0.263,0.263,239300000.0,835100000.0,454200000.0,454200000.0,0.0,,,,,0.0,41400000.0,1.0,80635515.0,80635515.0,,5.633,1898800000.0,158100000.0,-22000000.0,0.0,23.548,453700000.0
75,ATI,MRQ,2002-09-30,2002-09-30,2002-09-30,2021-08-03,-8300000.0,2548800000.0,,834700000.0,1714100000.0,,11.073,-10400000.0,75200000.0,75200000.0,419700000.0,-7500000.0,2.277,1.855,524700000.0,16100000.0,508600000.0,524700000.0,0.0,23100000.0,0.0,0.116,0.2,-5300000.0,17800000.0,0.038,17800000.0,-5300000.0,-13600000.0,-0.09,-0.09,-0.09,892900000.0,,892900000.0,997200539.0,-12.0,89.838,23000000.0,0.285,1.0,49600000.0,0.106,192800000.0,8300000.0,2438900000.0,,420400000.0,0.0,0.0,0.0,1655900000.0,366600000.0,1289300000.0,558000539.0,5000000.0,100000.0,0.0,-4000000.0,-16100000.0,-18100000.0,-10300000.0,0.0,33400000.0,0.0,-7500000.0,-7500000.0,-7500000.0,0.0,0.0,-0.016,54900000.0,-5300000.0,167900000.0,-2.222,0.625,-7.761,-7.775,802500000.0,0.0,6.92,0.287,0.287,254600000.0,879600000.0,469300000.0,469300000.0,0.0,,,,,0.0,47100000.0,1.0,80635916.0,80635916.0,,5.82,2356000000.0,57100000.0,-6100000.0,170000000.0,29.218,468100000.0
76,ATI,MRQ,2002-06-30,2002-06-30,2002-06-30,2021-08-03,-14200000.0,2543500000.0,,836500000.0,1707000000.0,,11.295,-10100000.0,70200000.0,70200000.0,444100000.0,-7500000.0,2.404,1.795,509400000.0,14800000.0,494600000.0,509400000.0,0.0,22600000.0,0.0,0.051,0.2,-2600000.0,20000000.0,0.041,20000000.0,-2600000.0,-10500000.0,-0.09,-0.09,-0.09,910100000.0,,910100000.0,1768014862.0,-33.0,44.2,78900000.0,0.979,1.0,47100000.0,0.096,189700000.0,7900000.0,2445000000.0,,424500000.0,0.0,0.0,0.0,1633400000.0,348000000.0,1285400000.0,1273114862.0,39700000.0,-600000.0,0.0,-45000000.0,-16100000.0,-38600000.0,-10700000.0,0.0,89000000.0,0.0,-7500000.0,-7500000.0,-7500000.0,0.0,0.0,-0.015,49700000.0,-2600000.0,168600000.0,-2.222,1.399,-22.573,-22.571,811600000.0,0.0,15.8,0.632,0.632,265200000.0,903900000.0,491200000.0,491200000.0,0.0,,,,,0.0,49300000.0,1.0,80576890.0,80576890.0,,6.096,2353800000.0,51000000.0,-3000000.0,170500000.0,29.212,488500000.0
77,ATI,MRQ,2002-03-31,2002-03-31,2002-03-31,2021-08-03,-17500000.0,2567600000.0,,857500000.0,1710100000.0,,11.542,-15400000.0,30500000.0,30500000.0,452700000.0,-11100000.0,2.532,1.761,525400000.0,16400000.0,509000000.0,525400000.0,0.0,22800000.0,0.0,0.048,0.2,-8100000.0,14700000.0,0.03,14700000.0,-8100000.0,-18000000.0,-0.14,-0.14,-0.14,929900000.0,,929900000.0,1881096027.0,-56.0,29.859,66500000.0,0.825,1.0,40400000.0,0.082,188500000.0,9900000.0,2535300000.0,,461200000.0,0.0,0.0,0.0,1637700000.0,338700000.0,1299000000.0,1332596027.0,-3200000.0,2700000.0,0.0,-112600000.0,-16100000.0,-72400000.0,-12700000.0,0.0,81900000.0,0.0,-11100000.0,-11100000.0,-11100000.0,0.0,0.0,-0.023,50500000.0,-10100000.0,155000000.0,-1.429,1.433,-31.208,-31.208,821500000.0,0.0,16.54,0.641,0.641,291200000.0,927700000.0,493100000.0,493100000.0,0.0,,,,,0.0,50500000.0,1.0,80568079.0,80568079.0,,6.12,2379100000.0,45500000.0,-6900000.0,166900000.0,29.529,518800000.0
78,ATI,MRQ,2001-12-31,2001-12-31,2001-12-31,2021-08-03,-25700000.0,2643200000.0,,926100000.0,1717100000.0,,11.77,-21600000.0,33700000.0,33700000.0,431300000.0,-45800000.0,2.784,1.798,582200000.0,9200000.0,573000000.0,582200000.0,0.0,23900000.0,0.0,0.048,0.2,-65300000.0,-41400000.0,-0.084,-41400000.0,-65300000.0,-71900000.0,-0.57,-0.57,-0.57,944700000.0,,944700000.0,1891266943.0,-266.0,20.67,6800000.0,0.085,1.0,61800000.0,0.125,188400000.0,6600000.0,2670600000.0,,508400000.0,0.0,0.0,0.0,1698500000.0,332700000.0,1365800000.0,1344366943.0,-4100000.0,17900000.0,-2800000.0,-297100000.0,-16100000.0,-18400000.0,-14100000.0,0.0,28400000.0,0.0,-45800000.0,-45800000.0,-45800000.0,0.0,0.0,-0.093,127100000.0,-65300000.0,155300000.0,-0.351,1.423,-53.348,-54.032,828900000.0,0.0,16.75,0.632,0.632,274600000.0,957500000.0,493100000.0,493100000.0,0.0,,,,,0.0,52600000.0,1.0,80260713.0,80260713.0,,6.144,2454800000.0,82000000.0,-26100000.0,153700000.0,30.585,593400000.0
79,ATI,MRQ,2001-09-30,2001-09-30,2001-09-30,2021-08-03,-28900000.0,2774900000.0,,1001200000.0,1773700000.0,,12.494,-28700000.0,37800000.0,37800000.0,470300000.0,8000000.0,1.334,1.768,584700000.0,384200000.0,200500000.0,584700000.0,0.0,25100000.0,0.0,0.06,0.2,21600000.0,46700000.0,0.087,46700000.0,21600000.0,14500000.0,0.1,0.1,0.1,1002600000.0,,1002600000.0,1614584352.0,21.0,9.237,15200000.0,0.189,1.0,67400000.0,0.125,191100000.0,7100000.0,2380100000.0,,548200000.0,0.0,0.0,0.0,1772300000.0,750600000.0,1021700000.0,1069684352.0,15600000.0,0.0,0.0,32600000.0,-16000000.0,300000.0,-28600000.0,0.0,43900000.0,0.0,8000000.0,8000000.0,8000000.0,0.0,0.0,0.015,45800000.0,21600000.0,176300000.0,2.0,1.067,41.142,39.206,883500000.0,0.0,13.33,0.482,0.482,310500000.0,1020000000.0,537700000.0,537700000.0,0.0,,,,,0.0,45300000.0,1.0,80246388.0,80246388.0,,6.701,2583800000.0,77200000.0,6500000.0,170900000.0,32.198,250600000.0
80,ATI,MRQ,2001-06-30,2001-06-30,2001-06-30,2021-08-03,-28700000.0,2795300000.0,,1045700000.0,1749600000.0,,12.598,-24900000.0,22200000.0,22200000.0,483800000.0,6200000.0,2.431,1.767,567100000.0,57600000.0,509500000.0,567100000.0,0.0,24800000.0,0.0,0.044,0.2,18200000.0,43000000.0,0.078,43000000.0,18200000.0,10600000.0,0.08,0.08,0.08,1010400000.0,,1010400000.0,1986457418.0,15.0,8.596,-1400000.0,-0.017,1.0,70900000.0,0.128,192200000.0,7600000.0,2717800000.0,,562600000.0,0.0,0.0,0.0,1784900000.0,430200000.0,1354700000.0,1450857418.0,-1300000.0,0.0,3000000.0,17600000.0,-16100000.0,-7100000.0,-17700000.0,0.0,23500000.0,0.0,6200000.0,6200000.0,6200000.0,0.0,0.0,0.011,52700000.0,18200000.0,174200000.0,2.5,1.436,24.141,23.803,877200000.0,0.0,18.09,0.632,0.632,333600000.0,1028700000.0,554700000.0,554700000.0,0.0,,,,,0.0,52500000.0,1.0,80202179.0,80202179.0,,6.916,2603100000.0,100200000.0,4400000.0,190700000.0,32.457,615500000.0
81,ATI,MRQ,2001-03-31,2001-03-31,2001-03-31,2021-08-03,-22700000.0,2812200000.0,,1040100000.0,1772100000.0,,12.785,-24700000.0,23500000.0,23500000.0,476900000.0,6400000.0,2.346,1.745,559100000.0,57600000.0,501500000.0,559100000.0,0.0,24800000.0,0.0,0.046,0.2,18400000.0,43200000.0,0.08,43200000.0,18400000.0,10400000.0,0.08,0.08,0.08,1024500000.0,,1024500000.0,1912718176.0,10.0,6.614,2300000.0,0.029,1.0,65600000.0,0.121,193900000.0,8000000.0,2710600000.0,,577600000.0,0.0,0.0,0.0,1787700000.0,443300000.0,1344400000.0,1395118176.0,-2700000.0,0.0,-3000000.0,27800000.0,-16000000.0,-5100000.0,-24600000.0,0.0,27000000.0,0.0,6400000.0,6400000.0,6400000.0,0.0,0.0,0.012,48400000.0,17200000.0,197800000.0,2.5,1.362,14.294,14.388,875300000.0,0.0,17.41,0.587,0.587,317700000.0,1039200000.0,542500000.0,542500000.0,0.0,,,,,0.0,48400000.0,1.0,80133152.0,80133152.0,,6.77,2618300000.0,94200000.0,4000000.0,184400000.0,32.674,596800000.0
82,ATI,MRQ,2000-12-31,2000-12-31,2000-12-31,2021-08-03,-19600000.0,2776200000.0,,1022800000.0,1753400000.0,,12.93,-14400000.0,26200000.0,26200000.0,482500000.0,5400000.0,2.474,1.671,543800000.0,53200000.0,490600000.0,543800000.0,0.0,24100000.0,0.0,0.05,0.2,17800000.0,41900000.0,0.072,41900000.0,17800000.0,8700000.0,0.08,0.08,0.08,1039200000.0,,1039200000.0,1838656036.0,8.0,5.362,70400000.0,0.876,1.0,102200000.0,0.175,194500000.0,9100000.0,2685800000.0,,585700000.0,0.0,0.0,0.0,1737000000.0,413500000.0,1323500000.0,1276256036.0,-17400000.0,14300000.0,-12100000.0,-316500000.0,-16000000.0,-89500000.0,-12700000.0,-16700000.0,84800000.0,0.0,5400000.0,5400000.0,5400000.0,0.0,0.0,0.009,84400000.0,17800000.0,169300000.0,2.5,1.228,9.632,9.925,872000000.0,0.0,15.88,0.519,0.519,325300000.0,1050000000.0,584700000.0,584700000.0,0.0,,,,,0.0,54700000.0,1.0,80368768.0,80368768.0,,7.275,2581700000.0,61200000.0,3300000.0,158700000.0,32.123,609300000.0
83,ATI,MRQ,2000-09-30,2000-09-30,2000-09-30,2021-08-03,-13000000.0,2861900000.0,,1075700000.0,1786200000.0,,13.078,-16600000.0,43600000.0,43600000.0,490500000.0,42100000.0,2.971,1.692,606000000.0,6100000.0,599900000.0,606000000.0,0.0,25700000.0,0.0,0.033,0.2,77300000.0,103000000.0,0.168,103000000.0,77300000.0,66300000.0,0.52,0.52,0.52,1063300000.0,,1063300000.0,1990976384.0,8.0,5.626,-700000.0,-0.009,1.0,121500000.0,0.199,194800000.0,11000000.0,2867400000.0,,608500000.0,0.0,0.0,0.0,1798600000.0,362100000.0,1436500000.0,1474076384.0,2100000.0,0.0,-23500000.0,95000000.0,-16200000.0,7800000.0,-21600000.0,0.0,15900000.0,0.0,42100000.0,42100000.0,42100000.0,0.0,0.0,0.069,44200000.0,77300000.0,165400000.0,0.385,1.386,10.395,10.665,898900000.0,0.0,18.13,0.601,0.601,345000000.0,1066900000.0,612000000.0,612000000.0,0.0,,,,,0.0,45000000.0,1.0,81305923.0,81305923.0,,7.527,2667100000.0,59900000.0,24200000.0,0.0,32.803,713600000.0
84,ATI,MRQ,2000-06-30,2000-06-30,2000-06-30,2021-08-03,-15400000.0,2833700000.0,,1075000000.0,1758700000.0,,12.709,-13500000.0,41500000.0,41500000.0,514800000.0,43700000.0,2.479,1.68,558400000.0,28700000.0,529700000.0,558400000.0,0.0,25100000.0,0.0,0.022,0.2,76000000.0,101100000.0,0.158,101100000.0,76000000.0,68600000.0,0.53,0.53,0.53,1057400000.0,,1057400000.0,1913772018.0,5.0,4.19,-8500000.0,-0.102,1.0,123500000.0,0.193,196000000.0,7400000.0,2720900000.0,,619400000.0,0.0,0.0,0.0,1776300000.0,433700000.0,1342600000.0,1497672018.0,-11700000.0,-25400000.0,-51700000.0,180600000.0,-16500000.0,22100000.0,-38800000.0,2500000.0,5000000.0,0.0,43700000.0,43700000.0,43700000.0,0.0,0.0,0.068,53000000.0,70500000.0,192400000.0,0.377,1.416,5.603,6.122,904600000.0,0.0,18.0,0.624,0.624,347100000.0,1041300000.0,638300000.0,638300000.0,0.0,,,,,0.0,53000000.0,1.0,83204001.0,83204001.0,,7.672,2637700000.0,47400000.0,24900000.0,0.0,31.702,641300000.0
85,ATI,MRQ,2000-03-31,2000-03-31,2000-03-31,2021-08-03,-5400000.0,2772900000.0,,1049400000.0,1723500000.0,,12.797,-10500000.0,53200000.0,53200000.0,510700000.0,41300000.0,2.354,1.547,469300000.0,46100000.0,423200000.0,469300000.0,0.0,24800000.0,0.0,0.01,0.2,72100000.0,96900000.0,0.155,96900000.0,72100000.0,65200000.0,0.47,0.47,0.47,1088500000.0,,1088500000.0,2008624844.0,5.0,4.309,19300000.0,0.227,1.0,114700000.0,0.183,202000000.0,6900000.0,2541300000.0,,556400000.0,0.0,0.0,0.0,1684400000.0,445700000.0,1238700000.0,1706324844.0,2500000.0,0.0,-130400000.0,234600000.0,-17300000.0,-30400000.0,3100000.0,14200000.0,29800000.0,0.0,41300000.0,41300000.0,41300000.0,0.0,0.0,0.066,51000000.0,63700000.0,185300000.0,0.426,1.568,6.074,6.664,900400000.0,0.0,20.06,0.73,0.73,356500000.0,1016400000.0,625400000.0,625400000.0,0.0,,,,,0.0,51000000.0,1.0,85061059.0,85061059.0,,7.352,2570900000.0,45900000.0,23900000.0,0.0,30.224,603700000.0
86,ATI,MRQ,1999-12-31,1999-12-31,1999-12-31,2021-08-03,3500000.0,2750600000.0,,1033500000.0,1717100000.0,,12.829,3300000.0,50700000.0,50700000.0,485300000.0,14700000.0,1.914,1.292,353000000.0,152700000.0,200300000.0,353000000.0,0.0,23800000.0,0.0,0.0,0.0,29100000.0,52900000.0,0.092,52900000.0,29100000.0,22900000.0,0.18,0.18,0.18,1200200000.0,,1200200000.0,2380825711.0,6.0,4.913,-70700000.0,-0.756,1.0,90100000.0,0.157,204200000.0,6200000.0,2308700000.0,,558300000.0,0.0,0.0,0.0,1550400000.0,540000000.0,1010400000.0,2099425711.0,1700000.0,486100000.0,-107500000.0,242300000.0,-29900000.0,-93200000.0,483300000.0,0.0,-74000000.0,0.0,14700000.0,14700000.0,14700000.0,-1600000.0,0.0,0.026,75600000.0,14500000.0,172900000.0,0.0,1.749,6.993,7.124,912400000.0,0.0,22.44,0.914,0.914,341200000.0,994500000.0,575400000.0,575400000.0,0.0,,,,,0.0,70000000.0,1.0,93557296.0,93557296.0,,6.15,2546400000.0,62600000.0,8200000.0,103100000.0,27.218,493500000.0
87,ATI,MRQ,1999-09-30,1999-09-30,1999-09-30,2021-08-03,3300000.0,3141000000.0,,1290000000.0,1851000000.0,,14.882,-13400000.0,49200000.0,49200000.0,471300000.0,167600000.0,2.024,1.216,330600000.0,73900000.0,256700000.0,330600000.0,0.0,24300000.0,0.0,,0.0,181600000.0,205900000.0,0.366,205900000.0,181600000.0,179300000.0,1.76,1.75,1.76,1417700000.0,,1417700000.0,,,,84800000.0,0.89,1.0,91200000.0,0.162,242800000.0,2300000.0,2542200000.0,,647600000.0,0.0,0.0,0.0,1723300000.0,637400000.0,1085900000.0,,-10200000.0,-9900000.0,-36800000.0,-490200000.0,-30400000.0,-312300000.0,-24400000.0,0.0,98200000.0,0.0,167600000.0,167600000.0,167600000.0,-17100000.0,0.0,0.298,56700000.0,34500000.0,238900000.0,0.0,,,,994300000.0,0.0,,,,500800000.0,1107700000.0,562500000.0,562500000.0,0.0,,,,,0.0,56700000.0,1.0,95259818.0,95259818.0,,5.905,2898200000.0,64300000.0,11700000.0,0.0,30.424,652600000.0
88,ATI,MRQ,1999-06-30,1999-06-30,1999-06-30,2021-08-03,-4000000.0,3206100000.0,,1352900000.0,1853200000.0,,13.54,-16400000.0,60000000.0,60000000.0,458400000.0,57300000.0,2.039,1.458,567200000.0,128100000.0,439100000.0,567200000.0,0.0,23200000.0,0.0,,0.0,87200000.0,110400000.0,0.193,110400000.0,87200000.0,78800000.0,0.6,0.59,0.6,1304600000.0,,1304600000.0,,,,7400000.0,0.077,1.0,114300000.0,0.2,250100000.0,8400000.0,2799600000.0,,653400000.0,0.0,0.0,0.0,1901500000.0,663600000.0,1237900000.0,,3000000.0,-400000.0,-55800000.0,65800000.0,-30700000.0,-53600000.0,-13300000.0,0.0,23800000.0,0.0,57300000.0,57300000.0,57300000.0,-20700000.0,0.0,0.1,50600000.0,63700000.0,238500000.0,0.0,,,,1023100000.0,0.0,,,,549500000.0,974600000.0,572700000.0,572700000.0,0.0,,,,,0.0,50600000.0,1.0,96354335.0,96354335.0,,5.944,2956000000.0,62200000.0,21500000.0,0.0,30.678,689300000.0
89,ATI,MRQ,1999-03-31,1999-03-31,1999-03-31,2021-08-03,-2900000.0,3162500000.0,,1346700000.0,1815800000.0,,13.767,-19100000.0,57500000.0,57500000.0,462900000.0,60600000.0,2.068,1.372,528500000.0,133700000.0,394800000.0,528500000.0,0.0,24000000.0,0.0,,0.0,91400000.0,115400000.0,0.197,115400000.0,91400000.0,82400000.0,0.62,0.62,0.62,1333300000.0,,1333300000.0,,,,35800000.0,0.37,1.0,122600000.0,0.209,253300000.0,9000000.0,2729100000.0,,632900000.0,0.0,0.0,0.0,1829200000.0,651100000.0,1178100000.0,,-18000000.0,4700000.0,-49300000.0,28200000.0,-31100000.0,-66300000.0,-15900000.0,0.0,54900000.0,0.0,60600000.0,60600000.0,60600000.0,-20200000.0,0.0,0.104,51800000.0,70800000.0,221000000.0,0.0,,,,997400000.0,0.0,,,,565700000.0,948600000.0,585500000.0,585500000.0,0.0,,,,,0.0,51800000.0,1.0,96848304.0,96848304.0,,6.046,2909200000.0,62200000.0,21800000.0,0.0,30.039,695600000.0
90,ATI,MRQ,1998-12-31,1998-12-31,1998-12-31,2021-08-03,-3500000.0,2943500000.0,,1007300000.0,1936200000.0,,13.66,-13500000.0,74200000.0,74200000.0,-417100000.0,73300000.0,2.33,1.197,498800000.0,68200000.0,430600000.0,498800000.0,0.0,900000.0,0.0,,0.0,71100000.0,72000000.0,-0.132,72000000.0,71100000.0,64400000.0,0.75,0.73,0.75,1339900000.0,,1339900000.0,,,,40700000.0,0.415,1.0,-128900000.0,0.236,208600000.0,6700000.0,2727100000.0,,555300000.0,0.0,0.0,0.0,1603600000.0,432400000.0,1171200000.0,,6200000.0,-116800000.0,-50200000.0,36800000.0,-31300000.0,-5800000.0,-126800000.0,0.0,54200000.0,0.0,73300000.0,73300000.0,73300000.0,-86200000.0,0.0,-0.134,-119000000.0,-9900000.0,140900000.0,0.0,,,,887600000.0,0.0,,,,314000000.0,923900000.0,-546000000.0,-546000000.0,0.0,,,,,0.0,-119000000.0,1.0,98091274.0,98091274.0,,-5.566,2734900000.0,39200000.0,-8900000.0,0.0,27.881,574900000.0
91,ATI,MRQ,1998-09-30,1998-09-30,1998-09-30,2021-08-03,-7400000.0,2985100000.0,,1388300000.0,1596800000.0,,13.588,-32000000.0,68400000.0,68400000.0,707800000.0,65500000.0,2.564,1.23,372000000.0,2400000.0,369600000.0,372000000.0,0.0,26000000.0,0.0,,0.0,111100000.0,137100000.0,0.148,137100000.0,111100000.0,107100000.0,0.66,0.66,0.66,1338600000.0,,1338600000.0,,,,85500000.0,0.868,1.0,219300000.0,0.237,257400000.0,4000000.0,2489900000.0,,670100000.0,0.0,0.0,0.0,1646500000.0,541400000.0,1105100000.0,,-21400000.0,-200000.0,3600000.0,-152600000.0,-31600000.0,-104300000.0,-34600000.0,0.0,117500000.0,0.0,65500000.0,65500000.0,65500000.0,0.0,0.0,0.071,119400000.0,99900000.0,214000000.0,0.0,,,,806200000.0,0.0,,,,540900000.0,883200000.0,927100000.0,927100000.0,0.0,,,,,0.0,119400000.0,1.0,98515153.0,98515153.0,,9.411,2727700000.0,73800000.0,41600000.0,0.0,27.688,846900000.0
92,ATI,MRQ,1998-06-30,1998-06-30,1998-06-30,2021-08-03,-5100000.0,3037500000.0,,1492200000.0,1545300000.0,,13.235,-42700000.0,89800000.0,89800000.0,767700000.0,75500000.0,2.845,1.334,449000000.0,3000000.0,446000000.0,449000000.0,0.0,27200000.0,0.0,,0.0,123600000.0,150800000.0,0.148,150800000.0,123600000.0,118800000.0,0.76,0.76,0.76,1301200000.0,,1301200000.0,,,,55000000.0,0.559,1.0,251400000.0,0.247,251300000.0,4800000.0,2620900000.0,,706700000.0,0.0,0.0,0.0,1736300000.0,524500000.0,1211800000.0,,38400000.0,5800000.0,1600000.0,23000000.0,-31500000.0,-18400000.0,-40900000.0,0.0,97700000.0,0.0,75500000.0,75500000.0,75500000.0,0.0,0.0,0.074,129700000.0,121700000.0,244700000.0,0.0,,,,791200000.0,0.0,,,,576500000.0,854800000.0,1019100000.0,1019100000.0,0.0,,,,,0.0,122500000.0,1.0,98312668.0,98312668.0,,10.366,2786200000.0,89800000.0,43300000.0,0.0,28.34,967700000.0
93,ATI,MRQ,1998-03-31,1998-03-31,1998-03-31,2021-08-03,-1700000.0,3006200000.0,,1455000000.0,1551200000.0,,14.36,-31100000.0,51400000.0,51400000.0,773300000.0,26900000.0,2.465,1.393,437000000.0,4100000.0,432900000.0,437000000.0,0.0,28000000.0,0.0,,0.0,49600000.0,77600000.0,0.077,77600000.0,49600000.0,45700000.0,0.28,0.28,0.28,1256000000.0,,1256000000.0,,,,-8200000.0,-0.094,1.0,228900000.0,0.228,251300000.0,3900000.0,2550300000.0,,698500000.0,0.0,0.0,0.0,1750200000.0,590200000.0,1160000000.0,,-2300000.0,-107700000.0,3900000.0,207400000.0,-27900000.0,79700000.0,-104900000.0,34400000.0,22900000.0,0.0,26900000.0,26900000.0,26900000.0,0.0,0.0,0.027,182100000.0,46800000.0,258100000.0,0.0,,,,778100000.0,0.0,,,,623300000.0,830500000.0,1002200000.0,1002200000.0,0.0,,,,,0.0,121500000.0,1.0,87467334.0,87467334.0,,11.458,2754900000.0,46700000.0,18800000.0,0.0,31.496,864800000.0
94,ATI,MRQ,1997-12-31,1997-12-31,1997-12-31,2021-08-03,-1100000.0,2898200000.0,,1444000000.0,1454200000.0,,14.229,2100000.0,53700000.0,53700000.0,-374900000.0,89500000.0,2.401,1.329,335100000.0,4700000.0,330400000.0,335100000.0,0.0,3800000.0,0.0,,0.0,79500000.0,83300000.0,-0.155,83300000.0,79500000.0,76700000.0,0.9,0.9,0.9,1244600000.0,,1244600000.0,,,,8700000.0,0.099,1.0,-162800000.0,0.303,186500000.0,2800000.0,2391700000.0,,697900000.0,34400000.0,34400000.0,0.0,1653600000.0,601400000.0,1052200000.0,,19300000.0,53400000.0,-20100000.0,-64600000.0,-27900000.0,-139200000.0,56300000.0,-200000.0,6600000.0,0.0,89500000.0,89500000.0,89500000.0,-98400000.0,0.0,-0.166,-140600000.0,-22200000.0,267900000.0,0.0,,,,753800000.0,0.0,,,,576000000.0,822600000.0,-537700000.0,-537700000.0,0.0,,,,,0.0,-142200000.0,1.0,87467334.0,87467334.0,,-6.147,2711700000.0,49700000.0,-12800000.0,0.0,31.002,842600000.0
95,ATI,MRQ,1997-09-30,1997-09-30,1997-09-30,2021-08-03,,,,,,,,-28100000.0,,,752700000.0,73600000.0,,,,,,,,28500000.0,,,0.0,121300000.0,149800000.0,0.152,149800000.0,121300000.0,116200000.0,0.74,0.74,0.74,,,,,,,31100000.0,,1.0,231500000.0,0.235,,5100000.0,,,,,,,,,,,-11300000.0,-26100000.0,-32600000.0,49200000.0,-28100000.0,-35000000.0,-35500000.0,19300000.0,59200000.0,0.0,73600000.0,73600000.0,73600000.0,0.0,0.0,0.075,119400000.0,112100000.0,,0.0,,,,,0.0,,,,,,984200000.0,984200000.0,0.0,,,,,0.0,119400000.0,1.0,,,,,,,42600000.0,,,
96,ATI,MRQ,1997-06-30,1997-06-30,1997-06-30,2021-08-03,,,,,,,,-15200000.0,,,766100000.0,94600000.0,,,,,,,,26000000.0,,,0.0,157100000.0,183100000.0,0.179,183100000.0,157100000.0,153200000.0,0.96,0.94,0.96,,,,,,,57100000.0,,1.0,258400000.0,0.252,,3900000.0,,,,,,,,,,,-38800000.0,25500000.0,-33700000.0,-94800000.0,-28200000.0,-108500000.0,-2600000.0,-11400000.0,72300000.0,0.0,94600000.0,94600000.0,94600000.0,0.0,0.0,0.092,128400000.0,130000000.0,,0.0,,,,,0.0,,,,,,1024500000.0,1024500000.0,0.0,,,,,0.0,125200000.0,1.0,,,,,,,58600000.0,,,
97,ATI,MRQ,1997-03-31,1997-03-31,1997-03-31,2021-08-03,,,,,,,,-19800000.0,,,785500000.0,71100000.0,,,,,,,,26000000.0,,,0.0,121900000.0,147900000.0,0.144,147900000.0,121900000.0,116800000.0,0.72,0.7,0.72,,,,,,,-1400000.0,,1.0,244400000.0,0.237,,5100000.0,,,,,,,,,,,21400000.0,21500000.0,14200000.0,-5400000.0,-28000000.0,-17300000.0,20300000.0,21200000.0,18400000.0,0.0,71100000.0,71100000.0,71100000.0,0.0,0.0,0.069,133000000.0,111400000.0,,0.0,,,,,0.0,,,,,,1029900000.0,1029900000.0,0.0,,,,,0.0,125800000.0,1.0,,,,,,,45700000.0,,,
98,ATI,MRQ,1996-12-31,1996-12-31,1996-12-31,2021-08-03,0.0,2606400000.0,,1199800000.0,1406600000.0,,,,62500000.0,62500000.0,,,2.048,1.991,443400000.0,0.0,443400000.0,443400000.0,0.0,,0.0,,0.0,,,,,,,,,,871500000.0,,871500000.0,,,,,,1.0,,,177100000.0,,2224400000.0,,518400000.0,0.0,0.0,0.0,1734900000.0,585800000.0,1149100000.0,,,,,,,,,,,,,,,,,,,,241700000.0,,,,,731400000.0,,,,,522500000.0,596700000.0,,,,,,,,,,1.0,,,,,2429300000.0,70100000.0,,0.0,,614000000.0
0,ATI,MRT,2021-06-30,2021-06-30,2021-06-30,2021-08-03,-1176300000.0,3974000000.0,4285325000.0,1996500000.0,1977500000.0,0.599,3.718,-126500000.0,472500000.0,472500000.0,2353200000.0,-1210100000.0,3.332,7.12,1621500000.0,19300000.0,1602200000.0,1621500000.0,0.0,142800000.0,0.0,0.0,0.0,-1146500000.0,-1003700000.0,-0.391,-1003700000.0,-1146500000.0,-1244400000.0,-9.71,-9.71,-9.71,473000000.0,802675000.0,473000000.0,3724584051.0,-3.0,-3.711,-47800000.0,-0.376,1.0,211800000.0,0.083,241900000.0,97900000.0,4282000000.0,4446425000.0,1059000000.0,0.0,0.0,0.0,3367900000.0,599100000.0,2768800000.0,2652184051.0,-66600000.0,0.0,-7800000.0,-7300000.0,0.0,-19600000.0,-125700000.0,0.0,78700000.0,0.0,-1228200000.0,-1228200000.0,-1228200000.0,0.0,18100000.0,-0.479,1289000000.0,-1077200000.0,265800000.0,0.0,5.607,-2.159,-2.147,1486300000.0,0.0,20.85,1.034,1.034,362200000.0,53800000.0,2565000000.0,2565000000.0,0.0,-0.287,-1.53,-0.258,-0.447,0.0,212400000.0,1.0,127203072.0,127203072.0,,20.165,3732100000.0,0.0,-16200000.0,0.0,29.34,1397400000.0
1,ATI,MRT,2021-03-31,2021-03-31,2021-03-31,2021-08-03,-1208600000.0,4068500000.0,4584175000.0,2093400000.0,1975100000.0,0.593,3.808,-129400000.0,541700000.0,541700000.0,2475300000.0,-1585600000.0,3.037,7.163,1614100000.0,15700000.0,1598400000.0,1614100000.0,0.0,142100000.0,0.0,0.0,0.0,-1433300000.0,-1291200000.0,-0.475,-1291200000.0,-1433300000.0,-1529200000.0,-12.66,-12.66,-12.66,482900000.0,1118250000.0,482900000.0,3592888687.0,-3.0,-2.783,84800000.0,0.669,1.0,243800000.0,0.09,241600000.0,95900000.0,4210100000.0,4703225000.0,1047800000.0,0.0,0.0,0.0,3459200000.0,689200000.0,2770000000.0,2670988687.0,-97300000.0,0.0,-7800000.0,-151600000.0,0.0,-182900000.0,-128600000.0,0.0,214200000.0,0.0,-1601600000.0,-1601600000.0,-1601600000.0,0.0,16000000.0,-0.589,1583100000.0,-1339300000.0,324800000.0,0.0,5.531,-1.668,-1.664,1478700000.0,0.0,21.06,0.982,0.982,423900000.0,103000000.0,2719100000.0,2719100000.0,0.0,-0.349,-1.432,-0.305,-0.527,0.0,196600000.0,1.0,126827573.0,126827573.0,,21.439,3826900000.0,0.0,72400000.0,0.0,30.174,1404200000.0
2,ATI,MRT,2020-12-31,2020-12-31,2020-12-31,2021-08-03,-1223600000.0,4034900000.0,5018825000.0,2066000000.0,1968900000.0,0.594,4.109,-130600000.0,645900000.0,645900000.0,2689300000.0,-1559600000.0,3.162,6.512,1567800000.0,17800000.0,1550000000.0,1567800000.0,0.0,143300000.0,0.0,0.0,0.0,-1400500000.0,-1257200000.0,-0.422,-1257200000.0,-1400500000.0,-1494900000.0,-12.43,-12.43,-12.43,521100000.0,1519475000.0,521100000.0,3095711766.0,-2.0,-2.462,36300000.0,0.286,1.0,292800000.0,0.098,240700000.0,94400000.0,4062800000.0,4972900000.0,997100000.0,0.0,0.0,0.0,3393500000.0,653300000.0,2740200000.0,2126711766.0,155100000.0,0.0,-7800000.0,151300000.0,0.0,116900000.0,-128700000.0,0.0,166900000.0,0.0,-1572600000.0,-1572600000.0,-1572600000.0,0.0,13000000.0,-0.527,1595500000.0,-1302700000.0,290600000.0,0.0,4.081,-1.352,-1.349,1469200000.0,0.0,16.77,0.713,0.713,345800000.0,106500000.0,2982100000.0,2982100000.0,0.0,-0.313,-1.035,-0.282,-0.47,0.0,201000000.0,1.0,126816444.0,126816444.0,,23.515,3794200000.0,0.0,77700000.0,0.0,29.919,1412700000.0
3,ATI,MRT,2020-09-30,2020-09-30,2020-09-30,2021-08-03,-1128600000.0,5063900000.0,5418750000.0,2086300000.0,2977600000.0,0.617,13.671,-160500000.0,572200000.0,572200000.0,2925500000.0,-383300000.0,3.701,1.854,1541200000.0,12200000.0,1529000000.0,1541200000.0,0.0,144800000.0,0.0,0.0,0.0,-236900000.0,-92100000.0,-0.028,-92100000.0,-236900000.0,-329700000.0,-3.12,-3.17,-3.12,1733700000.0,1911725000.0,1733700000.0,2096418786.0,-9.0,-22.762,124600000.0,0.983,1.0,416900000.0,0.125,238400000.0,92800000.0,5230800000.0,5249125000.0,1035900000.0,0.0,0.0,0.0,3214100000.0,563700000.0,2650400000.0,1105818786.0,60900000.0,2200000.0,-9900000.0,-26100000.0,0.0,-67300000.0,-156900000.0,0.0,285100000.0,0.0,-395100000.0,-395100000.0,-395100000.0,0.0,11800000.0,-0.118,533000000.0,-116100000.0,240700000.0,0.0,0.638,-2.799,-2.795,2466600000.0,0.0,8.72,0.331,0.331,388000000.0,1227400000.0,3342400000.0,3342400000.0,0.0,-0.073,-0.207,-0.045,-0.071,0.0,214500000.0,1.0,126814081.0,126814081.0,,26.357,4825500000.0,0.0,65400000.0,0.0,38.052,1522600000.0
4,ATI,MRT,2020-06-30,2020-06-30,2020-06-30,2021-08-03,-1172800000.0,5169400000.0,5560000000.0,2201600000.0,2967800000.0,0.677,13.704,-117100000.0,539100000.0,539100000.0,3224600000.0,-221000000.0,3.583,1.917,1529700000.0,12800000.0,1516900000.0,1529700000.0,0.0,146400000.0,0.0,0.0,0.0,-73800000.0,72600000.0,0.019,72600000.0,-73800000.0,-165700000.0,-1.84,-1.99,-1.84,1735300000.0,2020300000.0,1735300000.0,2352057682.0,-32.0,32.397,203000000.0,1.603,1.0,538500000.0,0.143,236400000.0,91900000.0,5309200000.0,5287500000.0,1103500000.0,0.0,0.0,0.0,3327100000.0,614400000.0,2712700000.0,1290357682.0,257900000.0,124700000.0,-9900000.0,-29900000.0,0.0,-70700000.0,8500000.0,0.0,320100000.0,0.0,-234000000.0,-234000000.0,-234000000.0,0.0,13000000.0,-0.062,550500000.0,-12000000.0,275800000.0,0.0,0.744,-5.514,-5.538,2455000000.0,0.0,10.19,0.343,0.343,483600000.0,1277600000.0,3763100000.0,3763100000.0,0.0,-0.042,-0.116,-0.014,-0.02,0.0,234300000.0,1.0,126629802.0,126629802.0,,29.717,4933000000.0,0.0,68300000.0,0.0,38.956,1587200000.0
5,ATI,MRT,2020-03-31,2020-03-31,2020-03-31,2021-08-03,-1216600000.0,5807100000.0,5654975000.0,2508000000.0,3299100000.0,0.72,16.559,-78900000.0,639000000.0,639000000.0,3431700000.0,277400000.0,2.368,1.731,1700700000.0,310700000.0,1390000000.0,1700700000.0,0.0,149700000.0,0.0,0.0,0.0,341300000.0,491000000.0,0.121,491000000.0,341300000.0,245200000.0,2.1,1.89,2.1,2087800000.0,2093075000.0,2087800000.0,1979825458.0,6.0,4.032,165800000.0,1.315,1.0,641500000.0,0.157,520800000.0,96100000.0,5288800000.0,5343375000.0,1181100000.0,0.0,0.0,0.0,3614500000.0,1059200000.0,2555300000.0,1071725458.0,422000000.0,158100000.0,-9900000.0,119000000.0,0.0,97200000.0,80100000.0,0.0,244700000.0,0.0,263700000.0,263700000.0,263700000.0,0.0,13700000.0,0.065,270100000.0,371400000.0,424600000.0,0.0,0.513,4.064,4.048,2445500000.0,0.0,8.5,0.263,0.263,593400000.0,1700400000.0,4073200000.0,4073200000.0,0.0,0.047,0.126,0.064,0.084,0.0,257600000.0,1.0,126085348.0,126085348.0,,32.305,5286300000.0,0.0,-18500000.0,0.0,41.926,1448800000.0
6,ATI,MRT,2019-12-31,2019-12-31,2019-12-31,2021-08-03,-1201700000.0,5634600000.0,5575950000.0,2303000000.0,3331600000.0,0.739,16.577,-76200000.0,490800000.0,490800000.0,3484700000.0,270100000.0,2.712,1.647,1398900000.0,11500000.0,1387400000.0,1398900000.0,0.0,151100000.0,0.0,0.0,0.0,328100000.0,479200000.0,0.116,479200000.0,328100000.0,229100000.0,2.05,1.85,2.05,2090100000.0,2054675000.0,2090100000.0,3647423290.0,11.0,7.611,153900000.0,1.221,1.0,637800000.0,0.155,525800000.0,99000000.0,5167700000.0,5401125000.0,1155300000.0,0.0,0.0,0.0,3441400000.0,849200000.0,2592200000.0,2604923290.0,108800000.0,158100000.0,-9900000.0,-179100000.0,0.0,-203000000.0,81700000.0,0.0,230100000.0,0.0,257600000.0,257600000.0,257600000.0,0.0,12500000.0,0.062,271700000.0,366100000.0,521200000.0,0.0,1.246,10.112,10.078,2450100000.0,0.0,20.66,0.632,0.632,554100000.0,1679300000.0,4122500000.0,4122500000.0,0.0,0.046,0.125,0.061,0.08,0.0,267200000.0,1.0,126085348.0,126085348.0,,32.696,5108800000.0,0.0,-28500000.0,0.0,40.519,1453800000.0
7,ATI,MRT,2019-09-30,2019-09-30,2019-09-30,2021-08-03,-1061400000.0,5628900000.0,5542750000.0,2422400000.0,3206500000.0,0.747,17.196,-42800000.0,511300000.0,511300000.0,3525700000.0,255100000.0,3.174,1.545,1553800000.0,12100000.0,1541700000.0,1553800000.0,0.0,153900000.0,0.0,0.0,0.0,346800000.0,500700000.0,0.121,500700000.0,346800000.0,246700000.0,1.93,1.74,1.93,2168000000.0,2003575000.0,2168000000.0,3820502099.0,11.0,7.63,223400000.0,1.772,1.0,616100000.0,0.149,523800000.0,100100000.0,5384300000.0,5431775000.0,1168500000.0,0.0,0.0,0.0,3349000000.0,763300000.0,2585700000.0,2553102099.0,357800000.0,155900000.0,-6500000.0,-11900000.0,0.0,-21800000.0,113400000.0,0.0,266200000.0,0.0,242200000.0,242200000.0,242200000.0,0.0,12900000.0,0.058,273800000.0,342300000.0,415800000.0,0.0,1.178,10.541,10.492,2407500000.0,0.0,20.25,0.616,0.616,596700000.0,1622800000.0,4141800000.0,4141800000.0,0.0,0.044,0.121,0.064,0.084,0.0,273800000.0,1.0,126079116.0,126079116.0,,32.851,5105100000.0,0.0,4500000.0,15800000.0,40.491,1659100000.0
8,ATI,MRT,2019-06-30,2019-06-30,2019-06-30,2021-08-03,-1084400000.0,5549300000.0,5482775000.0,2261400000.0,3287900000.0,0.756,16.078,-88700000.0,281200000.0,281200000.0,3526500000.0,195400000.0,2.979,1.683,1548600000.0,11500000.0,1537100000.0,1548600000.0,0.0,155300000.0,0.0,0.0,0.0,290100000.0,445400000.0,0.107,445400000.0,290100000.0,189400000.0,1.45,1.33,1.45,2026400000.0,1956625000.0,2026400000.0,4501678976.0,16.0,10.107,164700000.0,1.307,1.0,616800000.0,0.149,524800000.0,100700000.0,5532700000.0,5465800000.0,1217500000.0,0.0,0.0,0.0,3410700000.0,759200000.0,2651500000.0,3176078976.0,158800000.0,23400000.0,-6500000.0,-10800000.0,0.0,-30700000.0,-63900000.0,0.0,253400000.0,0.0,181700000.0,181700000.0,181700000.0,0.0,13700000.0,0.044,274100000.0,342700000.0,420600000.0,0.0,1.567,17.48,17.379,2404900000.0,0.0,25.2,0.767,0.767,581400000.0,1511800000.0,4143300000.0,4143300000.0,0.0,0.033,0.093,0.053,0.07,0.0,274100000.0,1.0,126034880.0,126034880.0,,32.874,5024500000.0,0.0,7700000.0,15100000.0,39.866,1502200000.0
9,ATI,MRT,2019-03-31,2019-03-31,2019-03-31,2021-08-03,-1095500000.0,5491000000.0,5443775000.0,2177900000.0,3313100000.0,0.748,15.389,-118300000.0,217000000.0,217000000.0,3459600000.0,192500000.0,2.866,1.781,1542600000.0,6400000.0,1536200000.0,1542600000.0,0.0,155300000.0,0.0,0.0,0.0,286500000.0,441800000.0,0.108,441800000.0,286500000.0,186200000.0,1.43,1.31,1.43,1934200000.0,1931275000.0,1934200000.0,4373850006.0,15.0,9.9,191600000.0,1.524,1.0,612800000.0,0.15,536800000.0,100300000.0,5519800000.0,5470225000.0,1254400000.0,0.0,0.0,0.0,3444400000.0,760000000.0,2684400000.0,3213750006.0,107100000.0,-10100000.0,-6500000.0,-62700000.0,0.0,-75600000.0,-127200000.0,0.0,309900000.0,0.0,179400000.0,179400000.0,179400000.0,0.0,13100000.0,0.044,269100000.0,343700000.0,455300000.0,0.0,1.662,17.914,17.881,2470700000.0,0.0,25.57,0.789,0.789,565100000.0,1437000000.0,4072400000.0,4072400000.0,0.0,0.033,0.093,0.052,0.07,0.0,269100000.0,1.0,125684396.0,125684396.0,,32.402,4954200000.0,0.0,6800000.0,14500000.0,39.418,1417900000.0
10,ATI,MRT,2018-12-31,2018-12-31,2018-12-31,2021-08-03,-1133800000.0,5501800000.0,5408525000.0,2246700000.0,3255100000.0,0.748,15.003,-136400000.0,382000000.0,382000000.0,3416300000.0,236700000.0,2.685,1.861,1542100000.0,6600000.0,1535500000.0,1542100000.0,0.0,156400000.0,0.0,0.0,0.0,334400000.0,490800000.0,0.121,490800000.0,334400000.0,233400000.0,1.78,1.61,1.78,1885700000.0,1909250000.0,1885700000.0,4134549301.0,12.0,8.424,256400000.0,2.04,1.0,630300000.0,0.156,534700000.0,101000000.0,5290300000.0,5476525000.0,1211100000.0,0.0,0.0,0.0,3510200000.0,836900000.0,2673300000.0,2736149301.0,240400000.0,-10000000.0,-6500000.0,-5200000.0,0.0,-7300000.0,-145100000.0,0.0,392800000.0,0.0,222400000.0,222400000.0,222400000.0,0.0,14300000.0,0.055,268200000.0,362100000.0,498800000.0,0.0,1.451,12.303,12.23,2475000000.0,0.0,21.77,0.676,0.676,527800000.0,1422000000.0,4046600000.0,4046600000.0,0.0,0.041,0.116,0.061,0.083,0.0,268200000.0,1.0,125684396.0,125684396.0,,32.197,4967100000.0,0.0,11000000.0,0.0,39.52,1409800000.0
11,ATI,MRT,2018-09-30,2018-09-30,2018-09-30,2021-08-03,-991300000.0,5389000000.0,5329425000.0,2122400000.0,3266600000.0,0.735,15.755,-134600000.0,153500000.0,153500000.0,3293300000.0,196900000.0,2.905,1.669,1551900000.0,16600000.0,1535300000.0,1551900000.0,0.0,157200000.0,0.0,0.0,0.0,302400000.0,459600000.0,0.117,459600000.0,302400000.0,195000000.0,1.48,1.35,1.48,1980200000.0,1872675000.0,1980200000.0,5143373902.0,17.0,11.191,58200000.0,0.463,1.0,625300000.0,0.16,536400000.0,107400000.0,5520400000.0,5489075000.0,1239800000.0,0.0,0.0,0.0,3305800000.0,730600000.0,2575200000.0,3713973902.0,28600000.0,-13200000.0,393000000.0,-406800000.0,0.0,-17600000.0,-146600000.0,0.0,192800000.0,0.0,183000000.0,183000000.0,183000000.0,0.0,13900000.0,0.047,255800000.0,369500000.0,416100000.0,0.0,1.876,20.295,19.966,2472600000.0,0.0,29.55,0.948,0.948,588300000.0,1380900000.0,3918600000.0,3918600000.0,0.0,0.034,0.098,0.055,0.077,0.0,255800000.0,1.0,125684396.0,125684396.0,,31.178,4852600000.0,0.0,12000000.0,12100000.0,38.609,1391800000.0
12,ATI,MRT,2018-06-30,2018-06-30,2018-06-30,2021-08-03,-991600000.0,5393300000.0,5250950000.0,2126300000.0,3267000000.0,0.717,15.321,-134300000.0,122400000.0,122400000.0,3197300000.0,21900000.0,2.868,1.741,1551800000.0,16300000.0,1535500000.0,1551800000.0,0.0,158900000.0,0.0,0.0,0.0,131300000.0,290200000.0,0.077,290200000.0,131300000.0,14500000.0,-0.04,-0.14,-0.04,1925000000.0,1714575000.0,1925000000.0,4645358317.0,35.0,16.007,8600000.0,0.068,1.0,570200000.0,0.151,531000000.0,116800000.0,5550400000.0,5523675000.0,1254100000.0,0.0,0.0,0.0,3351400000.0,741300000.0,2610100000.0,3156258317.0,-32200000.0,-3300000.0,393000000.0,-436900000.0,0.0,-37700000.0,-137400000.0,0.0,142900000.0,0.0,11300000.0,11300000.0,11300000.0,0.0,10600000.0,0.003,369300000.0,200900000.0,429300000.0,0.0,1.64,279.315,-628.0,2479000000.0,0.0,25.12,0.838,0.838,621900000.0,1330400000.0,3767500000.0,3767500000.0,0.0,0.002,0.007,0.024,0.035,0.0,254900000.0,1.0,125647226.0,125647226.0,,29.985,4862300000.0,0.0,3200000.0,9700000.0,38.698,1385000000.0
13,ATI,MRT,2018-03-31,2018-03-31,2018-03-31,2021-08-03,-992200000.0,5350000000.0,5199200000.0,2051800000.0,3298200000.0,0.7,14.691,-136800000.0,109900000.0,109900000.0,3117400000.0,-40300000.0,2.7,1.835,1599000000.0,63700000.0,1535300000.0,1599000000.0,0.0,160300000.0,0.0,0.0,0.0,70600000.0,230900000.0,0.063,230900000.0,70600000.0,-55200000.0,-0.53,-0.57,-0.53,1846100000.0,1586700000.0,1846100000.0,4374752504.0,62.0,18.947,-51300000.0,-0.408,1.0,520800000.0,0.143,534200000.0,125800000.0,5545000000.0,5543900000.0,1210800000.0,0.0,0.0,0.0,3386700000.0,759900000.0,2626800000.0,2975652504.0,-49900000.0,-2500000.0,393000000.0,-390900000.0,0.0,3500000.0,-138900000.0,0.0,85500000.0,0.0,-51400000.0,-51400000.0,-51400000.0,0.0,11100000.0,-0.014,371600000.0,149200000.0,424700000.0,0.0,1.612,-57.892,-44.679,2490700000.0,0.0,23.68,0.818,0.818,606400000.0,1257800000.0,3638200000.0,3638200000.0,0.0,-0.01,-0.032,0.013,0.019,0.0,257200000.0,1.0,125661001.0,125661001.0,,28.952,4815800000.0,0.0,-3800000.0,10700000.0,38.324,1291900000.0
14,ATI,MRT,2017-12-31,2017-12-31,2017-12-31,2021-08-03,-1027800000.0,5185400000.0,5150300000.0,1915700000.0,3269700000.0,0.684,15.978,-120000000.0,141600000.0,141600000.0,3028100000.0,-79700000.0,2.688,1.921,1540700000.0,10100000.0,1530600000.0,1540700000.0,0.0,160800000.0,0.0,0.0,0.0,35100000.0,195900000.0,0.056,195900000.0,35100000.0,-98700000.0,-0.83,-0.83,-0.83,1739400000.0,1473725000.0,1739400000.0,4417155210.0,126.0,22.548,-97600000.0,-0.897,1.0,497000000.0,0.141,531400000.0,133800000.0,5340500000.0,5533075000.0,1176100000.0,0.0,0.0,0.0,3340900000.0,712600000.0,2628300000.0,2627955210.0,-88000000.0,0.0,393000000.0,-379500000.0,0.0,9200000.0,-119600000.0,0.0,22400000.0,0.0,-91900000.0,-91900000.0,-91900000.0,0.0,12200000.0,-0.026,362400000.0,134600000.0,420100000.0,0.0,1.511,-28.596,-29.084,2495700000.0,0.0,24.14,0.745,0.745,545300000.0,1184300000.0,3525100000.0,3525100000.0,0.0,-0.018,-0.062,0.006,0.01,0.0,248000000.0,1.0,108863099.0,108863099.0,,32.381,4654000000.0,0.0,-6800000.0,9700000.0,42.751,1203100000.0
15,ATI,MRT,2017-09-30,2017-09-30,2017-09-30,2021-08-03,-1016300000.0,5075100000.0,5146450000.0,1804100000.0,3271000000.0,0.663,12.379,-112600000.0,124900000.0,124900000.0,2899300000.0,-71200000.0,2.678,2.691,1914100000.0,36400000.0,1877700000.0,1914100000.0,0.0,160800000.0,0.0,0.0,0.0,6800000.0,167600000.0,0.049,167600000.0,6800000.0,-128200000.0,-0.77,-0.77,-0.77,1347800000.0,1377675000.0,1347800000.0,4391724448.0,646.0,26.204,-98400000.0,-0.904,1.0,512000000.0,0.15,531900000.0,135000000.0,5658800000.0,5564650000.0,1101100000.0,0.0,0.0,0.0,3627600000.0,673600000.0,2954000000.0,2602224448.0,-63500000.0,3300000.0,0.0,34200000.0,0.0,31600000.0,-109300000.0,0.0,14200000.0,0.0,-83700000.0,-83700000.0,-83700000.0,0.0,12500000.0,-0.025,385500000.0,126500000.0,350500000.0,0.0,1.931,-31.09,-31.039,2490900000.0,0.0,23.9,0.763,0.763,525900000.0,1182600000.0,3411300000.0,3411300000.0,0.0,-0.016,-0.061,0.001,0.002,0.0,245900000.0,1.0,108879684.0,108879684.0,,31.331,4543200000.0,0.0,-44500000.0,14100000.0,41.727,1130500000.0
16,ATI,MRT,2017-06-30,2017-06-30,2017-06-30,2021-08-03,-1067200000.0,5186300000.0,5175750000.0,1800100000.0,3386200000.0,0.64,12.989,-112200000.0,154600000.0,154600000.0,2855800000.0,-479000000.0,2.568,2.598,1944100000.0,67500000.0,1876600000.0,1944100000.0,0.0,163100000.0,0.0,0.005,0.08,-406800000.0,-243700000.0,-0.074,-243700000.0,-406800000.0,-540200000.0,-4.6,-4.6,-4.6,1413500000.0,1408675000.0,1413500000.0,3636566558.0,-9.0,-14.922,-207800000.0,-1.91,1.0,456900000.0,0.138,643500000.0,133400000.0,5631300000.0,5558400000.0,1076200000.0,0.0,0.0,0.0,3671900000.0,701000000.0,2970900000.0,1851066558.0,-167700000.0,3700000.0,0.0,63600000.0,-8600000.0,36400000.0,-108500000.0,0.0,-95600000.0,0.0,-493300000.0,-493300000.0,-493300000.0,0.0,14300000.0,-0.149,755600000.0,-298700000.0,355500000.0,-0.017,1.31,-3.752,-3.698,2492300000.0,0.0,17.01,0.559,0.559,538600000.0,1303800000.0,3312700000.0,3312700000.0,0.0,-0.095,-0.35,-0.073,-0.123,0.0,241800000.0,1.0,108822255.0,108822255.0,,30.441,4542800000.0,0.0,-46900000.0,20100000.0,41.745,1099100000.0
17,ATI,MRT,2017-03-31,2017-03-31,2017-03-31,2021-08-03,-1071400000.0,5154400000.0,5344425000.0,1762600000.0,3391800000.0,0.607,12.818,-157500000.0,159800000.0,159800000.0,2862200000.0,-507900000.0,2.215,2.629,1945300000.0,172800000.0,1772500000.0,1945300000.0,0.0,166500000.0,0.0,0.009,0.16,-463700000.0,-297200000.0,-0.092,-297200000.0,-463700000.0,-592900000.0,-4.87,-4.87,-4.87,1394200000.0,1553900000.0,1394200000.0,3600862558.0,-8.0,-12.116,-249900000.0,-2.298,1.0,380800000.0,0.117,642600000.0,129200000.0,5501700000.0,5691300000.0,1051900000.0,0.0,0.0,0.0,3665000000.0,795600000.0,2869400000.0,1953462558.0,2900000.0,4000000.0,0.0,292900000.0,-17200000.0,248800000.0,-153500000.0,0.0,-92400000.0,0.0,-522200000.0,-522200000.0,-522200000.0,0.0,14300000.0,-0.161,750900000.0,-370100000.0,346400000.0,-0.033,1.401,-3.741,-3.688,2495800000.0,0.0,17.96,0.602,0.602,504600000.0,1294600000.0,3243000000.0,3243000000.0,0.0,-0.098,-0.336,-0.081,-0.143,0.0,236100000.0,1.0,108767403.0,108767403.0,,29.816,4511800000.0,0.0,-70700000.0,13000000.0,41.481,967000000.0
18,ATI,MRT,2016-12-31,2016-12-31,2016-12-31,2021-08-03,-1093700000.0,5170000000.0,5485600000.0,1766500000.0,3403500000.0,0.571,12.441,-202200000.0,229600000.0,229600000.0,2911800000.0,-627100000.0,2.493,2.749,1877000000.0,105100000.0,1771900000.0,1877000000.0,0.0,170300000.0,0.0,0.015,0.24,-623800000.0,-453500000.0,-0.145,-453500000.0,-623800000.0,-747800000.0,-5.97,-5.97,-5.97,1355200000.0,1704150000.0,1355200000.0,3422610933.0,-5.0,-7.547,-245900000.0,-2.257,1.0,222800000.0,0.071,641900000.0,124000000.0,5466800000.0,5749400000.0,1037000000.0,0.0,0.0,0.0,3725200000.0,708700000.0,3016500000.0,1735210933.0,79800000.0,2200000.0,0.0,377500000.0,-25800000.0,323500000.0,-200000000.0,0.0,-43700000.0,0.0,-640900000.0,-640900000.0,-640900000.0,0.0,13800000.0,-0.204,764600000.0,-541800000.0,294300000.0,-0.04,1.28,-2.707,-2.668,2498900000.0,0.0,15.93,0.554,0.554,452100000.0,1277100000.0,3134600000.0,3134600000.0,0.0,-0.117,-0.376,-0.108,-0.199,0.0,240800000.0,1.0,108927240.0,108927240.0,,28.777,4528100000.0,0.0,-106900000.0,15600000.0,41.57,1057800000.0
19,ATI,MRT,2016-09-30,2016-09-30,2016-09-30,2021-08-03,-961700000.0,5192300000.0,5631025000.0,1762100000.0,3430200000.0,0.547,13.511,-219900000.0,188400000.0,188400000.0,3109700000.0,-864100000.0,2.93,2.466,1875800000.0,5400000.0,1870400000.0,1875800000.0,0.0,178700000.0,0.0,0.018,0.32,-957500000.0,-778800000.0,-0.253,-778800000.0,-957500000.0,-1077900000.0,-8.19,-8.19,-8.19,1471800000.0,1886050000.0,1471800000.0,3522927405.0,-4.0,-4.524,-309100000.0,-2.838,1.0,-32300000.0,-0.01,644400000.0,120400000.0,5633800000.0,5822625000.0,1078900000.0,0.0,0.0,0.0,3629600000.0,601500000.0,3028100000.0,1968427405.0,-9100000.0,2000000.0,0.0,376600000.0,-34400000.0,298000000.0,-217900000.0,0.0,-89200000.0,0.0,-877700000.0,-877700000.0,-877700000.0,0.0,13600000.0,-0.285,912700000.0,-945000000.0,285200000.0,-0.039,1.337,-2.243,-2.206,2514400000.0,0.0,18.07,0.64,0.64,454000000.0,1267100000.0,3077400000.0,3077400000.0,0.0,-0.156,-0.465,-0.164,-0.311,0.0,223200000.0,1.0,108933448.0,108933448.0,,28.25,4547900000.0,0.0,-200200000.0,51300000.0,41.749,1160600000.0
20,ATI,MRT,2016-06-30,2016-06-30,2016-06-30,2021-08-03,-973700000.0,5861000000.0,5873225000.0,1952400000.0,3908600000.0,0.535,18.311,-226500000.0,322300000.0,322300000.0,3250800000.0,-478200000.0,3.223,1.886,1876800000.0,6700000.0,1870100000.0,1876800000.0,0.0,184100000.0,0.0,0.033,0.42,-548700000.0,-364600000.0,-0.116,-364600000.0,-548700000.0,-664000000.0,-4.59,-4.59,-4.59,1994400000.0,2119525000.0,1994400000.0,2880988524.0,-5.0,-7.902,-220200000.0,-2.022,1.0,-111200000.0,-0.035,646900000.0,115300000.0,6162900000.0,5902150000.0,1094300000.0,0.0,0.0,0.0,3761700000.0,605700000.0,3156000000.0,1388688524.0,71400000.0,1700000.0,0.0,363200000.0,-45100000.0,289900000.0,-224800000.0,0.0,6300000.0,0.0,-491500000.0,-491500000.0,-491500000.0,0.0,13300000.0,-0.157,426100000.0,-537300000.0,308200000.0,-0.092,0.696,-2.825,-2.778,2958900000.0,0.0,12.75,0.442,0.442,492500000.0,1806700000.0,3139600000.0,3139600000.0,0.0,-0.084,-0.232,-0.093,-0.175,0.0,225200000.0,1.0,108916747.0,108916747.0,,28.826,5214100000.0,0.0,-172500000.0,52800000.0,47.872,1346700000.0
21,ATI,MRT,2016-03-31,2016-03-31,2016-03-31,2021-08-03,-994900000.0,5719100000.0,6025300000.0,1800700000.0,3918400000.0,0.556,18.319,-191400000.0,156900000.0,156900000.0,3434000000.0,-476600000.0,2.173,1.812,1649200000.0,156500000.0,1492700000.0,1649200000.0,0.0,188400000.0,0.0,0.032,0.52,-531600000.0,-343200000.0,-0.102,-343200000.0,-531600000.0,-643400000.0,-4.56,-4.56,-4.56,1995200000.0,2267000000.0,1995200000.0,3121174793.0,-6.0,-9.094,-133500000.0,-1.226,1.0,-82400000.0,-0.025,648600000.0,111800000.0,5734100000.0,5878900000.0,1166300000.0,0.0,0.0,0.0,3614600000.0,828700000.0,2785900000.0,1775274793.0,-81100000.0,100000.0,0.0,130200000.0,-55800000.0,52300000.0,-191300000.0,0.0,57900000.0,0.0,-489100000.0,-489100000.0,-489100000.0,0.0,12500000.0,-0.146,438200000.0,-520600000.0,340400000.0,-0.114,0.89,-3.63,-3.575,2962100000.0,0.0,16.3,0.53,0.53,442400000.0,1835900000.0,3351600000.0,3351600000.0,0.0,-0.081,-0.216,-0.09,-0.159,0.0,238300000.0,1.0,108912564.0,108912564.0,,30.773,5070500000.0,0.0,-154300000.0,59100000.0,46.556,972000000.0
22,ATI,MRT,2015-12-31,2015-12-31,2015-12-31,2021-08-03,-1014500000.0,5751700000.0,6234725000.0,1867600000.0,3884100000.0,0.597,19.072,-144500000.0,149800000.0,149800000.0,3659300000.0,-365900000.0,2.72,1.707,1495700000.0,3900000.0,1491800000.0,1495700000.0,0.0,189900000.0,0.0,0.055,0.62,-379800000.0,-189900000.0,-0.051,-189900000.0,-379800000.0,-490000000.0,-3.53,-3.53,-3.53,2082800000.0,2416850000.0,2082800000.0,2536690000.0,-7.0,-13.358,-13100000.0,-0.12,1.0,60300000.0,0.016,651400000.0,110200000.0,5759700000.0,5978100000.0,1271600000.0,0.0,0.0,0.0,3555200000.0,686500000.0,2868700000.0,1228590000.0,-119700000.0,-600000.0,-1400000.0,-22100000.0,-66500000.0,-106000000.0,-145100000.0,0.0,131400000.0,0.0,-377900000.0,-377900000.0,-377900000.0,0.0,12000000.0,-0.102,429700000.0,-369400000.0,380800000.0,-0.176,0.59,-3.251,-3.187,2928200000.0,0.0,11.25,0.33,0.33,400300000.0,1945900000.0,3719600000.0,3719600000.0,0.0,-0.061,-0.156,-0.064,-0.102,0.0,238800000.0,1.0,109208000.0,109208000.0,,34.06,5100300000.0,0.0,-112100000.0,75600000.0,46.703,1181100000.0
23,ATI,MRT,2015-09-30,2015-09-30,2015-09-30,2021-08-03,-925400000.0,6161100000.0,6439725000.0,2098600000.0,4062500000.0,0.626,22.028,-167700000.0,197500000.0,197500000.0,3748500000.0,-117300000.0,2.847,1.515,1505600000.0,4000000.0,1501600000.0,1505600000.0,0.0,186600000.0,0.0,0.051,0.72,5400000.0,192000000.0,0.048,192000000.0,5400000.0,-101500000.0,-1.21,-1.21,-1.21,2405700000.0,2545750000.0,2405700000.0,2818693957.0,522.0,14.681,35300000.0,0.323,1.0,279700000.0,0.069,780200000.0,106900000.0,5951900000.0,6073200000.0,1356100000.0,0.0,0.0,0.0,3643500000.0,737100000.0,2906400000.0,1548593957.0,-66700000.0,-400000.0,-1400000.0,-23000000.0,-77200000.0,-101600000.0,-168100000.0,0.0,203000000.0,0.0,-128900000.0,-128900000.0,-128900000.0,-2200000.0,11600000.0,-0.032,271300000.0,8400000.0,367100000.0,-0.595,0.644,-12.014,-11.719,2938200000.0,0.0,14.18,0.384,0.384,497500000.0,2181700000.0,4028200000.0,4028200000.0,0.0,-0.02,-0.051,0.001,0.001,0.0,268400000.0,1.0,109209729.0,109209729.0,,36.885,5380900000.0,0.0,27400000.0,226900000.0,49.271,1361500000.0
24,ATI,MRT,2015-06-30,2015-06-30,2015-06-30,2021-08-03,-907300000.0,6469300000.0,6525250000.0,2383500000.0,4085800000.0,0.654,23.662,-191100000.0,250900000.0,250900000.0,3859700000.0,26900000.0,2.684,1.454,1521000000.0,18300000.0,1502700000.0,1521000000.0,0.0,182900000.0,0.0,0.024,0.72,124100000.0,307000000.0,0.072,307000000.0,124100000.0,19500000.0,0.13,0.13,0.13,2584300000.0,2662125000.0,2584300000.0,4587308070.0,37.0,14.942,-6200000.0,-0.057,1.0,405400000.0,0.095,781500000.0,104600000.0,6069900000.0,6121025000.0,1472900000.0,0.0,0.0,0.0,3756500000.0,888000000.0,2868500000.0,3298308070.0,-104200000.0,-600000.0,-1300000.0,-19000000.0,-77100000.0,-97400000.0,-191700000.0,0.0,184900000.0,0.0,15000000.0,15000000.0,15000000.0,-1500000.0,11900000.0,0.004,276500000.0,128900000.0,487500000.0,5.538,1.276,219.887,232.308,2946700000.0,0.0,30.2,0.773,0.773,593400000.0,2346300000.0,4265100000.0,4265100000.0,0.0,0.002,0.006,0.02,0.029,0.0,274600000.0,1.0,109215499.0,109215499.0,,39.052,5687800000.0,0.0,4500000.0,211400000.0,52.079,1495500000.0
25,ATI,MRT,2015-03-31,2015-03-31,2015-03-31,2021-08-03,-930800000.0,6556800000.0,6550650000.0,2465600000.0,4091200000.0,0.666,23.885,-208700000.0,238000000.0,238000000.0,3943700000.0,40100000.0,2.631,1.479,1527000000.0,17900000.0,1509100000.0,1527000000.0,0.0,178400000.0,0.0,0.024,0.72,143000000.0,321400000.0,0.074,321400000.0,143000000.0,36700000.0,0.25,0.25,0.25,2594600000.0,2734975000.0,2594600000.0,4517369855.0,32.0,14.055,-83900000.0,-0.772,1.0,417900000.0,0.096,777900000.0,106300000.0,6130900000.0,6120000000.0,1472600000.0,0.0,0.0,0.0,3836700000.0,937000000.0,2899700000.0,3259969855.0,-599700000.0,-21100000.0,-1300000.0,-416300000.0,-77100000.0,-494700000.0,-229800000.0,0.0,124800000.0,0.0,27400000.0,27400000.0,27400000.0,-1300000.0,12700000.0,0.006,268500000.0,149400000.0,559500000.0,2.88,1.256,118.977,120.04,2943700000.0,0.0,30.01,0.747,0.747,690900000.0,2382400000.0,4361600000.0,4361600000.0,0.0,0.004,0.01,0.023,0.033,0.0,267900000.0,1.0,108629452.0,108629452.0,,40.151,5778900000.0,0.0,9300000.0,162100000.0,53.198,1528600000.0
26,ATI,MRT,2014-12-31,2014-12-31,2014-12-31,2021-08-03,-931400000.0,6571700000.0,6640825000.0,2482100000.0,4089600000.0,0.636,23.904,-225700000.0,269500000.0,269500000.0,3844800000.0,9600000.0,2.765,1.482,1516000000.0,17800000.0,1498200000.0,1516000000.0,0.0,176800000.0,0.0,0.021,0.72,97400000.0,274200000.0,0.065,274200000.0,97400000.0,-11300000.0,-0.03,-0.03,-0.03,2598400000.0,2802900000.0,2598400000.0,5042001502.0,52.0,18.388,-169800000.0,-1.562,1.0,378600000.0,0.09,780400000.0,108700000.0,6140100000.0,6086625000.0,1472800000.0,0.0,0.0,0.0,3850300000.0,897700000.0,2952600000.0,3779601502.0,-757300000.0,-90500000.0,-3800000.0,-416100000.0,-77100000.0,-497000000.0,-316200000.0,0.0,55900000.0,0.0,-2600000.0,-2600000.0,-2600000.0,600000.0,12200000.0,-0.001,272500000.0,106100000.0,556700000.0,-24.0,1.455,-1453.693,-1159.0,2961800000.0,0.0,34.77,0.895,0.895,603600000.0,2398900000.0,4223400000.0,4223400000.0,0.0,0.0,-0.001,0.016,0.023,0.0,272500000.0,1.0,108702948.0,108702948.0,,38.853,5791300000.0,0.0,-8700000.0,143100000.0,53.276,1584400000.0
27,ATI,MRT,2014-09-30,2014-09-30,2014-09-30,2021-08-03,-653600000.0,6503200000.0,6722525000.0,2415000000.0,4088200000.0,0.609,26.409,-374700000.0,264200000.0,264200000.0,3823200000.0,159900000.0,2.876,1.223,1526600000.0,17500000.0,1509100000.0,1526600000.0,0.0,178000000.0,0.0,0.019,0.72,178600000.0,356600000.0,0.087,356600000.0,178600000.0,77100000.0,1.39,1.39,1.39,2871200000.0,2876850000.0,2871200000.0,5216556520.0,29.0,14.629,-271900000.0,-2.501,1.0,268000000.0,0.066,782800000.0,101500000.0,6143200000.0,6021625000.0,1417700000.0,0.0,0.0,0.0,3511500000.0,839600000.0,2671900000.0,4033556520.0,-271500000.0,510300000.0,-3800000.0,-429100000.0,-77000000.0,-509900000.0,135600000.0,0.0,102800000.0,0.0,148700000.0,148700000.0,148700000.0,-254400000.0,11200000.0,0.036,332600000.0,-64600000.0,482700000.0,0.518,1.405,27.125,26.691,2937100000.0,0.0,37.1,0.986,0.986,623700000.0,2396400000.0,4091200000.0,4091200000.0,0.0,0.022,0.052,0.03,0.044,0.0,268400000.0,1.0,108721200.0,108721200.0,,37.63,5720400000.0,0.0,-71600000.0,278300000.0,52.615,1575400000.0
28,ATI,MRT,2014-06-30,2014-06-30,2014-06-30,2021-08-03,-664200000.0,6570900000.0,6746550000.0,2513800000.0,4057100000.0,0.592,26.486,-486900000.0,355100000.0,355100000.0,3769900000.0,124800000.0,2.784,1.245,1538100000.0,17400000.0,1520700000.0,1538100000.0,0.0,180500000.0,0.0,0.016,0.72,129500000.0,310000000.0,0.078,310000000.0,129500000.0,35000000.0,1.08,1.08,1.08,2875700000.0,2775725000.0,2875700000.0,6005751591.0,46.0,19.373,-214000000.0,-1.971,1.0,224100000.0,0.056,785100000.0,94500000.0,6065800000.0,6018075000.0,1406500000.0,0.0,0.0,0.0,3580200000.0,903000000.0,2677200000.0,4896651591.0,281000000.0,510800000.0,-3900000.0,65200000.0,-77100000.0,-15800000.0,23900000.0,0.0,272900000.0,0.0,115600000.0,115600000.0,115600000.0,-249700000.0,9200000.0,0.029,335100000.0,-111000000.0,556300000.0,0.667,1.703,42.359,41.759,2916800000.0,0.0,45.1,1.226,1.226,650900000.0,2416500000.0,3994000000.0,3994000000.0,0.0,0.017,0.042,0.022,0.032,0.0,270300000.0,1.0,108573206.0,108573206.0,,36.786,5785800000.0,0.0,-80600000.0,255600000.0,53.289,1610800000.0
29,ATI,MRT,2014-03-31,2014-03-31,2014-03-31,2021-08-03,-694300000.0,6917500000.0,6633725000.0,2895700000.0,4021800000.0,0.593,26.553,-565400000.0,837700000.0,837700000.0,3709500000.0,132100000.0,2.31,1.374,1946800000.0,420000000.0,1526800000.0,1946800000.0,0.0,185400000.0,0.0,0.019,0.72,126800000.0,312200000.0,0.079,312200000.0,126800000.0,46900000.0,1.15,1.15,1.15,2866300000.0,2679600000.0,2866300000.0,4987935763.0,39.0,15.977,-196500000.0,-1.82,1.0,222300000.0,0.057,775500000.0,79900000.0,5997400000.0,5900575000.0,1408500000.0,0.0,0.0,0.0,3938200000.0,1253700000.0,2684500000.0,4067435763.0,699700000.0,531700000.0,-3800000.0,463300000.0,-77000000.0,364500000.0,-33700000.0,0.0,368900000.0,0.0,124000000.0,124000000.0,124000000.0,-250600000.0,8100000.0,0.032,338000000.0,-115700000.0,518200000.0,0.626,1.419,32.802,32.765,2889300000.0,0.0,37.68,1.034,1.034,557500000.0,2440700000.0,3931800000.0,3931800000.0,0.0,0.019,0.046,0.021,0.032,0.0,271700000.0,1.0,107946809.0,107946809.0,,36.423,6142000000.0,0.0,-77100000.0,230300000.0,56.898,1642000000.0
30,ATI,MRT,2013-12-31,2013-12-31,2013-12-31,2021-08-03,-713200000.0,6898500000.0,6447925000.0,2950800000.0,3947700000.0,0.627,26.803,-612700000.0,1026800000.0,1026800000.0,3790900000.0,161600000.0,2.437,1.349,1947300000.0,419900000.0,1527400000.0,1947300000.0,0.0,189900000.0,0.0,0.02,0.72,155600000.0,345500000.0,0.085,345500000.0,155600000.0,90400000.0,1.44,1.44,1.44,2894200000.0,2584800000.0,2894200000.0,5273803577.0,34.0,15.264,-244300000.0,-2.262,1.0,252600000.0,0.062,727900000.0,65200000.0,5880100000.0,5892725000.0,1322100000.0,0.0,0.0,0.0,3903800000.0,1211000000.0,2692800000.0,3847403577.0,722200000.0,601700000.0,-6200000.0,463300000.0,-76900000.0,364800000.0,-11000000.0,0.0,368400000.0,0.0,154000000.0,154000000.0,154000000.0,-252800000.0,7600000.0,0.038,342200000.0,-89600000.0,471800000.0,0.5,1.329,24.983,24.743,2874100000.0,0.0,35.63,0.952,0.952,528200000.0,2490100000.0,4043500000.0,4043500000.0,0.0,0.024,0.06,0.026,0.038,0.0,276400000.0,1.0,107982138.0,107982138.0,,37.446,6170600000.0,0.0,-63600000.0,210100000.0,57.145,1739800000.0
31,ATI,MRT,2013-09-30,2013-09-30,2013-09-30,2021-08-03,-982600000.0,6599300000.0,6285250000.0,2693500000.0,3905800000.0,0.66,22.849,-531900000.0,535700000.0,535700000.0,3788700000.0,-500000.0,2.305,1.636,1962100000.0,419900000.0,1542200000.0,1962100000.0,0.0,192400000.0,0.0,0.024,0.72,54900000.0,247300000.0,0.06,247300000.0,54900000.0,-7500000.0,-0.09,-0.08,-0.09,2466700000.0,2481150000.0,2466700000.0,4694573507.0,86.0,18.983,-122800000.0,-1.138,1.0,360900000.0,0.087,728100000.0,62400000.0,6129000000.0,5875625000.0,1344900000.0,0.0,0.0,0.0,4035200000.0,1168600000.0,2866600000.0,3294773507.0,254700000.0,2600000.0,-5300000.0,477600000.0,-76900000.0,374900000.0,-529300000.0,0.0,409100000.0,0.0,-8900000.0,-8900000.0,-8900000.0,9900000.0,8400000.0,-0.002,287700000.0,73200000.0,401900000.0,-8.0,1.336,-370.199,-339.111,2744700000.0,0.0,30.52,0.794,0.794,576900000.0,2335900000.0,4149600000.0,4149600000.0,0.0,-0.001,-0.004,0.009,0.013,0.0,288400000.0,1.0,107954571.0,107954571.0,,38.438,5871200000.0,0.0,1400000.0,60300000.0,54.386,1524900000.0
32,ATI,MRT,2013-06-30,2013-06-30,2013-06-30,2021-08-03,-1004800000.0,6119600000.0,6155125000.0,2331800000.0,3787800000.0,0.7,23.076,-440000000.0,74100000.0,74100000.0,3858200000.0,69000000.0,1.965,1.418,1473900000.0,420300000.0,1053600000.0,1473900000.0,0.0,194700000.0,0.0,0.027,0.72,146300000.0,341000000.0,0.079,341000000.0,146300000.0,84900000.0,0.56,0.56,0.56,2491200000.0,2525050000.0,2491200000.0,4181384763.0,29.0,12.262,-14300000.0,-0.132,1.0,450500000.0,0.105,737000000.0,61400000.0,5595800000.0,5783650000.0,1504900000.0,0.0,0.0,0.0,3532700000.0,1186600000.0,2346100000.0,2840284763.0,-136200000.0,2900000.0,-4800000.0,-26900000.0,-76700000.0,-124800000.0,-437100000.0,0.0,425700000.0,0.0,60200000.0,60200000.0,60200000.0,500000.0,8800000.0,0.014,294900000.0,155600000.0,445600000.0,1.286,1.14,47.181,46.982,2692400000.0,0.0,26.31,0.659,0.659,655500000.0,2389100000.0,4308700000.0,4308700000.0,0.0,0.01,0.024,0.025,0.034,0.0,295400000.0,1.0,107954571.0,107954571.0,,39.912,5382600000.0,0.0,24700000.0,31800000.0,49.86,1145200000.0
33,ATI,MRT,2013-03-31,2013-03-31,2013-03-31,2021-08-03,-1016200000.0,6174300000.0,6145225000.0,2446400000.0,3727900000.0,0.75,23.141,-399000000.0,138000000.0,138000000.0,4047600000.0,121100000.0,3.009,1.438,1479100000.0,17100000.0,1462000000.0,1479100000.0,0.0,194500000.0,0.0,0.023,0.72,233400000.0,427900000.0,0.093,427900000.0,233400000.0,167300000.0,1.05,1.02,1.05,2487100000.0,2546125000.0,2487100000.0,4583522039.0,20.0,10.712,-10700000.0,-0.1,1.0,561700000.0,0.122,736300000.0,66100000.0,5966000000.0,5837175000.0,1537500000.0,0.0,0.0,0.0,3577600000.0,813100000.0,2764500000.0,3408022039.0,-112300000.0,3100000.0,-4400000.0,-25800000.0,-76600000.0,-104700000.0,-395900000.0,0.0,388300000.0,0.0,112200000.0,112200000.0,112200000.0,1200000.0,8900000.0,0.024,318200000.0,243500000.0,479400000.0,0.686,1.37,30.375,30.2,2597200000.0,0.0,31.71,0.739,0.739,681500000.0,2404900000.0,4609300000.0,4609300000.0,0.0,0.018,0.044,0.04,0.051,0.0,319000000.0,1.0,107474678.0,107474678.0,,42.887,5438000000.0,31300000.0,55100000.0,36600000.0,50.598,1633300000.0
34,ATI,MRT,2012-12-31,2012-12-31,2012-12-31,2021-08-03,-1029400000.0,6247800000.0,6121325000.0,2510600000.0,3737200000.0,0.762,23.106,-382000000.0,304600000.0,304600000.0,4041400000.0,167800000.0,2.881,1.476,1480100000.0,17100000.0,1463000000.0,1480100000.0,0.0,194000000.0,0.0,0.024,0.72,302400000.0,496400000.0,0.106,496400000.0,302400000.0,230800000.0,1.49,1.43,1.49,2479600000.0,2553100000.0,2479600000.0,4456417737.0,15.0,8.977,45500000.0,0.424,1.0,625500000.0,0.134,740100000.0,71600000.0,5811700000.0,5776750000.0,1536600000.0,0.0,0.0,0.0,3660700000.0,871500000.0,2789200000.0,3258117737.0,-76000000.0,3300000.0,-21200000.0,-27100000.0,-76500000.0,-124800000.0,-378700000.0,0.0,427500000.0,0.0,158400000.0,158400000.0,158400000.0,-7900000.0,9400000.0,0.034,321600000.0,303900000.0,499900000.0,0.483,1.314,20.569,20.376,2559900000.0,0.0,30.36,0.698,0.698,613300000.0,2427600000.0,4666900000.0,4666900000.0,0.0,0.026,0.062,0.052,0.065,0.0,321600000.0,1.0,107316131.0,107316131.0,,43.487,5507700000.0,71500000.0,72400000.0,24000000.0,51.322,1639100000.0
35,ATI,MRT,2012-09-30,2012-09-30,2012-09-30,2021-08-03,-875900000.0,6078800000.0,6071100000.0,2484800000.0,3594000000.0,0.778,24.654,-355000000.0,281000000.0,281000000.0,4080900000.0,188500000.0,3.203,1.262,1479300000.0,16800000.0,1462500000.0,1479300000.0,0.0,192300000.0,0.0,0.023,0.72,338900000.0,531200000.0,0.112,531200000.0,338900000.0,261000000.0,1.68,1.61,1.68,2642300000.0,2552025000.0,2642300000.0,4709954875.0,14.0,8.867,80100000.0,0.747,1.0,641200000.0,0.136,740300000.0,77900000.0,5761100000.0,5717850000.0,1460200000.0,0.0,0.0,0.0,3333900000.0,775700000.0,2558200000.0,3418854875.0,-150500000.0,1200000.0,-23000000.0,-145000000.0,-76300000.0,-231800000.0,-353800000.0,0.0,435100000.0,0.0,179600000.0,179600000.0,179600000.0,-15400000.0,8900000.0,0.038,308800000.0,332400000.0,409300000.0,0.429,1.294,19.036,18.988,2482300000.0,0.0,31.9,0.724,0.724,685700000.0,2443600000.0,4722100000.0,4722100000.0,0.0,0.03,0.07,0.059,0.072,0.0,310000000.0,1.0,107174134.0,107174134.0,,44.06,5338500000.0,0.0,81400000.0,34700000.0,49.811,1709100000.0
36,ATI,MRT,2012-06-30,2012-06-30,2012-06-30,2021-08-03,-912400000.0,6080000000.0,6083150000.0,2527500000.0,3552500000.0,0.813,24.046,-346200000.0,210300000.0,210300000.0,4228900000.0,215400000.0,3.069,1.322,1501400000.0,27300000.0,1474100000.0,1501400000.0,0.0,190000000.0,0.0,0.023,0.72,388500000.0,578500000.0,0.117,578500000.0,388500000.0,304400000.0,1.94,1.85,1.94,2575500000.0,2578625000.0,2575500000.0,4675295199.0,12.0,8.082,82400000.0,0.769,1.0,714300000.0,0.145,737700000.0,84100000.0,5809900000.0,5678750000.0,1512500000.0,0.0,0.0,0.0,3404500000.0,823500000.0,2581000000.0,3415695199.0,-157500000.0,1000000.0,-23200000.0,-143700000.0,-76200000.0,-240900000.0,-345200000.0,0.0,428600000.0,0.0,206600000.0,206600000.0,206600000.0,-11400000.0,8800000.0,0.042,328400000.0,385900000.0,451700000.0,0.371,1.326,16.533,16.438,2444000000.0,0.0,31.89,0.691,0.691,744300000.0,2429800000.0,4943200000.0,4943200000.0,0.0,0.034,0.08,0.068,0.079,0.0,329100000.0,1.0,107108661.0,107108661.0,,46.151,5342300000.0,0.0,97800000.0,36600000.0,49.877,1704000000.0
37,ATI,MRT,2012-03-31,2012-03-31,2012-03-31,2021-08-03,-925700000.0,6078700000.0,6075400000.0,2574700000.0,3504000000.0,0.813,23.571,-305900000.0,250300000.0,250300000.0,4199000000.0,222700000.0,2.943,1.378,1509900000.0,28400000.0,1481500000.0,1509900000.0,0.0,185000000.0,0.0,0.017,0.72,404500000.0,589500000.0,0.119,589500000.0,404500000.0,315300000.0,2.04,1.94,2.04,2515000000.0,2607425000.0,2515000000.0,5521542499.0,14.0,9.366,23000000.0,0.216,1.0,738400000.0,0.15,739000000.0,89200000.0,5724300000.0,5636900000.0,1511400000.0,0.0,0.0,0.0,3464800000.0,875000000.0,2589800000.0,4392842499.0,-566000000.0,-346100000.0,-23000000.0,-146300000.0,-76200000.0,-242900000.0,-652000000.0,0.0,328900000.0,0.0,214200000.0,214200000.0,214200000.0,-11400000.0,8500000.0,0.043,336800000.0,401600000.0,505800000.0,0.353,1.747,20.508,20.181,2398100000.0,0.0,41.17,0.89,0.89,753100000.0,2394900000.0,4937400000.0,4937400000.0,0.0,0.035,0.082,0.072,0.082,0.0,337700000.0,1.0,106700085.0,106700085.0,,46.274,5339700000.0,0.0,101100000.0,25600000.0,50.044,1699700000.0
38,ATI,MRT,2011-12-31,2011-12-31,2011-12-31,2021-08-03,-941600000.0,6046900000.0,5853850000.0,2569500000.0,3477400000.0,0.822,23.273,-278200000.0,380600000.0,380600000.0,4075500000.0,223100000.0,2.982,1.404,1509300000.0,27300000.0,1482000000.0,1509300000.0,0.0,174400000.0,0.0,0.015,0.72,417000000.0,591400000.0,0.123,591400000.0,417000000.0,324700000.0,2.09,1.97,2.09,2475300000.0,2506300000.0,2475300000.0,6280798631.0,15.0,10.62,18600000.0,0.175,1.0,736800000.0,0.153,737700000.0,92300000.0,5576100000.0,5409225000.0,1384300000.0,0.0,0.0,0.0,3475300000.0,861800000.0,2613500000.0,5083998631.0,-51700000.0,-346500000.0,-800000.0,348100000.0,-74700000.0,276200000.0,-624700000.0,0.0,296800000.0,0.0,214300000.0,214300000.0,214300000.0,-11400000.0,8800000.0,0.045,322400000.0,414400000.0,490700000.0,0.344,2.054,23.724,22.871,2368800000.0,0.0,47.8,1.056,1.056,709100000.0,2361500000.0,4812300000.0,4812300000.0,0.0,0.037,0.086,0.077,0.087,0.0,323000000.0,1.0,106359804.0,106359804.0,,45.245,5309200000.0,0.0,110400000.0,33300000.0,49.917,1707700000.0
39,ATI,MRT,2011-09-30,2011-09-30,2011-09-30,2021-08-03,-637300000.0,6127000000.0,5465525000.0,2689500000.0,3437500000.0,0.909,25.848,-254700000.0,431500000.0,431500000.0,4197700000.0,206300000.0,2.749,1.195,1628300000.0,144900000.0,1483400000.0,1628300000.0,0.0,162700000.0,0.0,0.019,0.72,389900000.0,552600000.0,0.111,552600000.0,389900000.0,303500000.0,1.96,1.85,1.96,2748700000.0,2397675000.0,2748700000.0,5216400620.0,13.0,9.44,-56200000.0,-0.528,1.0,771500000.0,0.155,740600000.0,86400000.0,5604700000.0,5046900000.0,1434500000.0,0.0,0.0,0.0,3285700000.0,978500000.0,2307200000.0,3933500620.0,-11800000.0,-344700000.0,200000.0,468100000.0,-73500000.0,389100000.0,-599400000.0,0.0,198500000.0,0.0,197700000.0,197700000.0,197700000.0,0.0,8600000.0,0.04,373000000.0,398500000.0,491800000.0,0.367,1.431,19.896,18.872,2307500000.0,0.0,36.99,0.792,0.792,769300000.0,2349700000.0,4969200000.0,4969200000.0,0.0,0.036,0.082,0.077,0.078,0.0,373500000.0,1.0,106339568.0,106339568.0,,46.73,5386400000.0,0.0,105800000.0,195700000.0,50.653,1711000000.0
40,ATI,MRT,2011-06-30,2011-06-30,2011-06-30,2021-08-03,-639600000.0,6049000000.0,5056200000.0,2691100000.0,3357900000.0,0.925,27.187,-219200000.0,367800000.0,367800000.0,4029900000.0,145400000.0,2.694,1.215,1650700000.0,154200000.0,1496500000.0,1650700000.0,0.0,152300000.0,0.0,0.011,0.72,296600000.0,448900000.0,0.096,448900000.0,296600000.0,217200000.0,1.38,1.3,1.38,2690700000.0,2222550000.0,2690700000.0,7027216760.0,24.0,15.654,-70700000.0,-0.714,1.0,645500000.0,0.138,690600000.0,79400000.0,5642500000.0,4692975000.0,1465400000.0,0.0,0.0,0.0,3269000000.0,998800000.0,2270200000.0,6281616760.0,-10900000.0,-345300000.0,-100000.0,478000000.0,-72200000.0,405100000.0,-564500000.0,0.0,148500000.0,0.0,136400000.0,136400000.0,136400000.0,0.0,9000000.0,0.029,339900000.0,305600000.0,503600000.0,0.522,2.335,46.053,45.993,2292700000.0,0.0,63.47,1.344,1.344,808100000.0,2307300000.0,4675400000.0,4675400000.0,0.0,0.027,0.061,0.063,0.063,0.0,342700000.0,1.0,98969856.0,98969856.0,,47.241,5358400000.0,13500000.0,80800000.0,109600000.0,54.142,1692300000.0
41,ATI,MRT,2011-03-31,2011-03-31,2011-03-31,2021-08-03,-649000000.0,5192500000.0,4643400000.0,2787100000.0,2405400000.0,0.942,21.382,-210100000.0,816300000.0,816300000.0,3801500000.0,117600000.0,3.045,1.416,1561900000.0,139400000.0,1422500000.0,1561900000.0,0.0,144300000.0,0.0,0.011,0.72,248800000.0,393100000.0,0.09,393100000.0,248800000.0,177700000.0,1.12,1.07,1.12,2110500000.0,2062225000.0,2110500000.0,7315272329.0,29.0,18.609,-161300000.0,-1.634,1.0,574300000.0,0.131,209100000.0,71100000.0,4813600000.0,4339800000.0,1231900000.0,0.0,0.0,0.0,2989400000.0,915400000.0,2074000000.0,6684272329.0,252800000.0,2200000.0,-500000.0,490800000.0,-70700000.0,411900000.0,-207900000.0,0.0,48800000.0,0.0,108800000.0,108800000.0,108800000.0,0.0,8800000.0,0.025,316700000.0,257600000.0,505200000.0,0.643,3.167,61.436,60.464,1999200000.0,0.0,67.72,1.528,1.528,694000000.0,2264400000.0,4375800000.0,4375800000.0,0.0,0.023,0.053,0.057,0.057,0.0,319400000.0,1.0,98704553.0,98704553.0,,44.332,4983400000.0,2200000.0,68900000.0,75000000.0,50.488,1871700000.0
42,ATI,MRT,2010-12-31,2010-12-31,2010-12-31,2021-08-03,-665100000.0,4493600000.0,4446025000.0,2115100000.0,2378500000.0,0.91,20.701,-219100000.0,432300000.0,432300000.0,3557500000.0,78700000.0,2.674,1.158,1063300000.0,141400000.0,921900000.0,1063300000.0,0.0,141500000.0,0.0,0.013,0.72,180400000.0,321900000.0,0.08,321900000.0,180400000.0,117700000.0,0.73,0.72,0.73,2040800000.0,2039475000.0,2040800000.0,6057700435.0,34.0,18.819,-192000000.0,-1.948,1.0,490300000.0,0.121,206800000.0,62700000.0,4126800000.0,4138400000.0,1024500000.0,0.0,0.0,0.0,2364200000.0,791000000.0,1573200000.0,5439900435.0,-276500000.0,2300000.0,500000.0,-8400000.0,-70800000.0,-86800000.0,-216800000.0,0.0,27100000.0,0.0,70700000.0,70700000.0,70700000.0,0.0,8000000.0,0.017,301900000.0,188400000.0,394100000.0,0.986,2.666,76.943,75.589,1989300000.0,0.0,55.18,1.344,1.344,545400000.0,2224800000.0,4047800000.0,4047800000.0,0.0,0.016,0.035,0.044,0.045,0.0,304900000.0,1.0,98584640.0,98584640.0,,41.059,4286800000.0,0.0,47000000.0,74200000.0,43.483,1324100000.0
43,ATI,MRT,2010-09-30,2010-09-30,2010-09-30,2021-08-03,-653900000.0,4489700000.0,4409125000.0,2160700000.0,2329000000.0,0.868,20.778,-240500000.0,443300000.0,443300000.0,3304500000.0,101700000.0,3.042,1.151,1061100000.0,21900000.0,1039200000.0,1061100000.0,0.0,142000000.0,0.0,0.016,0.72,213200000.0,355200000.0,0.093,355200000.0,213200000.0,156800000.0,0.96,0.93,0.96,2048200000.0,2032325000.0,2048200000.0,5270170336.0,25.0,14.837,-235300000.0,-2.387,1.0,521400000.0,0.136,208100000.0,56400000.0,4189000000.0,4075675000.0,1012000000.0,0.0,0.0,0.0,2357000000.0,710400000.0,1646600000.0,4578770336.0,-383000000.0,-43000000.0,0.0,-9800000.0,-88300000.0,-104700000.0,-283500000.0,0.0,5200000.0,0.0,93400000.0,93400000.0,93400000.0,0.0,8300000.0,0.024,299900000.0,221500000.0,412100000.0,0.75,2.236,49.023,48.385,1939900000.0,0.0,46.45,1.197,1.197,623000000.0,2228400000.0,3825900000.0,3825900000.0,0.0,0.021,0.046,0.052,0.056,0.0,302900000.0,1.0,98574173.0,98574173.0,,38.812,4281600000.0,5400000.0,63400000.0,49100000.0,43.435,1450300000.0
44,ATI,MRT,2010-06-30,2010-06-30,2010-06-30,2021-08-03,-662800000.0,4397800000.0,4381700000.0,2076600000.0,2321200000.0,0.791,20.797,-301500000.0,378700000.0,378700000.0,2939000000.0,102400000.0,3.172,1.106,1070100000.0,38000000.0,1032100000.0,1070100000.0,0.0,138000000.0,0.0,0.016,0.72,197700000.0,335700000.0,0.097,335700000.0,197700000.0,149600000.0,0.96,0.93,0.96,2049400000.0,2039950000.0,2049400000.0,4855451094.0,25.0,14.464,-357700000.0,-3.63,1.0,525700000.0,0.152,204800000.0,48100000.0,4229800000.0,3989900000.0,1053000000.0,0.0,0.0,0.0,2267300000.0,654600000.0,1612700000.0,4354551094.0,-472000000.0,-36000000.0,0.0,-2700000.0,-70600000.0,-78300000.0,-337500000.0,0.0,-56200000.0,0.0,93800000.0,93800000.0,93800000.0,0.0,8600000.0,0.027,319400000.0,206300000.0,363600000.0,0.75,2.125,46.424,46.031,1933500000.0,0.0,44.19,1.257,1.257,569300000.0,2245200000.0,3464700000.0,3464700000.0,0.0,0.021,0.046,0.05,0.057,0.0,320700000.0,1.0,98541550.0,98541550.0,,35.16,4193000000.0,0.0,55800000.0,16500000.0,42.551,1422000000.0
45,ATI,MRT,2010-03-31,2010-03-31,2010-03-31,2021-08-03,-673400000.0,4403000000.0,4362600000.0,2090300000.0,2312700000.0,0.716,20.565,-358000000.0,563500000.0,563500000.0,2673600000.0,52500000.0,3.021,1.141,1064400000.0,32100000.0,1032300000.0,1064400000.0,0.0,134900000.0,0.0,0.013,0.72,123100000.0,258000000.0,0.083,258000000.0,123100000.0,89100000.0,0.45,0.43,0.45,2019500000.0,2046475000.0,2019500000.0,5664048839.0,46.0,21.954,-380400000.0,-3.874,1.0,449100000.0,0.144,203900000.0,34000000.0,4008000000.0,3889450000.0,971100000.0,0.0,0.0,0.0,2304500000.0,692000000.0,1612500000.0,5301748839.0,57500000.0,-37100000.0,200000.0,545000000.0,-70700000.0,475000000.0,-395100000.0,0.0,-22400000.0,0.0,44000000.0,44000000.0,44000000.0,0.0,8500000.0,0.014,308300000.0,140800000.0,396700000.0,1.6,2.625,120.494,119.978,1921300000.0,0.0,53.99,1.698,1.698,472600000.0,2227200000.0,3122700000.0,3122700000.0,0.0,0.01,0.022,0.032,0.039,0.0,309100000.0,1.0,98198719.0,98198719.0,,31.8,4199100000.0,11800000.0,45100000.0,8900000.0,42.761,1398300000.0
46,ATI,MRT,2009-12-31,2009-12-31,2009-12-31,2021-08-03,-673500000.0,4346000000.0,4270175000.0,1997600000.0,2348400000.0,0.715,20.517,-415400000.0,708800000.0,708800000.0,2646500000.0,38000000.0,3.198,1.121,1071100000.0,33500000.0,1037600000.0,1071100000.0,0.0,132600000.0,0.0,0.016,0.72,77900000.0,210500000.0,0.069,210500000.0,77900000.0,58600000.0,0.33,0.32,0.33,2012200000.0,2029350000.0,2012200000.0,4635171922.0,60.0,22.02,-196900000.0,-2.008,1.0,408400000.0,0.134,207800000.0,19300000.0,3875900000.0,3711475000.0,825500000.0,0.0,0.0,0.0,2256400000.0,624600000.0,1631800000.0,4390871922.0,238900000.0,-38300000.0,-600000.0,545600000.0,-70600000.0,474100000.0,-453700000.0,0.0,218500000.0,0.0,31700000.0,31700000.0,31700000.0,0.0,6300000.0,0.01,315000000.0,93400000.0,308600000.0,2.182,2.182,138.513,135.667,1907900000.0,0.0,44.77,1.437,1.437,392000000.0,2230500000.0,3054900000.0,3054900000.0,0.0,0.007,0.016,0.021,0.026,0.0,315700000.0,1.0,98076210.0,98076210.0,,31.148,4138200000.0,63100000.0,26900000.0,23700000.0,42.194,1373000000.0
47,ATI,MRT,2009-09-30,2009-09-30,2009-09-30,2021-08-03,-581800000.0,4380000000.0,4226275000.0,2047100000.0,2332900000.0,0.793,21.195,-458700000.0,826300000.0,826300000.0,2879500000.0,109100000.0,3.517,1.071,1070600000.0,20200000.0,1050400000.0,1070600000.0,0.0,128700000.0,0.0,0.021,0.72,171300000.0,300000000.0,0.09,300000000.0,171300000.0,161300000.0,1.1,1.09,1.1,2078700000.0,2015650000.0,2078700000.0,3654285117.0,21.0,12.181,100600000.0,1.026,1.0,472400000.0,0.141,196300000.0,10000000.0,3845900000.0,3573875000.0,737300000.0,0.0,0.0,0.0,2226500000.0,582100000.0,1644400000.0,3431585117.0,553700000.0,6000000.0,-37100000.0,539300000.0,-52600000.0,447100000.0,-452700000.0,0.0,559300000.0,0.0,104800000.0,104800000.0,104800000.0,0.0,4300000.0,0.031,287600000.0,184800000.0,283000000.0,0.655,1.651,32.744,31.809,1852500000.0,0.0,34.99,1.024,1.024,415800000.0,2210800000.0,3351900000.0,3351900000.0,0.0,0.025,0.052,0.048,0.051,0.0,287900000.0,1.0,98073310.0,98073310.0,,34.177,4183700000.0,20600000.0,56500000.0,300000.0,42.659,1465000000.0
48,ATI,MRT,2009-06-30,2009-06-30,2009-06-30,2021-08-03,-594700000.0,4321400000.0,4209275000.0,2018000000.0,2303400000.0,0.961,21.175,-471800000.0,850700000.0,850700000.0,3361800000.0,252200000.0,3.89,1.047,1073400000.0,17500000.0,1055900000.0,1073400000.0,0.0,126700000.0,0.0,0.021,0.72,392900000.0,519600000.0,0.128,519600000.0,392900000.0,389300000.0,2.55,2.53,2.55,2075500000.0,2087150000.0,2075500000.0,3421259553.0,9.0,6.584,267700000.0,2.731,1.0,684900000.0,0.169,197300000.0,3600000.0,3828000000.0,3500725000.0,692900000.0,0.0,0.0,0.0,2173800000.0,518800000.0,1655000000.0,3423759553.0,540500000.0,700000.0,-190500000.0,535700000.0,-70300000.0,272100000.0,-471100000.0,0.0,739500000.0,0.0,247500000.0,247500000.0,247500000.0,0.0,4700000.0,0.061,278100000.0,406800000.0,236400000.0,0.282,1.65,13.833,13.698,1787000000.0,0.0,34.93,0.846,0.846,398200000.0,2227200000.0,4046700000.0,4046700000.0,0.0,0.059,0.119,0.112,0.097,0.0,278500000.0,1.0,98017737.0,98017737.0,,41.285,4124100000.0,49900000.0,141800000.0,35300000.0,42.075,1499200000.0
49,ATI,MRT,2009-03-31,2009-03-31,2009-03-31,2021-08-03,-747200000.0,4033300000.0,4220625000.0,1745900000.0,2287400000.0,1.137,20.02,-512300000.0,506000000.0,506000000.0,3855900000.0,435100000.0,3.2,1.031,503500000.0,14700000.0,488800000.0,503500000.0,0.0,123800000.0,0.0,0.033,0.72,644700000.0,768500000.0,0.16,768500000.0,644700000.0,641100000.0,4.37,4.33,4.37,1951000000.0,2175050000.0,1951000000.0,2177079904.0,3.0,2.833,345100000.0,3.541,1.0,942000000.0,0.196,189100000.0,3600000.0,3296100000.0,3438750000.0,746200000.0,0.0,0.0,0.0,2011000000.0,545600000.0,1465400000.0,2137179904.0,38000000.0,900000.0,-217100000.0,-12300000.0,-70800000.0,-308000000.0,-511400000.0,0.0,857400000.0,0.0,429800000.0,429800000.0,429800000.0,0.0,5300000.0,0.09,292000000.0,650000000.0,232600000.0,0.165,1.095,4.972,5.018,1709800000.0,0.0,21.93,0.445,0.445,448800000.0,2260300000.0,4797900000.0,4797900000.0,0.0,0.102,0.198,0.187,0.134,0.0,293300000.0,1.0,97454624.0,97454624.0,,49.232,3844200000.0,263800000.0,211300000.0,24800000.0,39.446,1200300000.0
50,ATI,MRT,2008-12-31,2008-12-31,2008-12-31,2021-08-03,-746500000.0,4170400000.0,4281400000.0,1929400000.0,2241000000.0,1.24,20.327,-515700000.0,469900000.0,469900000.0,4157800000.0,573500000.0,2.781,1.094,509800000.0,15200000.0,494600000.0,509800000.0,0.0,118800000.0,0.0,0.028,0.72,863600000.0,982400000.0,0.185,982400000.0,863600000.0,860100000.0,5.71,5.67,5.71,1957400000.0,2258875000.0,1957400000.0,2701666724.0,3.0,2.75,238800000.0,2.48,1.0,1151900000.0,0.217,190900000.0,3500000.0,3325500000.0,3437675000.0,887600000.0,0.0,0.0,0.0,2141400000.0,693900000.0,1447500000.0,2458366724.0,-153400000.0,1800000.0,-293100000.0,-17900000.0,-71400000.0,-394000000.0,-513900000.0,0.0,754500000.0,0.0,565900000.0,565900000.0,565900000.0,0.0,7600000.0,0.107,280700000.0,871200000.0,278500000.0,0.126,1.256,4.344,4.471,1633600000.0,0.0,25.53,0.463,0.463,530500000.0,2286700000.0,5309700000.0,5309700000.0,0.0,0.132,0.251,0.251,0.163,0.0,282700000.0,1.0,96293252.0,96293252.0,,55.141,3979500000.0,281600000.0,294200000.0,78200000.0,41.327,1235500000.0
51,ATI,MRT,2008-09-30,2008-09-30,2008-09-30,2021-08-03,-245900000.0,4312000000.0,4262700000.0,2141200000.0,2170800000.0,1.283,23.579,-531500000.0,272600000.0,272600000.0,4246600000.0,617700000.0,2.684,0.823,515900000.0,20900000.0,495000000.0,515900000.0,0.0,114400000.0,0.0,0.024,0.72,921400000.0,1035800000.0,0.189,1035800000.0,921400000.0,920800000.0,6.02,5.96,6.02,2364700000.0,2325400000.0,2364700000.0,3177321363.0,3.0,3.068,-16200000.0,-0.162,1.0,1224000000.0,0.224,204200000.0,600000.0,3553300000.0,3377975000.0,1083900000.0,0.0,0.0,0.0,1947300000.0,797800000.0,1149500000.0,2963521363.0,-391000000.0,800000.0,-317300000.0,13500000.0,-72400000.0,-375600000.0,-530700000.0,0.0,515300000.0,0.0,603900000.0,603900000.0,603900000.0,0.0,13800000.0,0.11,288800000.0,935200000.0,414400000.0,0.12,1.253,4.907,4.909,1523400000.0,0.0,29.55,0.542,0.542,744500000.0,2230400000.0,5470600000.0,5470600000.0,0.0,0.142,0.26,0.273,0.168,0.0,296100000.0,1.0,100288371.0,100288371.0,,54.549,4107800000.0,35200000.0,316900000.0,71700000.0,40.96,1343400000.0
52,ATI,MRT,2008-06-30,2008-06-30,2008-06-30,2021-08-03,-204800000.0,4366800000.0,4163900000.0,2268000000.0,2098800000.0,1.3,24.006,-551300000.0,310200000.0,310200000.0,4128900000.0,664500000.0,2.868,0.799,524000000.0,21700000.0,502300000.0,524000000.0,0.0,110800000.0,0.0,0.011,0.67,985800000.0,1096600000.0,0.203,1096600000.0,985800000.0,986800000.0,6.46,6.39,6.46,2427100000.0,2252450000.0,2427100000.0,6049847254.0,6.0,5.517,9700000.0,0.096,1.0,1284300000.0,0.237,209700000.0,-1000000.0,3580100000.0,3206950000.0,1171200000.0,0.0,0.0,0.0,1939700000.0,790800000.0,1148900000.0,5993447254.0,-219400000.0,-8700000.0,-163500000.0,-3300000.0,-68000000.0,-220400000.0,-560000000.0,0.0,561000000.0,0.0,653700000.0,653700000.0,653700000.0,0.0,10800000.0,0.121,287700000.0,996600000.0,451200000.0,0.104,2.469,9.168,9.176,1446900000.0,0.0,59.28,1.107,1.107,738300000.0,2104800000.0,5413200000.0,5413200000.0,0.0,0.157,0.29,0.307,0.182,0.0,295300000.0,1.0,101104036.0,101104036.0,,53.541,4157100000.0,36800000.0,333100000.0,31100000.0,41.117,1477200000.0
53,ATI,MRT,2008-03-31,2008-03-31,2008-03-31,2021-08-03,-215600000.0,4276400000.0,4018725000.0,2317700000.0,1958700000.0,1.35,22.648,-501700000.0,468000000.0,468000000.0,4069800000.0,699800000.0,2.79,0.87,524400000.0,20900000.0,503500000.0,524400000.0,0.0,106600000.0,0.0,0.009,0.62,1062900000.0,1169500000.0,0.216,1169500000.0,1062900000.0,1062600000.0,6.81,6.73,6.81,2286300000.0,2116125000.0,2286300000.0,7108655250.0,7.0,6.078,141500000.0,1.402,1.0,1353500000.0,0.25,210200000.0,300000.0,3291800000.0,3017975000.0,1085500000.0,0.0,0.0,0.0,1990100000.0,830800000.0,1159300000.0,7203755250.0,-50000000.0,-4000000.0,-186200000.0,-13100000.0,-63100000.0,-187500000.0,-505700000.0,0.0,643200000.0,0.0,691300000.0,691300000.0,691300000.0,0.0,8500000.0,0.127,282100000.0,1071400000.0,469200000.0,0.091,3.151,10.421,10.479,1329900000.0,0.0,71.36,1.328,1.328,716000000.0,1954500000.0,5423300000.0,5423300000.0,0.0,0.172,0.327,0.352,0.196,0.0,288800000.0,1.0,100949485.0,100949485.0,,53.723,4066200000.0,49200000.0,371300000.0,94100000.0,40.28,1486900000.0
54,ATI,MRT,2007-12-31,2007-12-31,2007-12-31,2021-08-03,-235700000.0,4095600000.0,3845625000.0,2248700000.0,1846900000.0,1.418,21.744,-447400000.0,623300000.0,623300000.0,4003100000.0,753900000.0,3.194,0.842,528200000.0,20900000.0,507300000.0,528200000.0,0.0,102900000.0,0.0,0.007,0.57,1152100000.0,1255000000.0,0.23,1255000000.0,1152100000.0,1147300000.0,7.35,7.26,7.35,2223500000.0,1967525000.0,2223500000.0,8701186378.0,8.0,6.933,254100000.0,2.485,1.0,1449400000.0,0.266,209800000.0,4800000.0,3086700000.0,2851250000.0,916100000.0,0.0,0.0,0.0,1872100000.0,704000000.0,1168100000.0,8835286378.0,121000000.0,-4300000.0,-105800000.0,-23900000.0,-58100000.0,-128800000.0,-451700000.0,0.0,701500000.0,0.0,747100000.0,747100000.0,747100000.0,0.0,6800000.0,0.137,290500000.0,1158900000.0,388400000.0,0.078,3.974,11.826,11.755,1239500000.0,0.0,86.4,1.62,1.62,652200000.0,1830700000.0,5452500000.0,5452500000.0,0.0,0.194,0.38,0.404,0.211,0.0,296700000.0,1.0,102260259.0,102260259.0,,53.32,3885800000.0,60900000.0,400200000.0,0.0,37.999,1544700000.0
55,ATI,MRT,2007-09-30,2007-09-30,2007-09-30,2021-08-03,-286300000.0,3916800000.0,3641850000.0,2348300000.0,1568500000.0,1.531,20.279,-355200000.0,663600000.0,663600000.0,4087200000.0,761300000.0,3.337,0.89,529500000.0,16500000.0,513000000.0,529500000.0,0.0,99500000.0,0.0,0.005,0.52,1189900000.0,1289400000.0,0.231,1289400000.0,1189900000.0,1177200000.0,7.51,7.39,7.51,2072900000.0,1787375000.0,2072900000.0,11249914235.0,9.0,8.725,305700000.0,2.991,1.0,1488600000.0,0.267,209800000.0,12700000.0,2869200000.0,2700125000.0,970800000.0,0.0,0.0,0.0,1843900000.0,703700000.0,1140200000.0,11238814235.0,257700000.0,-5100000.0,-39800000.0,-51400000.0,-52900000.0,-42900000.0,-360300000.0,0.0,660900000.0,0.0,761300000.0,761300000.0,761300000.0,0.0,0.0,0.137,298700000.0,1189900000.0,337700000.0,0.069,5.422,14.763,14.64,1096500000.0,0.0,109.95,2.016,2.016,648100000.0,1701600000.0,5575800000.0,5575800000.0,0.0,0.209,0.426,0.441,0.213,0.0,298500000.0,1.0,102217501.0,102217501.0,,54.548,3707000000.0,151500000.0,415900000.0,92100000.0,36.266,1644600000.0
56,ATI,MRT,2007-06-30,2007-06-30,2007-06-30,2021-08-03,-289900000.0,3786100000.0,3543500000.0,2354600000.0,1431500000.0,1.56,18.422,-284300000.0,529600000.0,529600000.0,4085200000.0,727600000.0,3.084,1.012,540700000.0,22200000.0,518500000.0,540700000.0,0.0,94900000.0,0.0,0.005,0.49,1143900000.0,1238800000.0,0.224,1238800000.0,1143900000.0,1127000000.0,7.21,7.07,7.21,1881800000.0,1577750000.0,1881800000.0,10738459913.0,9.0,8.668,233000000.0,2.281,1.0,1444000000.0,0.261,209400000.0,16900000.0,2824200000.0,2629050000.0,1054000000.0,0.0,0.0,0.0,1904300000.0,763600000.0,1140700000.0,10713659913.0,216400000.0,3200000.0,-39300000.0,-35400000.0,-49600000.0,-19800000.0,-281100000.0,0.0,517300000.0,0.0,727600000.0,727600000.0,727600000.0,0.0,0.0,0.132,300100000.0,1143900000.0,445300000.0,0.068,5.693,14.725,14.546,980200000.0,0.0,104.88,1.938,1.938,709900000.0,1524100000.0,5529200000.0,5529200000.0,0.0,0.205,0.461,0.435,0.207,0.0,297800000.0,1.0,102151601.0,102151601.0,,54.127,3576700000.0,144300000.0,399400000.0,66200000.0,35.014,1591000000.0
57,ATI,MRT,2007-03-31,2007-03-31,2007-03-31,2021-08-03,-278200000.0,3584000000.0,3375825000.0,2235900000.0,1348100000.0,1.561,16.59,-240900000.0,518000000.0,518000000.0,3934100000.0,665400000.0,2.884,1.118,542800000.0,20700000.0,522100000.0,542800000.0,0.0,90500000.0,0.0,0.004,0.46,1030900000.0,1121400000.0,0.213,1121400000.0,1030900000.0,1010800000.0,6.63,6.48,6.63,1691900000.0,1375625000.0,1691900000.0,10931966559.0,11.0,9.748,159000000.0,1.559,1.0,1334600000.0,0.253,208500000.0,20100000.0,2624900000.0,2549200000.0,954700000.0,0.0,0.0,0.0,1892100000.0,775400000.0,1116700000.0,10880666559.0,158900000.0,700000.0,19900000.0,-33000000.0,-46400000.0,-800000.0,-240200000.0,0.0,399900000.0,0.0,665400000.0,665400000.0,665400000.0,0.0,0.0,0.126,303700000.0,1030900000.0,442100000.0,0.069,6.431,16.352,16.092,909100000.0,0.0,106.69,2.065,2.065,686800000.0,1335800000.0,5268700000.0,5268700000.0,0.0,0.197,0.484,0.404,0.196,0.0,300500000.0,1.0,101983940.0,101983940.0,,51.662,3375500000.0,129400000.0,345400000.0,86700000.0,33.098,1460500000.0
58,ATI,MRT,2006-12-31,2006-12-31,2006-12-31,2021-08-03,-310800000.0,3280500000.0,3210850000.0,1987900000.0,1292600000.0,1.537,14.921,-236300000.0,502300000.0,502300000.0,3740400000.0,574100000.0,3.091,1.183,553600000.0,23700000.0,529900000.0,553600000.0,0.0,86200000.0,0.0,0.005,0.43,895900000.0,982100000.0,0.199,982100000.0,895900000.0,872600000.0,5.76,5.61,5.76,1502900000.0,1177650000.0,1502900000.0,9282543343.0,10.0,9.452,75300000.0,0.748,1.0,1196200000.0,0.242,206500000.0,23300000.0,2482200000.0,2459700000.0,798700000.0,0.0,0.0,0.0,1777600000.0,643100000.0,1134500000.0,9133643343.0,139600000.0,500000.0,33100000.0,-14200000.0,-43100000.0,63800000.0,-235800000.0,0.0,311600000.0,0.0,574100000.0,574100000.0,574100000.0,0.0,0.0,0.116,300300000.0,895900000.0,355100000.0,0.075,6.077,15.909,15.743,871700000.0,0.0,90.68,1.85,1.85,610900000.0,1166600000.0,4936600000.0,4936600000.0,0.0,0.179,0.487,0.364,0.181,0.0,295300000.0,1.0,100723901.0,100723901.0,,49.011,3074000000.0,145600000.0,298500000.0,0.0,30.519,1344800000.0
59,ATI,MRT,2006-09-30,2006-09-30,2006-09-30,2021-08-03,-356600000.0,3523400000.0,3073625000.0,2132500000.0,1390900000.0,1.443,12.271,-211600000.0,405900000.0,405900000.0,3393300000.0,532400000.0,2.42,1.854,554800000.0,24300000.0,530500000.0,554800000.0,0.0,84700000.0,0.0,0.006,0.4,709300000.0,794000000.0,0.179,794000000.0,709300000.0,684000000.0,5.39,5.2,5.39,1234400000.0,1001900000.0,1234400000.0,6501821581.0,9.0,8.189,-1900000.0,-0.019,1.0,1040800000.0,0.235,206100000.0,25300000.0,2584900000.0,2381325000.0,1044300000.0,0.0,0.0,0.0,2289000000.0,881300000.0,1407700000.0,6255921581.0,34200000.0,3700000.0,34400000.0,-35000000.0,-39700000.0,32400000.0,-207900000.0,0.0,209700000.0,0.0,532400000.0,532400000.0,532400000.0,0.0,0.0,0.12,329500000.0,711300000.0,578600000.0,0.074,5.068,11.75,11.538,813700000.0,0.0,62.19,1.411,1.411,631500000.0,1002600000.0,4434100000.0,4434100000.0,0.0,0.173,0.531,0.298,0.16,0.0,300300000.0,1.0,100593690.0,100593690.0,,44.079,3317300000.0,178600000.0,151600000.0,38700000.0,32.977,1251200000.0
60,ATI,MRT,2006-06-30,2006-06-30,2006-06-30,2021-08-03,-353900000.0,3115400000.0,2856050000.0,1769100000.0,1346300000.0,1.403,10.704,-174400000.0,313200000.0,313200000.0,3126000000.0,460500000.0,2.72,1.903,559100000.0,21100000.0,538000000.0,559100000.0,0.0,81400000.0,0.0,0.005,0.36,558100000.0,639500000.0,0.16,639500000.0,558100000.0,527200000.0,4.7,4.51,4.7,1073300000.0,876250000.0,1073300000.0,7142283964.0,13.0,11.169,20700000.0,0.206,1.0,881400000.0,0.22,206000000.0,30900000.0,2504800000.0,2268375000.0,835600000.0,0.0,0.0,0.0,2042100000.0,650500000.0,1391600000.0,6942483964.0,60000000.0,700000.0,47100000.0,-29200000.0,-35600000.0,38600000.0,-173700000.0,0.0,195100000.0,0.0,460500000.0,460500000.0,460500000.0,0.0,0.0,0.115,321300000.0,560100000.0,396700000.0,0.077,6.468,15.076,14.732,777400000.0,0.0,69.24,1.732,1.732,560400000.0,854700000.0,4007400000.0,4007400000.0,0.0,0.161,0.526,0.246,0.139,0.0,291900000.0,1.0,100266955.0,100266955.0,,39.967,2909400000.0,189900000.0,66700000.0,27100000.0,29.017,1118600000.0
61,ATI,MRT,2006-03-31,2006-03-31,2006-03-31,2021-08-03,-376500000.0,2924100000.0,2703525000.0,1635000000.0,1289100000.0,1.369,9.057,-136600000.0,359100000.0,359100000.0,2939800000.0,407900000.0,2.491,2.249,558900000.0,18000000.0,540900000.0,558900000.0,0.0,80000000.0,0.0,0.005,0.32,447900000.0,527900000.0,0.143,527900000.0,447900000.0,412200000.0,4.21,4.01,4.21,900000000.0,758650000.0,900000000.0,6277420653.0,14.0,11.891,127900000.0,1.287,1.0,761000000.0,0.206,200600000.0,35700000.0,2266900000.0,2171100000.0,701700000.0,0.0,0.0,0.0,2024100000.0,656400000.0,1367700000.0,6079720653.0,127900000.0,-19300000.0,38500000.0,-43000000.0,-31200000.0,19300000.0,-155900000.0,0.0,264500000.0,0.0,407900000.0,407900000.0,407900000.0,0.0,0.0,0.11,311100000.0,449900000.0,368000000.0,0.076,6.755,14.905,14.532,742900000.0,0.0,61.18,1.643,1.643,512200000.0,724400000.0,3700800000.0,3700800000.0,0.0,0.151,0.538,0.206,0.121,0.0,281900000.0,1.0,99374316.0,99374316.0,,37.241,2723500000.0,184600000.0,4300000.0,49600000.0,27.406,978600000.0
62,ATI,MRT,2005-12-31,2005-12-31,2005-12-31,2021-08-03,-369400000.0,2731600000.0,2579025000.0,1484000000.0,1247600000.0,1.373,8.183,-90700000.0,362700000.0,362700000.0,2885700000.0,362400000.0,2.646,2.415,560400000.0,13400000.0,547000000.0,560400000.0,0.0,78500000.0,0.0,0.008,0.28,347700000.0,426200000.0,0.12,426200000.0,347700000.0,309100000.0,3.77,3.59,3.77,799900000.0,665100000.0,799900000.0,3721521335.0,11.0,8.732,133100000.0,1.362,1.0,654200000.0,0.185,199700000.0,38600000.0,2168700000.0,2116750000.0,607100000.0,0.0,0.0,0.0,1931700000.0,560900000.0,1370800000.0,3526821335.0,111900000.0,-19700000.0,26100000.0,-51400000.0,-27100000.0,-1500000.0,-110400000.0,0.0,223800000.0,0.0,362400000.0,362400000.0,362400000.0,0.0,0.0,0.102,304500000.0,349700000.0,312900000.0,0.074,4.409,9.732,9.57,704900000.0,0.0,36.08,0.996,0.996,442100000.0,642600000.0,3539900000.0,3539900000.0,0.0,0.141,0.545,0.164,0.098,0.0,275800000.0,1.0,97750037.0,97750037.0,,36.214,2531900000.0,178100000.0,-53300000.0,0.0,25.902,923100000.0
63,ATI,MRT,2005-09-30,2005-09-30,2005-09-30,2021-08-03,-295200000.0,2653100000.0,2475050000.0,1486900000.0,1166200000.0,1.383,7.568,-45000000.0,371700000.0,371700000.0,2842700000.0,276000000.0,2.905,2.625,566400000.0,19700000.0,546700000.0,566400000.0,0.0,75400000.0,0.0,0.008,0.24,321100000.0,396500000.0,0.116,396500000.0,321100000.0,280000000.0,2.92,2.79,2.92,731800000.0,571600000.0,731800000.0,3310910208.0,10.0,8.35,166200000.0,1.719,1.0,580900000.0,0.17,202800000.0,41100000.0,2133100000.0,2061950000.0,609400000.0,0.0,0.0,0.0,1921300000.0,511900000.0,1409400000.0,2995810208.0,109100000.0,-25900000.0,22400000.0,-49400000.0,-28900000.0,-31200000.0,-70900000.0,0.0,211200000.0,0.0,276000000.0,276000000.0,276000000.0,0.0,0.0,0.081,259800000.0,321100000.0,270800000.0,0.082,4.094,10.854,10.61,705300000.0,0.0,30.98,0.875,0.875,431700000.0,541400000.0,3423600000.0,3423600000.0,0.0,0.112,0.483,0.156,0.094,0.0,261600000.0,1.0,96701427.0,96701427.0,,35.404,2450300000.0,59300000.0,4000000.0,0.0,25.339,975000000.0
64,ATI,MRT,2005-06-30,2005-06-30,2005-06-30,2021-08-03,-325500000.0,2505300000.0,2384000000.0,1351900000.0,1153400000.0,1.381,6.246,-37900000.0,253200000.0,253200000.0,2797600000.0,196300000.0,2.699,3.155,568300000.0,20200000.0,548100000.0,568300000.0,0.0,75200000.0,0.0,0.011,0.24,242100000.0,317300000.0,0.096,317300000.0,242100000.0,201600000.0,2.11,2.01,2.11,602900000.0,486225000.0,602900000.0,2474338370.0,10.0,7.798,24400000.0,0.253,1.0,494900000.0,0.15,203900000.0,40500000.0,2115700000.0,2003975000.0,628700000.0,0.0,0.0,0.0,1902400000.0,500800000.0,1401600000.0,2129238369.0,189200000.0,-23700000.0,241000000.0,-52400000.0,-27800000.0,188500000.0,-61600000.0,0.0,62300000.0,0.0,196300000.0,196300000.0,196300000.0,0.0,0.0,0.06,252800000.0,242100000.0,277000000.0,0.114,3.532,10.847,10.455,701400000.0,0.0,22.06,0.647,0.647,435400000.0,472400000.0,3292500000.0,3292500000.0,0.0,0.082,0.404,0.121,0.074,0.0,254000000.0,1.0,96520325.0,96520325.0,,34.112,2301400000.0,61600000.0,5300000.0,0.0,23.844,851100000.0
65,ATI,MRT,2005-03-31,2005-03-31,2005-03-31,2021-08-03,-312400000.0,2426100000.0,2272325000.0,1272900000.0,1153200000.0,1.336,5.483,-38400000.0,231200000.0,231200000.0,2659000000.0,131200000.0,2.471,3.614,576300000.0,26700000.0,549600000.0,576300000.0,0.0,75100000.0,0.0,0.01,0.24,171200000.0,246300000.0,0.081,246300000.0,171200000.0,133500000.0,1.48,1.41,1.48,525800000.0,372925000.0,525800000.0,2643864872.0,15.0,10.734,-18800000.0,-0.196,1.0,375800000.0,0.124,206600000.0,37700000.0,2049500000.0,1946925000.0,568100000.0,0.0,0.0,0.0,1900300000.0,515100000.0,1385200000.0,2311964872.0,163900000.0,-13100000.0,239900000.0,-37200000.0,-27000000.0,195800000.0,-51500000.0,0.0,19600000.0,0.0,131200000.0,131200000.0,131200000.0,0.0,0.0,0.043,204600000.0,171200000.0,281400000.0,0.162,4.397,17.622,16.291,709500000.0,0.0,24.11,0.762,0.762,425600000.0,388300000.0,3034800000.0,3034800000.0,0.0,0.058,0.352,0.088,0.056,0.0,246400000.0,1.0,95892363.0,95892363.0,,31.648,2219500000.0,53400000.0,2300000.0,0.0,23.146,757800000.0
66,ATI,MRT,2004-12-31,2004-12-31,2004-12-31,2021-08-03,-331300000.0,2315700000.0,2151125000.0,1160200000.0,1155500000.0,1.27,4.46,-43300000.0,250800000.0,250800000.0,2488100000.0,19800000.0,2.354,4.437,582700000.0,29400000.0,553300000.0,582700000.0,0.0,76100000.0,0.0,0.011,0.24,55300000.0,131400000.0,0.048,131400000.0,55300000.0,19800000.0,0.23,0.22,0.23,425900000.0,275550000.0,425900000.0,2398137268.0,43.0,18.251,-19200000.0,-0.201,1.0,244900000.0,0.09,205300000.0,35500000.0,1949500000.0,1872850000.0,513000000.0,0.0,0.0,0.0,1889800000.0,492800000.0,1397000000.0,2069537268.0,171200000.0,-11300000.0,237300000.0,-31800000.0,-21200000.0,201700000.0,-54600000.0,0.0,24100000.0,0.0,19800000.0,19800000.0,19800000.0,0.0,0.0,0.007,189600000.0,55300000.0,271200000.0,1.043,4.859,104.522,94.217,718300000.0,0.0,21.67,0.757,0.757,357900000.0,345500000.0,2733000000.0,2733000000.0,0.0,0.009,0.072,0.03,0.02,0.0,233300000.0,1.0,95502412.0,95502412.0,,28.617,2110400000.0,53000000.0,0.0,0.0,22.098,667400000.0
67,ATI,MRT,2004-09-30,2004-09-30,2004-09-30,2021-08-03,-334700000.0,2288900000.0,2048000000.0,1119600000.0,1169300000.0,1.191,4.096,-52600000.0,262600000.0,262600000.0,2289200000.0,-247900000.0,2.188,4.864,591200000.0,33900000.0,557300000.0,591200000.0,0.0,75300000.0,0.0,0.013,0.24,-133200000.0,-57900000.0,-0.024,-57900000.0,-133200000.0,-166300000.0,-3.08,-3.11,-3.08,390300000.0,212750000.0,390300000.0,2262414294.0,-17.0,-39.075,-14200000.0,-0.149,1.0,150100000.0,0.062,204600000.0,33100000.0,1901200000.0,1826125000.0,460800000.0,0.0,0.0,0.0,1898600000.0,511700000.0,1386900000.0,1738914294.0,184100000.0,-17200000.0,235000000.0,-13000000.0,-14500000.0,215500000.0,-69800000.0,0.0,38400000.0,0.0,-247900000.0,-247900000.0,-247900000.0,0.0,0.0,-0.102,283300000.0,-133200000.0,259100000.0,-0.078,4.455,-7.015,-5.925,727200000.0,0.0,18.25,0.713,0.713,365200000.0,320600000.0,2439300000.0,2439300000.0,0.0,-0.121,-1.165,-0.073,-0.055,0.0,255700000.0,1.0,95282975.0,95282975.0,,25.601,2084300000.0,34300000.0,81600000.0,0.0,21.875,607900000.0
68,ATI,MRT,2004-06-30,2004-06-30,2004-06-30,2021-08-03,-340200000.0,2058600000.0,2000300000.0,887100000.0,1171500000.0,1.095,1.842,-61000000.0,64000000.0,64000000.0,2099900000.0,-285300000.0,1.798,12.752,587500000.0,35900000.0,551600000.0,587500000.0,0.0,75400000.0,0.0,0.013,0.24,-195300000.0,-119900000.0,-0.055,-119900000.0,-195300000.0,-223200000.0,-3.54,-3.56,-3.54,149700000.0,201700000.0,149700000.0,1933967557.0,-10.0,-16.13,25500000.0,0.314,1.0,91400000.0,0.042,201300000.0,27900000.0,1887500000.0,1848625000.0,451100000.0,0.0,0.0,0.0,1908900000.0,493300000.0,1415600000.0,1467067557.0,-2200000.0,-18900000.0,2800000.0,6000000.0,-14600000.0,-8800000.0,-79900000.0,0.0,86500000.0,0.0,-285300000.0,-285300000.0,-285300000.0,0.0,0.0,-0.13,286700000.0,-195300000.0,245500000.0,-0.068,9.8,-5.142,-5.099,733400000.0,0.0,18.05,0.669,0.669,337800000.0,438900000.0,2191300000.0,2191300000.0,0.0,-0.143,-1.414,-0.106,-0.089,0.0,259200000.0,1.0,81277981.0,81277981.0,,26.961,1857300000.0,34600000.0,62100000.0,0.0,22.851,393800000.0
69,ATI,MRT,2004-03-31,2004-03-31,2004-03-31,2021-08-03,-330200000.0,1941300000.0,2011425000.0,782800000.0,1158500000.0,1.012,1.684,-64900000.0,67300000.0,67300000.0,1975100000.0,-337900000.0,1.745,13.243,534200000.0,21800000.0,512400000.0,534200000.0,0.0,75400000.0,0.0,0.02,0.24,-262100000.0,-186700000.0,-0.092,-186700000.0,-262100000.0,-290600000.0,-4.19,-4.19,-4.19,136300000.0,262325000.0,136300000.0,1432010512.0,-5.0,-7.67,-28300000.0,-0.35,1.0,59600000.0,0.029,206300000.0,28500000.0,1753200000.0,1884000000.0,366900000.0,0.0,0.0,0.0,1805000000.0,448700000.0,1356300000.0,979510512.0,-44100000.0,-10400000.0,2100000.0,12800000.0,-14600000.0,-5400000.0,-75300000.0,0.0,36600000.0,0.0,-337900000.0,-337900000.0,-337900000.0,0.0,0.0,-0.166,321700000.0,-262100000.0,219400000.0,-0.057,7.186,-2.899,-2.888,711200000.0,0.0,12.1,0.481,0.481,311000000.0,418900000.0,2034700000.0,2034700000.0,0.0,-0.168,-1.288,-0.139,-0.129,0.0,254800000.0,1.0,80951282.0,80951282.0,,25.135,1735000000.0,34600000.0,47300000.0,0.0,21.433,334100000.0
70,ATI,MRT,2003-12-31,2003-12-31,2003-12-31,2021-08-03,-341800000.0,1903200000.0,2052750000.0,743300000.0,1159900000.0,0.944,2.166,-64600000.0,79600000.0,79600000.0,1873600000.0,-314600000.0,1.883,9.894,532100000.0,27800000.0,504300000.0,532100000.0,0.0,74600000.0,0.0,0.018,0.24,-253800000.0,-179200000.0,-0.092,-179200000.0,-253800000.0,-281500000.0,-3.89,-3.89,-3.89,174700000.0,333800000.0,174700000.0,1519193572.0,-6.0,-8.478,17400000.0,0.216,1.0,63800000.0,0.033,198400000.0,27700000.0,1762600000.0,1937575000.0,359700000.0,0.0,0.0,0.0,1728500000.0,394700000.0,1333800000.0,1066093572.0,20200000.0,-5700000.0,200000.0,24800000.0,-19400000.0,8500000.0,-70300000.0,0.0,82000000.0,0.0,-314600000.0,-314600000.0,-314600000.0,0.0,0.0,-0.162,316300000.0,-252500000.0,172300000.0,-0.062,6.102,-3.389,-3.398,711100000.0,0.0,13.22,0.55,0.55,248800000.0,483800000.0,1937400000.0,1937400000.0,0.0,-0.153,-0.942,-0.131,-0.131,0.0,248800000.0,1.0,80642479.0,80642479.0,,24.025,1704800000.0,59800000.0,33100000.0,0.0,21.14,348600000.0
71,ATI,MRT,2003-09-30,2003-09-30,2003-09-30,2021-08-03,-408200000.0,2098100000.0,2100250000.0,807000000.0,1291100000.0,0.908,4.263,-55100000.0,78500000.0,78500000.0,1827400000.0,-121600000.0,2.21,5.062,531600000.0,12400000.0,519200000.0,531600000.0,0.0,77200000.0,0.0,0.037,0.24,-164000000.0,-86800000.0,-0.046,-86800000.0,-164000000.0,-192100000.0,-1.52,-1.52,-1.52,346100000.0,402325000.0,346100000.0,996314346.0,-6.0,-11.478,-3100000.0,-0.038,1.0,79800000.0,0.042,194800000.0,28100000.0,1991200000.0,2001050000.0,377100000.0,0.0,0.0,0.0,1752000000.0,365200000.0,1386800000.0,531814346.0,3300000.0,4700000.0,0.0,17200000.0,-19500000.0,4400000.0,-53100000.0,0.0,52000000.0,0.0,-121600000.0,-121600000.0,-121600000.0,0.0,0.0,-0.064,242500000.0,-162700000.0,175500000.0,-0.158,1.537,-4.373,-4.309,751200000.0,0.0,6.55,0.279,0.279,275500000.0,721800000.0,1907200000.0,1907200000.0,0.0,-0.058,-0.302,-0.082,-0.086,0.0,202800000.0,1.0,81193030.0,81193030.0,,23.49,1903300000.0,164700000.0,-70500000.0,0.0,23.442,441800000.0
72,ATI,MRT,2003-06-30,2003-06-30,2003-06-30,2021-08-03,-402200000.0,2103100000.0,2212925000.0,811300000.0,1291800000.0,0.856,4.844,-42800000.0,66200000.0,66200000.0,1782700000.0,-100300000.0,2.368,4.362,530700000.0,7100000.0,523600000.0,530700000.0,0.0,81700000.0,0.0,0.058,0.38,-125100000.0,-43400000.0,-0.023,-43400000.0,-125100000.0,-157400000.0,-1.25,-1.25,-1.25,392200000.0,539025000.0,392200000.0,943843055.0,-8.0,-21.748,7600000.0,0.094,1.0,111200000.0,0.059,196000000.0,32300000.0,2029000000.0,2112975000.0,416600000.0,0.0,0.0,0.0,1710900000.0,342600000.0,1368300000.0,534343055.0,-4000000.0,7000000.0,0.0,-1000000.0,-30700000.0,-15900000.0,-38500000.0,0.0,50400000.0,0.0,-100300000.0,-100300000.0,-100300000.0,0.0,0.0,-0.053,235000000.0,-123800000.0,175100000.0,-0.304,1.362,-5.327,-5.28,748600000.0,0.0,6.6,0.282,0.282,274800000.0,764500000.0,1893900000.0,1893900000.0,0.0,-0.045,-0.186,-0.059,-0.066,0.0,189600000.0,1.0,80961069.0,80961069.0,,23.393,1907100000.0,136200000.0,-57100000.0,0.0,23.556,468700000.0
73,ATI,MRT,2003-03-31,2003-03-31,2003-03-31,2021-08-03,-403200000.0,2106600000.0,2323025000.0,833100000.0,1273500000.0,0.816,5.235,-35900000.0,111400000.0,111400000.0,1757700000.0,-81800000.0,2.361,3.99,520900000.0,10000000.0,510900000.0,520900000.0,0.0,85200000.0,0.0,0.179,0.52,-95300000.0,-10100000.0,-0.005,-10100000.0,-95300000.0,-127100000.0,-1.02,-1.02,-1.02,422200000.0,668500000.0,422200000.0,693566959.0,-7.0,-68.67,131600000.0,1.632,1.0,137500000.0,0.073,195800000.0,31800000.0,1967500000.0,2216975000.0,412000000.0,0.0,0.0,0.0,1684400000.0,352800000.0,1331600000.0,233866959.0,80900000.0,5600000.0,0.0,-52600000.0,-41900000.0,-53600000.0,-33000000.0,0.0,167500000.0,0.0,-81800000.0,-81800000.0,-81800000.0,0.0,0.0,-0.043,231500000.0,-94000000.0,178100000.0,-0.51,0.554,-2.859,-2.843,749200000.0,0.0,2.9,0.123,0.123,260400000.0,795500000.0,1895200000.0,1895200000.0,0.0,-0.035,-0.122,-0.043,-0.05,0.0,185500000.0,1.0,80643779.0,80643779.0,,23.501,1910800000.0,123800000.0,-45300000.0,0.0,23.694,480300000.0
74,ATI,MRT,2002-12-31,2002-12-31,2002-12-31,2021-08-03,-407700000.0,2093200000.0,2438275000.0,795700000.0,1297500000.0,0.782,5.566,-39500000.0,59400000.0,59400000.0,1744500000.0,-65800000.0,2.327,3.664,519100000.0,9700000.0,509400000.0,519100000.0,0.0,90000000.0,0.0,0.106,0.66,-69500000.0,20500000.0,0.011,20500000.0,-69500000.0,-103800000.0,-0.82,-0.82,-0.82,448800000.0,795425000.0,448800000.0,951859258.0,-14.0,46.432,164700000.0,2.043,1.0,163300000.0,0.086,194400000.0,34300000.0,2016500000.0,2358925000.0,392300000.0,0.0,0.0,0.0,1644400000.0,342000000.0,1302400000.0,502359258.0,25700000.0,2400000.0,0.0,-171000000.0,-53200000.0,-138700000.0,-39800000.0,0.0,204200000.0,0.0,-65800000.0,-65800000.0,-65800000.0,0.0,0.0,-0.034,232800000.0,-69500000.0,171300000.0,-0.805,1.119,-7.635,-7.598,757600000.0,0.0,6.23,0.263,0.263,239300000.0,835100000.0,1907800000.0,1907800000.0,0.0,-0.027,-0.083,-0.029,-0.036,0.0,188300000.0,1.0,80635515.0,80635515.0,,23.66,1898800000.0,158100000.0,-38000000.0,0.0,23.548,453700000.0
75,ATI,MRT,2002-09-30,2002-09-30,2002-09-30,2021-08-03,-8300000.0,2548800000.0,2575775000.0,834700000.0,1714100000.0,0.756,11.073,-57500000.0,75200000.0,75200000.0,1747800000.0,-71900000.0,2.277,1.855,524700000.0,16100000.0,508600000.0,524700000.0,0.0,92400000.0,0.0,0.116,0.8,-81300000.0,11100000.0,0.006,11100000.0,-81300000.0,-114000000.0,-0.89,-0.89,-0.89,892900000.0,919400000.0,892900000.0,997200539.0,-12.0,89.838,175200000.0,2.173,1.0,198900000.0,0.102,192800000.0,32700000.0,2438900000.0,2522450000.0,420400000.0,0.0,0.0,0.0,1655900000.0,366600000.0,1289300000.0,558000539.0,37400000.0,20100000.0,-2800000.0,-458700000.0,-64400000.0,-147500000.0,-47800000.0,0.0,232700000.0,0.0,-71900000.0,-71900000.0,-71900000.0,0.0,0.0,-0.037,282200000.0,-83300000.0,167900000.0,-0.899,0.625,-7.761,-7.775,802500000.0,0.0,6.92,0.287,0.287,254600000.0,879600000.0,1946700000.0,1946700000.0,0.0,-0.028,-0.078,-0.032,-0.042,0.0,199500000.0,1.0,80635916.0,80635916.0,,24.142,2356000000.0,57100000.0,-42100000.0,170000000.0,29.218,468100000.0
76,ATI,MRT,2002-06-30,2002-06-30,2002-06-30,2021-08-03,-14200000.0,2543500000.0,2632300000.0,836500000.0,1707000000.0,0.766,11.295,-75800000.0,70200000.0,70200000.0,1798400000.0,-56400000.0,2.404,1.795,509400000.0,14800000.0,494600000.0,509400000.0,0.0,94400000.0,0.0,0.051,0.8,-54400000.0,40000000.0,0.02,40000000.0,-54400000.0,-85900000.0,-0.7,-0.7,-0.7,910100000.0,946825000.0,910100000.0,1768014862.0,-33.0,44.2,167400000.0,2.078,1.0,216700000.0,0.108,189700000.0,31500000.0,2445000000.0,2507750000.0,424500000.0,0.0,0.0,0.0,1633400000.0,348000000.0,1285400000.0,1273114862.0,48000000.0,20000000.0,-2800000.0,-422100000.0,-64300000.0,-129100000.0,-66100000.0,0.0,243200000.0,0.0,-56400000.0,-56400000.0,-56400000.0,0.0,0.0,-0.028,273100000.0,-56400000.0,168600000.0,-1.143,1.399,-22.573,-22.571,811600000.0,0.0,15.8,0.632,0.632,265200000.0,903900000.0,2015100000.0,2015100000.0,0.0,-0.021,-0.06,-0.022,-0.027,0.0,197700000.0,1.0,80576890.0,80576890.0,,25.008,2353800000.0,51000000.0,-29500000.0,170500000.0,29.212,488500000.0
77,ATI,MRT,2002-03-31,2002-03-31,2002-03-31,2021-08-03,-17500000.0,2567600000.0,2695250000.0,857500000.0,1710100000.0,0.771,11.542,-90600000.0,30500000.0,30500000.0,1838100000.0,-42700000.0,2.532,1.761,525400000.0,16400000.0,509000000.0,525400000.0,0.0,96600000.0,0.0,0.048,0.8,-33600000.0,63000000.0,0.03,63000000.0,-33600000.0,-64800000.0,-0.53,-0.53,-0.53,929900000.0,971900000.0,929900000.0,1881096027.0,-56.0,29.859,87100000.0,1.081,1.0,240500000.0,0.116,188500000.0,31200000.0,2535300000.0,2575950000.0,461200000.0,0.0,0.0,0.0,1637700000.0,338700000.0,1299000000.0,1332596027.0,7000000.0,20600000.0,200000.0,-359500000.0,-64300000.0,-97600000.0,-73100000.0,0.0,177700000.0,0.0,-42700000.0,-42700000.0,-42700000.0,0.0,0.0,-0.021,276100000.0,-35600000.0,155000000.0,-1.509,1.433,-31.208,-31.208,821500000.0,0.0,16.54,0.641,0.641,291200000.0,927700000.0,2078600000.0,2078600000.0,0.0,-0.016,-0.044,-0.013,-0.016,0.0,200900000.0,1.0,80568079.0,80568079.0,,25.799,2379100000.0,45500000.0,-22100000.0,166900000.0,29.529,518800000.0
78,ATI,MRT,2001-12-31,2001-12-31,2001-12-31,2021-08-03,-25700000.0,2643200000.0,2756400000.0,926100000.0,1717100000.0,0.772,11.77,-99900000.0,33700000.0,33700000.0,1862300000.0,-25200000.0,2.784,1.798,582200000.0,9200000.0,573000000.0,582200000.0,0.0,98600000.0,0.0,0.048,0.8,-7100000.0,91500000.0,0.043,91500000.0,-7100000.0,-36400000.0,-0.31,-0.31,-0.31,944700000.0,995550000.0,944700000.0,1891266943.0,-266.0,20.67,22900000.0,0.285,1.0,265700000.0,0.125,188400000.0,29300000.0,2670600000.0,2619775000.0,508400000.0,0.0,0.0,0.0,1698500000.0,332700000.0,1365800000.0,1344366943.0,7500000.0,17900000.0,-2800000.0,-219100000.0,-64200000.0,-30300000.0,-85000000.0,0.0,122800000.0,0.0,-25200000.0,-25200000.0,-25200000.0,0.0,0.0,-0.012,272800000.0,-7100000.0,155300000.0,-2.581,1.423,-53.348,-54.032,828900000.0,0.0,16.75,0.632,0.632,274600000.0,957500000.0,2128000000.0,2128000000.0,0.0,-0.009,-0.025,-0.003,-0.003,0.0,198800000.0,1.0,80260713.0,80260713.0,,26.514,2454800000.0,82000000.0,-11200000.0,153700000.0,30.585,593400000.0
79,ATI,MRT,2001-09-30,2001-09-30,2001-09-30,2021-08-03,-28900000.0,2774900000.0,2789650000.0,1001200000.0,1773700000.0,0.796,12.494,-92700000.0,37800000.0,37800000.0,1913500000.0,26000000.0,1.334,1.768,584700000.0,384200000.0,200500000.0,584700000.0,0.0,98800000.0,0.0,0.06,0.8,76000000.0,174800000.0,0.079,174800000.0,76000000.0,44200000.0,0.34,0.34,0.34,1002600000.0,1019175000.0,1002600000.0,1614584352.0,21.0,9.237,86500000.0,1.078,1.0,306100000.0,0.138,191100000.0,31800000.0,2380100000.0,2623575000.0,548200000.0,0.0,0.0,0.0,1772300000.0,750600000.0,1021700000.0,1069684352.0,-5800000.0,14300000.0,-12100000.0,-238500000.0,-64100000.0,-101400000.0,-83600000.0,-16700000.0,179200000.0,0.0,26000000.0,26000000.0,26000000.0,0.0,0.0,0.012,231300000.0,74800000.0,176300000.0,2.353,1.067,41.142,39.206,883500000.0,0.0,13.33,0.482,0.482,310500000.0,1020000000.0,2219600000.0,2219600000.0,0.0,0.009,0.026,0.029,0.034,0.0,200900000.0,1.0,80246388.0,80246388.0,,27.66,2583800000.0,77200000.0,18200000.0,170900000.0,32.198,250600000.0
80,ATI,MRT,2001-06-30,2001-06-30,2001-06-30,2021-08-03,-28700000.0,2795300000.0,2811400000.0,1045700000.0,1749600000.0,0.816,12.598,-80600000.0,22200000.0,22200000.0,1933700000.0,60100000.0,2.431,1.767,567100000.0,57600000.0,509500000.0,567100000.0,0.0,99400000.0,0.0,0.044,0.8,131700000.0,231100000.0,0.101,231100000.0,131700000.0,96000000.0,0.76,0.76,0.76,1010400000.0,1034350000.0,1010400000.0,1986457418.0,15.0,8.596,70600000.0,0.88,1.0,360200000.0,0.157,192200000.0,35700000.0,2717800000.0,2745400000.0,562600000.0,0.0,0.0,0.0,1784900000.0,430200000.0,1354700000.0,1450857418.0,-19300000.0,14300000.0,-35600000.0,-176100000.0,-64300000.0,-93900000.0,-76600000.0,-16700000.0,151200000.0,0.0,60100000.0,60100000.0,60100000.0,0.0,0.0,0.026,229700000.0,130500000.0,174200000.0,1.053,1.436,24.141,23.803,877200000.0,0.0,18.09,0.632,0.632,333600000.0,1028700000.0,2293900000.0,2293900000.0,0.0,0.021,0.058,0.048,0.057,0.0,200600000.0,1.0,80202179.0,80202179.0,,28.601,2603100000.0,100200000.0,35900000.0,190700000.0,32.457,615500000.0
81,ATI,MRT,2001-03-31,2001-03-31,2001-03-31,2021-08-03,-22700000.0,2812200000.0,2821000000.0,1040100000.0,1772100000.0,0.843,12.785,-69200000.0,23500000.0,23500000.0,1964700000.0,97600000.0,2.346,1.745,559100000.0,57600000.0,501500000.0,559100000.0,0.0,99700000.0,0.0,0.046,0.8,189500000.0,289200000.0,0.122,289200000.0,189500000.0,154000000.0,1.21,1.21,1.21,1024500000.0,1046100000.0,1024500000.0,1912718176.0,10.0,6.614,63500000.0,0.792,1.0,412800000.0,0.174,193900000.0,35500000.0,2710600000.0,2746175000.0,577600000.0,0.0,0.0,0.0,1787700000.0,443300000.0,1344400000.0,1395118176.0,-29700000.0,-11100000.0,-90300000.0,-13100000.0,-64700000.0,-64700000.0,-97700000.0,-14200000.0,132700000.0,0.0,97600000.0,97600000.0,97600000.0,0.0,0.0,0.041,230000000.0,182800000.0,197800000.0,0.661,1.362,14.294,14.388,875300000.0,0.0,17.41,0.587,0.587,317700000.0,1039200000.0,2377500000.0,2377500000.0,0.0,0.035,0.093,0.069,0.08,0.0,201100000.0,1.0,80133152.0,80133152.0,,29.669,2618300000.0,94200000.0,56400000.0,184400000.0,32.674,596800000.0
82,ATI,MRT,2000-12-31,2000-12-31,2000-12-31,2021-08-03,-19600000.0,2776200000.0,2811175000.0,1022800000.0,1753400000.0,0.875,12.93,-55000000.0,26200000.0,26200000.0,1998500000.0,132500000.0,2.474,1.671,543800000.0,53200000.0,490600000.0,543800000.0,0.0,99700000.0,0.0,0.05,0.8,243200000.0,342900000.0,0.139,342900000.0,243200000.0,208800000.0,1.6,1.6,1.6,1039200000.0,1062100000.0,1039200000.0,1838656036.0,8.0,5.362,80500000.0,1.002,1.0,461900000.0,0.188,194500000.0,34400000.0,2685800000.0,2703850000.0,585700000.0,0.0,0.0,0.0,1737000000.0,413500000.0,1323500000.0,1276256036.0,-24500000.0,-11100000.0,-217700000.0,193700000.0,-66000000.0,-90000000.0,-70000000.0,0.0,135500000.0,0.0,132500000.0,132500000.0,132500000.0,0.0,0.0,0.054,218700000.0,243200000.0,169300000.0,0.5,1.228,9.632,9.925,872000000.0,0.0,15.88,0.519,0.519,325300000.0,1050000000.0,2460400000.0,2460400000.0,0.0,0.047,0.125,0.09,0.099,0.0,203700000.0,1.0,80368768.0,80368768.0,,30.614,2581700000.0,61200000.0,76300000.0,158700000.0,32.123,609300000.0
83,ATI,MRT,2000-09-30,2000-09-30,2000-09-30,2021-08-03,-13000000.0,2861900000.0,2804775000.0,1075700000.0,1786200000.0,0.874,13.078,-37300000.0,43600000.0,43600000.0,2001300000.0,141800000.0,2.971,1.692,606000000.0,6100000.0,599900000.0,606000000.0,0.0,99400000.0,0.0,0.033,0.6,254500000.0,353900000.0,0.144,353900000.0,254500000.0,223000000.0,1.7,1.7,1.7,1063300000.0,1102350000.0,1063300000.0,1990976384.0,8.0,5.626,-60600000.0,-0.745,1.0,449800000.0,0.184,194800000.0,31500000.0,2867400000.0,2609575000.0,608500000.0,0.0,0.0,0.0,1798600000.0,362100000.0,1436500000.0,1474076384.0,-5400000.0,460700000.0,-313100000.0,752500000.0,-79900000.0,-93700000.0,426000000.0,16700000.0,-23300000.0,0.0,141800000.0,141800000.0,141800000.0,-1600000.0,0.0,0.058,223800000.0,226000000.0,165400000.0,0.353,1.386,10.395,10.665,898900000.0,0.0,18.13,0.601,0.601,345000000.0,1066900000.0,2451100000.0,2451100000.0,0.0,0.051,0.129,0.098,0.104,0.0,219000000.0,1.0,81305923.0,81305923.0,,30.147,2667100000.0,59900000.0,81200000.0,0.0,32.803,713600000.0
84,ATI,MRT,2000-06-30,2000-06-30,2000-06-30,2021-08-03,-15400000.0,2833700000.0,2874550000.0,1075000000.0,1758700000.0,0.835,12.709,-34100000.0,41500000.0,41500000.0,1982100000.0,267300000.0,2.479,1.68,558400000.0,28700000.0,529700000.0,558400000.0,0.0,98000000.0,0.0,0.022,0.4,358800000.0,456800000.0,0.19,456800000.0,358800000.0,336000000.0,2.94,2.93,2.94,1057400000.0,1190950000.0,1057400000.0,1913772018.0,5.0,4.19,24900000.0,0.299,1.0,419500000.0,0.175,196000000.0,22800000.0,2720900000.0,2528275000.0,619400000.0,0.0,0.0,0.0,1776300000.0,433700000.0,1342600000.0,1497672018.0,-17700000.0,450800000.0,-326400000.0,167300000.0,-94100000.0,-413800000.0,423200000.0,16700000.0,59000000.0,0.0,267300000.0,267300000.0,267300000.0,-18700000.0,0.0,0.111,236300000.0,183200000.0,192400000.0,0.136,1.416,5.603,6.122,904600000.0,0.0,18.0,0.624,0.624,347100000.0,1041300000.0,2401600000.0,2401600000.0,0.0,0.093,0.224,0.142,0.149,0.0,230700000.0,1.0,83204001.0,83204001.0,,28.864,2637700000.0,47400000.0,68700000.0,0.0,31.702,641300000.0
85,ATI,MRT,2000-03-31,2000-03-31,2000-03-31,2021-08-03,-5400000.0,2772900000.0,2967650000.0,1049400000.0,1723500000.0,0.787,12.797,-37000000.0,53200000.0,53200000.0,1925700000.0,280900000.0,2.354,1.547,469300000.0,46100000.0,423200000.0,469300000.0,0.0,96100000.0,0.0,0.01,0.2,370000000.0,466100000.0,0.2,466100000.0,370000000.0,346200000.0,3.01,2.99,3.01,1088500000.0,1252750000.0,1088500000.0,2008624844.0,5.0,4.309,40800000.0,0.48,1.0,410300000.0,0.176,202000000.0,23800000.0,2541300000.0,2547950000.0,556400000.0,0.0,0.0,0.0,1684400000.0,445700000.0,1238700000.0,1706324844.0,-3000000.0,475800000.0,-330500000.0,52500000.0,-108300000.0,-489500000.0,448700000.0,14200000.0,77800000.0,0.0,280900000.0,280900000.0,280900000.0,-39400000.0,0.0,0.12,233900000.0,176400000.0,185300000.0,0.066,1.568,6.074,6.664,900400000.0,0.0,20.06,0.73,0.73,356500000.0,1016400000.0,2336000000.0,2336000000.0,0.0,0.095,0.224,0.145,0.158,0.0,228300000.0,1.0,85061059.0,85061059.0,,27.463,2570900000.0,45900000.0,65300000.0,0.0,30.224,603700000.0
86,ATI,MRT,1999-12-31,1999-12-31,1999-12-31,2021-08-03,3500000.0,2750600000.0,3065050000.0,1033500000.0,1717100000.0,0.749,12.829,-45600000.0,50700000.0,50700000.0,1877900000.0,300200000.0,1.914,1.292,353000000.0,152700000.0,200300000.0,353000000.0,0.0,95300000.0,0.0,0.0,0.0,389300000.0,484600000.0,0.211,484600000.0,389300000.0,363400000.0,3.15,3.13,3.15,1200200000.0,1313950000.0,1200200000.0,2380825711.0,6.0,4.913,57300000.0,0.612,1.0,418200000.0,0.182,204200000.0,25900000.0,2308700000.0,2594900000.0,558300000.0,0.0,0.0,0.0,1550400000.0,540000000.0,1010400000.0,2099425711.0,-23500000.0,480500000.0,-249400000.0,-153900000.0,-122100000.0,-525400000.0,429700000.0,0.0,102900000.0,0.0,300200000.0,300200000.0,300200000.0,-59600000.0,0.0,0.131,234700000.0,183500000.0,172900000.0,0.0,1.749,6.993,7.124,912400000.0,0.0,22.44,0.914,0.914,341200000.0,994500000.0,2296100000.0,2296100000.0,0.0,0.098,0.228,0.15,0.17,0.0,229100000.0,1.0,93557296.0,93557296.0,,24.542,2546400000.0,62600000.0,63200000.0,103100000.0,27.218,493500000.0
87,ATI,MRT,1999-09-30,1999-09-30,1999-09-30,2021-08-03,3300000.0,3141000000.0,3113275000.0,1290000000.0,1851000000.0,0.377,14.882,-62400000.0,49200000.0,49200000.0,975500000.0,358800000.0,2.024,1.216,330600000.0,73900000.0,256700000.0,330600000.0,0.0,72400000.0,0.0,,0.0,431300000.0,503700000.0,0.429,503700000.0,431300000.0,404900000.0,3.73,3.69,3.73,1417700000.0,1348875000.0,1417700000.0,,,,168700000.0,1.771,1.0,199200000.0,0.17,242800000.0,26400000.0,2542200000.0,2699500000.0,647600000.0,0.0,0.0,0.0,1723300000.0,637400000.0,1085900000.0,,-19000000.0,-122400000.0,-192100000.0,-359400000.0,-123500000.0,-438000000.0,-180400000.0,0.0,231100000.0,0.0,358800000.0,358800000.0,358800000.0,-144200000.0,0.0,0.305,40100000.0,159100000.0,238900000.0,0.0,,,,994300000.0,0.0,,,,500800000.0,1107700000.0,1174700000.0,1174700000.0,0.0,0.115,0.266,0.16,0.367,0.0,40100000.0,1.0,95259818.0,95259818.0,,12.332,2898200000.0,64300000.0,46100000.0,0.0,30.424,652600000.0
88,ATI,MRT,1999-06-30,1999-06-30,1999-06-30,2021-08-03,-4000000.0,3206100000.0,3074300000.0,1352900000.0,1853200000.0,0.501,13.54,-81000000.0,60000000.0,60000000.0,1212000000.0,256700000.0,2.039,1.458,567200000.0,128100000.0,439100000.0,567200000.0,0.0,74100000.0,0.0,,0.0,360800000.0,434900000.0,0.283,434900000.0,360800000.0,332700000.0,2.63,2.6,2.63,1304600000.0,1329100000.0,1304600000.0,,,,169400000.0,1.758,1.0,327300000.0,0.213,250100000.0,28100000.0,2799600000.0,2686425000.0,653400000.0,0.0,0.0,0.0,1901500000.0,663600000.0,1237900000.0,,-30200000.0,-112700000.0,-151700000.0,-21800000.0,-124700000.0,-230000000.0,-190600000.0,0.0,250400000.0,0.0,256700000.0,256700000.0,256700000.0,-127100000.0,0.0,0.167,102800000.0,224500000.0,238500000.0,0.0,,,,1023100000.0,0.0,,,,549500000.0,974600000.0,1539300000.0,1539300000.0,0.0,0.083,0.193,0.134,0.234,0.0,102800000.0,1.0,96354335.0,96354335.0,,15.975,2956000000.0,62200000.0,76000000.0,0.0,30.678,689300000.0
89,ATI,MRT,1999-03-31,1999-03-31,1999-03-31,2021-08-03,-2900000.0,3162500000.0,3032150000.0,1346700000.0,1815800000.0,0.655,13.767,-107300000.0,57500000.0,57500000.0,1521300000.0,274900000.0,2.068,1.372,528500000.0,133700000.0,394800000.0,528500000.0,0.0,78100000.0,0.0,,0.0,397200000.0,475300000.0,0.239,475300000.0,397200000.0,372700000.0,2.79,2.77,2.79,1333300000.0,1328250000.0,1333300000.0,,,,217000000.0,2.241,1.0,464400000.0,0.234,253300000.0,24500000.0,2729100000.0,2641750000.0,632900000.0,0.0,0.0,0.0,1829200000.0,651100000.0,1178100000.0,,5200000.0,-106500000.0,-94300000.0,-64600000.0,-125500000.0,-194800000.0,-218200000.0,0.0,324300000.0,0.0,274900000.0,274900000.0,274900000.0,-106400000.0,0.0,0.138,181900000.0,282500000.0,221000000.0,0.0,,,,997400000.0,0.0,,,,565700000.0,948600000.0,1985700000.0,1985700000.0,0.0,0.091,0.207,0.15,0.2,0.0,174700000.0,1.0,96848304.0,96848304.0,,20.503,2909200000.0,62200000.0,97800000.0,0.0,30.039,695600000.0
90,ATI,MRT,1998-12-31,1998-12-31,1998-12-31,2021-08-03,-3500000.0,2943500000.0,2993075000.0,1007300000.0,1936200000.0,0.803,13.66,-119300000.0,74200000.0,74200000.0,1831700000.0,241200000.0,2.33,1.197,498800000.0,68200000.0,430600000.0,498800000.0,0.0,82100000.0,0.0,,0.0,355400000.0,437500000.0,0.182,437500000.0,355400000.0,336000000.0,2.45,2.43,2.45,1339900000.0,1308925000.0,1339900000.0,,,,173000000.0,1.764,1.0,570700000.0,0.238,208600000.0,19400000.0,2727100000.0,2597050000.0,555300000.0,0.0,0.0,0.0,1603600000.0,432400000.0,1171200000.0,,20900000.0,-218900000.0,-41100000.0,114600000.0,-122300000.0,-48800000.0,-307200000.0,34400000.0,292300000.0,0.0,241200000.0,241200000.0,241200000.0,-86200000.0,0.0,0.1,312200000.0,258500000.0,140900000.0,0.0,,,,887600000.0,0.0,,,,314000000.0,923900000.0,2402400000.0,2402400000.0,0.0,0.081,0.184,0.137,0.148,0.0,244400000.0,1.0,98091274.0,98091274.0,,24.491,2734900000.0,39200000.0,94800000.0,0.0,27.881,574900000.0
91,ATI,MRT,1998-09-30,1998-09-30,1998-09-30,2021-08-03,-7400000.0,2985100000.0,2981750000.0,1388300000.0,1596800000.0,0.808,13.588,-103700000.0,68400000.0,68400000.0,1873900000.0,257400000.0,2.564,1.23,372000000.0,2400000.0,369600000.0,372000000.0,0.0,85000000.0,0.0,,0.0,363800000.0,448800000.0,0.186,448800000.0,363800000.0,348300000.0,2.6,2.6,2.6,1338600000.0,1285100000.0,1338600000.0,,,,141000000.0,1.431,1.0,536800000.0,0.223,257400000.0,15500000.0,2489900000.0,2513200000.0,670100000.0,0.0,0.0,0.0,1646500000.0,541400000.0,1105100000.0,,34000000.0,-48700000.0,-11000000.0,13200000.0,-118900000.0,-182200000.0,-124100000.0,34200000.0,244700000.0,0.0,257400000.0,257400000.0,257400000.0,-98400000.0,0.0,0.107,290600000.0,246200000.0,214000000.0,0.0,,,,806200000.0,0.0,,,,540900000.0,883200000.0,2410700000.0,2410700000.0,0.0,0.086,0.2,0.145,0.151,0.0,221200000.0,1.0,98515153.0,98515153.0,,24.47,2727700000.0,73800000.0,90900000.0,0.0,27.688,846900000.0
92,ATI,MRT,1998-06-30,1998-06-30,1998-06-30,2021-08-03,-5100000.0,3037500000.0,,1492200000.0,1545300000.0,,13.235,-99800000.0,89800000.0,89800000.0,1918800000.0,265500000.0,2.845,1.334,449000000.0,3000000.0,446000000.0,449000000.0,0.0,87500000.0,0.0,,0.0,374000000.0,461500000.0,0.187,461500000.0,374000000.0,357400000.0,2.68,2.68,2.68,1301200000.0,,1301200000.0,,,,86600000.0,0.881,1.0,549000000.0,0.222,251300000.0,16600000.0,2620900000.0,,706700000.0,0.0,0.0,0.0,1736300000.0,524500000.0,1211800000.0,,44100000.0,-74600000.0,-47200000.0,215000000.0,-115400000.0,-112900000.0,-125000000.0,53500000.0,186400000.0,0.0,265500000.0,265500000.0,265500000.0,-98400000.0,0.0,0.108,290600000.0,258400000.0,244700000.0,0.0,,,,791200000.0,0.0,,,,576500000.0,854800000.0,2467800000.0,2467800000.0,0.0,,,,0.152,0.0,221200000.0,1.0,98312668.0,98312668.0,,25.102,2786200000.0,89800000.0,91900000.0,0.0,28.34,967700000.0
93,ATI,MRT,1998-03-31,1998-03-31,1998-03-31,2021-08-03,-1700000.0,3006200000.0,,1455000000.0,1551200000.0,,14.36,-72300000.0,51400000.0,51400000.0,1917200000.0,284600000.0,2.465,1.393,437000000.0,4100000.0,432900000.0,437000000.0,0.0,86300000.0,0.0,,0.0,407500000.0,493800000.0,0.2,493800000.0,407500000.0,391800000.0,2.88,2.86,2.88,1256000000.0,,1256000000.0,,,,88700000.0,1.014,1.0,556000000.0,0.225,251300000.0,15700000.0,2550300000.0,,698500000.0,0.0,0.0,0.0,1750200000.0,590200000.0,1160000000.0,,-33100000.0,-54900000.0,-82500000.0,97200000.0,-112100000.0,-203000000.0,-86700000.0,42100000.0,161000000.0,0.0,284600000.0,284600000.0,284600000.0,-98400000.0,0.0,0.115,289300000.0,266700000.0,258100000.0,0.0,,,,778100000.0,0.0,,,,623300000.0,830500000.0,2473200000.0,2473200000.0,0.0,,,,0.165,0.0,223900000.0,1.0,87467334.0,87467334.0,,28.276,2754900000.0,46700000.0,107200000.0,0.0,31.496,864800000.0
94,ATI,MRT,1997-12-31,1997-12-31,1997-12-31,2021-08-03,-1100000.0,2898200000.0,2752300000.0,1444000000.0,1454200000.0,0.909,14.229,-61000000.0,53700000.0,53700000.0,1929400000.0,328800000.0,2.401,1.329,335100000.0,4700000.0,330400000.0,335100000.0,0.0,84300000.0,0.0,,0.0,479800000.0,564100000.0,0.226,564100000.0,479800000.0,462900000.0,3.34,3.28,3.34,1244600000.0,1058050000.0,1244600000.0,,,,95500000.0,1.092,1.0,571500000.0,0.229,186500000.0,16900000.0,2391700000.0,2308050000.0,697900000.0,34400000.0,34400000.0,0.0,1653600000.0,601400000.0,1052200000.0,,-9400000.0,74300000.0,-72200000.0,-115600000.0,-112200000.0,-300000000.0,38500000.0,28900000.0,156500000.0,0.0,328800000.0,328800000.0,328800000.0,-98400000.0,0.0,0.131,240200000.0,331300000.0,267900000.0,0.0,,,,753800000.0,0.0,,,,576000000.0,822600000.0,2500900000.0,2500900000.0,0.0,0.119,0.311,0.208,0.192,0.0,228200000.0,1.0,87467334.0,87467334.0,,28.592,2711700000.0,49700000.0,134100000.0,0.0,31.002,842600000.0
95,ATI,MRT,1997-09-30,1997-09-30,1997-09-30,2021-08-03,,,,,,,,,,,,,,,,,,,,,,,0.0,,,,,,,,,,,,,,,,,,1.0,,,,,,,,,,,,,,,,,,,,,,,,,,,,,,,,,,,,,,,,,,,,,,,,,,,,,,1.0,,,,,,,,,,
96,ATI,MRT,1997-06-30,1997-06-30,1997-06-30,2021-08-03,,,,,,,,,,,,,,,,,,,,,,,0.0,,,,,,,,,,,,,,,,,,1.0,,,,,,,,,,,,,,,,,,,,,,,,,,,,,,,,,,,,,,,,,,,,,,,,,,,,,,1.0,,,,,,,,,,
97,ATI,MRT,1997-03-31,1997-03-31,1997-03-31,2021-08-03,,,,,,,,,,,,,,,,,,,,,,,0.0,,,,,,,,,,,,,,,,,,1.0,,,,,,,,,,,,,,,,,,,,,,,,,,,,,,,,,,,,,,,,,,,,,,,,,,,,,,1.0,,,,,,,,,,
98,ATI,MRT,1996-12-31,1996-12-31,1996-12-31,2021-08-03,0.0,2606400000.0,,1199800000.0,1406600000.0,,,-76200000.0,62500000.0,62500000.0,3081000000.0,235300000.0,2.048,1.991,443400000.0,0.0,443400000.0,443400000.0,0.0,109700000.0,0.0,,0.0,440000000.0,549700000.0,0.136,549700000.0,440000000.0,404900000.0,2.44,2.4,2.44,871500000.0,,871500000.0,,,,144700000.0,,1.0,971600000.0,0.24,177100000.0,35100000.0,2224400000.0,,518400000.0,0.0,0.0,0.0,1734900000.0,585800000.0,1149100000.0,,-49200000.0,101200000.0,-9800000.0,-330600000.0,-106100000.0,-218300000.0,-51800000.0,-135400000.0,220900000.0,0.0,235300000.0,233300000.0,233300000.0,0.0,0.0,0.058,595700000.0,375900000.0,241700000.0,0.0,,,,731400000.0,2000000.0,,,,522500000.0,596700000.0,4052600000.0,4052600000.0,0.0,,,,0.109,0.0,538200000.0,1.0,,,,,2429300000.0,70100000.0,169600000.0,0.0,,614000000.0
99,ATI,MRT,1995-12-31,1995-12-31,1995-12-31,2021-08-03,,,,,,,,-79000000.0,,,3158900000.0,273900000.0,,,,,,,,110900000.0,,,0.0,475600000.0,586500000.0,0.145,586500000.0,475600000.0,438000000.0,3.08,3.02,3.08,,,,,,,134100000.0,,1.0,889200000.0,0.22,,37600000.0,,,,,,,,,,,71700000.0,25800000.0,-69200000.0,104800000.0,-57100000.0,-73100000.0,-68300000.0,0.0,213100000.0,0.0,273900000.0,272300000.0,272300000.0,0.0,0.0,0.067,485400000.0,403800000.0,,0.0,,,,,1600000.0,,,,,,4048100000.0,4048100000.0,0.0,,,,0.117,0.0,479000000.0,1.0,,,,,,,164100000.0,,,
