None,ticker,dimension,calendardate,datekey,reportperiod,lastupdated,accoci,assets,assetsavg,assetsc,assetsnc,assetturnover,bvps,capex,cashneq,cashnequsd,cor,consolinc,currentratio,de,debt,debtc,debtnc,debtusd,deferredrev,depamor,deposits,divyield,dps,ebit,ebitda,ebitdamargin,ebitdausd,ebitusd,ebt,eps,epsdil,epsusd,equity,equityavg,equityusd,ev,evebit,evebitda,fcf,fcfps,fxusd,gp,grossmargin,intangibles,intexp,invcap,invcapavg,inventory,investments,investmentsc,investmentsnc,liabilities,liabilitiesc,liabilitiesnc,marketcap,ncf,ncfbus,ncfcommon,ncfdebt,ncfdiv,ncff,ncfi,ncfinv,ncfo,ncfx,netinc,netinccmn,netinccmnusd,netincdis,netincnci,netmargin,opex,opinc,payables,payoutratio,pb,pe,pe1,ppnenet,prefdivis,price,ps,ps1,receivables,retearn,revenue,revenueusd,rnd,roa,roe,roic,ros,sbcomp,sgna,sharefactor,sharesbas,shareswa,shareswadil,sps,tangibles,taxassets,taxexp,taxliabilities,tbvps,workingcapital
0,DTE,MRY,2020-12-31,2020-12-31,2020-12-31,2021-08-25,-137000000.0,45496000000.0,44226500000.0,3498000000.0,41998000000.0,0.275,64.378,-3844000000.0,516000000.0,516000000.0,8303000000.0,1371000000.0,1.3,2.648,19652000000.0,540000000.0,19112000000.0,19652000000.0,0.0,1443000000.0,0.0,0.034,4.123,2255000000.0,3698000000.0,0.304,3698000000.0,2255000000.0,1535000000.0,7.09,7.08,7.09,12425000000.0,12073500000.0,12425000000.0,42360070186.0,19.0,11.455,-147000000.0,-0.762,1.0,3874000000.0,0.318,4805000000.0,720000000.0,57136000000.0,54441500000.0,716000000.0,2304000000.0,116000000.0,2188000000.0,32907000000.0,2691000000.0,30216000000.0,23500070186.0,423000000.0,-126000000.0,2000000.0,2020000000.0,-760000000.0,796000000.0,-4070000000.0,-98000000.0,3697000000.0,0.0,1368000000.0,1368000000.0,1368000000.0,0.0,3000000.0,0.112,1888000000.0,1986000000.0,1029000000.0,0.582,1.891,17.178,17.124,28121000000.0,0.0,121.41,1.93,1.924,1665000000.0,7156000000.0,12177000000.0,12177000000.0,0.0,0.031,0.113,0.041,0.185,0.0,0.0,1.0,193559593.0,193000000.0,193000000.0,63.093,40691000000.0,0.0,167000000.0,2984000000.0,210.834,807000000.0
1,DTE,MRY,2019-12-31,2019-12-31,2019-12-31,2021-08-25,-148000000.0,42268000000.0,38474500000.0,3086000000.0,39182000000.0,0.329,63.092,-2997000000.0,93000000.0,93000000.0,9270000000.0,1172000000.0,0.772,2.607,17610000000.0,1548000000.0,16062000000.0,17610000000.0,0.0,1263000000.0,0.0,0.03,3.848,1962000000.0,3225000000.0,0.255,3225000000.0,1962000000.0,1321000000.0,6.32,6.31,6.32,11672000000.0,10838250000.0,11672000000.0,39668704754.0,20.0,12.3,-348000000.0,-1.881,1.0,3399000000.0,0.268,4857000000.0,641000000.0,50931000000.0,46847250000.0,759000000.0,2238000000.0,133000000.0,2105000000.0,30432000000.0,3997000000.0,26435000000.0,23817704754.0,17000000.0,-2470000000.0,2288000000.0,1904000000.0,-692000000.0,3100000000.0,-5732000000.0,-243000000.0,2649000000.0,0.0,1169000000.0,1169000000.0,1169000000.0,0.0,3000000.0,0.092,1692000000.0,1707000000.0,1076000000.0,0.609,2.041,20.374,20.549,25486000000.0,0.0,129.87,1.88,1.896,1642000000.0,6587000000.0,12669000000.0,12669000000.0,0.0,0.03,0.108,0.042,0.155,0.0,0.0,1.0,183396510.0,185000000.0,185000000.0,68.481,37411000000.0,0.0,152000000.0,2481000000.0,202.222,-911000000.0
2,DTE,MRY,2018-12-31,2018-12-31,2018-12-31,2021-08-25,-120000000.0,36288000000.0,34937750000.0,3260000000.0,33028000000.0,0.407,56.558,-2713000000.0,76000000.0,76000000.0,11062000000.0,1118000000.0,0.735,2.498,14242000000.0,2108000000.0,12134000000.0,14242000000.0,0.0,1124000000.0,0.0,0.033,3.592,1777000000.0,2901000000.0,0.204,2901000000.0,1777000000.0,1218000000.0,6.18,6.17,6.18,10237000000.0,10044000000.0,10237000000.0,33660330147.0,19.0,11.603,-33000000.0,-0.182,1.0,3150000000.0,0.222,3142000000.0,559000000.0,42874000000.0,42285000000.0,811000000.0,1968000000.0,102000000.0,1866000000.0,25571000000.0,4438000000.0,21133000000.0,20066330147.0,-13000000.0,0.0,0.0,1315000000.0,-620000000.0,654000000.0,-3347000000.0,-611000000.0,2680000000.0,0.0,1120000000.0,1120000000.0,1120000000.0,0.0,-2000000.0,0.079,1556000000.0,1594000000.0,1329000000.0,0.581,1.96,17.916,17.848,21650000000.0,0.0,110.3,1.412,1.405,1789000000.0,6112000000.0,14212000000.0,14212000000.0,0.0,0.032,0.112,0.042,0.125,0.0,0.0,1.0,181925024.0,181000000.0,181000000.0,78.519,33146000000.0,0.0,98000000.0,2113000000.0,183.127,-1178000000.0
3,DTE,MRY,2017-12-31,2017-12-31,2017-12-31,2021-08-25,-120000000.0,33767000000.0,32892250000.0,3081000000.0,30686000000.0,0.383,53.14,-2250000000.0,89000000.0,89000000.0,9434000000.0,1112000000.0,1.096,2.5,12915000000.0,730000000.0,12185000000.0,12915000000.0,0.0,1030000000.0,0.0,0.031,3.357,1845000000.0,2875000000.0,0.228,2875000000.0,1845000000.0,1309000000.0,6.32,6.32,6.32,9512000000.0,9291750000.0,9512000000.0,32113060706.0,17.0,11.17,-133000000.0,-0.743,1.0,3173000000.0,0.252,3160000000.0,536000000.0,40621000000.0,39517250000.0,779000000.0,1300000000.0,103000000.0,1197000000.0,23777000000.0,2812000000.0,20965000000.0,19636060706.0,-24000000.0,0.0,-51000000.0,1135000000.0,-592000000.0,421000000.0,-2562000000.0,-274000000.0,2117000000.0,0.0,1134000000.0,1134000000.0,1134000000.0,0.0,-22000000.0,0.09,1462000000.0,1711000000.0,1171000000.0,0.531,2.064,17.316,17.32,20721000000.0,0.0,109.46,1.558,1.554,1758000000.0,5643000000.0,12607000000.0,12607000000.0,0.0,0.034,0.122,0.047,0.146,0.0,0.0,1.0,179390286.0,179000000.0,179000000.0,70.43,30607000000.0,0.0,175000000.0,2010000000.0,170.989,269000000.0
4,DTE,MRY,2016-12-31,2016-12-31,2016-12-31,2021-08-25,-133000000.0,32041000000.0,29709000000.0,2762000000.0,29279000000.0,0.358,50.341,-2045000000.0,113000000.0,113000000.0,7791000000.0,834000000.0,1.133,2.502,11782000000.0,513000000.0,11269000000.0,11782000000.0,0.0,976000000.0,0.0,0.031,3.055,1611000000.0,2587000000.0,0.243,2587000000.0,1611000000.0,1139000000.0,4.84,4.83,4.84,9011000000.0,8951500000.0,9011000000.0,27492132689.0,17.0,10.627,39000000.0,0.218,1.0,2839000000.0,0.267,3128000000.0,472000000.0,38145000000.0,35379750000.0,772000000.0,906000000.0,47000000.0,859000000.0,22542000000.0,2437000000.0,20105000000.0,17676132689.0,53000000.0,-1147000000.0,621000000.0,1169000000.0,-531000000.0,1359000000.0,-3390000000.0,-234000000.0,2084000000.0,0.0,868000000.0,868000000.0,868000000.0,0.0,-34000000.0,0.082,1353000000.0,1486000000.0,1079000000.0,0.631,1.962,20.364,20.353,19730000000.0,0.0,98.51,1.663,1.659,1522000000.0,5114000000.0,10630000000.0,10630000000.0,0.0,0.029,0.097,0.046,0.152,0.0,0.0,1.0,179434907.0,179000000.0,179000000.0,59.385,28913000000.0,0.0,271000000.0,4255000000.0,161.525,325000000.0
5,DTE,MRY,2015-12-31,2015-12-31,2015-12-31,2021-08-25,-145000000.0,28662000000.0,28433500000.0,2575000000.0,26087000000.0,0.364,49.006,-2020000000.0,60000000.0,60000000.0,7776000000.0,720000000.0,1.019,2.265,9732000000.0,972000000.0,8760000000.0,9732000000.0,0.0,852000000.0,0.0,0.035,2.84,1407000000.0,2259000000.0,0.219,2259000000.0,1407000000.0,957000000.0,4.05,4.05,4.05,8772000000.0,8697000000.0,8772000000.0,23813150369.0,17.0,10.541,-104000000.0,-0.581,1.0,2561000000.0,0.248,2107000000.0,450000000.0,33699000000.0,33361750000.0,803000000.0,782000000.0,129000000.0,653000000.0,19867000000.0,2528000000.0,17339000000.0,14392150369.0,-11000000.0,-241000000.0,0.0,771000000.0,-501000000.0,277000000.0,-2204000000.0,-92000000.0,1916000000.0,0.0,727000000.0,727000000.0,727000000.0,0.0,-7000000.0,0.07,1322000000.0,1239000000.0,809000000.0,0.701,1.641,19.797,19.8,18034000000.0,0.0,80.19,1.392,1.389,1276000000.0,4794000000.0,10337000000.0,10337000000.0,0.0,0.026,0.084,0.042,0.136,0.0,0.0,1.0,179475625.0,179000000.0,179000000.0,57.749,26555000000.0,0.0,230000000.0,3985000000.0,148.352,47000000.0
6,DTE,MRY,2014-12-31,2014-12-31,2014-12-31,2021-08-25,-155000000.0,27899000000.0,26656250000.0,3012000000.0,24887000000.0,0.461,47.045,-2004000000.0,168000000.0,168000000.0,9226000000.0,911000000.0,1.169,2.349,9015000000.0,672000000.0,8343000000.0,9015000000.0,0.0,1145000000.0,0.0,0.031,2.69,1698000000.0,2843000000.0,0.231,2843000000.0,1698000000.0,1269000000.0,5.11,5.1,5.11,8327000000.0,8155250000.0,8327000000.0,24062736594.0,14.0,8.464,-159000000.0,-0.898,1.0,3075000000.0,0.25,2120000000.0,429000000.0,32049000000.0,30178250000.0,804000000.0,696000000.0,128000000.0,568000000.0,19557000000.0,2577000000.0,16980000000.0,15286736594.0,-4000000.0,0.0,-52000000.0,766000000.0,-470000000.0,211000000.0,-2060000000.0,-39000000.0,1845000000.0,0.0,905000000.0,905000000.0,905000000.0,0.0,6000000.0,0.074,1485000000.0,1590000000.0,973000000.0,0.526,1.836,16.891,16.902,16820000000.0,0.0,86.37,1.243,1.243,1504000000.0,4578000000.0,12301000000.0,12301000000.0,0.0,0.034,0.111,0.056,0.138,0.0,0.0,1.0,176991277.0,177000000.0,177000000.0,69.497,25779000000.0,0.0,364000000.0,3742000000.0,145.644,435000000.0
7,DTE,MRY,2013-12-31,2013-12-31,2013-12-31,2021-08-25,-136000000.0,25935000000.0,26014750000.0,2806000000.0,23129000000.0,0.371,45.263,-1840000000.0,52000000.0,52000000.0,7033000000.0,668000000.0,0.88,2.27,8243000000.0,1029000000.0,7214000000.0,8243000000.0,0.0,1094000000.0,0.0,0.039,2.585,1351000000.0,2445000000.0,0.253,2445000000.0,1351000000.0,915000000.0,3.76,3.76,3.76,7921000000.0,7736250000.0,7921000000.0,19679569295.0,15.0,8.049,314000000.0,1.794,1.0,2628000000.0,0.272,2140000000.0,436000000.0,28797000000.0,28915750000.0,628000000.0,228000000.0,99000000.0,129000000.0,17981000000.0,3189000000.0,14792000000.0,11737569295.0,-13000000.0,0.0,39000000.0,164000000.0,-445000000.0,-261000000.0,-1906000000.0,-29000000.0,2154000000.0,0.0,661000000.0,661000000.0,661000000.0,0.0,7000000.0,0.068,1425000000.0,1203000000.0,962000000.0,0.688,1.482,17.757,17.657,15800000000.0,0.0,66.39,1.215,1.203,1542000000.0,4150000000.0,9661000000.0,9661000000.0,0.0,0.025,0.085,0.047,0.14,0.0,0.0,1.0,176797248.0,175000000.0,175000000.0,55.206,23795000000.0,0.0,254000000.0,3368000000.0,135.971,-383000000.0
8,DTE,MRY,2012-12-31,2012-12-31,2012-12-31,2021-08-25,-158000000.0,26339000000.0,26042250000.0,2915000000.0,23424000000.0,0.338,43.117,-1782000000.0,65000000.0,65000000.0,6188000000.0,618000000.0,1.053,2.567,8071000000.0,1057000000.0,7014000000.0,8071000000.0,0.0,1018000000.0,0.0,0.04,2.415,1336000000.0,2354000000.0,0.268,2354000000.0,1336000000.0,896000000.0,3.56,3.55,3.56,7373000000.0,7252000000.0,7373000000.0,18125006349.0,14.0,7.7,427000000.0,2.497,1.0,2603000000.0,0.296,2153000000.0,440000000.0,29424000000.0,29275250000.0,761000000.0,259000000.0,108000000.0,151000000.0,18928000000.0,2768000000.0,16160000000.0,10333006349.0,-3000000.0,57000000.0,39000000.0,-59000000.0,-407000000.0,-443000000.0,-1769000000.0,-5000000.0,2209000000.0,0.0,610000000.0,610000000.0,610000000.0,56000000.0,8000000.0,0.069,1324000000.0,1279000000.0,848000000.0,0.678,1.401,16.939,16.868,14684000000.0,0.0,60.05,1.175,1.168,1336000000.0,3944000000.0,8791000000.0,8791000000.0,0.0,0.023,0.084,0.046,0.152,0.0,0.0,1.0,172073378.0,171000000.0,172000000.0,51.409,24186000000.0,0.0,286000000.0,3247000000.0,141.439,147000000.0
9,DTE,MRY,2011-12-31,2011-12-31,2011-12-31,2021-08-25,-158000000.0,26009000000.0,24964250000.0,3196000000.0,22813000000.0,0.355,41.473,-1466000000.0,68000000.0,68000000.0,6149000000.0,720000000.0,1.216,2.705,8132000000.0,945000000.0,7187000000.0,8132000000.0,0.0,995000000.0,0.0,0.043,2.323,1467000000.0,2462000000.0,0.278,2462000000.0,1467000000.0,979000000.0,4.19,4.18,4.19,7009000000.0,6889250000.0,7009000000.0,17188713356.0,12.0,6.982,542000000.0,3.207,1.0,2709000000.0,0.306,2093000000.0,488000000.0,29352000000.0,28363250000.0,791000000.0,419000000.0,222000000.0,197000000.0,18956000000.0,2628000000.0,16328000000.0,9215713356.0,3000000.0,0.0,-18000000.0,-7000000.0,-389000000.0,-445000000.0,-1560000000.0,-17000000.0,2008000000.0,0.0,711000000.0,711000000.0,711000000.0,3000000.0,9000000.0,0.08,1288000000.0,1421000000.0,782000000.0,0.554,1.315,12.962,12.995,13746000000.0,0.0,54.45,1.04,1.039,1317000000.0,3750000000.0,8858000000.0,8858000000.0,0.0,0.028,0.103,0.052,0.166,0.0,0.0,1.0,169250934.0,169000000.0,170000000.0,52.414,23916000000.0,51000000.0,268000000.0,3181000000.0,141.515,568000000.0
10,DTE,MRY,2010-12-31,2010-12-31,2010-12-31,2021-08-25,-149000000.0,24896000000.0,24349500000.0,3167000000.0,21729000000.0,0.35,40.012,-1043000000.0,65000000.0,65000000.0,5757000000.0,639000000.0,1.152,2.697,8164000000.0,1075000000.0,7089000000.0,8164000000.0,0.0,1027000000.0,0.0,0.048,2.18,1488000000.0,2515000000.0,0.295,2515000000.0,1488000000.0,945000000.0,3.75,3.74,3.75,6722000000.0,6619000000.0,6722000000.0,15541394178.0,10.0,6.179,782000000.0,4.655,1.0,2768000000.0,0.325,2087000000.0,543000000.0,28159000000.0,27465500000.0,662000000.0,331000000.0,131000000.0,200000000.0,18129000000.0,2749000000.0,15380000000.0,7664394178.0,13000000.0,19000000.0,36000000.0,-226000000.0,-360000000.0,-586000000.0,-1226000000.0,-33000000.0,1825000000.0,0.0,630000000.0,630000000.0,630000000.0,8000000.0,9000000.0,0.074,1298000000.0,1470000000.0,729000000.0,0.581,1.14,12.166,12.085,12992000000.0,0.0,45.32,0.899,0.893,1351000000.0,3431000000.0,8525000000.0,8525000000.0,0.0,0.026,0.095,0.054,0.175,0.0,0.0,1.0,169117259.0,168000000.0,169000000.0,50.744,22809000000.0,139000000.0,315000000.0,2707000000.0,135.768,418000000.0
11,DTE,MRY,2009-12-31,2009-12-31,2009-12-31,2021-08-25,-147000000.0,24195000000.0,24059250000.0,2877000000.0,21318000000.0,0.333,38.28,-952000000.0,136000000.0,136000000.0,5490000000.0,535000000.0,1.088,2.848,8368000000.0,998000000.0,7370000000.0,8368000000.0,0.0,1020000000.0,0.0,0.049,2.12,1324000000.0,2344000000.0,0.292,2344000000.0,1324000000.0,779000000.0,3.24,3.24,3.24,6278000000.0,6191500000.0,6278000000.0,15327213656.0,12.0,6.539,867000000.0,5.287,1.0,2524000000.0,0.315,2078000000.0,545000000.0,27704000000.0,27786750000.0,509000000.0,438000000.0,209000000.0,229000000.0,17879000000.0,2645000000.0,15234000000.0,7189213656.0,-34000000.0,0.0,35000000.0,-476000000.0,-348000000.0,-789000000.0,-1064000000.0,-20000000.0,1819000000.0,0.0,532000000.0,532000000.0,532000000.0,0.0,3000000.0,0.066,1275000000.0,1249000000.0,723000000.0,0.654,1.145,13.514,13.454,12431000000.0,0.0,43.59,0.897,0.892,1438000000.0,3168000000.0,8014000000.0,8014000000.0,0.0,0.022,0.086,0.048,0.165,0.0,0.0,1.0,164928049.0,164000000.0,164000000.0,48.866,22117000000.0,167000000.0,247000000.0,2181000000.0,134.86,232000000.0
12,DTE,MRY,2008-12-31,2008-12-31,2008-12-31,2021-08-25,-165000000.0,24590000000.0,23833000000.0,3328000000.0,21262000000.0,0.391,36.779,-1373000000.0,172000000.0,172000000.0,7000000000.0,553000000.0,1.105,3.095,8847000000.0,1106000000.0,7741000000.0,8847000000.0,0.0,899000000.0,0.0,0.059,2.12,1339000000.0,2238000000.0,0.24,2238000000.0,1339000000.0,836000000.0,3.34,3.34,3.34,5995000000.0,5964250000.0,5995000000.0,14517117659.0,11.0,6.487,186000000.0,1.141,1.0,2329000000.0,0.25,2107000000.0,503000000.0,28145000000.0,26221500000.0,539000000.0,571000000.0,316000000.0,255000000.0,18552000000.0,3013000000.0,15539000000.0,5815117659.0,-48000000.0,253000000.0,-16000000.0,286000000.0,-344000000.0,-84000000.0,-1523000000.0,-148000000.0,1559000000.0,0.0,548000000.0,548000000.0,548000000.0,-22000000.0,5000000.0,0.059,1066000000.0,1263000000.0,899000000.0,0.635,0.97,10.612,10.68,12231000000.0,0.0,35.67,0.623,0.623,1666000000.0,2985000000.0,9329000000.0,9329000000.0,0.0,0.023,0.092,0.051,0.144,0.0,0.0,1.0,163025446.0,163000000.0,163000000.0,57.233,22483000000.0,227000000.0,288000000.0,2054000000.0,137.933,315000000.0
13,DTE,MRY,2007-12-31,2007-12-31,2007-12-31,2021-08-25,-113000000.0,23742000000.0,23740500000.0,3991000000.0,19751000000.0,0.357,34.429,-1299000000.0,263000000.0,263000000.0,6444000000.0,787000000.0,0.946,3.056,8509000000.0,1538000000.0,6971000000.0,8509000000.0,0.0,926000000.0,0.0,0.048,2.12,1680000000.0,2606000000.0,0.307,2606000000.0,1680000000.0,1147000000.0,5.7,5.69,5.7,5853000000.0,5813750000.0,5853000000.0,15443853856.0,9.0,5.926,-174000000.0,-1.024,1.0,2031000000.0,0.24,2062000000.0,533000000.0,25705000000.0,25642750000.0,633000000.0,467000000.0,181000000.0,286000000.0,17889000000.0,4221000000.0,13668000000.0,7196853856.0,-13000000.0,1262000000.0,-708000000.0,-390000000.0,-364000000.0,-1468000000.0,330000000.0,-56000000.0,1125000000.0,0.0,783000000.0,783000000.0,783000000.0,4000000.0,4000000.0,0.092,426000000.0,1605000000.0,1189000000.0,0.372,1.23,9.191,7.712,11408000000.0,0.0,43.96,0.849,0.882,1658000000.0,2790000000.0,8475000000.0,8475000000.0,0.0,0.033,0.135,0.066,0.198,0.0,0.0,1.0,163713691.0,170000000.0,171000000.0,49.853,21680000000.0,387000000.0,364000000.0,1932000000.0,127.529,-230000000.0
14,DTE,MRY,2006-12-31,2006-12-31,2006-12-31,2021-08-25,-211000000.0,23785000000.0,22674500000.0,3961000000.0,19824000000.0,0.36,33.045,-1403000000.0,293000000.0,293000000.0,5724000000.0,433000000.0,0.951,3.067,8959000000.0,1485000000.0,7474000000.0,8959000000.0,0.0,1014000000.0,0.0,0.043,2.075,1104000000.0,2118000000.0,0.26,2118000000.0,1104000000.0,579000000.0,2.44,2.43,2.44,5849000000.0,5821500000.0,5849000000.0,16985279454.0,15.0,8.019,53000000.0,0.299,1.0,2433000000.0,0.298,2129000000.0,525000000.0,26158000000.0,24988250000.0,715000000.0,164000000.0,0.0,164000000.0,17936000000.0,4164000000.0,13772000000.0,8615279454.0,59000000.0,-42000000.0,-44000000.0,216000000.0,-365000000.0,-203000000.0,-1194000000.0,-41000000.0,1456000000.0,0.0,433000000.0,433000000.0,433000000.0,208000000.0,0.0,0.053,1366000000.0,1067000000.0,1145000000.0,0.85,1.473,19.897,19.84,11451000000.0,0.0,48.41,1.056,1.05,1495000000.0,2593000000.0,8157000000.0,8157000000.0,0.0,0.019,0.074,0.044,0.135,0.0,0.0,1.0,177964872.0,177000000.0,178000000.0,46.085,21656000000.0,245000000.0,146000000.0,1585000000.0,122.35,-203000000.0
15,DTE,MRY,2005-12-31,2005-12-31,2005-12-31,2021-08-25,-271000000.0,23335000000.0,22603500000.0,4682000000.0,18653000000.0,0.358,32.966,-1065000000.0,210000000.0,210000000.0,6155000000.0,537000000.0,0.952,3.045,8714000000.0,1634000000.0,7080000000.0,8714000000.0,0.0,872000000.0,0.0,0.048,2.06,1161000000.0,2033000000.0,0.251,2033000000.0,1161000000.0,643000000.0,3.07,3.05,3.07,5769000000.0,5543250000.0,5769000000.0,16053296129.0,14.0,7.896,-64000000.0,-0.366,1.0,1939000000.0,0.24,2156000000.0,518000000.0,24763000000.0,24356500000.0,668000000.0,409000000.0,0.0,409000000.0,17566000000.0,4920000000.0,12646000000.0,7680296129.0,32000000.0,-50000000.0,159000000.0,40000000.0,-360000000.0,-167000000.0,-802000000.0,-100000000.0,1001000000.0,0.0,537000000.0,537000000.0,537000000.0,50000000.0,0.0,0.066,1041000000.0,898000000.0,1187000000.0,0.671,1.331,14.302,14.068,10830000000.0,0.0,43.19,0.949,0.934,2032000000.0,2557000000.0,8094000000.0,8094000000.0,0.0,0.024,0.097,0.048,0.143,0.0,0.0,1.0,177825796.0,175000000.0,176000000.0,46.251,21179000000.0,257000000.0,106000000.0,1527000000.0,121.023,-238000000.0
16,DTE,MRY,2004-12-31,2004-12-31,2004-12-31,2021-08-25,-158000000.0,21297000000.0,21094000000.0,2996000000.0,18301000000.0,0.335,32.069,-904000000.0,182000000.0,182000000.0,5362000000.0,431000000.0,0.996,2.839,8523000000.0,917000000.0,7606000000.0,8523000000.0,0.0,744000000.0,0.0,0.048,2.06,1123000000.0,1867000000.0,0.264,1867000000.0,1123000000.0,607000000.0,2.5,2.49,2.5,5548000000.0,5520000000.0,5548000000.0,15971812551.0,14.0,8.555,91000000.0,0.526,1.0,1707000000.0,0.241,2067000000.0,516000000.0,24562000000.0,24418250000.0,668000000.0,529000000.0,0.0,529000000.0,15749000000.0,3009000000.0,12740000000.0,7502812551.0,2000000.0,0.0,41000000.0,10000000.0,-354000000.0,-312000000.0,-681000000.0,-107000000.0,995000000.0,0.0,431000000.0,431000000.0,431000000.0,33000000.0,0.0,0.061,832000000.0,875000000.0,892000000.0,0.824,1.352,17.408,17.252,10491000000.0,0.0,43.13,1.061,1.056,1287000000.0,2383000000.0,7069000000.0,7069000000.0,0.0,0.02,0.078,0.046,0.159,0.0,0.0,1.0,173958093.0,173000000.0,173000000.0,40.861,19230000000.0,94000000.0,176000000.0,1283000000.0,111.156,-13000000.0
17,DTE,MRY,2003-12-31,2003-12-31,2003-12-31,2021-08-25,-130000000.0,20753000000.0,20185000000.0,2712000000.0,18041000000.0,0.347,31.47,-751000000.0,185000000.0,185000000.0,5296000000.0,521000000.0,0.96,2.925,8516000000.0,847000000.0,7669000000.0,8516000000.0,0.0,691000000.0,0.0,0.052,2.06,950000000.0,1641000000.0,0.234,1641000000.0,950000000.0,405000000.0,3.11,3.09,3.11,5287000000.0,5092000000.0,5287000000.0,15362075160.0,16.0,9.361,199000000.0,1.185,1.0,1709000000.0,0.244,2067000000.0,545000000.0,24193000000.0,23469500000.0,629000000.0,469000000.0,0.0,469000000.0,15466000000.0,2824000000.0,12642000000.0,6631075160.0,-79000000.0,669000000.0,44000000.0,-725000000.0,-346000000.0,-1039000000.0,10000000.0,-103000000.0,950000000.0,0.0,521000000.0,521000000.0,521000000.0,-54000000.0,0.0,0.074,942000000.0,767000000.0,625000000.0,0.662,1.254,12.728,12.669,10324000000.0,0.0,39.4,0.947,0.945,1193000000.0,2308000000.0,7005000000.0,7005000000.0,0.0,0.026,0.102,0.04,0.136,0.0,0.0,1.0,168301400.0,168000000.0,168000000.0,41.696,18686000000.0,0.0,-116000000.0,1329000000.0,111.226,-112000000.0
18,DTE,MRY,2002-12-31,2002-12-31,2002-12-31,2021-08-25,-619000000.0,19985000000.0,19553000000.0,2764000000.0,17221000000.0,0.344,27.835,-984000000.0,370000000.0,370000000.0,4688000000.0,632000000.0,0.866,3.378,9235000000.0,1432000000.0,7803000000.0,9235000000.0,0.0,759000000.0,0.0,0.044,2.06,1117000000.0,1876000000.0,0.279,1876000000.0,1117000000.0,548000000.0,3.85,3.83,3.85,4565000000.0,4776750000.0,4565000000.0,16390210352.0,15.0,8.737,12000000.0,0.073,1.0,2041000000.0,0.303,2112000000.0,569000000.0,23547000000.0,22968500000.0,576000000.0,336000000.0,0.0,336000000.0,15420000000.0,3191000000.0,12229000000.0,7770210352.0,-135000000.0,-21000000.0,265000000.0,78000000.0,-338000000.0,-16000000.0,-1115000000.0,-72000000.0,996000000.0,0.0,632000000.0,632000000.0,632000000.0,-46000000.0,0.0,0.094,1047000000.0,994000000.0,647000000.0,0.535,1.702,12.295,12.052,10542000000.0,0.0,46.4,1.155,1.131,1198000000.0,2132000000.0,6729000000.0,6729000000.0,0.0,0.032,0.132,0.049,0.166,0.0,0.0,1.0,167461430.0,164000000.0,165000000.0,41.03,17873000000.0,0.0,-84000000.0,1128000000.0,108.982,-427000000.0
19,DTE,MRY,2001-12-31,2001-12-31,2001-12-31,2021-08-25,-68000000.0,18881000000.0,17764500000.0,2479000000.0,16402000000.0,0.326,29.993,-1096000000.0,425000000.0,425000000.0,3767000000.0,332000000.0,0.877,3.114,8852000000.0,1198000000.0,7654000000.0,8852000000.0,0.0,795000000.0,0.0,0.049,2.06,695000000.0,1490000000.0,0.257,1490000000.0,695000000.0,213000000.0,2.17,2.16,2.17,4589000000.0,4392000000.0,4589000000.0,15119644130.0,22.0,10.147,-285000000.0,-1.863,1.0,2020000000.0,0.349,2003000000.0,482000000.0,22478000000.0,21000750000.0,505000000.0,0.0,0.0,0.0,14292000000.0,2827000000.0,11465000000.0,6821644130.0,204000000.0,-1212000000.0,-438000000.0,2442000000.0,-325000000.0,1679000000.0,-2286000000.0,-124000000.0,811000000.0,0.0,332000000.0,332000000.0,332000000.0,-20000000.0,0.0,0.057,1355000000.0,665000000.0,581000000.0,0.949,1.487,20.547,19.327,9549000000.0,0.0,41.94,1.179,1.109,987000000.0,1846000000.0,5787000000.0,5787000000.0,0.0,0.019,0.076,0.033,0.12,0.0,0.0,1.0,162652459.0,153000000.0,154000000.0,37.824,16878000000.0,0.0,-119000000.0,1666000000.0,110.314,-348000000.0
20,DTE,MRY,2000-12-31,2000-12-31,2000-12-31,2021-08-25,0.0,12656000000.0,12103750000.0,1652000000.0,11004000000.0,0.383,28.035,-749000000.0,152000000.0,152000000.0,2729000000.0,468000000.0,0.807,2.157,4839000000.0,800000000.0,4039000000.0,4839000000.0,0.0,758000000.0,0.0,0.053,2.06,813000000.0,1571000000.0,0.339,1571000000.0,813000000.0,477000000.0,3.27,3.27,3.27,4009000000.0,3874500000.0,4009000000.0,10350836638.0,13.0,6.589,266000000.0,1.86,1.0,1909000000.0,0.412,24000000.0,336000000.0,15272000000.0,15015500000.0,335000000.0,0.0,0.0,0.0,8647000000.0,2047000000.0,6600000000.0,5554836638.0,31000000.0,0.0,-70000000.0,56000000.0,-296000000.0,-310000000.0,-674000000.0,32000000.0,1015000000.0,0.0,468000000.0,468000000.0,468000000.0,0.0,0.0,0.101,1079000000.0,830000000.0,404000000.0,0.63,1.386,11.869,11.908,7387000000.0,0.0,38.94,1.198,1.201,750000000.0,2097000000.0,4638000000.0,4638000000.0,0.0,0.039,0.121,0.054,0.175,0.0,0.0,1.0,142651172.0,143000000.0,143000000.0,32.434,12632000000.0,0.0,9000000.0,2084000000.0,88.336,-395000000.0
21,DTE,MRY,1999-12-31,1999-12-31,1999-12-31,2021-08-25,0.0,11051000000.0,11900250000.0,968000000.0,10083000000.0,0.397,25.021,-739000000.0,4000000.0,4000000.0,2815000000.0,483000000.0,0.754,2.046,4029000000.0,592000000.0,3437000000.0,4029000000.0,0.0,735000000.0,0.0,0.065,2.06,883000000.0,1618000000.0,0.342,1618000000.0,883000000.0,543000000.0,3.33,3.33,3.33,3628000000.0,3748250000.0,3628000000.0,9268778379.0,10.0,5.729,345000000.0,2.379,1.0,1913000000.0,0.405,0.0,340000000.0,13793000000.0,14951500000.0,315000000.0,0.0,0.0,0.0,7423000000.0,1283000000.0,6140000000.0,4587778379.0,-97000000.0,0.0,0.0,-170000000.0,-299000000.0,-469000000.0,-712000000.0,37000000.0,1084000000.0,0.0,483000000.0,483000000.0,483000000.0,0.0,0.0,0.102,1012000000.0,901000000.0,224000000.0,0.619,1.265,9.499,9.498,6566000000.0,0.0,31.63,0.97,0.97,482000000.0,1677000000.0,4728000000.0,4728000000.0,0.0,0.041,0.129,0.059,0.187,0.0,0.0,1.0,145045159.0,145000000.0,145000000.0,32.607,11051000000.0,0.0,60000000.0,1963000000.0,76.214,-315000000.0
22,DTE,MRY,1998-12-31,1998-12-31,1998-12-31,2021-08-25,0.0,10987000000.0,11459000000.0,885000000.0,10102000000.0,0.368,24.228,-589000000.0,5000000.0,5000000.0,2351000000.0,443000000.0,0.701,2.128,4156000000.0,568000000.0,3588000000.0,4156000000.0,0.0,661000000.0,0.0,0.048,2.06,916000000.0,1577000000.0,0.374,1577000000.0,916000000.0,597000000.0,3.05,3.05,3.05,3513000000.0,3657000000.0,3513000000.0,10876936045.0,12.0,6.897,245000000.0,1.69,1.0,1870000000.0,0.443,0.0,319000000.0,13876000000.0,14497000000.0,309000000.0,0.0,0.0,0.0,7474000000.0,1262000000.0,6212000000.0,6246936045.0,85000000.0,-408000000.0,0.0,697000000.0,-299000000.0,248000000.0,-997000000.0,0.0,834000000.0,0.0,443000000.0,443000000.0,443000000.0,0.0,0.0,0.105,933000000.0,937000000.0,211000000.0,0.675,1.778,14.101,14.118,6428000000.0,0.0,43.06,1.48,1.479,460000000.0,1562000000.0,4221000000.0,4221000000.0,0.0,0.039,0.121,0.063,0.217,0.0,0.0,1.0,145075152.0,145000000.0,145000000.0,29.11,10987000000.0,0.0,154000000.0,1906000000.0,75.772,-377000000.0
23,DTE,MRY,1997-12-31,1997-12-31,1997-12-31,2021-08-25,0.0,11223000000.0,11048500000.0,935000000.0,10288000000.0,0.341,25.559,-484000000.0,99000000.0,99000000.0,1838000000.0,417000000.0,0.919,2.028,4271000000.0,357000000.0,3914000000.0,4271000000.0,0.0,660000000.0,0.0,0.059,2.06,971000000.0,1631000000.0,0.433,1631000000.0,971000000.0,674000000.0,2.88,2.88,2.88,3706000000.0,3596500000.0,3706000000.0,,,,421000000.0,2.903,1.0,1926000000.0,0.512,0.0,297000000.0,14378000000.0,14245000000.0,303000000.0,0.0,0.0,0.0,7517000000.0,1017000000.0,6500000000.0,5033443688.0,-8000000.0,-216000000.0,0.0,86000000.0,-299000000.0,-213000000.0,-700000000.0,0.0,905000000.0,0.0,417000000.0,417000000.0,417000000.0,0.0,0.0,0.111,925000000.0,1001000000.0,161000000.0,0.715,1.358,12.071,12.045,8934000000.0,0.0,34.69,1.337,1.336,442000000.0,1611000000.0,3764000000.0,3764000000.0,0.0,0.038,0.116,0.068,0.258,0.0,0.0,1.0,145097829.0,145000000.0,145000000.0,25.959,11223000000.0,0.0,257000000.0,2047000000.0,77.4,-82000000.0
24,DTE,MRY,1996-12-31,1996-12-31,1996-12-31,2021-08-25,0.0,10874000000.0,,757000000.0,10117000000.0,,24.048,-531000000.0,2000000.0,2000000.0,1780000000.0,309000000.0,0.837,2.118,4144000000.0,288000000.0,3856000000.0,4144000000.0,0.0,625000000.0,0.0,0.064,2.06,818000000.0,1443000000.0,0.396,1443000000.0,818000000.0,530000000.0,2.13,2.13,2.13,3487000000.0,,3487000000.0,,,,548000000.0,3.779,1.0,1865000000.0,0.512,0.0,288000000.0,14112000000.0,,264000000.0,0.0,0.0,0.0,7387000000.0,904000000.0,6483000000.0,,-12000000.0,0.0,0.0,21000000.0,-299000000.0,-474000000.0,-617000000.0,-52000000.0,1079000000.0,0.0,309000000.0,309000000.0,309000000.0,0.0,0.0,0.085,1033000000.0,832000000.0,159000000.0,0.967,,,15.202,8768000000.0,0.0,32.38,,1.288,440000000.0,1392000000.0,3645000000.0,3645000000.0,0.0,,,,0.224,0.0,0.0,1.0,,145000000.0,145000000.0,25.138,10874000000.0,0.0,221000000.0,2382000000.0,74.993,-147000000.0
25,DTE,MRY,1995-12-31,1995-12-31,1995-12-31,2021-08-25,,,,,,,,-454000000.0,,,1725000000.0,434000000.0,,,,,,,,588000000.0,,0.06,2.06,1011000000.0,1599000000.0,0.44,1599000000.0,1011000000.0,717000000.0,,,,,,,,,,487000000.0,,1.0,1911000000.0,0.526,,294000000.0,,,,,,,,,,,57000000.0,0.0,0.0,-223000000.0,-327000000.0,-362000000.0,-522000000.0,-43000000.0,941000000.0,0.0,434000000.0,406000000.0,406000000.0,0.0,0.0,0.112,896000000.0,1015000000.0,,,,,,,28000000.0,34.5,,,,,3636000000.0,3636000000.0,0.0,,,,0.278,0.0,0.0,1.0,,,,,,,283000000.0,,,
0,DTE,MRQ,2021-06-30,2021-06-30,2021-06-30,2021-08-25,-132000000.0,49636000000.0,,6402000000.0,43234000000.0,,64.135,-1204000000.0,3450000000.0,3450000000.0,2368000000.0,179000000.0,1.713,2.997,23137000000.0,1148000000.0,21989000000.0,23137000000.0,0.0,380000000.0,0.0,0.041,2.17,391000000.0,771000000.0,0.239,771000000.0,391000000.0,201000000.0,0.92,0.92,0.92,12378000000.0,,12378000000.0,44189065986.0,20.0,11.898,-345000000.0,-1.788,1.0,861000000.0,0.267,4762000000.0,190000000.0,60824000000.0,,766000000.0,2393000000.0,171000000.0,2222000000.0,37097000000.0,3737000000.0,33360000000.0,25107065986.0,1880000000.0,0.0,0.0,2480000000.0,-210000000.0,2244000000.0,-1223000000.0,-22000000.0,859000000.0,0.0,179000000.0,179000000.0,179000000.0,0.0,0.0,0.055,539000000.0,322000000.0,1173000000.0,2.359,2.028,18.92,18.892,29278000000.0,0.0,129.6,1.849,1.842,1550000000.0,7149000000.0,3229000000.0,3229000000.0,0.0,,,,,0.0,0.0,1.0,193727361.0,193000000.0,194000000.0,16.731,44874000000.0,0.0,22000000.0,3111000000.0,232.508,2665000000.0
1,DTE,MRQ,2021-03-31,2021-03-31,2021-03-31,2021-08-25,-134000000.0,46699000000.0,,4376000000.0,42323000000.0,,64.701,-668000000.0,1570000000.0,1570000000.0,2752000000.0,397000000.0,1.686,2.708,20652000000.0,554000000.0,20098000000.0,20652000000.0,0.0,368000000.0,0.0,0.032,1.085,606000000.0,974000000.0,0.258,974000000.0,606000000.0,425000000.0,2.05,2.05,2.05,12552000000.0,,12552000000.0,44935028687.0,20.0,11.967,389000000.0,2.005,1.0,1026000000.0,0.272,4784000000.0,181000000.0,58402000000.0,,664000000.0,2270000000.0,73000000.0,2197000000.0,33985000000.0,2595000000.0,31390000000.0,25799028687.0,1054000000.0,0.0,-54000000.0,1003000000.0,-210000000.0,702000000.0,-705000000.0,-27000000.0,1057000000.0,0.0,397000000.0,397000000.0,397000000.0,0.0,0.0,0.105,489000000.0,537000000.0,955000000.0,0.529,2.055,18.105,18.041,28417000000.0,0.0,133.14,1.995,1.997,1553000000.0,7342000000.0,3778000000.0,3778000000.0,0.0,,,,,0.0,0.0,1.0,193773687.0,194000000.0,194000000.0,19.474,41915000000.0,0.0,28000000.0,3054000000.0,216.057,1781000000.0
2,DTE,MRQ,2020-12-31,2020-12-31,2020-12-31,2021-08-25,-137000000.0,45496000000.0,,3498000000.0,41998000000.0,,63.393,-963000000.0,516000000.0,516000000.0,2339000000.0,275000000.0,1.3,2.648,19652000000.0,540000000.0,19112000000.0,19652000000.0,0.0,384000000.0,0.0,0.034,1.085,512000000.0,896000000.0,0.273,896000000.0,512000000.0,324000000.0,1.42,1.42,1.42,12425000000.0,,12425000000.0,42360070186.0,19.0,11.455,-47000000.0,-0.24,1.0,949000000.0,0.289,4805000000.0,188000000.0,57136000000.0,,716000000.0,2304000000.0,116000000.0,2188000000.0,32907000000.0,2691000000.0,30216000000.0,23500070186.0,-446000000.0,0.0,2000000.0,-182000000.0,-186000000.0,-385000000.0,-977000000.0,-17000000.0,916000000.0,0.0,275000000.0,275000000.0,275000000.0,0.0,0.0,0.084,484000000.0,465000000.0,1029000000.0,0.764,1.891,17.178,17.124,28121000000.0,0.0,121.41,1.93,1.924,1665000000.0,7156000000.0,3288000000.0,3288000000.0,0.0,,,,,0.0,0.0,1.0,193559593.0,196000000.0,193000000.0,16.776,40691000000.0,0.0,49000000.0,2984000000.0,207.607,807000000.0
3,DTE,MRQ,2020-09-30,2020-09-30,2020-09-30,2021-08-25,-138000000.0,44439000000.0,,3821000000.0,40618000000.0,,63.85,-862000000.0,962000000.0,962000000.0,2223000000.0,477000000.0,1.118,2.593,19822000000.0,1487000000.0,18335000000.0,19822000000.0,0.0,356000000.0,0.0,0.035,1.012,717000000.0,1073000000.0,0.327,1073000000.0,717000000.0,539000000.0,2.47,2.46,2.47,12323000000.0,,12323000000.0,40619541245.0,18.0,11.246,238000000.0,1.233,1.0,1061000000.0,0.323,4823000000.0,178000000.0,55059000000.0,,815000000.0,2214000000.0,65000000.0,2149000000.0,31951000000.0,3417000000.0,28534000000.0,22162541245.0,341000000.0,0.0,0.0,731000000.0,-184000000.0,149000000.0,-908000000.0,-46000000.0,1100000000.0,0.0,476000000.0,476000000.0,476000000.0,0.0,1000000.0,0.145,453000000.0,608000000.0,964000000.0,0.41,1.798,16.296,16.272,27316000000.0,0.0,115.04,1.841,1.845,1419000000.0,7092000000.0,3284000000.0,3284000000.0,0.0,,,,,0.0,0.0,1.0,192650741.0,193000000.0,193000000.0,17.016,39616000000.0,0.0,63000000.0,2899000000.0,205.264,404000000.0
4,DTE,MRQ,2020-06-30,2020-06-30,2020-06-30,2021-08-25,-141000000.0,43739000000.0,,3497000000.0,40242000000.0,,61.062,-835000000.0,621000000.0,621000000.0,1727000000.0,277000000.0,0.833,2.716,19078000000.0,1616000000.0,17462000000.0,19078000000.0,0.0,350000000.0,0.0,0.037,1.012,462000000.0,812000000.0,0.314,812000000.0,462000000.0,283000000.0,1.44,1.44,1.44,11724000000.0,,11724000000.0,38729777315.0,19.0,11.428,-215000000.0,-1.12,1.0,856000000.0,0.331,4845000000.0,179000000.0,53155000000.0,,785000000.0,2231000000.0,105000000.0,2126000000.0,31847000000.0,4196000000.0,27651000000.0,20705777315.0,-55000000.0,2000000.0,0.0,376000000.0,-195000000.0,168000000.0,-843000000.0,-8000000.0,620000000.0,0.0,277000000.0,277000000.0,277000000.0,0.0,0.0,0.107,489000000.0,367000000.0,1025000000.0,0.703,1.766,17.212,16.956,26885000000.0,0.0,107.5,1.744,1.739,1375000000.0,6618000000.0,2583000000.0,2583000000.0,0.0,,,,,0.0,0.0,1.0,192611882.0,192000000.0,193000000.0,13.453,38894000000.0,0.0,6000000.0,2813000000.0,202.573,-699000000.0
5,DTE,MRQ,2020-03-31,2020-03-31,2020-03-31,2021-08-25,-145000000.0,43232000000.0,,3526000000.0,39706000000.0,,61.573,-1184000000.0,676000000.0,676000000.0,2014000000.0,342000000.0,0.888,2.643,18700000000.0,1550000000.0,17150000000.0,18700000000.0,0.0,353000000.0,0.0,0.041,1.012,564000000.0,917000000.0,0.303,917000000.0,564000000.0,389000000.0,1.77,1.76,1.77,11822000000.0,,11822000000.0,35773529459.0,19.0,11.045,-123000000.0,-0.641,1.0,1008000000.0,0.334,4868000000.0,175000000.0,52416000000.0,,707000000.0,2254000000.0,112000000.0,2142000000.0,31244000000.0,3972000000.0,27272000000.0,18256529459.0,583000000.0,-128000000.0,0.0,1095000000.0,-195000000.0,864000000.0,-1342000000.0,-27000000.0,1061000000.0,0.0,340000000.0,340000000.0,340000000.0,0.0,2000000.0,0.113,462000000.0,546000000.0,1028000000.0,0.572,1.544,16.477,16.124,26400000000.0,0.0,94.97,1.499,1.497,1482000000.0,6732000000.0,3022000000.0,3022000000.0,0.0,,,,,0.0,0.0,1.0,192234700.0,192000000.0,192000000.0,15.74,38364000000.0,0.0,49000000.0,2718000000.0,199.812,-446000000.0
6,DTE,MRQ,2019-12-31,2019-12-31,2019-12-31,2021-08-25,-148000000.0,42268000000.0,,3086000000.0,39182000000.0,,61.11,-838000000.0,93000000.0,93000000.0,2289000000.0,268000000.0,0.772,2.607,17610000000.0,1548000000.0,16062000000.0,17610000000.0,0.0,340000000.0,0.0,0.03,1.012,470000000.0,810000000.0,0.257,810000000.0,470000000.0,297000000.0,1.39,1.4,1.39,11672000000.0,,11672000000.0,39668704754.0,20.0,12.3,-90000000.0,-0.471,1.0,859000000.0,0.273,4857000000.0,173000000.0,50931000000.0,,759000000.0,2238000000.0,133000000.0,2105000000.0,30432000000.0,3997000000.0,26435000000.0,23817704754.0,17000000.0,-2296000000.0,2288000000.0,356000000.0,-174000000.0,2443000000.0,-3174000000.0,-38000000.0,748000000.0,0.0,267000000.0,267000000.0,267000000.0,0.0,1000000.0,0.085,444000000.0,415000000.0,1076000000.0,0.728,2.041,20.374,20.549,25486000000.0,0.0,129.87,1.88,1.896,1642000000.0,6587000000.0,3148000000.0,3148000000.0,0.0,,,,,0.0,0.0,1.0,183396510.0,191000000.0,188000000.0,16.482,37411000000.0,0.0,30000000.0,2481000000.0,195.869,-911000000.0
7,DTE,MRQ,2019-09-30,2019-09-30,2019-09-30,2021-08-25,-146000000.0,38345000000.0,,2985000000.0,35360000000.0,,58.689,-763000000.0,76000000.0,76000000.0,2245000000.0,317000000.0,0.772,2.555,15927000000.0,1964000000.0,13963000000.0,15927000000.0,0.0,322000000.0,0.0,0.028,0.945,528000000.0,850000000.0,0.273,850000000.0,528000000.0,366000000.0,1.74,1.73,1.74,10740000000.0,,10740000000.0,39515798287.0,22.0,13.05,-229000000.0,-1.251,1.0,874000000.0,0.28,3233000000.0,162000000.0,47098000000.0,,806000000.0,2143000000.0,75000000.0,2068000000.0,27441000000.0,3865000000.0,23576000000.0,24371798287.0,14000000.0,-174000000.0,0.0,716000000.0,-173000000.0,524000000.0,-1044000000.0,-107000000.0,534000000.0,0.0,319000000.0,319000000.0,319000000.0,0.0,-2000000.0,0.102,424000000.0,450000000.0,1033000000.0,0.543,2.269,22.298,22.234,23903000000.0,0.0,132.96,1.836,1.833,1453000000.0,6516000000.0,3119000000.0,3119000000.0,0.0,,,,,0.0,0.0,1.0,183301732.0,183000000.0,184000000.0,17.044,35112000000.0,153000000.0,47000000.0,2420000000.0,191.869,-880000000.0
8,DTE,MRQ,2019-06-30,2019-06-30,2019-06-30,2021-08-25,-146000000.0,36851000000.0,,2726000000.0,34125000000.0,,56.809,-728000000.0,62000000.0,62000000.0,2178000000.0,179000000.0,0.746,2.528,15206000000.0,1535000000.0,13671000000.0,15206000000.0,0.0,305000000.0,0.0,0.029,0.945,357000000.0,662000000.0,0.229,662000000.0,357000000.0,203000000.0,0.99,0.99,0.99,10396000000.0,,10396000000.0,37930205165.0,21.0,12.81,-113000000.0,-0.617,1.0,710000000.0,0.246,3130000000.0,154000000.0,45211000000.0,,765000000.0,2085000000.0,113000000.0,1972000000.0,26282000000.0,3654000000.0,22628000000.0,23429205165.0,1000000.0,0.0,0.0,641000000.0,-173000000.0,152000000.0,-766000000.0,-27000000.0,615000000.0,0.0,182000000.0,182000000.0,182000000.0,0.0,-3000000.0,0.063,410000000.0,300000000.0,1051000000.0,0.955,2.254,21.145,21.033,22439000000.0,0.0,127.88,1.71,1.708,1436000000.0,6198000000.0,2888000000.0,2888000000.0,0.0,,,,,0.0,0.0,1.0,183212427.0,183000000.0,184000000.0,15.781,33721000000.0,0.0,21000000.0,2199000000.0,184.268,-928000000.0
9,DTE,MRQ,2019-03-31,2019-03-31,2019-03-31,2021-08-25,-143000000.0,36434000000.0,,2840000000.0,33594000000.0,,57.94,-668000000.0,61000000.0,61000000.0,2558000000.0,408000000.0,0.779,2.41,14562000000.0,1688000000.0,12874000000.0,14562000000.0,0.0,296000000.0,0.0,0.029,0.945,607000000.0,903000000.0,0.257,903000000.0,607000000.0,455000000.0,2.2,2.19,2.2,10545000000.0,,10545000000.0,36859160467.0,20.0,12.457,84000000.0,0.462,1.0,956000000.0,0.272,3139000000.0,152000000.0,44149000000.0,,604000000.0,2024000000.0,72000000.0,1952000000.0,25414000000.0,3647000000.0,21767000000.0,22693160467.0,-15000000.0,0.0,0.0,191000000.0,-172000000.0,-19000000.0,-748000000.0,-71000000.0,752000000.0,0.0,401000000.0,401000000.0,401000000.0,0.0,7000000.0,0.114,414000000.0,542000000.0,981000000.0,0.43,2.152,19.563,19.552,22002000000.0,0.0,124.74,1.624,1.625,1683000000.0,6364000000.0,3514000000.0,3514000000.0,0.0,,,,,0.0,0.0,1.0,181923685.0,182000000.0,183000000.0,19.308,33295000000.0,0.0,54000000.0,2166000000.0,182.94,-807000000.0
10,DTE,MRQ,2018-12-31,2018-12-31,2018-12-31,2021-08-25,-120000000.0,36288000000.0,,3260000000.0,33028000000.0,,56.558,-934000000.0,76000000.0,76000000.0,3003000000.0,196000000.0,0.735,2.498,14242000000.0,2108000000.0,12134000000.0,14242000000.0,0.0,298000000.0,0.0,0.033,0.945,315000000.0,613000000.0,0.163,613000000.0,315000000.0,168000000.0,1.05,1.04,1.05,10237000000.0,,10237000000.0,33660330147.0,19.0,11.603,-301000000.0,-1.663,1.0,747000000.0,0.199,3142000000.0,147000000.0,42874000000.0,,811000000.0,1968000000.0,102000000.0,1866000000.0,25571000000.0,4438000000.0,21133000000.0,20066330147.0,-28000000.0,0.0,-7000000.0,531000000.0,-161000000.0,350000000.0,-1011000000.0,-74000000.0,633000000.0,0.0,191000000.0,191000000.0,191000000.0,0.0,5000000.0,0.051,415000000.0,332000000.0,1329000000.0,0.9,1.96,17.916,17.848,21650000000.0,0.0,110.3,1.412,1.405,1789000000.0,6112000000.0,3750000000.0,3750000000.0,0.0,,,,,0.0,0.0,1.0,181925024.0,181000000.0,181000000.0,20.718,33146000000.0,0.0,-23000000.0,2113000000.0,183.127,-1178000000.0
11,DTE,MRQ,2018-09-30,2018-09-30,2018-09-30,2021-08-25,-118000000.0,35292000000.0,,3103000000.0,32189000000.0,,56.082,-622000000.0,104000000.0,104000000.0,2739000000.0,335000000.0,1.466,2.41,13698000000.0,78000000.0,13620000000.0,13698000000.0,0.0,273000000.0,0.0,0.032,0.882,510000000.0,783000000.0,0.221,783000000.0,510000000.0,368000000.0,1.84,1.84,1.84,10207000000.0,,10207000000.0,32934841001.0,18.0,11.298,-8000000.0,-0.044,1.0,811000000.0,0.228,3157000000.0,142000000.0,43612000000.0,,767000000.0,1865000000.0,97000000.0,1768000000.0,24602000000.0,2117000000.0,22485000000.0,19836841001.0,18000000.0,0.0,1000000.0,513000000.0,-150000000.0,360000000.0,-956000000.0,-317000000.0,614000000.0,0.0,334000000.0,334000000.0,334000000.0,0.0,1000000.0,0.094,382000000.0,429000000.0,1160000000.0,0.479,1.943,16.313,16.191,21612000000.0,0.0,109.13,1.444,1.446,1690000000.0,6093000000.0,3550000000.0,3550000000.0,0.0,,,,,0.0,0.0,1.0,181772574.0,182000000.0,182000000.0,19.505,32135000000.0,0.0,34000000.0,2114000000.0,176.566,986000000.0
12,DTE,MRQ,2018-06-30,2018-06-30,2018-06-30,2021-08-25,-121000000.0,34330000000.0,,2895000000.0,31435000000.0,,54.387,-630000000.0,86000000.0,86000000.0,2460000000.0,236000000.0,1.158,2.439,13184000000.0,479000000.0,12705000000.0,13184000000.0,0.0,272000000.0,0.0,0.033,0.882,388000000.0,660000000.0,0.209,660000000.0,388000000.0,253000000.0,1.29,1.29,1.29,9844000000.0,,9844000000.0,31547100182.0,18.0,10.954,-35000000.0,-0.193,1.0,699000000.0,0.221,3155000000.0,135000000.0,41774000000.0,,675000000.0,1518000000.0,78000000.0,1440000000.0,24012000000.0,2499000000.0,21513000000.0,18807100182.0,-100000000.0,0.0,6000000.0,257000000.0,-151000000.0,99000000.0,-794000000.0,-162000000.0,595000000.0,0.0,234000000.0,234000000.0,234000000.0,0.0,2000000.0,0.074,370000000.0,329000000.0,1059000000.0,0.684,1.911,16.326,16.167,21239000000.0,0.0,103.63,1.401,1.397,1690000000.0,5760000000.0,3159000000.0,3159000000.0,0.0,,,,,0.0,0.0,1.0,181483163.0,181000000.0,181000000.0,17.453,31175000000.0,0.0,19000000.0,2078000000.0,172.238,396000000.0
13,DTE,MRQ,2018-03-31,2018-03-31,2018-03-31,2021-08-25,-123000000.0,33841000000.0,,2957000000.0,30884000000.0,,54.933,-527000000.0,186000000.0,186000000.0,2860000000.0,351000000.0,1.164,2.374,12926000000.0,741000000.0,12185000000.0,12926000000.0,0.0,281000000.0,0.0,0.033,0.882,564000000.0,845000000.0,0.225,845000000.0,564000000.0,429000000.0,2.01,2.0,2.01,9888000000.0,,9888000000.0,31553894433.0,18.0,11.126,311000000.0,1.728,1.0,893000000.0,0.238,3160000000.0,135000000.0,40880000000.0,,597000000.0,1353000000.0,84000000.0,1269000000.0,23478000000.0,2541000000.0,20937000000.0,18727894433.0,97000000.0,0.0,0.0,14000000.0,-158000000.0,-155000000.0,-586000000.0,-58000000.0,838000000.0,0.0,361000000.0,361000000.0,361000000.0,0.0,-10000000.0,0.096,389000000.0,504000000.0,920000000.0,0.439,1.894,17.103,17.087,20870000000.0,0.0,104.4,1.427,1.432,1709000000.0,5848000000.0,3753000000.0,3753000000.0,0.0,,,,,0.0,0.0,1.0,179385962.0,180000000.0,180000000.0,20.85,30681000000.0,0.0,68000000.0,2058000000.0,170.45,416000000.0
14,DTE,MRQ,2017-12-31,2017-12-31,2017-12-31,2021-08-25,-120000000.0,33767000000.0,,3081000000.0,30686000000.0,,53.14,-678000000.0,89000000.0,89000000.0,2499000000.0,280000000.0,1.096,2.5,12915000000.0,730000000.0,12185000000.0,12915000000.0,0.0,274000000.0,0.0,0.031,0.882,353000000.0,627000000.0,0.192,627000000.0,353000000.0,221000000.0,1.6,1.6,1.6,9512000000.0,,9512000000.0,32113060706.0,17.0,11.17,-111000000.0,-0.62,1.0,772000000.0,0.236,3160000000.0,132000000.0,40621000000.0,,779000000.0,1300000000.0,103000000.0,1197000000.0,23777000000.0,2812000000.0,20965000000.0,19636060706.0,3000000.0,0.0,0.0,350000000.0,-148000000.0,196000000.0,-760000000.0,-105000000.0,567000000.0,0.0,287000000.0,287000000.0,287000000.0,0.0,-7000000.0,0.088,400000000.0,372000000.0,1171000000.0,0.551,2.064,17.316,17.32,20721000000.0,0.0,109.46,1.558,1.554,1758000000.0,5643000000.0,3271000000.0,3271000000.0,0.0,,,,,0.0,0.0,1.0,179390286.0,179000000.0,179000000.0,18.274,30607000000.0,0.0,-66000000.0,2010000000.0,170.989,269000000.0
15,DTE,MRQ,2017-09-30,2017-09-30,2017-09-30,2021-08-25,-120000000.0,33071000000.0,,2815000000.0,30256000000.0,,52.363,-536000000.0,86000000.0,86000000.0,2456000000.0,263000000.0,1.084,2.477,12563000000.0,768000000.0,11795000000.0,12563000000.0,0.0,258000000.0,0.0,0.031,0.825,490000000.0,748000000.0,0.231,748000000.0,490000000.0,344000000.0,1.51,1.51,1.51,9373000000.0,,9373000000.0,31365694641.0,18.0,11.154,-169000000.0,-0.944,1.0,789000000.0,0.243,3176000000.0,146000000.0,39774000000.0,,816000000.0,1183000000.0,76000000.0,1107000000.0,23218000000.0,2598000000.0,20620000000.0,19259694641.0,2000000.0,0.0,0.0,375000000.0,-148000000.0,189000000.0,-554000000.0,-18000000.0,367000000.0,0.0,270000000.0,270000000.0,270000000.0,0.0,-7000000.0,0.083,355000000.0,434000000.0,994000000.0,0.546,2.055,19.693,19.627,20307000000.0,0.0,107.36,1.577,1.574,1395000000.0,5515000000.0,3245000000.0,3245000000.0,0.0,,,,,0.0,0.0,1.0,179393579.0,179000000.0,179000000.0,18.128,29895000000.0,0.0,74000000.0,4534000000.0,167.011,217000000.0
16,DTE,MRQ,2017-06-30,2017-06-30,2017-06-30,2021-08-25,-125000000.0,32582000000.0,,2631000000.0,29951000000.0,,50.771,-481000000.0,84000000.0,84000000.0,2186000000.0,175000000.0,0.958,2.532,12190000000.0,832000000.0,11358000000.0,12190000000.0,0.0,249000000.0,0.0,0.031,0.825,367000000.0,616000000.0,0.216,616000000.0,367000000.0,234000000.0,0.99,0.99,0.99,9088000000.0,,9088000000.0,30705395585.0,17.0,10.751,-85000000.0,-0.475,1.0,669000000.0,0.234,3181000000.0,133000000.0,38760000000.0,,743000000.0,1150000000.0,81000000.0,1069000000.0,23011000000.0,2747000000.0,20264000000.0,18977395585.0,-18000000.0,0.0,0.0,354000000.0,-148000000.0,192000000.0,-606000000.0,-61000000.0,396000000.0,0.0,177000000.0,177000000.0,177000000.0,0.0,-2000000.0,0.062,349000000.0,320000000.0,988000000.0,0.833,2.088,18.143,18.115,20063000000.0,0.0,105.79,1.596,1.592,1451000000.0,5245000000.0,2855000000.0,2855000000.0,0.0,,,,,0.0,0.0,1.0,179387424.0,179000000.0,179000000.0,15.95,29401000000.0,0.0,57000000.0,4431000000.0,164.251,-116000000.0
17,DTE,MRQ,2017-03-31,2017-03-31,2017-03-31,2021-08-25,-129000000.0,32149000000.0,,2567000000.0,29582000000.0,,51.363,-555000000.0,102000000.0,102000000.0,2293000000.0,394000000.0,1.4,2.443,11830000000.0,72000000.0,11758000000.0,11830000000.0,0.0,249000000.0,0.0,0.031,0.825,635000000.0,884000000.0,0.273,884000000.0,635000000.0,510000000.0,2.23,2.23,2.23,9194000000.0,,9194000000.0,29990903528.0,17.0,10.715,232000000.0,1.296,1.0,943000000.0,0.291,3129000000.0,125000000.0,38914000000.0,,640000000.0,1080000000.0,68000000.0,1012000000.0,22461000000.0,1834000000.0,20627000000.0,18321903528.0,-11000000.0,0.0,-51000000.0,56000000.0,-148000000.0,-156000000.0,-642000000.0,-90000000.0,787000000.0,0.0,400000000.0,400000000.0,400000000.0,0.0,-6000000.0,0.124,358000000.0,585000000.0,910000000.0,0.37,1.993,17.945,17.946,19866000000.0,0.0,102.11,1.621,1.617,1408000000.0,5365000000.0,3236000000.0,3236000000.0,0.0,,,,,0.0,0.0,1.0,179432999.0,179000000.0,179000000.0,18.078,29020000000.0,0.0,110000000.0,4361000000.0,162.123,733000000.0
18,DTE,MRQ,2016-12-31,2016-12-31,2016-12-31,2021-08-25,-133000000.0,32041000000.0,,2762000000.0,29279000000.0,,50.341,-703000000.0,113000000.0,113000000.0,2162000000.0,124000000.0,1.133,2.502,11782000000.0,513000000.0,11269000000.0,11782000000.0,0.0,274000000.0,0.0,0.031,0.825,290000000.0,564000000.0,0.196,564000000.0,290000000.0,159000000.0,0.74,0.73,0.74,9011000000.0,,9011000000.0,27492132689.0,17.0,10.627,-386000000.0,-2.156,1.0,712000000.0,0.248,3128000000.0,131000000.0,38145000000.0,,772000000.0,906000000.0,47000000.0,859000000.0,22542000000.0,2437000000.0,20105000000.0,17676132689.0,24000000.0,-1147000000.0,654000000.0,993000000.0,-138000000.0,1594000000.0,-1887000000.0,-38000000.0,317000000.0,0.0,131000000.0,131000000.0,131000000.0,0.0,-7000000.0,0.046,370000000.0,342000000.0,1079000000.0,1.115,1.962,20.364,20.353,19730000000.0,0.0,98.51,1.663,1.659,1522000000.0,5114000000.0,2874000000.0,2874000000.0,0.0,,,,,0.0,0.0,1.0,179434907.0,179000000.0,176000000.0,16.056,28913000000.0,0.0,28000000.0,4255000000.0,161.525,325000000.0
19,DTE,MRQ,2016-09-30,2016-09-30,2016-09-30,2021-08-25,-138000000.0,29462000000.0,,2595000000.0,26867000000.0,,51.006,-481000000.0,87000000.0,87000000.0,2099000000.0,325000000.0,1.318,2.225,9903000000.0,425000000.0,9478000000.0,9903000000.0,0.0,230000000.0,0.0,0.032,0.77,562000000.0,792000000.0,0.27,792000000.0,562000000.0,448000000.0,1.88,1.88,1.88,9130000000.0,,9130000000.0,26436676825.0,18.0,10.929,10000000.0,0.056,1.0,829000000.0,0.283,2109000000.0,114000000.0,35200000000.0,,793000000.0,883000000.0,56000000.0,827000000.0,20313000000.0,1969000000.0,18344000000.0,16807676825.0,34000000.0,0.0,0.0,225000000.0,-131000000.0,108000000.0,-565000000.0,-79000000.0,491000000.0,0.0,338000000.0,338000000.0,338000000.0,0.0,-13000000.0,0.115,322000000.0,507000000.0,813000000.0,0.41,1.841,20.572,20.632,18550000000.0,0.0,93.67,1.641,1.637,1250000000.0,5131000000.0,2928000000.0,2928000000.0,0.0,,,,,0.0,0.0,1.0,179435004.0,179000000.0,180000000.0,16.358,27353000000.0,130000000.0,110000000.0,4229000000.0,152.81,626000000.0
20,DTE,MRQ,2016-06-30,2016-06-30,2016-06-30,2021-08-25,-142000000.0,28769000000.0,,2258000000.0,26511000000.0,,49.039,-437000000.0,54000000.0,54000000.0,1673000000.0,145000000.0,1.199,2.275,9683000000.0,340000000.0,9343000000.0,9683000000.0,0.0,243000000.0,0.0,0.029,0.73,316000000.0,559000000.0,0.247,559000000.0,316000000.0,202000000.0,0.84,0.84,0.84,8778000000.0,,8778000000.0,27312637244.0,19.0,11.844,94000000.0,0.525,1.0,589000000.0,0.26,2115000000.0,114000000.0,34400000000.0,,717000000.0,798000000.0,53000000.0,745000000.0,19970000000.0,1883000000.0,18087000000.0,17785637244.0,-3000000.0,0.0,0.0,96000000.0,-131000000.0,-33000000.0,-501000000.0,-92000000.0,531000000.0,0.0,152000000.0,152000000.0,152000000.0,0.0,-7000000.0,0.067,333000000.0,256000000.0,745000000.0,0.869,2.026,23.905,24.0,18295000000.0,0.0,99.12,1.794,1.79,1180000000.0,4791000000.0,2262000000.0,2262000000.0,0.0,,,,,0.0,0.0,1.0,179435404.0,179000000.0,180000000.0,12.637,26654000000.0,0.0,50000000.0,4119000000.0,148.905,375000000.0
21,DTE,MRQ,2016-03-31,2016-03-31,2016-03-31,2021-08-25,-140000000.0,28564000000.0,,2362000000.0,26202000000.0,,49.648,-424000000.0,58000000.0,58000000.0,1857000000.0,240000000.0,1.069,2.212,9585000000.0,827000000.0,8758000000.0,9585000000.0,0.0,229000000.0,0.0,0.032,0.73,443000000.0,672000000.0,0.262,672000000.0,443000000.0,330000000.0,1.38,1.37,1.38,8887000000.0,,8887000000.0,26018294885.0,19.0,11.736,321000000.0,1.793,1.0,709000000.0,0.276,2108000000.0,113000000.0,33774000000.0,,660000000.0,783000000.0,109000000.0,674000000.0,19654000000.0,2209000000.0,17445000000.0,16271294885.0,-2000000.0,0.0,-33000000.0,-145000000.0,-131000000.0,-310000000.0,-437000000.0,-25000000.0,745000000.0,0.0,247000000.0,247000000.0,247000000.0,0.0,-7000000.0,0.096,328000000.0,381000000.0,649000000.0,0.529,1.831,23.212,23.246,18127000000.0,0.0,90.66,1.64,1.636,1185000000.0,4909000000.0,2566000000.0,2566000000.0,0.0,,,,,0.0,0.0,1.0,179476008.0,179000000.0,180000000.0,14.335,26456000000.0,0.0,83000000.0,4066000000.0,147.799,153000000.0
22,DTE,MRQ,2015-12-31,2015-12-31,2015-12-31,2021-08-25,-145000000.0,28662000000.0,,2575000000.0,26087000000.0,,49.006,-635000000.0,60000000.0,60000000.0,1947000000.0,77000000.0,1.019,2.265,9732000000.0,972000000.0,8760000000.0,9732000000.0,0.0,227000000.0,0.0,0.035,0.73,169000000.0,396000000.0,0.159,396000000.0,169000000.0,60000000.0,0.44,0.44,0.44,8772000000.0,,8772000000.0,23813150369.0,17.0,10.541,-192000000.0,-1.073,1.0,540000000.0,0.217,2107000000.0,109000000.0,33699000000.0,,803000000.0,782000000.0,129000000.0,653000000.0,19867000000.0,2528000000.0,17339000000.0,14392150369.0,-30000000.0,0.0,-9000000.0,288000000.0,-131000000.0,159000000.0,-632000000.0,-36000000.0,443000000.0,0.0,80000000.0,80000000.0,80000000.0,0.0,-3000000.0,0.032,406000000.0,134000000.0,809000000.0,1.659,1.641,19.797,19.8,18034000000.0,0.0,80.19,1.392,1.389,1276000000.0,4794000000.0,2487000000.0,2487000000.0,0.0,,,,,0.0,0.0,1.0,179475625.0,179000000.0,179000000.0,13.894,26555000000.0,0.0,-20000000.0,3985000000.0,148.352,47000000.0
23,DTE,MRQ,2015-09-30,2015-09-30,2015-09-30,2021-08-25,-150000000.0,28654000000.0,,2700000000.0,25954000000.0,,49.229,-506000000.0,88000000.0,88000000.0,1870000000.0,264000000.0,1.188,2.249,9509000000.0,653000000.0,8856000000.0,9509000000.0,0.0,196000000.0,0.0,0.035,0.73,483000000.0,679000000.0,0.261,679000000.0,483000000.0,367000000.0,1.47,1.47,1.47,8812000000.0,,8812000000.0,23475471091.0,13.0,8.717,-213000000.0,-1.19,1.0,728000000.0,0.28,2107000000.0,116000000.0,33695000000.0,,840000000.0,220000000.0,90000000.0,130000000.0,19821000000.0,2273000000.0,17548000000.0,14424471091.0,-163000000.0,0.0,0.0,206000000.0,-124000000.0,80000000.0,-536000000.0,-27000000.0,293000000.0,0.0,265000000.0,265000000.0,265000000.0,0.0,-1000000.0,0.102,288000000.0,440000000.0,835000000.0,0.497,1.637,15.248,15.164,17867000000.0,0.0,80.37,1.32,1.316,1242000000.0,4845000000.0,2598000000.0,2598000000.0,0.0,,,,,0.0,0.0,1.0,179475813.0,179000000.0,180000000.0,14.514,26547000000.0,0.0,102000000.0,4072000000.0,148.307,427000000.0
24,DTE,MRQ,2015-06-30,2015-06-30,2015-06-30,2021-08-25,-151000000.0,28350000000.0,,2691000000.0,25659000000.0,,47.704,-487000000.0,251000000.0,251000000.0,1735000000.0,105000000.0,1.206,2.318,9302000000.0,467000000.0,8835000000.0,9302000000.0,0.0,220000000.0,0.0,0.037,0.69,250000000.0,470000000.0,0.207,470000000.0,250000000.0,135000000.0,0.61,0.61,0.61,8539000000.0,,8539000000.0,22266221429.0,14.0,8.594,-54000000.0,-0.302,1.0,533000000.0,0.235,2108000000.0,115000000.0,33061000000.0,,731000000.0,207000000.0,89000000.0,118000000.0,19793000000.0,2232000000.0,17561000000.0,13385221429.0,131000000.0,-1000000.0,0.0,297000000.0,-124000000.0,178000000.0,-480000000.0,-6000000.0,433000000.0,0.0,109000000.0,109000000.0,109000000.0,0.0,-4000000.0,0.048,329000000.0,204000000.0,848000000.0,1.131,1.568,15.992,15.847,17576000000.0,0.0,74.64,1.225,1.223,1251000000.0,4580000000.0,2268000000.0,2268000000.0,0.0,,,,,0.0,0.0,1.0,179330405.0,179000000.0,179000000.0,12.67,26242000000.0,0.0,26000000.0,3964000000.0,146.603,459000000.0
25,DTE,MRQ,2015-03-31,2015-03-31,2015-03-31,2021-08-25,-155000000.0,28068000000.0,,2788000000.0,25280000000.0,,48.68,-392000000.0,123000000.0,123000000.0,2224000000.0,274000000.0,1.516,2.238,9004000000.0,166000000.0,8838000000.0,9004000000.0,0.0,209000000.0,0.0,0.034,0.69,505000000.0,714000000.0,0.239,714000000.0,505000000.0,395000000.0,1.53,1.53,1.53,8665000000.0,,8665000000.0,23267646983.0,14.0,8.672,355000000.0,1.994,1.0,760000000.0,0.255,2118000000.0,110000000.0,32992000000.0,,633000000.0,202000000.0,74000000.0,128000000.0,19390000000.0,1839000000.0,17551000000.0,14300646983.0,51000000.0,-240000000.0,9000000.0,-20000000.0,-122000000.0,-140000000.0,-556000000.0,-23000000.0,747000000.0,0.0,273000000.0,273000000.0,273000000.0,0.0,1000000.0,0.091,299000000.0,461000000.0,825000000.0,0.451,1.65,16.785,16.81,17235000000.0,0.0,80.69,1.259,1.265,1534000000.0,4727000000.0,2984000000.0,2984000000.0,0.0,,,,,0.0,0.0,1.0,177229483.0,178000000.0,178000000.0,16.764,25950000000.0,0.0,122000000.0,3910000000.0,145.787,949000000.0
26,DTE,MRQ,2014-12-31,2014-12-31,2014-12-31,2021-08-25,-155000000.0,27899000000.0,,3012000000.0,24887000000.0,,47.045,-538000000.0,168000000.0,168000000.0,2164000000.0,301000000.0,1.169,2.349,9015000000.0,672000000.0,8343000000.0,9015000000.0,0.0,290000000.0,0.0,0.031,0.69,540000000.0,830000000.0,0.27,830000000.0,540000000.0,434000000.0,1.69,1.68,1.69,8327000000.0,,8327000000.0,24062736594.0,14.0,8.464,9000000.0,0.051,1.0,914000000.0,0.297,2120000000.0,106000000.0,32049000000.0,,804000000.0,696000000.0,128000000.0,568000000.0,19557000000.0,2577000000.0,16980000000.0,15286736594.0,-12000000.0,0.0,0.0,177000000.0,-122000000.0,44000000.0,-603000000.0,-26000000.0,547000000.0,0.0,299000000.0,299000000.0,299000000.0,0.0,2000000.0,0.097,372000000.0,542000000.0,973000000.0,0.408,1.836,16.891,16.902,16820000000.0,0.0,86.37,1.243,1.243,1504000000.0,4578000000.0,3078000000.0,3078000000.0,0.0,,,,,0.0,0.0,1.0,176991277.0,177000000.0,177000000.0,17.39,25779000000.0,0.0,135000000.0,3742000000.0,145.644,435000000.0
27,DTE,MRQ,2014-09-30,2014-09-30,2014-09-30,2021-08-25,-133000000.0,26376000000.0,,2755000000.0,23621000000.0,,46.153,-417000000.0,60000000.0,60000000.0,1979000000.0,157000000.0,0.982,2.227,8836000000.0,927000000.0,7909000000.0,8836000000.0,0.0,293000000.0,0.0,0.035,0.69,284000000.0,577000000.0,0.222,577000000.0,284000000.0,177000000.0,0.88,0.88,0.88,8169000000.0,,8169000000.0,21943653535.0,15.0,8.578,-195000000.0,-1.102,1.0,616000000.0,0.237,2126000000.0,107000000.0,30221000000.0,,793000000.0,184000000.0,68000000.0,116000000.0,18190000000.0,2805000000.0,15385000000.0,13465653535.0,-15000000.0,0.0,0.0,278000000.0,-116000000.0,153000000.0,-390000000.0,-5000000.0,222000000.0,0.0,156000000.0,156000000.0,156000000.0,0.0,1000000.0,0.06,377000000.0,239000000.0,873000000.0,0.784,1.648,18.446,18.511,16499000000.0,0.0,76.08,1.145,1.145,1257000000.0,4402000000.0,2595000000.0,2595000000.0,0.0,,,,,0.0,0.0,1.0,176993343.0,177000000.0,177000000.0,14.661,24250000000.0,0.0,21000000.0,3589000000.0,137.006,-50000000.0
28,DTE,MRQ,2014-06-30,2014-06-30,2014-06-30,2021-08-25,-134000000.0,26189000000.0,,2721000000.0,23468000000.0,,45.243,-555000000.0,75000000.0,75000000.0,2087000000.0,126000000.0,0.965,2.268,8553000000.0,740000000.0,7813000000.0,8553000000.0,0.0,282000000.0,0.0,0.034,0.655,280000000.0,562000000.0,0.208,562000000.0,280000000.0,174000000.0,0.7,0.7,0.7,8008000000.0,,8008000000.0,22053300085.0,15.0,8.338,-11000000.0,-0.062,1.0,611000000.0,0.226,2130000000.0,106000000.0,29718000000.0,,619000000.0,214000000.0,98000000.0,116000000.0,18163000000.0,2819000000.0,15344000000.0,13784300085.0,-23000000.0,0.0,-2000000.0,182000000.0,-116000000.0,58000000.0,-625000000.0,-4000000.0,544000000.0,0.0,124000000.0,124000000.0,124000000.0,0.0,2000000.0,0.046,362000000.0,249000000.0,946000000.0,0.936,1.721,17.855,17.86,16307000000.0,0.0,77.87,1.194,1.194,1400000000.0,4246000000.0,2698000000.0,2698000000.0,0.0,,,,,0.0,0.0,1.0,177016824.0,177000000.0,177000000.0,15.243,24059000000.0,0.0,50000000.0,3542000000.0,135.927,-98000000.0
29,DTE,MRQ,2014-03-31,2014-03-31,2014-03-31,2021-08-25,-137000000.0,26161000000.0,,2973000000.0,23188000000.0,,45.859,-494000000.0,98000000.0,98000000.0,2996000000.0,327000000.0,0.833,2.221,8367000000.0,1444000000.0,6923000000.0,8367000000.0,0.0,280000000.0,0.0,0.035,0.655,594000000.0,874000000.0,0.222,874000000.0,594000000.0,484000000.0,1.84,1.84,1.84,8117000000.0,,8117000000.0,21346736472.0,14.0,8.173,38000000.0,0.215,1.0,934000000.0,0.238,2136000000.0,110000000.0,28725000000.0,,480000000.0,188000000.0,79000000.0,109000000.0,18024000000.0,3569000000.0,14455000000.0,13155736472.0,46000000.0,0.0,-50000000.0,129000000.0,-116000000.0,-44000000.0,-442000000.0,-4000000.0,532000000.0,0.0,326000000.0,326000000.0,326000000.0,0.0,1000000.0,0.083,374000000.0,560000000.0,945000000.0,0.356,1.621,17.471,17.439,15985000000.0,0.0,74.29,1.188,1.187,1811000000.0,4360000000.0,3930000000.0,3930000000.0,0.0,,,,,0.0,0.0,1.0,177086236.0,177000000.0,177000000.0,22.203,24025000000.0,0.0,158000000.0,3434000000.0,135.734,-596000000.0
30,DTE,MRQ,2013-12-31,2013-12-31,2013-12-31,2021-08-25,-136000000.0,25935000000.0,,2806000000.0,23129000000.0,,44.5,-489000000.0,52000000.0,52000000.0,1934000000.0,126000000.0,0.88,2.27,8243000000.0,1029000000.0,7214000000.0,8243000000.0,0.0,283000000.0,0.0,0.039,0.655,262000000.0,545000000.0,0.215,545000000.0,262000000.0,153000000.0,0.69,0.69,0.69,7921000000.0,,7921000000.0,19679569295.0,15.0,8.049,-50000000.0,-0.281,1.0,599000000.0,0.236,2140000000.0,109000000.0,28797000000.0,,628000000.0,228000000.0,99000000.0,129000000.0,17981000000.0,3189000000.0,14792000000.0,11737569295.0,-19000000.0,0.0,10000000.0,220000000.0,-116000000.0,111000000.0,-569000000.0,-17000000.0,439000000.0,0.0,124000000.0,124000000.0,124000000.0,0.0,2000000.0,0.049,358000000.0,241000000.0,962000000.0,0.949,1.482,17.757,17.657,15800000000.0,0.0,66.39,1.215,1.203,1542000000.0,4150000000.0,2533000000.0,2533000000.0,0.0,,,,,0.0,0.0,1.0,176797248.0,178000000.0,175000000.0,14.23,23795000000.0,0.0,29000000.0,3368000000.0,133.68,-383000000.0
31,DTE,MRQ,2013-09-30,2013-09-30,2013-09-30,2021-08-25,-151000000.0,26231000000.0,,2549000000.0,23682000000.0,,45.006,-461000000.0,71000000.0,71000000.0,1695000000.0,200000000.0,0.847,2.326,8013000000.0,1167000000.0,6846000000.0,8013000000.0,0.0,284000000.0,0.0,0.039,0.655,380000000.0,664000000.0,0.278,664000000.0,380000000.0,274000000.0,1.13,1.13,1.13,7876000000.0,,7876000000.0,19398860800.0,15.0,8.096,-13000000.0,-0.074,1.0,692000000.0,0.29,2140000000.0,106000000.0,29025000000.0,,725000000.0,202000000.0,72000000.0,130000000.0,18321000000.0,3008000000.0,15313000000.0,11543860800.0,25000000.0,0.0,10000000.0,112000000.0,-114000000.0,3000000.0,-426000000.0,-4000000.0,448000000.0,0.0,198000000.0,198000000.0,198000000.0,0.0,2000000.0,0.083,363000000.0,329000000.0,866000000.0,0.58,1.466,18.679,18.586,15511000000.0,0.0,65.98,1.218,1.218,1239000000.0,4142000000.0,2387000000.0,2387000000.0,0.0,,,,,0.0,0.0,1.0,174960000.0,175000000.0,176000000.0,13.64,24091000000.0,0.0,76000000.0,3339000000.0,137.663,-459000000.0
32,DTE,MRQ,2013-06-30,2013-06-30,2013-06-30,2021-08-25,-155000000.0,25944000000.0,,2496000000.0,23448000000.0,,43.402,-512000000.0,46000000.0,46000000.0,1645000000.0,107000000.0,0.843,2.431,7901000000.0,1095000000.0,6806000000.0,7901000000.0,0.0,268000000.0,0.0,0.038,0.655,261000000.0,529000000.0,0.238,529000000.0,261000000.0,149000000.0,0.6,0.6,0.6,7552000000.0,,7552000000.0,19496446660.0,14.0,7.987,158000000.0,0.908,1.0,580000000.0,0.261,2156000000.0,112000000.0,28681000000.0,,627000000.0,223000000.0,90000000.0,133000000.0,18357000000.0,2962000000.0,15395000000.0,11656446660.0,-172000000.0,0.0,9000000.0,-159000000.0,-108000000.0,-263000000.0,-579000000.0,-4000000.0,670000000.0,0.0,105000000.0,105000000.0,105000000.0,0.0,2000000.0,0.047,357000000.0,223000000.0,808000000.0,1.092,1.543,18.016,17.917,15190000000.0,0.0,67.01,1.256,1.256,1314000000.0,3945000000.0,2225000000.0,2225000000.0,0.0,,,,,0.0,0.0,1.0,173950853.0,174000000.0,175000000.0,12.787,23788000000.0,0.0,44000000.0,3331000000.0,136.713,-466000000.0
33,DTE,MRQ,2013-03-31,2013-03-31,2013-03-31,2021-08-25,-156000000.0,25949000000.0,,2769000000.0,23180000000.0,,43.908,-378000000.0,218000000.0,218000000.0,1759000000.0,235000000.0,1.118,2.411,8058000000.0,840000000.0,7218000000.0,8058000000.0,0.0,259000000.0,0.0,0.036,0.62,448000000.0,707000000.0,0.281,707000000.0,448000000.0,339000000.0,1.35,1.34,1.35,7596000000.0,,7596000000.0,19797789608.0,14.0,7.961,219000000.0,1.266,1.0,757000000.0,0.301,2153000000.0,109000000.0,29160000000.0,,540000000.0,182000000.0,56000000.0,126000000.0,18317000000.0,2476000000.0,15841000000.0,11791789608.0,153000000.0,0.0,10000000.0,-9000000.0,-107000000.0,-112000000.0,-332000000.0,-4000000.0,597000000.0,0.0,234000000.0,234000000.0,234000000.0,0.0,1000000.0,0.093,347000000.0,410000000.0,711000000.0,0.459,1.552,17.139,17.085,14866000000.0,0.0,68.34,1.3,1.304,1460000000.0,4069000000.0,2516000000.0,2516000000.0,0.0,,,,,0.0,0.0,1.0,172545941.0,173000000.0,173000000.0,14.543,23796000000.0,8000000.0,105000000.0,3298000000.0,137.549,293000000.0
34,DTE,MRQ,2012-12-31,2012-12-31,2012-12-31,2021-08-25,-158000000.0,26339000000.0,,2915000000.0,23424000000.0,,43.117,-580000000.0,65000000.0,65000000.0,1730000000.0,83000000.0,1.053,2.567,8071000000.0,1057000000.0,7014000000.0,8071000000.0,0.0,271000000.0,0.0,0.04,0.62,225000000.0,496000000.0,0.211,496000000.0,225000000.0,116000000.0,0.47,0.47,0.47,7373000000.0,,7373000000.0,18125006349.0,14.0,7.7,-100000000.0,-0.585,1.0,619000000.0,0.264,2153000000.0,109000000.0,29424000000.0,,761000000.0,259000000.0,108000000.0,151000000.0,18928000000.0,2768000000.0,16160000000.0,10333006349.0,6000000.0,57000000.0,10000000.0,214000000.0,-107000000.0,111000000.0,-585000000.0,8000000.0,480000000.0,0.0,81000000.0,81000000.0,81000000.0,56000000.0,2000000.0,0.034,352000000.0,267000000.0,848000000.0,1.319,1.401,16.939,16.868,14684000000.0,0.0,60.05,1.175,1.168,1336000000.0,3944000000.0,2349000000.0,2349000000.0,0.0,,,,,0.0,0.0,1.0,172073378.0,171000000.0,175000000.0,13.737,24186000000.0,0.0,35000000.0,3247000000.0,141.439,147000000.0
35,DTE,MRQ,2012-09-30,2012-09-30,2012-09-30,2021-08-25,-147000000.0,25909000000.0,,2730000000.0,23179000000.0,,42.959,-378000000.0,59000000.0,59000000.0,1448000000.0,230000000.0,1.182,2.501,7851000000.0,731000000.0,7120000000.0,7851000000.0,0.0,265000000.0,0.0,0.04,0.62,444000000.0,709000000.0,0.324,709000000.0,444000000.0,335000000.0,1.32,1.31,1.32,7389000000.0,,7389000000.0,18208983431.0,12.0,7.411,190000000.0,1.105,1.0,742000000.0,0.339,2087000000.0,109000000.0,29305000000.0,,785000000.0,300000000.0,123000000.0,177000000.0,18478000000.0,2309000000.0,16169000000.0,10294983431.0,-126000000.0,0.0,9000000.0,-249000000.0,-101000000.0,-342000000.0,-352000000.0,-5000000.0,568000000.0,0.0,227000000.0,227000000.0,227000000.0,-1000000.0,3000000.0,0.104,336000000.0,406000000.0,724000000.0,0.47,1.393,15.162,15.098,14404000000.0,0.0,59.94,1.2,1.202,1164000000.0,3969000000.0,2190000000.0,2190000000.0,0.0,,,,,0.0,0.0,1.0,171754812.0,172000000.0,172000000.0,12.733,23822000000.0,58000000.0,108000000.0,3331000000.0,138.5,421000000.0
36,DTE,MRQ,2012-06-30,2012-06-30,2012-06-30,2021-08-25,-151000000.0,26075000000.0,,3050000000.0,23025000000.0,,42.012,-443000000.0,185000000.0,185000000.0,1400000000.0,147000000.0,1.157,2.645,8099000000.0,887000000.0,7212000000.0,8099000000.0,0.0,250000000.0,0.0,0.04,0.588,325000000.0,575000000.0,0.286,575000000.0,325000000.0,216000000.0,0.86,0.86,0.86,7142000000.0,,7142000000.0,17971757835.0,13.0,7.454,98000000.0,0.576,1.0,613000000.0,0.305,2087000000.0,109000000.0,29267000000.0,,710000000.0,413000000.0,221000000.0,192000000.0,18891000000.0,2635000000.0,16256000000.0,10092757835.0,128000000.0,0.0,10000000.0,168000000.0,-100000000.0,76000000.0,-489000000.0,-4000000.0,541000000.0,0.0,146000000.0,146000000.0,146000000.0,1000000.0,1000000.0,0.073,319000000.0,294000000.0,728000000.0,0.684,1.413,15.894,15.906,14152000000.0,0.0,59.33,1.167,1.166,1239000000.0,3744000000.0,2013000000.0,2013000000.0,0.0,,,,,0.0,0.0,1.0,170112217.0,170000000.0,171000000.0,11.841,23988000000.0,65000000.0,70000000.0,3323000000.0,141.106,415000000.0
37,DTE,MRQ,2012-03-31,2012-03-31,2012-03-31,2021-08-25,-153000000.0,25846000000.0,,2951000000.0,22895000000.0,,41.788,-381000000.0,57000000.0,57000000.0,1610000000.0,158000000.0,1.166,2.632,7936000000.0,843000000.0,7093000000.0,7936000000.0,0.0,232000000.0,0.0,0.043,0.588,342000000.0,574000000.0,0.256,574000000.0,342000000.0,229000000.0,0.91,0.91,0.91,7104000000.0,,7104000000.0,17386267891.0,12.0,7.287,239000000.0,1.406,1.0,629000000.0,0.281,2090000000.0,113000000.0,29105000000.0,,666000000.0,475000000.0,277000000.0,198000000.0,18699000000.0,2530000000.0,16169000000.0,9322267891.0,-11000000.0,0.0,10000000.0,-192000000.0,-99000000.0,-288000000.0,-343000000.0,-4000000.0,620000000.0,0.0,156000000.0,156000000.0,156000000.0,0.0,2000000.0,0.07,317000000.0,312000000.0,690000000.0,0.646,1.312,13.491,13.554,13924000000.0,0.0,55.03,1.076,1.08,1262000000.0,3804000000.0,2239000000.0,2239000000.0,0.0,,,,,0.0,0.0,1.0,169403378.0,170000000.0,170000000.0,13.171,23756000000.0,62000000.0,73000000.0,3251000000.0,139.741,421000000.0
38,DTE,MRQ,2011-12-31,2011-12-31,2011-12-31,2021-08-25,-158000000.0,26009000000.0,,3196000000.0,22813000000.0,,41.473,-450000000.0,68000000.0,68000000.0,1493000000.0,157000000.0,1.216,2.705,8132000000.0,945000000.0,7187000000.0,8132000000.0,0.0,243000000.0,0.0,0.043,0.588,356000000.0,599000000.0,0.281,599000000.0,356000000.0,238000000.0,0.88,0.88,0.88,7009000000.0,,7009000000.0,17188713356.0,12.0,6.982,72000000.0,0.426,1.0,641000000.0,0.3,2093000000.0,118000000.0,29352000000.0,,791000000.0,419000000.0,222000000.0,197000000.0,18956000000.0,2628000000.0,16328000000.0,9215713356.0,22000000.0,0.0,0.0,120000000.0,-100000000.0,8000000.0,-508000000.0,11000000.0,522000000.0,0.0,150000000.0,150000000.0,150000000.0,3000000.0,7000000.0,0.07,297000000.0,344000000.0,782000000.0,0.668,1.315,12.962,12.995,13746000000.0,0.0,54.45,1.04,1.039,1317000000.0,3750000000.0,2134000000.0,2134000000.0,0.0,,,,,0.0,0.0,1.0,169250934.0,169000000.0,170000000.0,12.627,23916000000.0,51000000.0,88000000.0,3181000000.0,141.515,568000000.0
39,DTE,MRQ,2011-09-30,2011-09-30,2011-09-30,2021-08-25,-146000000.0,24780000000.0,,2911000000.0,21869000000.0,,41.243,-306000000.0,46000000.0,46000000.0,1536000000.0,185000000.0,1.386,2.55,8019000000.0,522000000.0,7497000000.0,8019000000.0,0.0,259000000.0,0.0,0.047,0.588,404000000.0,663000000.0,0.293,663000000.0,404000000.0,284000000.0,1.08,1.07,1.08,6970000000.0,,6970000000.0,16105502139.0,11.0,6.56,21000000.0,0.124,1.0,729000000.0,0.322,2094000000.0,120000000.0,28559000000.0,,776000000.0,292000000.0,109000000.0,183000000.0,17771000000.0,2100000000.0,15671000000.0,8300502139.0,-15000000.0,0.0,0.0,46000000.0,-99000000.0,-57000000.0,-285000000.0,-11000000.0,327000000.0,0.0,183000000.0,183000000.0,183000000.0,0.0,2000000.0,0.081,330000000.0,399000000.0,708000000.0,0.544,1.191,11.642,11.644,13422000000.0,0.0,49.02,0.936,0.935,1206000000.0,3698000000.0,2265000000.0,2265000000.0,0.0,,,,,0.0,0.0,1.0,169328889.0,169000000.0,170000000.0,13.402,22686000000.0,130000000.0,101000000.0,3144000000.0,134.237,811000000.0
40,DTE,MRQ,2011-06-30,2011-06-30,2011-06-30,2021-08-25,-146000000.0,24579000000.0,,2771000000.0,21808000000.0,,40.148,-444000000.0,179000000.0,179000000.0,1418000000.0,200000000.0,1.234,2.617,7984000000.0,477000000.0,7507000000.0,7984000000.0,0.0,248000000.0,0.0,0.045,0.588,302000000.0,550000000.0,0.271,550000000.0,302000000.0,178000000.0,1.19,1.19,1.19,6785000000.0,,6785000000.0,16120703377.0,11.0,6.553,-7000000.0,-0.041,1.0,610000000.0,0.301,2091000000.0,124000000.0,28047000000.0,,685000000.0,285000000.0,109000000.0,176000000.0,17755000000.0,2246000000.0,15509000000.0,8470703377.0,-136000000.0,0.0,-9000000.0,71000000.0,-95000000.0,-50000000.0,-523000000.0,-9000000.0,437000000.0,0.0,202000000.0,202000000.0,202000000.0,0.0,-2000000.0,0.1,322000000.0,288000000.0,733000000.0,0.494,1.248,12.223,12.2,13284000000.0,0.0,50.02,0.969,0.967,1297000000.0,3516000000.0,2028000000.0,2028000000.0,0.0,,,,,0.0,0.0,1.0,169346329.0,169000000.0,170000000.0,12.0,22488000000.0,127000000.0,-24000000.0,3034000000.0,133.065,525000000.0
41,DTE,MRQ,2011-03-31,2011-03-31,2011-03-31,2021-08-25,-148000000.0,24489000000.0,,2800000000.0,21689000000.0,,40.195,-266000000.0,264000000.0,264000000.0,1702000000.0,178000000.0,1.096,2.599,7914000000.0,899000000.0,7015000000.0,7914000000.0,0.0,245000000.0,0.0,0.045,0.56,405000000.0,650000000.0,0.267,650000000.0,405000000.0,279000000.0,1.04,1.04,1.04,6793000000.0,,6793000000.0,16274949843.0,12.0,6.7,456000000.0,2.698,1.0,729000000.0,0.3,2089000000.0,126000000.0,27495000000.0,,536000000.0,311000000.0,122000000.0,189000000.0,17652000000.0,2555000000.0,15097000000.0,8295949843.0,132000000.0,0.0,-9000000.0,-244000000.0,-95000000.0,-346000000.0,-244000000.0,-8000000.0,722000000.0,0.0,176000000.0,176000000.0,176000000.0,0.0,2000000.0,0.072,339000000.0,390000000.0,631000000.0,0.538,1.221,14.378,14.316,13053000000.0,0.0,48.96,0.976,0.973,1401000000.0,3513000000.0,2431000000.0,2431000000.0,0.0,,,,,0.0,0.0,1.0,169443420.0,169000000.0,170000000.0,14.385,22400000000.0,132000000.0,103000000.0,2704000000.0,132.544,245000000.0
42,DTE,MRQ,2010-12-31,2010-12-31,2010-12-31,2021-08-25,-149000000.0,24896000000.0,,3167000000.0,21729000000.0,,40.012,-253000000.0,65000000.0,65000000.0,1493000000.0,156000000.0,1.152,2.697,8164000000.0,1075000000.0,7089000000.0,8164000000.0,0.0,252000000.0,0.0,0.048,0.56,340000000.0,592000000.0,0.277,592000000.0,340000000.0,215000000.0,0.9,0.9,0.9,6722000000.0,,6722000000.0,15541394178.0,10.0,6.179,63000000.0,0.375,1.0,648000000.0,0.303,2087000000.0,125000000.0,28159000000.0,,662000000.0,331000000.0,131000000.0,200000000.0,18129000000.0,2749000000.0,15380000000.0,7664394178.0,-19000000.0,0.0,10000000.0,146000000.0,-95000000.0,57000000.0,-392000000.0,-8000000.0,316000000.0,0.0,152000000.0,152000000.0,152000000.0,8000000.0,4000000.0,0.071,292000000.0,356000000.0,729000000.0,0.622,1.14,12.166,12.085,12992000000.0,0.0,45.32,0.899,0.893,1351000000.0,3431000000.0,2141000000.0,2141000000.0,0.0,,,,,0.0,0.0,1.0,169117259.0,168000000.0,172000000.0,12.744,22809000000.0,139000000.0,63000000.0,2707000000.0,135.768,418000000.0
43,DTE,MRQ,2010-09-30,2010-09-30,2010-09-30,2021-08-25,-150000000.0,24266000000.0,,2741000000.0,21525000000.0,,39.325,-275000000.0,140000000.0,140000000.0,1412000000.0,166000000.0,1.091,2.645,8017000000.0,943000000.0,7074000000.0,8017000000.0,0.0,271000000.0,0.0,0.047,0.56,397000000.0,668000000.0,0.312,668000000.0,397000000.0,255000000.0,0.97,0.96,0.97,6646000000.0,,6646000000.0,15509615320.0,11.0,6.167,83000000.0,0.491,1.0,727000000.0,0.34,2087000000.0,142000000.0,27543000000.0,,732000000.0,410000000.0,177000000.0,233000000.0,17577000000.0,2513000000.0,15064000000.0,7752615320.0,-40000000.0,0.0,3000000.0,46000000.0,-89000000.0,-56000000.0,-342000000.0,-8000000.0,358000000.0,0.0,163000000.0,163000000.0,163000000.0,0.0,3000000.0,0.076,341000000.0,386000000.0,641000000.0,0.577,1.167,12.964,12.794,12822000000.0,0.0,45.93,0.912,0.913,1140000000.0,3374000000.0,2139000000.0,2139000000.0,0.0,,,,,0.0,0.0,1.0,168791973.0,169000000.0,170000000.0,12.657,22179000000.0,150000000.0,92000000.0,2385000000.0,131.237,228000000.0
44,DTE,MRQ,2010-06-30,2010-06-30,2010-06-30,2021-08-25,-153000000.0,24033000000.0,,2581000000.0,21452000000.0,,38.799,-276000000.0,211000000.0,211000000.0,1205000000.0,87000000.0,0.881,2.659,7968000000.0,1335000000.0,6633000000.0,7968000000.0,0.0,253000000.0,0.0,0.046,0.53,266000000.0,519000000.0,0.29,519000000.0,266000000.0,130000000.0,0.51,0.51,0.51,6557000000.0,,6557000000.0,15421162586.0,11.0,6.228,58000000.0,0.343,1.0,587000000.0,0.328,2082000000.0,136000000.0,26777000000.0,,565000000.0,410000000.0,175000000.0,235000000.0,17433000000.0,2931000000.0,14502000000.0,7681162586.0,-69000000.0,0.0,14000000.0,-1000000.0,-88000000.0,-82000000.0,-321000000.0,-8000000.0,334000000.0,0.0,86000000.0,86000000.0,86000000.0,0.0,1000000.0,0.048,331000000.0,256000000.0,684000000.0,1.039,1.171,13.108,12.884,12771000000.0,0.0,45.61,0.924,0.927,1219000000.0,3305000000.0,1792000000.0,1792000000.0,0.0,,,,,0.0,0.0,1.0,168409616.0,169000000.0,169000000.0,10.604,21951000000.0,151000000.0,44000000.0,2289000000.0,129.888,-350000000.0
45,DTE,MRQ,2010-03-31,2010-03-31,2010-03-31,2021-08-25,-146000000.0,24203000000.0,,2733000000.0,21470000000.0,,39.464,-239000000.0,232000000.0,232000000.0,1647000000.0,230000000.0,1.101,2.688,7972000000.0,677000000.0,7295000000.0,7972000000.0,0.0,251000000.0,0.0,0.048,0.53,485000000.0,736000000.0,0.3,736000000.0,485000000.0,345000000.0,1.38,1.38,1.38,6551000000.0,,6551000000.0,15619259541.0,11.0,6.399,578000000.0,3.482,1.0,806000000.0,0.329,2078000000.0,140000000.0,27383000000.0,,443000000.0,545000000.0,265000000.0,280000000.0,17608000000.0,2482000000.0,15126000000.0,7387259541.0,141000000.0,19000000.0,9000000.0,-417000000.0,-88000000.0,-505000000.0,-171000000.0,-9000000.0,817000000.0,0.0,229000000.0,229000000.0,229000000.0,0.0,1000000.0,0.093,334000000.0,472000000.0,637000000.0,0.384,1.128,12.671,12.599,12654000000.0,0.0,44.6,0.9,0.902,1403000000.0,3309000000.0,2453000000.0,2453000000.0,0.0,,,,,0.0,0.0,1.0,165633622.0,166000000.0,166000000.0,14.777,22125000000.0,163000000.0,116000000.0,2273000000.0,133.283,251000000.0
46,DTE,MRQ,2009-12-31,2009-12-31,2009-12-31,2021-08-25,-147000000.0,24195000000.0,,2877000000.0,21318000000.0,,38.28,-133000000.0,136000000.0,136000000.0,1478000000.0,121000000.0,1.088,2.848,8368000000.0,998000000.0,7370000000.0,8368000000.0,0.0,282000000.0,0.0,0.049,0.53,310000000.0,592000000.0,0.279,592000000.0,310000000.0,174000000.0,0.73,0.73,0.73,6278000000.0,,6278000000.0,15327213656.0,12.0,6.539,12000000.0,0.073,1.0,643000000.0,0.303,2078000000.0,136000000.0,27704000000.0,,509000000.0,438000000.0,209000000.0,229000000.0,17879000000.0,2645000000.0,15234000000.0,7189213656.0,-31000000.0,0.0,8000000.0,120000000.0,-88000000.0,93000000.0,-269000000.0,-6000000.0,145000000.0,0.0,120000000.0,120000000.0,120000000.0,0.0,1000000.0,0.057,336000000.0,307000000.0,723000000.0,0.726,1.145,13.514,13.454,12431000000.0,0.0,43.59,0.897,0.892,1438000000.0,3168000000.0,2121000000.0,2121000000.0,0.0,,,,,0.0,0.0,1.0,164928049.0,164000000.0,164000000.0,12.933,22117000000.0,167000000.0,54000000.0,2181000000.0,134.86,232000000.0
47,DTE,MRQ,2009-09-30,2009-09-30,2009-09-30,2021-08-25,-141000000.0,23959000000.0,,2654000000.0,21305000000.0,,37.794,-206000000.0,111000000.0,111000000.0,1289000000.0,151000000.0,1.343,2.836,8249000000.0,375000000.0,7874000000.0,8249000000.0,0.0,266000000.0,0.0,0.06,0.53,363000000.0,629000000.0,0.323,629000000.0,363000000.0,220000000.0,0.92,0.92,0.92,6236000000.0,,6236000000.0,13979568851.0,10.0,6.094,167000000.0,1.012,1.0,661000000.0,0.339,2094000000.0,143000000.0,28027000000.0,,585000000.0,548000000.0,271000000.0,277000000.0,17687000000.0,1976000000.0,15711000000.0,5779568851.0,41000000.0,0.0,9000000.0,-61000000.0,-87000000.0,-147000000.0,-185000000.0,-6000000.0,373000000.0,0.0,151000000.0,151000000.0,151000000.0,0.0,0.0,0.077,329000000.0,332000000.0,578000000.0,0.576,0.927,10.683,10.616,12395000000.0,0.0,35.14,0.717,0.719,1105000000.0,3142000000.0,1950000000.0,1950000000.0,0.0,,,,,0.0,0.0,1.0,164472648.0,165000000.0,165000000.0,11.818,21865000000.0,226000000.0,69000000.0,2179000000.0,132.515,678000000.0
48,DTE,MRQ,2009-06-30,2009-06-30,2009-06-30,2021-08-25,-145000000.0,23895000000.0,,2535000000.0,21360000000.0,,37.445,-287000000.0,111000000.0,111000000.0,1172000000.0,84000000.0,1.221,2.885,8311000000.0,368000000.0,7943000000.0,8311000000.0,0.0,240000000.0,0.0,0.066,0.53,244000000.0,484000000.0,0.287,484000000.0,244000000.0,110000000.0,0.51,0.51,0.51,6141000000.0,,6141000000.0,13477053952.0,10.0,5.862,175000000.0,1.067,1.0,516000000.0,0.306,2095000000.0,134000000.0,27924000000.0,,459000000.0,591000000.0,319000000.0,272000000.0,17716000000.0,2076000000.0,15640000000.0,5244053952.0,-46000000.0,0.0,9000000.0,-35000000.0,-87000000.0,-154000000.0,-354000000.0,-8000000.0,462000000.0,0.0,83000000.0,83000000.0,83000000.0,0.0,1000000.0,0.049,301000000.0,215000000.0,611000000.0,1.039,0.854,9.249,9.222,12393000000.0,0.0,32.0,0.621,0.621,1164000000.0,3072000000.0,1688000000.0,1688000000.0,0.0,,,,,0.0,0.0,1.0,163876686.0,164000000.0,164000000.0,10.293,21800000000.0,207000000.0,27000000.0,2116000000.0,132.927,459000000.0
49,DTE,MRQ,2009-03-31,2009-03-31,2009-03-31,2021-08-25,-157000000.0,24188000000.0,,2866000000.0,21322000000.0,,37.491,-326000000.0,110000000.0,110000000.0,1551000000.0,179000000.0,1.012,2.951,8343000000.0,848000000.0,7495000000.0,8343000000.0,0.0,232000000.0,0.0,0.077,0.53,407000000.0,639000000.0,0.283,639000000.0,407000000.0,275000000.0,1.09,1.09,1.09,6111000000.0,,6111000000.0,13197208319.0,10.0,5.999,513000000.0,3.147,1.0,704000000.0,0.312,2096000000.0,132000000.0,27492000000.0,,432000000.0,577000000.0,281000000.0,296000000.0,18036000000.0,2833000000.0,15203000000.0,4522208319.0,2000000.0,0.0,9000000.0,-500000000.0,-86000000.0,-581000000.0,-256000000.0,0.0,839000000.0,0.0,178000000.0,178000000.0,178000000.0,0.0,1000000.0,0.079,309000000.0,395000000.0,727000000.0,0.486,0.74,8.798,8.85,12324000000.0,0.0,27.7,0.502,0.501,1499000000.0,3076000000.0,2255000000.0,2255000000.0,0.0,,,,,0.0,0.0,1.0,163256618.0,163000000.0,163000000.0,13.834,22092000000.0,199000000.0,97000000.0,2087000000.0,135.534,33000000.0
50,DTE,MRQ,2008-12-31,2008-12-31,2008-12-31,2021-08-25,-165000000.0,24590000000.0,,3328000000.0,21262000000.0,,36.779,-377000000.0,172000000.0,172000000.0,1587000000.0,130000000.0,1.105,3.095,8847000000.0,1106000000.0,7741000000.0,8847000000.0,0.0,224000000.0,0.0,0.059,0.53,318000000.0,542000000.0,0.25,542000000.0,318000000.0,186000000.0,0.79,0.79,0.79,5995000000.0,,5995000000.0,14517117659.0,11.0,6.487,164000000.0,1.006,1.0,583000000.0,0.269,2107000000.0,132000000.0,28145000000.0,,539000000.0,571000000.0,316000000.0,255000000.0,18552000000.0,3013000000.0,15539000000.0,5815117659.0,-137000000.0,253000000.0,0.0,-114000000.0,-86000000.0,-203000000.0,-475000000.0,-21000000.0,541000000.0,0.0,129000000.0,129000000.0,129000000.0,0.0,1000000.0,0.059,281000000.0,302000000.0,899000000.0,0.671,0.97,10.612,10.68,12231000000.0,0.0,35.67,0.623,0.623,1666000000.0,2985000000.0,2170000000.0,2170000000.0,0.0,,,,,0.0,0.0,1.0,163025446.0,163000000.0,163000000.0,13.313,22483000000.0,227000000.0,57000000.0,2054000000.0,137.933,315000000.0
51,DTE,MRQ,2008-09-30,2008-09-30,2008-09-30,2021-08-25,-128000000.0,23688000000.0,,3723000000.0,19965000000.0,,36.785,-342000000.0,259000000.0,259000000.0,1662000000.0,178000000.0,1.036,2.951,8961000000.0,1517000000.0,7444000000.0,8961000000.0,0.0,235000000.0,0.0,0.053,0.53,399000000.0,634000000.0,0.271,634000000.0,399000000.0,274000000.0,1.08,1.08,1.08,5996000000.0,,5996000000.0,13988379143.0,11.0,6.534,-859000000.0,-5.27,1.0,676000000.0,0.289,2123000000.0,125000000.0,26674000000.0,,770000000.0,114000000.0,0.0,114000000.0,17692000000.0,3593000000.0,14099000000.0,6543379143.0,-222000000.0,0.0,0.0,978000000.0,-86000000.0,891000000.0,-596000000.0,-20000000.0,-517000000.0,0.0,177000000.0,177000000.0,177000000.0,-8000000.0,1000000.0,0.076,301000000.0,375000000.0,931000000.0,0.491,1.091,13.464,9.833,12070000000.0,0.0,40.12,0.699,0.698,1375000000.0,2952000000.0,2338000000.0,2338000000.0,0.0,,,,,0.0,0.0,1.0,163095193.0,163000000.0,163000000.0,14.344,21565000000.0,259000000.0,97000000.0,2050000000.0,132.301,130000000.0
52,DTE,MRQ,2008-06-30,2008-06-30,2008-06-30,2021-08-25,-130000000.0,23906000000.0,,3894000000.0,20012000000.0,,36.202,-325000000.0,531000000.0,531000000.0,1786000000.0,32000000.0,1.016,3.051,7976000000.0,690000000.0,7286000000.0,7976000000.0,0.0,215000000.0,0.0,0.05,0.53,170000000.0,385000000.0,0.171,385000000.0,170000000.0,48000000.0,0.17,0.17,0.17,5901000000.0,,5901000000.0,14419026244.0,12.0,6.808,318000000.0,1.951,1.0,465000000.0,0.207,2124000000.0,122000000.0,25393000000.0,,583000000.0,117000000.0,0.0,117000000.0,18005000000.0,3834000000.0,14171000000.0,6924026244.0,354000000.0,0.0,-3000000.0,273000000.0,-86000000.0,182000000.0,-471000000.0,-87000000.0,643000000.0,0.0,30000000.0,30000000.0,30000000.0,-2000000.0,2000000.0,0.013,308000000.0,157000000.0,1173000000.0,3.118,1.173,13.684,10.105,11895000000.0,0.0,42.44,0.756,0.755,1557000000.0,2862000000.0,2251000000.0,2251000000.0,0.0,,,,,0.0,0.0,1.0,163148592.0,163000000.0,163000000.0,13.81,21782000000.0,207000000.0,18000000.0,1926000000.0,133.632,60000000.0
53,DTE,MRQ,2008-03-31,2008-03-31,2008-03-31,2021-08-25,-121000000.0,23148000000.0,,3434000000.0,19714000000.0,,36.595,-329000000.0,160000000.0,160000000.0,1965000000.0,213000000.0,0.88,2.881,7655000000.0,1010000000.0,6645000000.0,7655000000.0,0.0,225000000.0,0.0,0.055,0.53,452000000.0,677000000.0,0.263,677000000.0,452000000.0,328000000.0,1.3,1.29,1.3,5965000000.0,,5965000000.0,14594002722.0,8.0,5.332,563000000.0,3.454,1.0,605000000.0,0.235,2067000000.0,124000000.0,24674000000.0,,483000000.0,77000000.0,0.0,77000000.0,17183000000.0,3902000000.0,13281000000.0,6348002722.0,-43000000.0,0.0,-13000000.0,-851000000.0,-86000000.0,-954000000.0,19000000.0,-20000000.0,892000000.0,0.0,212000000.0,212000000.0,212000000.0,-12000000.0,1000000.0,0.082,176000000.0,429000000.0,1015000000.0,0.408,1.064,7.373,6.232,11492000000.0,0.0,38.89,0.74,0.739,1785000000.0,2920000000.0,2570000000.0,2570000000.0,0.0,,,,,0.0,0.0,1.0,163229692.0,163000000.0,163000000.0,15.767,21081000000.0,167000000.0,116000000.0,1898000000.0,129.331,-468000000.0
54,DTE,MRQ,2007-12-31,2007-12-31,2007-12-31,2021-08-25,-113000000.0,23742000000.0,,3991000000.0,19751000000.0,,35.689,-343000000.0,263000000.0,263000000.0,1566000000.0,71000000.0,0.946,3.056,8509000000.0,1538000000.0,6971000000.0,8509000000.0,0.0,210000000.0,0.0,0.048,0.53,235000000.0,445000000.0,0.202,445000000.0,235000000.0,103000000.0,1.53,1.54,1.53,5853000000.0,,5853000000.0,15443853856.0,9.0,5.926,-10000000.0,-0.061,1.0,642000000.0,0.291,2062000000.0,132000000.0,25705000000.0,,633000000.0,467000000.0,181000000.0,286000000.0,17889000000.0,4221000000.0,13668000000.0,7196853856.0,-29000000.0,1262000000.0,-22000000.0,12000000.0,-86000000.0,-100000000.0,-262000000.0,-7000000.0,333000000.0,0.0,67000000.0,67000000.0,67000000.0,-37000000.0,4000000.0,0.03,313000000.0,329000000.0,1189000000.0,0.346,1.23,9.191,7.712,11408000000.0,0.0,43.96,0.849,0.882,1658000000.0,2790000000.0,2208000000.0,2208000000.0,0.0,,,,,0.0,0.0,1.0,163713691.0,164000000.0,165000000.0,13.463,21680000000.0,387000000.0,36000000.0,1932000000.0,132.195,-230000000.0
55,DTE,MRQ,2007-09-30,2007-09-30,2007-09-30,2021-08-25,-118000000.0,23826000000.0,,3729000000.0,20097000000.0,,34.527,-335000000.0,249000000.0,249000000.0,1515000000.0,197000000.0,0.94,3.182,8496000000.0,1535000000.0,6961000000.0,8496000000.0,0.0,249000000.0,0.0,0.044,0.53,362000000.0,611000000.0,0.287,611000000.0,362000000.0,231000000.0,1.2,1.19,1.2,5697000000.0,,5697000000.0,15638272195.0,9.0,5.816,-541000000.0,-3.279,1.0,613000000.0,0.288,2070000000.0,131000000.0,26038000000.0,,756000000.0,107000000.0,0.0,107000000.0,18129000000.0,3965000000.0,14164000000.0,8266272195.0,-830000000.0,0.0,-353000000.0,39000000.0,-91000000.0,-405000000.0,-219000000.0,-3000000.0,-206000000.0,0.0,197000000.0,197000000.0,197000000.0,1000000.0,0.0,0.093,327000000.0,286000000.0,952000000.0,0.442,1.451,9.634,9.746,11338000000.0,0.0,48.44,1.074,1.038,1265000000.0,2634000000.0,2128000000.0,2128000000.0,0.0,,,,,0.0,0.0,1.0,170649715.0,165000000.0,166000000.0,12.897,21756000000.0,366000000.0,34000000.0,1850000000.0,131.855,-236000000.0
56,DTE,MRQ,2007-06-30,2007-06-30,2007-06-30,2021-08-25,-122000000.0,23958000000.0,,4336000000.0,19622000000.0,,33.845,-246000000.0,1136000000.0,1136000000.0,1494000000.0,385000000.0,1.044,3.068,8508000000.0,1204000000.0,7304000000.0,8508000000.0,0.0,242000000.0,0.0,0.044,0.53,762000000.0,1004000000.0,0.599,1004000000.0,762000000.0,628000000.0,2.21,2.2,2.21,5889000000.0,,5889000000.0,16951845235.0,10.0,6.048,120000000.0,0.69,1.0,183000000.0,0.109,2115000000.0,134000000.0,25063000000.0,,710000000.0,149000000.0,0.0,149000000.0,18069000000.0,4152000000.0,13917000000.0,8489845235.0,849000000.0,0.0,-278000000.0,-179000000.0,-93000000.0,-552000000.0,1035000000.0,-30000000.0,366000000.0,0.0,385000000.0,385000000.0,385000000.0,19000000.0,0.0,0.23,-538000000.0,721000000.0,1344000000.0,0.24,1.442,10.0,9.983,11460000000.0,0.0,48.22,1.093,1.08,1493000000.0,2700000000.0,1677000000.0,1677000000.0,0.0,,,,,0.0,0.0,1.0,176064812.0,174000000.0,175000000.0,9.638,21843000000.0,283000000.0,243000000.0,1675000000.0,125.534,184000000.0
57,DTE,MRQ,2007-03-31,2007-03-31,2007-03-31,2021-08-25,-225000000.0,23436000000.0,,3540000000.0,19896000000.0,,33.045,-375000000.0,234000000.0,234000000.0,1869000000.0,134000000.0,0.888,3.03,8696000000.0,1318000000.0,7378000000.0,8696000000.0,0.0,225000000.0,0.0,0.044,0.53,322000000.0,547000000.0,0.222,547000000.0,322000000.0,185000000.0,0.76,0.76,0.76,5816000000.0,,5816000000.0,17150227817.0,16.0,8.117,257000000.0,1.46,1.0,594000000.0,0.241,2146000000.0,137000000.0,25765000000.0,,569000000.0,143000000.0,0.0,143000000.0,17620000000.0,3987000000.0,13633000000.0,8484227817.0,-3000000.0,0.0,-55000000.0,-262000000.0,-94000000.0,-411000000.0,-224000000.0,-16000000.0,632000000.0,0.0,134000000.0,134000000.0,134000000.0,21000000.0,0.0,0.054,324000000.0,270000000.0,1051000000.0,0.697,1.459,19.685,19.712,11621000000.0,0.0,47.9,1.063,1.056,1582000000.0,2602000000.0,2463000000.0,2463000000.0,0.0,,,,,0.0,0.0,1.0,177123754.0,176000000.0,177000000.0,13.994,21290000000.0,236000000.0,51000000.0,1567000000.0,120.966,-447000000.0
58,DTE,MRQ,2006-12-31,2006-12-31,2006-12-31,2021-08-25,-211000000.0,23785000000.0,,3961000000.0,19824000000.0,,33.045,-359000000.0,293000000.0,293000000.0,749000000.0,142000000.0,0.951,3.067,8959000000.0,1485000000.0,7474000000.0,8959000000.0,0.0,213000000.0,0.0,0.043,0.53,314000000.0,527000000.0,0.368,527000000.0,314000000.0,179000000.0,0.8,0.79,0.8,5849000000.0,,5849000000.0,16985279454.0,15.0,8.019,-86000000.0,-0.486,1.0,682000000.0,0.477,2129000000.0,135000000.0,26158000000.0,,715000000.0,164000000.0,0.0,164000000.0,17936000000.0,4164000000.0,13772000000.0,8615279454.0,82000000.0,-15000000.0,-43000000.0,299000000.0,-91000000.0,163000000.0,-354000000.0,4000000.0,273000000.0,0.0,142000000.0,142000000.0,142000000.0,205000000.0,0.0,0.099,200000000.0,482000000.0,1145000000.0,0.662,1.473,19.897,19.84,11451000000.0,0.0,48.41,1.056,1.05,1495000000.0,2593000000.0,1431000000.0,1431000000.0,0.0,,,,,0.0,0.0,1.0,177964872.0,177000000.0,178000000.0,8.085,21656000000.0,245000000.0,37000000.0,1585000000.0,122.35,-203000000.0
59,DTE,MRQ,2006-09-30,2006-09-30,2006-09-30,2021-08-25,-190000000.0,22316000000.0,,3710000000.0,18606000000.0,,33.13,-326000000.0,158000000.0,158000000.0,1400000000.0,188000000.0,0.968,2.806,8528000000.0,1246000000.0,7282000000.0,8528000000.0,0.0,355000000.0,0.0,0.05,0.515,370000000.0,725000000.0,0.33,725000000.0,370000000.0,247000000.0,1.06,1.06,1.06,5864000000.0,,5864000000.0,15663874344.0,12.0,6.618,-57000000.0,-0.322,1.0,796000000.0,0.362,2159000000.0,123000000.0,24694000000.0,,809000000.0,226000000.0,0.0,226000000.0,16452000000.0,3833000000.0,12619000000.0,7378874344.0,-11000000.0,0.0,9000000.0,42000000.0,-92000000.0,-43000000.0,-237000000.0,5000000.0,269000000.0,0.0,188000000.0,188000000.0,188000000.0,1000000.0,0.0,0.086,423000000.0,373000000.0,909000000.0,0.486,1.258,10.964,10.866,11165000000.0,0.0,41.51,0.867,0.863,1400000000.0,2574000000.0,2196000000.0,2196000000.0,0.0,,,,,0.0,0.0,1.0,177761367.0,177000000.0,178000000.0,12.407,20157000000.0,143000000.0,59000000.0,1485000000.0,113.881,-123000000.0
60,DTE,MRQ,2006-06-30,2006-06-30,2006-06-30,2021-08-25,-231000000.0,22220000000.0,,3526000000.0,18694000000.0,,32.288,-383000000.0,203000000.0,203000000.0,1494000000.0,-33000000.0,0.965,2.888,8488000000.0,973000000.0,7515000000.0,8488000000.0,0.0,221000000.0,0.0,0.051,0.515,93000000.0,314000000.0,0.166,314000000.0,93000000.0,-41000000.0,-0.19,-0.19,-0.19,5715000000.0,,5715000000.0,15412345319.0,14.0,7.615,-82000000.0,-0.463,1.0,401000000.0,0.212,2057000000.0,134000000.0,24794000000.0,,665000000.0,241000000.0,0.0,241000000.0,16505000000.0,3654000000.0,12851000000.0,7242345319.0,1000000.0,-4000000.0,-2000000.0,138000000.0,-91000000.0,43000000.0,-343000000.0,-24000000.0,301000000.0,0.0,-33000000.0,-33000000.0,-33000000.0,1000000.0,0.0,-0.017,431000000.0,-30000000.0,1004000000.0,-2.711,1.267,14.811,14.655,11058000000.0,0.0,40.74,0.865,0.861,1305000000.0,2478000000.0,1895000000.0,1895000000.0,0.0,,,,,0.0,0.0,1.0,177769890.0,177000000.0,177000000.0,10.706,20163000000.0,70000000.0,-8000000.0,1418000000.0,113.915,-128000000.0
61,DTE,MRQ,2006-03-31,2006-03-31,2006-03-31,2021-08-25,-210000000.0,22377000000.0,,3780000000.0,18597000000.0,,33.096,-335000000.0,174000000.0,174000000.0,2081000000.0,136000000.0,0.904,2.82,8344000000.0,1340000000.0,7004000000.0,8344000000.0,0.0,225000000.0,0.0,0.051,0.515,327000000.0,552000000.0,0.209,552000000.0,327000000.0,194000000.0,0.77,0.76,0.77,5858000000.0,,5858000000.0,15632503486.0,13.0,7.483,278000000.0,1.571,1.0,554000000.0,0.21,2057000000.0,133000000.0,24307000000.0,,457000000.0,360000000.0,0.0,360000000.0,16519000000.0,4183000000.0,12336000000.0,7128503486.0,-13000000.0,-23000000.0,-8000000.0,-263000000.0,-91000000.0,-366000000.0,-260000000.0,-26000000.0,613000000.0,0.0,136000000.0,136000000.0,136000000.0,1000000.0,0.0,0.052,312000000.0,242000000.0,1090000000.0,0.669,1.217,12.937,12.768,10917000000.0,0.0,40.09,0.847,0.843,1610000000.0,2602000000.0,2635000000.0,2635000000.0,0.0,,,,,0.0,0.0,1.0,177812509.0,177000000.0,178000000.0,14.887,20320000000.0,203000000.0,58000000.0,1572000000.0,114.802,-403000000.0
62,DTE,MRQ,2005-12-31,2005-12-31,2005-12-31,2021-08-25,-271000000.0,23335000000.0,,4682000000.0,18653000000.0,,32.41,-356000000.0,210000000.0,210000000.0,915000000.0,382000000.0,0.952,3.045,8714000000.0,1634000000.0,7080000000.0,8714000000.0,0.0,209000000.0,0.0,0.048,0.515,567000000.0,776000000.0,0.435,776000000.0,567000000.0,434000000.0,2.18,2.16,2.18,5769000000.0,,5769000000.0,16053296129.0,14.0,7.896,52000000.0,0.292,1.0,869000000.0,0.487,2156000000.0,133000000.0,24763000000.0,,668000000.0,409000000.0,0.0,409000000.0,17566000000.0,4920000000.0,12646000000.0,7680296129.0,-3000000.0,-50000000.0,-1000000.0,4000000.0,-92000000.0,-90000000.0,-321000000.0,9000000.0,408000000.0,0.0,382000000.0,382000000.0,382000000.0,17000000.0,0.0,0.214,336000000.0,533000000.0,1187000000.0,0.236,1.331,14.302,14.068,10830000000.0,0.0,43.19,0.949,0.934,2032000000.0,2557000000.0,1784000000.0,1784000000.0,0.0,,,,,0.0,0.0,1.0,177825796.0,178000000.0,179000000.0,10.022,21179000000.0,257000000.0,52000000.0,1527000000.0,118.983,-238000000.0
63,DTE,MRQ,2005-09-30,2005-09-30,2005-09-30,2021-08-25,-317000000.0,23714000000.0,,4986000000.0,18728000000.0,,30.858,-279000000.0,187000000.0,187000000.0,1812000000.0,4000000.0,0.863,3.366,8560000000.0,1763000000.0,6797000000.0,8560000000.0,0.0,239000000.0,0.0,0.045,0.515,143000000.0,382000000.0,0.185,382000000.0,143000000.0,14000000.0,0.02,0.02,0.02,5431000000.0,,5431000000.0,16161947241.0,19.0,9.267,-365000000.0,-2.074,1.0,248000000.0,0.12,2049000000.0,129000000.0,24262000000.0,,850000000.0,454000000.0,0.0,454000000.0,18283000000.0,5776000000.0,12507000000.0,7986947241.0,5000000.0,0.0,171000000.0,189000000.0,-89000000.0,268000000.0,-177000000.0,-53000000.0,-86000000.0,0.0,4000000.0,4000000.0,4000000.0,25000000.0,0.0,0.002,197000000.0,51000000.0,1280000000.0,25.75,1.471,29.802,29.779,10593000000.0,0.0,45.86,0.972,0.982,1597000000.0,2267000000.0,2060000000.0,2060000000.0,0.0,,,,,0.0,0.0,1.0,174159338.0,176000000.0,177000000.0,11.705,21665000000.0,0.0,10000000.0,1416000000.0,123.097,-790000000.0
64,DTE,MRQ,2005-06-30,2005-06-30,2005-06-30,2021-08-25,-218000000.0,21822000000.0,,3347000000.0,18475000000.0,,31.287,-232000000.0,193000000.0,193000000.0,1565000000.0,29000000.0,0.837,3.008,8368000000.0,1379000000.0,6989000000.0,8368000000.0,0.0,216000000.0,0.0,0.044,0.515,163000000.0,379000000.0,0.195,379000000.0,163000000.0,34000000.0,0.17,0.17,0.17,5444000000.0,,5444000000.0,16339166621.0,16.0,9.012,34000000.0,0.195,1.0,376000000.0,0.194,2064000000.0,129000000.0,23935000000.0,,670000000.0,488000000.0,0.0,488000000.0,16378000000.0,3998000000.0,12380000000.0,8146166621.0,26000000.0,0.0,-2000000.0,44000000.0,-89000000.0,-48000000.0,-192000000.0,-25000000.0,266000000.0,0.0,29000000.0,29000000.0,29000000.0,4000000.0,0.0,0.015,286000000.0,90000000.0,979000000.0,3.029,1.496,22.818,22.704,10499000000.0,0.0,46.77,1.052,1.05,1335000000.0,2355000000.0,1941000000.0,1941000000.0,0.0,,,,,0.0,0.0,1.0,174175040.0,174000000.0,175000000.0,11.155,19758000000.0,0.0,5000000.0,1387000000.0,113.552,-651000000.0
65,DTE,MRQ,2005-03-31,2005-03-31,2005-03-31,2021-08-25,-195000000.0,21543000000.0,,3191000000.0,18352000000.0,,31.776,-198000000.0,134000000.0,134000000.0,1862000000.0,122000000.0,0.996,2.896,8327000000.0,786000000.0,7541000000.0,8327000000.0,0.0,208000000.0,0.0,0.045,0.515,288000000.0,496000000.0,0.215,496000000.0,288000000.0,160000000.0,0.7,0.7,0.7,5529000000.0,,5529000000.0,16264026866.0,16.0,9.061,215000000.0,1.236,1.0,447000000.0,0.194,2067000000.0,128000000.0,24466000000.0,,514000000.0,486000000.0,0.0,486000000.0,16014000000.0,3203000000.0,12811000000.0,7923026866.0,4000000.0,0.0,-9000000.0,-197000000.0,-90000000.0,-297000000.0,-112000000.0,-31000000.0,413000000.0,0.0,122000000.0,122000000.0,122000000.0,4000000.0,0.0,0.053,223000000.0,224000000.0,863000000.0,0.736,1.433,21.827,21.761,10524000000.0,0.0,45.48,1.084,1.083,1451000000.0,2415000000.0,2309000000.0,2309000000.0,0.0,,,,,0.0,0.0,1.0,174209034.0,174000000.0,175000000.0,13.27,19476000000.0,0.0,38000000.0,1304000000.0,111.931,-12000000.0
66,DTE,MRQ,2004-12-31,2004-12-31,2004-12-31,2021-08-25,-158000000.0,21297000000.0,,2996000000.0,18301000000.0,,31.523,-297000000.0,182000000.0,182000000.0,1459000000.0,113000000.0,0.996,2.839,8523000000.0,917000000.0,7606000000.0,8523000000.0,0.0,208000000.0,0.0,0.048,0.515,279000000.0,487000000.0,0.255,487000000.0,279000000.0,153000000.0,0.65,0.65,0.65,5548000000.0,,5548000000.0,15971812551.0,14.0,8.555,108000000.0,0.614,1.0,452000000.0,0.237,2067000000.0,126000000.0,24562000000.0,,668000000.0,529000000.0,0.0,529000000.0,15749000000.0,3009000000.0,12740000000.0,7502812551.0,-18000000.0,-62000000.0,10000000.0,-93000000.0,-89000000.0,-176000000.0,-247000000.0,-12000000.0,405000000.0,0.0,113000000.0,113000000.0,113000000.0,11000000.0,0.0,0.059,232000000.0,220000000.0,892000000.0,0.792,1.352,17.408,17.252,10491000000.0,0.0,43.13,1.061,1.056,1287000000.0,2383000000.0,1911000000.0,1911000000.0,0.0,,,,,0.0,0.0,1.0,173958093.0,176000000.0,173000000.0,10.858,19230000000.0,94000000.0,40000000.0,1283000000.0,109.261,-13000000.0
67,DTE,MRQ,2004-09-30,2004-09-30,2004-09-30,2021-08-25,-192000000.0,21194000000.0,,2904000000.0,18290000000.0,,31.676,-211000000.0,150000000.0,150000000.0,1188000000.0,93000000.0,0.977,2.868,8619000000.0,992000000.0,7627000000.0,8619000000.0,0.0,190000000.0,0.0,0.049,0.515,261000000.0,451000000.0,0.284,451000000.0,261000000.0,130000000.0,0.54,0.54,0.54,5480000000.0,,5480000000.0,15622608073.0,14.0,8.598,-140000000.0,-0.809,1.0,398000000.0,0.251,2064000000.0,131000000.0,24626000000.0,,727000000.0,527000000.0,0.0,527000000.0,15714000000.0,2973000000.0,12741000000.0,7329608073.0,-1000000.0,3000000.0,10000000.0,130000000.0,-89000000.0,49000000.0,-121000000.0,-21000000.0,71000000.0,0.0,93000000.0,93000000.0,93000000.0,4000000.0,0.0,0.059,221000000.0,177000000.0,691000000.0,0.954,1.338,13.4,13.062,10402000000.0,0.0,42.19,1.072,1.068,1042000000.0,2360000000.0,1586000000.0,1586000000.0,0.0,,,,,0.0,0.0,1.0,173728563.0,173000000.0,174000000.0,9.168,19130000000.0,0.0,37000000.0,1229000000.0,110.578,-69000000.0
68,DTE,MRQ,2004-06-30,2004-06-30,2004-06-30,2021-08-25,-167000000.0,21011000000.0,,2727000000.0,18284000000.0,,31.728,-217000000.0,196000000.0,196000000.0,1228000000.0,35000000.0,0.986,2.828,8489000000.0,830000000.0,7659000000.0,8489000000.0,0.0,179000000.0,0.0,0.051,0.515,182000000.0,361000000.0,0.241,361000000.0,182000000.0,53000000.0,0.2,0.2,0.2,5489000000.0,,5489000000.0,15306393490.0,13.0,8.485,22000000.0,0.127,1.0,273000000.0,0.182,2063000000.0,129000000.0,24474000000.0,,551000000.0,552000000.0,0.0,552000000.0,15522000000.0,2767000000.0,12755000000.0,7031393490.0,11000000.0,59000000.0,10000000.0,71000000.0,-89000000.0,-9000000.0,-219000000.0,-48000000.0,239000000.0,0.0,35000000.0,35000000.0,35000000.0,0.0,0.0,0.023,178000000.0,95000000.0,701000000.0,2.575,1.281,11.161,10.84,10376000000.0,0.0,40.54,1.018,1.016,1071000000.0,2356000000.0,1501000000.0,1501000000.0,0.0,,,,,0.0,0.0,1.0,173443352.0,173000000.0,174000000.0,8.676,18948000000.0,0.0,18000000.0,1243000000.0,109.526,-40000000.0
69,DTE,MRQ,2004-03-31,2004-03-31,2004-03-31,2021-08-25,-131000000.0,20874000000.0,,2708000000.0,18166000000.0,,32.724,-179000000.0,141000000.0,141000000.0,1524000000.0,190000000.0,0.881,2.752,8416000000.0,1096000000.0,7320000000.0,8416000000.0,0.0,167000000.0,0.0,0.05,0.515,396000000.0,563000000.0,0.269,563000000.0,396000000.0,265000000.0,1.12,1.11,1.12,5563000000.0,,5563000000.0,15279157172.0,14.0,8.806,101000000.0,0.594,1.0,569000000.0,0.272,2064000000.0,131000000.0,24011000000.0,,369000000.0,527000000.0,0.0,527000000.0,15311000000.0,3074000000.0,12237000000.0,6948157172.0,10000000.0,0.0,11000000.0,-98000000.0,-87000000.0,-176000000.0,-94000000.0,-26000000.0,280000000.0,0.0,190000000.0,190000000.0,190000000.0,7000000.0,0.0,0.091,202000000.0,367000000.0,652000000.0,0.46,1.249,12.497,12.432,10332000000.0,0.0,41.15,0.992,0.999,1318000000.0,2406000000.0,2093000000.0,2093000000.0,0.0,,,,,0.0,0.0,1.0,168849506.0,170000000.0,170000000.0,12.312,18810000000.0,0.0,75000000.0,1256000000.0,110.647,-366000000.0
70,DTE,MRQ,2003-12-31,2003-12-31,2003-12-31,2021-08-25,-130000000.0,20753000000.0,,2712000000.0,18041000000.0,,31.47,-189000000.0,185000000.0,185000000.0,1240000000.0,229000000.0,0.96,2.925,8516000000.0,847000000.0,7669000000.0,8516000000.0,0.0,140000000.0,0.0,0.052,0.515,302000000.0,442000000.0,0.267,442000000.0,302000000.0,169000000.0,1.37,1.36,1.37,5287000000.0,,5287000000.0,15362075160.0,16.0,9.361,475000000.0,2.827,1.0,416000000.0,0.251,2067000000.0,133000000.0,24193000000.0,,629000000.0,469000000.0,0.0,469000000.0,15466000000.0,2824000000.0,12642000000.0,6631075160.0,-36000000.0,674000000.0,11000000.0,-412000000.0,-87000000.0,-491000000.0,-209000000.0,-42000000.0,664000000.0,0.0,229000000.0,229000000.0,229000000.0,14000000.0,0.0,0.138,169000000.0,247000000.0,625000000.0,0.376,1.254,12.728,12.669,10324000000.0,0.0,39.4,0.947,0.945,1193000000.0,2308000000.0,1656000000.0,1656000000.0,0.0,,,,,0.0,0.0,1.0,168301400.0,168000000.0,168000000.0,9.857,18686000000.0,0.0,-60000000.0,1329000000.0,111.226,-112000000.0
71,DTE,MRQ,2003-09-30,2003-09-30,2003-09-30,2021-08-25,-185000000.0,19936000000.0,,2757000000.0,17179000000.0,,30.202,-162000000.0,190000000.0,190000000.0,1194000000.0,176000000.0,0.911,2.929,8921000000.0,1221000000.0,7700000000.0,8921000000.0,0.0,170000000.0,0.0,0.056,0.515,268000000.0,438000000.0,0.265,438000000.0,268000000.0,133000000.0,1.05,1.04,1.05,5074000000.0,,5074000000.0,14429657247.0,15.0,8.564,-204000000.0,-1.214,1.0,460000000.0,0.278,2084000000.0,135000000.0,23556000000.0,,766000000.0,0.0,0.0,0.0,14862000000.0,3027000000.0,11835000000.0,6206657247.0,-13000000.0,-1000000.0,12000000.0,191000000.0,-86000000.0,114000000.0,-85000000.0,-12000000.0,-42000000.0,0.0,176000000.0,176000000.0,176000000.0,4000000.0,0.0,0.106,228000000.0,232000000.0,650000000.0,0.49,1.223,12.539,12.463,9670000000.0,0.0,36.89,0.88,0.879,1012000000.0,2168000000.0,1654000000.0,1654000000.0,0.0,,,,,0.0,0.0,1.0,168247689.0,168000000.0,168000000.0,9.845,17852000000.0,0.0,-43000000.0,1274000000.0,106.262,-270000000.0
72,DTE,MRQ,2003-06-30,2003-06-30,2003-06-30,2021-08-25,-221000000.0,20022000000.0,,2708000000.0,17314000000.0,,29.375,-189000000.0,229000000.0,229000000.0,1285000000.0,-39000000.0,0.894,3.057,8452000000.0,975000000.0,7477000000.0,8452000000.0,0.0,180000000.0,0.0,0.053,0.515,112000000.0,292000000.0,0.182,292000000.0,112000000.0,-26000000.0,-0.23,-0.23,-0.23,4935000000.0,,4935000000.0,14608517408.0,15.0,8.454,-2000000.0,-0.012,1.0,315000000.0,0.197,2086000000.0,138000000.0,23129000000.0,,526000000.0,0.0,0.0,0.0,15087000000.0,3030000000.0,12057000000.0,6490517408.0,-33000000.0,-4000000.0,11000000.0,98000000.0,-87000000.0,19000000.0,-239000000.0,-28000000.0,187000000.0,0.0,-39000000.0,-39000000.0,-39000000.0,2000000.0,0.0,-0.024,244000000.0,71000000.0,852000000.0,-2.239,1.315,13.522,13.463,9678000000.0,0.0,38.64,0.92,0.92,1120000000.0,2080000000.0,1600000000.0,1600000000.0,0.0,,,,,0.0,0.0,1.0,167974053.0,168000000.0,168000000.0,9.524,17936000000.0,0.0,13000000.0,1316000000.0,106.762,-322000000.0
73,DTE,MRQ,2003-03-31,2003-03-31,2003-03-31,2021-08-25,-197000000.0,20029000000.0,,2885000000.0,17144000000.0,,30.371,-211000000.0,226000000.0,226000000.0,1584000000.0,155000000.0,0.939,2.949,8344000000.0,895000000.0,7449000000.0,8344000000.0,0.0,201000000.0,0.0,0.053,0.515,268000000.0,469000000.0,0.224,469000000.0,268000000.0,129000000.0,0.92,0.92,0.92,5072000000.0,,5072000000.0,15056171703.0,14.0,8.282,-70000000.0,-0.419,1.0,511000000.0,0.244,2075000000.0,139000000.0,23000000000.0,,379000000.0,0.0,0.0,0.0,14957000000.0,3072000000.0,11885000000.0,6480171703.0,3000000.0,0.0,10000000.0,-602000000.0,-86000000.0,-681000000.0,543000000.0,-21000000.0,141000000.0,0.0,155000000.0,155000000.0,155000000.0,-74000000.0,0.0,0.074,294000000.0,217000000.0,839000000.0,0.56,1.278,11.039,10.98,9658000000.0,0.0,38.65,0.935,0.931,1410000000.0,2206000000.0,2095000000.0,2095000000.0,0.0,,,,,0.0,0.0,1.0,167662916.0,167000000.0,168000000.0,12.545,17954000000.0,0.0,-26000000.0,1291000000.0,107.509,-187000000.0
74,DTE,MRQ,2002-12-31,2002-12-31,2002-12-31,2021-08-25,-619000000.0,19985000000.0,,2764000000.0,17221000000.0,,27.335,-334000000.0,370000000.0,370000000.0,1268000000.0,203000000.0,0.866,3.378,9235000000.0,1432000000.0,7803000000.0,9235000000.0,0.0,169000000.0,0.0,0.044,0.515,317000000.0,486000000.0,0.285,486000000.0,317000000.0,155000000.0,1.22,1.21,1.22,4565000000.0,,4565000000.0,16390210352.0,15.0,8.737,146000000.0,0.874,1.0,436000000.0,0.256,2112000000.0,162000000.0,23547000000.0,,576000000.0,336000000.0,0.0,336000000.0,15420000000.0,3191000000.0,12229000000.0,7770210352.0,21000000.0,-21000000.0,0.0,95000000.0,-86000000.0,0.0,-459000000.0,-13000000.0,480000000.0,0.0,203000000.0,203000000.0,203000000.0,-46000000.0,0.0,0.119,213000000.0,223000000.0,647000000.0,0.422,1.702,12.295,12.052,10542000000.0,0.0,46.4,1.155,1.131,1198000000.0,2132000000.0,1704000000.0,1704000000.0,0.0,,,,,0.0,0.0,1.0,167461430.0,167000000.0,168000000.0,10.204,17873000000.0,0.0,-48000000.0,1128000000.0,107.024,-427000000.0
75,DTE,MRQ,2002-09-30,2002-09-30,2002-09-30,2021-08-25,-81000000.0,19233000000.0,,2712000000.0,16521000000.0,,29.85,-204000000.0,235000000.0,235000000.0,1116000000.0,161000000.0,0.902,2.858,8855000000.0,1288000000.0,7567000000.0,8855000000.0,0.0,210000000.0,0.0,0.051,0.515,271000000.0,481000000.0,0.29,481000000.0,271000000.0,136000000.0,0.96,0.96,0.96,4985000000.0,,4985000000.0,15337900795.0,13.0,7.972,-60000000.0,-0.359,1.0,541000000.0,0.326,2078000000.0,135000000.0,22767000000.0,,697000000.0,0.0,0.0,0.0,14248000000.0,3008000000.0,11240000000.0,6815900795.0,30000000.0,0.0,0.0,99000000.0,-86000000.0,11000000.0,-125000000.0,31000000.0,144000000.0,0.0,161000000.0,161000000.0,161000000.0,0.0,0.0,0.097,291000000.0,250000000.0,573000000.0,0.536,1.367,10.535,10.074,9722000000.0,0.0,40.7,1.012,1.009,976000000.0,2013000000.0,1657000000.0,1657000000.0,0.0,,,,,0.0,0.0,1.0,167466850.0,167000000.0,168000000.0,9.922,17155000000.0,0.0,-25000000.0,1492000000.0,102.725,-296000000.0
76,DTE,MRQ,2002-06-30,2002-06-30,2002-06-30,2021-08-25,-111000000.0,19504000000.0,,2881000000.0,16623000000.0,,30.311,-223000000.0,234000000.0,234000000.0,1026000000.0,68000000.0,0.929,2.997,8756000000.0,1143000000.0,7613000000.0,8756000000.0,0.0,186000000.0,0.0,0.046,0.515,196000000.0,382000000.0,0.259,382000000.0,196000000.0,60000000.0,0.42,0.42,0.42,4880000000.0,,4880000000.0,15956788720.0,15.0,8.561,141000000.0,0.876,1.0,448000000.0,0.304,2084000000.0,136000000.0,22840000000.0,,535000000.0,0.0,0.0,0.0,14624000000.0,3102000000.0,11522000000.0,7193788720.0,9000000.0,0.0,265000000.0,-196000000.0,-82000000.0,-20000000.0,-335000000.0,-55000000.0,364000000.0,0.0,68000000.0,68000000.0,68000000.0,0.0,0.0,0.046,261000000.0,187000000.0,689000000.0,1.226,1.474,13.103,12.902,9663000000.0,0.0,44.64,1.078,1.077,1141000000.0,1941000000.0,1474000000.0,1474000000.0,0.0,,,,,0.0,0.0,1.0,161151181.0,161000000.0,162000000.0,9.155,17420000000.0,0.0,-8000000.0,1610000000.0,108.199,-221000000.0
77,DTE,MRQ,2002-03-31,2002-03-31,2002-03-31,2021-08-25,-94000000.0,19490000000.0,,2851000000.0,16639000000.0,,29.05,-223000000.0,169000000.0,169000000.0,1278000000.0,200000000.0,0.813,3.167,8932000000.0,1602000000.0,7330000000.0,8932000000.0,0.0,194000000.0,0.0,0.045,0.515,333000000.0,527000000.0,0.278,527000000.0,333000000.0,197000000.0,1.25,1.24,1.25,4677000000.0,,4677000000.0,15757595134.0,20.0,9.942,-215000000.0,-1.335,1.0,616000000.0,0.325,2028000000.0,136000000.0,22720000000.0,,504000000.0,0.0,0.0,0.0,14813000000.0,3505000000.0,11308000000.0,7331595134.0,-195000000.0,0.0,0.0,80000000.0,-84000000.0,-7000000.0,-196000000.0,-35000000.0,8000000.0,0.0,200000000.0,200000000.0,200000000.0,0.0,0.0,0.106,282000000.0,334000000.0,616000000.0,0.412,1.568,18.608,18.648,9607000000.0,0.0,45.5,1.049,1.048,1134000000.0,1960000000.0,1894000000.0,1894000000.0,0.0,,,,,0.0,0.0,1.0,161133959.0,161000000.0,161000000.0,11.764,17462000000.0,28000000.0,-3000000.0,1672000000.0,108.46,-654000000.0
78,DTE,MRQ,2001-12-31,2001-12-31,2001-12-31,2021-08-25,-68000000.0,18881000000.0,,2479000000.0,16402000000.0,,28.327,-458000000.0,425000000.0,425000000.0,1154000000.0,218000000.0,0.877,3.114,8852000000.0,1198000000.0,7654000000.0,8852000000.0,0.0,196000000.0,0.0,0.049,0.515,338000000.0,534000000.0,0.312,534000000.0,338000000.0,186000000.0,1.41,1.4,1.41,4589000000.0,,4589000000.0,15119644130.0,22.0,10.147,-75000000.0,-0.463,1.0,555000000.0,0.325,2003000000.0,152000000.0,22478000000.0,,505000000.0,0.0,0.0,0.0,14292000000.0,2827000000.0,11465000000.0,6821644130.0,163000000.0,0.0,-80000000.0,159000000.0,-93000000.0,-14000000.0,-206000000.0,-8000000.0,383000000.0,0.0,218000000.0,218000000.0,218000000.0,-20000000.0,0.0,0.128,258000000.0,297000000.0,581000000.0,0.365,1.487,20.547,19.327,9549000000.0,0.0,41.94,1.179,1.109,987000000.0,1846000000.0,1709000000.0,1709000000.0,0.0,,,,,0.0,0.0,1.0,162652459.0,162000000.0,163000000.0,10.549,16878000000.0,0.0,-32000000.0,1666000000.0,104.185,-348000000.0
79,DTE,MRQ,2001-09-30,2001-09-30,2001-09-30,2021-08-25,-58000000.0,18775000000.0,,2631000000.0,16144000000.0,,27.543,-175000000.0,307000000.0,307000000.0,1072000000.0,63000000.0,0.815,3.157,8605000000.0,1409000000.0,7196000000.0,8605000000.0,0.0,227000000.0,0.0,0.048,0.515,194000000.0,421000000.0,0.264,421000000.0,194000000.0,59000000.0,0.38,0.38,0.38,4517000000.0,,4517000000.0,15382213349.0,26.0,11.261,-138000000.0,-0.841,1.0,525000000.0,0.329,1926000000.0,135000000.0,21920000000.0,,518000000.0,0.0,0.0,0.0,14258000000.0,3227000000.0,11031000000.0,7091213349.0,-237000000.0,0.0,-87000000.0,223000000.0,-85000000.0,51000000.0,-325000000.0,-36000000.0,37000000.0,0.0,63000000.0,63000000.0,63000000.0,0.0,0.0,0.039,313000000.0,212000000.0,681000000.0,1.355,1.57,28.029,24.884,9392000000.0,0.0,43.05,1.242,1.236,1034000000.0,1739000000.0,1597000000.0,1597000000.0,0.0,,,,,0.0,0.0,1.0,164720403.0,164000000.0,165000000.0,9.738,16849000000.0,12000000.0,-4000000.0,1737000000.0,102.738,-596000000.0
80,DTE,MRQ,2001-06-30,2001-06-30,2001-06-30,2021-08-25,-82000000.0,19520000000.0,,3259000000.0,16261000000.0,,31.841,-291000000.0,432000000.0,432000000.0,1361000000.0,-87000000.0,0.963,3.228,8723000000.0,1102000000.0,7621000000.0,8723000000.0,0.0,188000000.0,0.0,0.044,0.515,-85000000.0,103000000.0,0.058,103000000.0,-85000000.0,-189000000.0,-0.6,-0.6,-0.6,4617000000.0,,4617000000.0,11179724200.0,20.0,8.515,-122000000.0,-0.841,1.0,429000000.0,0.24,1801000000.0,104000000.0,22625000000.0,,433000000.0,0.0,0.0,0.0,14903000000.0,3385000000.0,11518000000.0,6306724200.0,-645000000.0,-1212000000.0,-97000000.0,931000000.0,-74000000.0,760000000.0,-1574000000.0,-66000000.0,169000000.0,0.0,-87000000.0,-87000000.0,-87000000.0,0.0,0.0,-0.049,517000000.0,-88000000.0,876000000.0,-0.858,1.366,21.451,22.327,9430000000.0,0.0,46.44,1.114,1.19,1068000000.0,1814000000.0,1790000000.0,1790000000.0,0.0,,,,,0.0,0.0,1.0,135803708.0,145000000.0,145000000.0,12.345,17719000000.0,367000000.0,-102000000.0,2073000000.0,122.2,-126000000.0
81,DTE,MRQ,2001-03-31,2001-03-31,2001-03-31,2021-08-25,-61000000.0,13882000000.0,,2553000000.0,11329000000.0,,27.077,-172000000.0,1079000000.0,1079000000.0,1333000000.0,138000000.0,1.438,2.61,5952000000.0,490000000.0,5462000000.0,5952000000.0,0.0,184000000.0,0.0,0.052,0.515,248000000.0,432000000.0,0.235,432000000.0,248000000.0,157000000.0,0.98,0.97,0.98,3845000000.0,,3845000000.0,9587437046.0,11.0,6.0,50000000.0,0.352,1.0,509000000.0,0.276,0.0,91000000.0,16980000000.0,,306000000.0,0.0,0.0,0.0,10037000000.0,1775000000.0,8262000000.0,5677437046.0,923000000.0,0.0,-174000000.0,1129000000.0,-73000000.0,882000000.0,-181000000.0,-14000000.0,222000000.0,0.0,138000000.0,138000000.0,138000000.0,0.0,0.0,0.075,265000000.0,244000000.0,384000000.0,0.526,1.477,11.61,11.57,7577000000.0,0.0,39.8,1.072,1.067,701000000.0,2049000000.0,1842000000.0,1842000000.0,0.0,,,,,0.0,0.0,1.0,142649172.0,142000000.0,142000000.0,12.972,13882000000.0,0.0,19000000.0,1944000000.0,97.761,778000000.0
82,DTE,MRQ,2000-12-31,2000-12-31,2000-12-31,2021-08-25,0.0,12656000000.0,,1652000000.0,11004000000.0,,28.035,-203000000.0,152000000.0,152000000.0,-25000000.0,139000000.0,0.807,2.157,4839000000.0,800000000.0,4039000000.0,4839000000.0,0.0,178000000.0,0.0,0.053,0.515,232000000.0,410000000.0,0.852,410000000.0,232000000.0,147000000.0,0.97,0.97,0.97,4009000000.0,,4009000000.0,10350836638.0,13.0,6.589,88000000.0,0.615,1.0,506000000.0,1.052,24000000.0,85000000.0,15272000000.0,,335000000.0,0.0,0.0,0.0,8647000000.0,2047000000.0,6600000000.0,5554836638.0,18000000.0,0.0,0.0,-71000000.0,-74000000.0,-145000000.0,-128000000.0,32000000.0,291000000.0,0.0,139000000.0,139000000.0,139000000.0,0.0,0.0,0.289,266000000.0,240000000.0,404000000.0,0.531,1.386,11.869,11.908,7387000000.0,0.0,38.94,1.198,1.201,750000000.0,2097000000.0,481000000.0,481000000.0,0.0,,,,,0.0,0.0,1.0,142651172.0,143000000.0,143000000.0,3.364,12632000000.0,0.0,8000000.0,2084000000.0,88.336,-395000000.0
83,DTE,MRQ,2000-09-30,2000-09-30,2000-09-30,2021-08-25,0.0,12346000000.0,,1394000000.0,10952000000.0,,27.615,-150000000.0,124000000.0,124000000.0,1097000000.0,104000000.0,0.784,2.126,4920000000.0,878000000.0,4042000000.0,4920000000.0,0.0,202000000.0,0.0,0.054,0.515,166000000.0,368000000.0,0.238,368000000.0,166000000.0,80000000.0,0.73,0.73,0.73,3949000000.0,,3949000000.0,9538524109.0,12.0,6.202,166000000.0,1.161,1.0,450000000.0,0.291,0.0,86000000.0,15365000000.0,,323000000.0,0.0,0.0,0.0,8397000000.0,1777000000.0,6620000000.0,5459524109.0,6000000.0,0.0,0.0,-87000000.0,-73000000.0,-160000000.0,-150000000.0,0.0,316000000.0,0.0,104000000.0,104000000.0,104000000.0,0.0,0.0,0.067,278000000.0,172000000.0,231000000.0,0.705,1.383,12.816,12.886,7327000000.0,0.0,38.27,1.036,1.038,690000000.0,2031000000.0,1547000000.0,1547000000.0,0.0,,,,,0.0,0.0,1.0,142658064.0,143000000.0,143000000.0,10.818,12346000000.0,0.0,-24000000.0,1901000000.0,86.336,-383000000.0
84,DTE,MRQ,2000-06-30,2000-06-30,2000-06-30,2021-08-25,0.0,11044000000.0,,1035000000.0,10009000000.0,,25.587,-220000000.0,14000000.0,14000000.0,965000000.0,108000000.0,0.79,2.018,4093000000.0,602000000.0,3491000000.0,4093000000.0,0.0,186000000.0,0.0,0.067,0.515,202000000.0,388000000.0,0.272,388000000.0,202000000.0,120000000.0,0.76,0.76,0.76,3659000000.0,,3659000000.0,9132694795.0,10.0,5.603,4000000.0,0.028,1.0,463000000.0,0.324,0.0,82000000.0,13813000000.0,,309000000.0,0.0,0.0,0.0,7385000000.0,1310000000.0,6075000000.0,4359694795.0,15000000.0,0.0,-8000000.0,93000000.0,-74000000.0,11000000.0,-220000000.0,0.0,224000000.0,0.0,108000000.0,108000000.0,108000000.0,0.0,0.0,0.076,260000000.0,203000000.0,229000000.0,0.678,1.191,9.026,9.122,6631000000.0,0.0,30.56,0.844,0.846,494000000.0,1708000000.0,1428000000.0,1428000000.0,0.0,,,,,0.0,0.0,1.0,142660170.0,143000000.0,143000000.0,9.986,11044000000.0,0.0,12000000.0,1947000000.0,77.231,-275000000.0
85,DTE,MRQ,2000-03-31,2000-03-31,2000-03-31,2021-08-25,0.0,12369000000.0,,1360000000.0,11009000000.0,,26.857,-176000000.0,158000000.0,158000000.0,699000000.0,117000000.0,0.889,2.187,4931000000.0,700000000.0,4231000000.0,4931000000.0,0.0,192000000.0,0.0,0.071,0.515,213000000.0,405000000.0,0.343,405000000.0,213000000.0,130000000.0,0.81,0.81,0.81,3881000000.0,,3881000000.0,8258624893.0,9.0,5.07,8000000.0,0.055,1.0,483000000.0,0.409,0.0,83000000.0,15612000000.0,,325000000.0,0.0,0.0,0.0,8488000000.0,1530000000.0,6958000000.0,4233624893.0,-8000000.0,0.0,-62000000.0,121000000.0,-75000000.0,-16000000.0,-176000000.0,0.0,184000000.0,0.0,117000000.0,117000000.0,117000000.0,0.0,0.0,0.099,268000000.0,215000000.0,243000000.0,0.636,1.091,8.729,8.713,7221000000.0,0.0,29.19,0.866,0.863,511000000.0,1963000000.0,1182000000.0,1182000000.0,0.0,,,,,0.0,0.0,1.0,145036824.0,144508000.0,144535000.0,8.179,12369000000.0,0.0,13000000.0,1987000000.0,85.594,-170000000.0
86,DTE,MRQ,1999-12-31,1999-12-31,1999-12-31,2021-08-25,0.0,11051000000.0,,968000000.0,10083000000.0,,25.021,-209000000.0,4000000.0,4000000.0,666000000.0,97000000.0,0.754,2.046,4029000000.0,592000000.0,3437000000.0,4029000000.0,0.0,188000000.0,0.0,0.065,0.515,189000000.0,377000000.0,0.338,377000000.0,189000000.0,109000000.0,0.67,0.67,0.67,3628000000.0,,3628000000.0,9268778379.0,10.0,5.729,138000000.0,0.952,1.0,448000000.0,0.402,0.0,80000000.0,13793000000.0,,315000000.0,0.0,0.0,0.0,7423000000.0,1283000000.0,6140000000.0,4587778379.0,-21000000.0,0.0,0.0,-296000000.0,-75000000.0,-186000000.0,-182000000.0,37000000.0,347000000.0,0.0,97000000.0,97000000.0,97000000.0,0.0,0.0,0.087,254000000.0,194000000.0,224000000.0,0.769,1.265,9.499,9.498,6566000000.0,0.0,31.63,0.97,0.97,482000000.0,1677000000.0,1114000000.0,1114000000.0,0.0,,,,,0.0,0.0,1.0,145045159.0,145000000.0,145000000.0,7.683,11051000000.0,0.0,12000000.0,1963000000.0,76.214,-315000000.0
87,DTE,MRQ,1999-09-30,1999-09-30,1999-09-30,2021-08-25,0.0,12316000000.0,,1454000000.0,10862000000.0,,26.607,-149000000.0,371000000.0,371000000.0,907000000.0,161000000.0,0.86,2.192,5052000000.0,949000000.0,4103000000.0,5052000000.0,0.0,183000000.0,0.0,0.057,0.515,277000000.0,460000000.0,0.319,460000000.0,277000000.0,182000000.0,1.11,1.11,1.11,3858000000.0,,3858000000.0,10083742884.0,11.0,6.255,172000000.0,1.186,1.0,533000000.0,0.37,0.0,95000000.0,15306000000.0,,308000000.0,0.0,0.0,0.0,8458000000.0,1691000000.0,6767000000.0,5276742884.0,19000000.0,0.0,0.0,107000000.0,-75000000.0,-153000000.0,-149000000.0,0.0,321000000.0,0.0,161000000.0,161000000.0,161000000.0,0.0,0.0,0.112,252000000.0,281000000.0,215000000.0,0.464,1.368,10.725,10.732,7065000000.0,0.0,36.38,1.14,1.14,591000000.0,1908000000.0,1440000000.0,1440000000.0,0.0,,,,,0.0,0.0,1.0,145045159.0,145000000.0,145000000.0,9.931,12316000000.0,0.0,21000000.0,1975000000.0,84.938,-237000000.0
88,DTE,MRQ,1999-06-30,1999-06-30,1999-06-30,2021-08-25,0.0,12181000000.0,,1252000000.0,10929000000.0,,26.007,-217000000.0,158000000.0,158000000.0,686000000.0,110000000.0,0.775,2.23,4965000000.0,883000000.0,4082000000.0,4965000000.0,0.0,182000000.0,0.0,0.051,0.515,205000000.0,387000000.0,0.337,387000000.0,205000000.0,123000000.0,0.76,0.76,0.76,3771000000.0,,3771000000.0,10715590229.0,12.0,6.869,61000000.0,0.421,1.0,464000000.0,0.403,0.0,82000000.0,15373000000.0,,321000000.0,0.0,0.0,0.0,8410000000.0,1615000000.0,6795000000.0,5910590229.0,-6000000.0,0.0,0.0,7000000.0,-74000000.0,-67000000.0,-217000000.0,0.0,278000000.0,0.0,110000000.0,110000000.0,110000000.0,0.0,0.0,0.096,253000000.0,211000000.0,233000000.0,0.678,1.567,12.766,12.774,7049000000.0,0.0,40.75,1.348,1.347,549000000.0,1821000000.0,1150000000.0,1150000000.0,0.0,,,,,0.0,0.0,1.0,145045159.0,145000000.0,145000000.0,7.931,12181000000.0,0.0,13000000.0,1983000000.0,84.007,-363000000.0
89,DTE,MRQ,1999-03-31,1999-03-31,1999-03-31,2021-08-25,0.0,12053000000.0,,1204000000.0,10849000000.0,,25.766,-164000000.0,173000000.0,173000000.0,556000000.0,115000000.0,0.79,2.226,4978000000.0,870000000.0,4108000000.0,4978000000.0,0.0,182000000.0,0.0,0.054,0.515,212000000.0,394000000.0,0.385,394000000.0,212000000.0,129000000.0,0.79,0.79,0.79,3736000000.0,,3736000000.0,10291120507.0,11.0,6.53,-26000000.0,-0.179,1.0,468000000.0,0.457,0.0,83000000.0,15334000000.0,,313000000.0,0.0,0.0,0.0,8317000000.0,1524000000.0,6793000000.0,5576120507.0,-89000000.0,0.0,0.0,12000000.0,-75000000.0,-63000000.0,-164000000.0,0.0,138000000.0,0.0,115000000.0,115000000.0,115000000.0,0.0,0.0,0.112,253000000.0,215000000.0,187000000.0,0.652,1.493,12.282,12.321,6989000000.0,0.0,38.44,1.297,1.296,465000000.0,1786000000.0,1024000000.0,1024000000.0,0.0,,,,,0.0,0.0,1.0,145060367.0,145000000.0,145000000.0,7.062,12053000000.0,0.0,14000000.0,1946000000.0,83.124,-320000000.0
90,DTE,MRQ,1998-12-31,1998-12-31,1998-12-31,2021-08-25,0.0,10987000000.0,,885000000.0,10102000000.0,,24.228,66000000.0,5000000.0,5000000.0,593000000.0,106000000.0,0.701,2.128,4156000000.0,568000000.0,3588000000.0,4156000000.0,0.0,187000000.0,0.0,0.048,0.515,184000000.0,371000000.0,0.366,371000000.0,184000000.0,101000000.0,0.73,0.73,0.73,3513000000.0,,3513000000.0,10876936045.0,12.0,6.897,246000000.0,1.697,1.0,420000000.0,0.415,0.0,83000000.0,13876000000.0,,309000000.0,0.0,0.0,0.0,7474000000.0,1262000000.0,6212000000.0,6246936045.0,70000000.0,-213000000.0,0.0,165000000.0,-75000000.0,37000000.0,-147000000.0,0.0,180000000.0,0.0,106000000.0,106000000.0,106000000.0,0.0,0.0,0.105,230000000.0,190000000.0,211000000.0,0.705,1.778,14.101,14.118,6428000000.0,0.0,43.06,1.48,1.479,460000000.0,1562000000.0,1013000000.0,1013000000.0,0.0,,,,,0.0,0.0,1.0,145075152.0,145000000.0,145000000.0,6.986,10987000000.0,0.0,-5000000.0,1906000000.0,75.772,-377000000.0
91,DTE,MRQ,1998-09-30,1998-09-30,1998-09-30,2021-08-25,0.0,11812000000.0,,1187000000.0,10625000000.0,,25.648,-414000000.0,181000000.0,181000000.0,697000000.0,132000000.0,0.801,2.176,4811000000.0,682000000.0,4129000000.0,4811000000.0,0.0,147000000.0,0.0,0.046,0.515,261000000.0,408000000.0,0.34,408000000.0,261000000.0,178000000.0,0.91,0.91,0.91,3719000000.0,,3719000000.0,11022946119.0,11.0,6.668,-212000000.0,-1.462,1.0,502000000.0,0.419,0.0,83000000.0,14960000000.0,,340000000.0,0.0,0.0,0.0,8093000000.0,1482000000.0,6611000000.0,6555946119.0,28000000.0,5000000.0,0.0,257000000.0,-75000000.0,183000000.0,-357000000.0,41000000.0,202000000.0,0.0,132000000.0,132000000.0,132000000.0,0.0,0.0,0.11,236000000.0,266000000.0,284000000.0,0.566,1.763,14.069,14.034,9153000000.0,0.0,45.19,1.568,1.567,527000000.0,1720000000.0,1199000000.0,1199000000.0,0.0,,,,,0.0,0.0,1.0,145075152.0,145000000.0,145000000.0,8.269,11812000000.0,0.0,46000000.0,2299000000.0,81.462,-295000000.0
92,DTE,MRQ,1998-06-30,1998-06-30,1998-06-30,2021-08-25,0.0,11595000000.0,,1178000000.0,10417000000.0,,25.248,-116000000.0,94000000.0,94000000.0,585000000.0,101000000.0,0.807,2.167,4561000000.0,594000000.0,3967000000.0,4561000000.0,0.0,162000000.0,0.0,0.051,0.515,241000000.0,403000000.0,0.379,403000000.0,241000000.0,162000000.0,0.69,0.69,0.69,3661000000.0,,3661000000.0,10215134638.0,10.0,6.059,113000000.0,0.779,1.0,479000000.0,0.45,0.0,79000000.0,14602000000.0,,335000000.0,0.0,0.0,0.0,7934000000.0,1460000000.0,6474000000.0,5858134638.0,-21000000.0,0.0,0.0,67000000.0,-75000000.0,-105000000.0,-145000000.0,-12000000.0,229000000.0,0.0,101000000.0,101000000.0,101000000.0,0.0,0.0,0.095,231000000.0,248000000.0,194000000.0,0.746,1.6,12.571,12.54,8897000000.0,0.0,40.38,1.46,1.459,471000000.0,1662000000.0,1064000000.0,1064000000.0,0.0,,,,,0.0,0.0,1.0,145075152.0,145000000.0,145000000.0,7.338,11595000000.0,0.0,61000000.0,2307000000.0,79.966,-282000000.0
93,DTE,MRQ,1998-03-31,1998-03-31,1998-03-31,2021-08-25,0.0,11442000000.0,,989000000.0,10453000000.0,,25.759,-125000000.0,123000000.0,123000000.0,476000000.0,104000000.0,0.792,2.063,4480000000.0,588000000.0,3892000000.0,4480000000.0,0.0,165000000.0,0.0,0.052,0.515,230000000.0,395000000.0,0.418,395000000.0,230000000.0,156000000.0,0.72,0.72,0.72,3735000000.0,,3735000000.0,9635795658.0,10.0,5.784,98000000.0,0.676,1.0,469000000.0,0.496,0.0,74000000.0,14550000000.0,,292000000.0,0.0,0.0,0.0,7707000000.0,1249000000.0,6458000000.0,5703795658.0,8000000.0,-200000000.0,0.0,208000000.0,-75000000.0,133000000.0,-348000000.0,-29000000.0,223000000.0,0.0,104000000.0,104000000.0,104000000.0,0.0,0.0,0.11,236000000.0,233000000.0,146000000.0,0.715,1.527,12.675,12.599,8907000000.0,0.0,39.31,1.485,1.484,420000000.0,1640000000.0,945000000.0,945000000.0,0.0,,,,,0.0,0.0,1.0,145097829.0,145000000.0,145000000.0,6.517,11442000000.0,0.0,52000000.0,2312000000.0,78.91,-260000000.0
94,DTE,MRQ,1997-12-31,1997-12-31,1997-12-31,2021-08-25,0.0,11223000000.0,,935000000.0,10288000000.0,,25.559,51000000.0,99000000.0,99000000.0,451000000.0,129000000.0,0.919,2.028,4271000000.0,357000000.0,3914000000.0,4271000000.0,0.0,171000000.0,0.0,0.059,0.515,276000000.0,447000000.0,0.459,447000000.0,276000000.0,198000000.0,0.9,0.9,0.9,3706000000.0,,3706000000.0,,,,277000000.0,1.91,1.0,522000000.0,0.536,0.0,78000000.0,14378000000.0,,303000000.0,0.0,0.0,0.0,7517000000.0,1017000000.0,6500000000.0,5033443688.0,-48000000.0,-216000000.0,0.0,-76000000.0,-75000000.0,-151000000.0,-123000000.0,45000000.0,226000000.0,0.0,129000000.0,129000000.0,129000000.0,0.0,0.0,0.133,233000000.0,289000000.0,161000000.0,0.572,1.358,12.071,12.045,8934000000.0,0.0,34.69,1.337,1.336,442000000.0,1611000000.0,973000000.0,973000000.0,0.0,,,,,0.0,0.0,1.0,145097829.0,145000000.0,145000000.0,6.71,11223000000.0,0.0,69000000.0,2047000000.0,77.4,-82000000.0
95,DTE,MRQ,1997-09-30,1997-09-30,1997-09-30,2021-08-25,,,,,,,,-108000000.0,,,518000000.0,132000000.0,,,,,,,,159000000.0,,0.068,0.515,282000000.0,441000000.0,0.428,441000000.0,282000000.0,206000000.0,0.91,0.91,0.91,,,,,,,204000000.0,1.407,1.0,512000000.0,0.497,,76000000.0,,,,,,,,,,,12000000.0,0.0,0.0,-112000000.0,-75000000.0,-187000000.0,-113000000.0,-8000000.0,312000000.0,0.0,132000000.0,132000000.0,132000000.0,0.0,0.0,0.128,227000000.0,285000000.0,,0.566,,,,,0.0,30.44,,,,,1030000000.0,1030000000.0,0.0,,,,,0.0,0.0,1.0,,145000000.0,145000000.0,7.103,,,74000000.0,,,
96,DTE,MRQ,1997-06-30,1997-06-30,1997-06-30,2021-08-25,,,,,,,,-336000000.0,,,437000000.0,85000000.0,,,,,,,,165000000.0,,0.075,0.515,218000000.0,383000000.0,0.429,383000000.0,218000000.0,146000000.0,0.59,0.59,0.59,,,,,,,-204000000.0,-1.407,1.0,455000000.0,0.51,,72000000.0,,,,,,,,,,,14000000.0,0.0,0.0,319000000.0,-75000000.0,244000000.0,-362000000.0,-27000000.0,132000000.0,0.0,85000000.0,85000000.0,85000000.0,0.0,0.0,0.095,231000000.0,224000000.0,,0.873,,,,,0.0,27.63,,,,,892000000.0,892000000.0,0.0,,,,,0.0,0.0,1.0,,145000000.0,145000000.0,6.152,,,61000000.0,,,
97,DTE,MRQ,1997-03-31,1997-03-31,1997-03-31,2021-08-25,,,,,,,,-91000000.0,,,432000000.0,71000000.0,,,,,,,,166000000.0,,0.077,0.515,194000000.0,360000000.0,0.414,360000000.0,194000000.0,123000000.0,0.49,0.49,0.49,,,,,,,144000000.0,0.993,1.0,437000000.0,0.503,,71000000.0,,,,,,,,,,,14000000.0,0.0,0.0,-44000000.0,-75000000.0,-120000000.0,-101000000.0,-9000000.0,235000000.0,0.0,71000000.0,71000000.0,71000000.0,0.0,0.0,0.082,236000000.0,201000000.0,,1.051,,,,,0.0,26.88,,,,,869000000.0,869000000.0,0.0,,,,,0.0,0.0,1.0,,145000000.0,145000000.0,5.993,,,52000000.0,,,
98,DTE,MRQ,1996-12-31,1996-12-31,1996-12-31,2021-08-25,0.0,10874000000.0,,757000000.0,10117000000.0,,24.048,,2000000.0,2000000.0,,,0.837,2.118,4144000000.0,288000000.0,3856000000.0,4144000000.0,0.0,,0.0,0.064,0.515,,,,,,,,,,3487000000.0,,3487000000.0,,,,,,1.0,,,0.0,,14112000000.0,,264000000.0,0.0,0.0,0.0,7387000000.0,904000000.0,6483000000.0,,,,,,,,,,,,,,,,,,,,159000000.0,,,,15.202,8768000000.0,,32.38,,1.288,440000000.0,1392000000.0,,,,,,,,,,1.0,,145000000.0,,,10874000000.0,0.0,,2382000000.0,74.993,-147000000.0
0,DTE,MRT,2021-06-30,2021-06-30,2021-06-30,2021-08-25,-132000000.0,49636000000.0,46567500000.0,6402000000.0,43234000000.0,0.292,64.135,-3697000000.0,3450000000.0,3450000000.0,9682000000.0,1328000000.0,1.713,2.997,23137000000.0,1148000000.0,21989000000.0,23137000000.0,0.0,1488000000.0,0.0,0.041,5.353,2226000000.0,3714000000.0,0.274,3714000000.0,2226000000.0,1489000000.0,6.86,6.85,6.86,12378000000.0,12419500000.0,12378000000.0,44189065986.0,20.0,11.898,235000000.0,1.218,1.0,3897000000.0,0.287,4762000000.0,737000000.0,60824000000.0,57855250000.0,766000000.0,2393000000.0,171000000.0,2222000000.0,37097000000.0,3737000000.0,33360000000.0,25107065986.0,2829000000.0,0.0,-52000000.0,4032000000.0,-790000000.0,2710000000.0,-3813000000.0,-112000000.0,3932000000.0,0.0,1327000000.0,1327000000.0,1327000000.0,0.0,1000000.0,0.098,1965000000.0,1932000000.0,1173000000.0,0.78,2.028,18.92,18.892,29278000000.0,0.0,129.6,1.849,1.842,1550000000.0,7149000000.0,13579000000.0,13579000000.0,0.0,0.028,0.107,0.038,0.164,0.0,0.0,1.0,193727361.0,193000000.0,194000000.0,70.358,44874000000.0,0.0,162000000.0,3111000000.0,232.508,2665000000.0
1,DTE,MRT,2021-03-31,2021-03-31,2021-03-31,2021-08-25,-134000000.0,46699000000.0,45093250000.0,4376000000.0,42323000000.0,0.287,64.701,-3328000000.0,1570000000.0,1570000000.0,9041000000.0,1426000000.0,1.686,2.708,20652000000.0,554000000.0,20098000000.0,20652000000.0,0.0,1458000000.0,0.0,0.032,4.195,2297000000.0,3755000000.0,0.29,3755000000.0,2297000000.0,1571000000.0,7.38,7.37,7.38,12552000000.0,12256000000.0,12552000000.0,44935028687.0,20.0,11.967,365000000.0,1.881,1.0,3892000000.0,0.301,4784000000.0,726000000.0,58402000000.0,55938000000.0,664000000.0,2270000000.0,73000000.0,2197000000.0,33985000000.0,2595000000.0,31390000000.0,25799028687.0,894000000.0,2000000.0,-52000000.0,1928000000.0,-775000000.0,634000000.0,-3433000000.0,-98000000.0,3693000000.0,0.0,1425000000.0,1425000000.0,1425000000.0,0.0,1000000.0,0.11,1915000000.0,1977000000.0,955000000.0,0.568,2.055,18.105,18.041,28417000000.0,0.0,133.14,1.995,1.997,1553000000.0,7342000000.0,12933000000.0,12933000000.0,0.0,0.032,0.116,0.041,0.178,0.0,0.0,1.0,193773687.0,194000000.0,194000000.0,66.665,41915000000.0,0.0,146000000.0,3054000000.0,216.057,1781000000.0
2,DTE,MRT,2020-12-31,2020-12-31,2020-12-31,2021-08-25,-137000000.0,45496000000.0,44226500000.0,3498000000.0,41998000000.0,0.275,64.378,-3844000000.0,516000000.0,516000000.0,8303000000.0,1371000000.0,1.3,2.648,19652000000.0,540000000.0,19112000000.0,19652000000.0,0.0,1443000000.0,0.0,0.034,4.123,2255000000.0,3698000000.0,0.304,3698000000.0,2255000000.0,1535000000.0,7.09,7.08,7.09,12425000000.0,12073500000.0,12425000000.0,42360070186.0,19.0,11.455,-147000000.0,-0.762,1.0,3874000000.0,0.318,4805000000.0,720000000.0,57136000000.0,54441500000.0,716000000.0,2304000000.0,116000000.0,2188000000.0,32907000000.0,2691000000.0,30216000000.0,23500070186.0,423000000.0,-126000000.0,2000000.0,2020000000.0,-760000000.0,796000000.0,-4070000000.0,-98000000.0,3697000000.0,0.0,1368000000.0,1368000000.0,1368000000.0,0.0,3000000.0,0.112,1888000000.0,1986000000.0,1029000000.0,0.582,1.891,17.178,17.124,28121000000.0,0.0,121.41,1.93,1.924,1665000000.0,7156000000.0,12177000000.0,12177000000.0,0.0,0.031,0.113,0.041,0.185,0.0,0.0,1.0,193559593.0,193000000.0,193000000.0,63.093,40691000000.0,0.0,167000000.0,2984000000.0,210.834,807000000.0
3,DTE,MRT,2020-09-30,2020-09-30,2020-09-30,2021-08-25,-138000000.0,44439000000.0,43419500000.0,3821000000.0,40618000000.0,0.277,63.85,-3719000000.0,962000000.0,962000000.0,8253000000.0,1364000000.0,1.118,2.593,19822000000.0,1487000000.0,18335000000.0,19822000000.0,0.0,1399000000.0,0.0,0.035,4.05,2213000000.0,3612000000.0,0.3,3612000000.0,2213000000.0,1508000000.0,7.07,7.06,7.07,12323000000.0,11885250000.0,12323000000.0,40619541245.0,18.0,11.246,-190000000.0,-0.984,1.0,3784000000.0,0.314,4823000000.0,705000000.0,55059000000.0,52890250000.0,815000000.0,2214000000.0,65000000.0,2149000000.0,31951000000.0,3417000000.0,28534000000.0,22162541245.0,886000000.0,-2422000000.0,2288000000.0,2558000000.0,-748000000.0,3624000000.0,-6267000000.0,-119000000.0,3529000000.0,0.0,1360000000.0,1360000000.0,1360000000.0,0.0,4000000.0,0.113,1848000000.0,1936000000.0,964000000.0,0.573,1.798,16.296,16.272,27316000000.0,0.0,115.04,1.841,1.845,1419000000.0,7092000000.0,12037000000.0,12037000000.0,0.0,0.031,0.114,0.042,0.184,0.0,0.0,1.0,192650741.0,193000000.0,193000000.0,62.368,39616000000.0,0.0,148000000.0,2899000000.0,205.264,404000000.0
4,DTE,MRT,2020-06-30,2020-06-30,2020-06-30,2021-08-25,-141000000.0,43739000000.0,41896000000.0,3497000000.0,40242000000.0,0.283,61.062,-3620000000.0,621000000.0,621000000.0,8275000000.0,1204000000.0,0.833,2.716,19078000000.0,1616000000.0,17462000000.0,19078000000.0,0.0,1365000000.0,0.0,0.037,3.982,2024000000.0,3389000000.0,0.285,3389000000.0,2024000000.0,1335000000.0,6.34,6.33,6.34,11724000000.0,11489500000.0,11724000000.0,38729777315.0,19.0,11.428,-657000000.0,-3.422,1.0,3597000000.0,0.303,4845000000.0,689000000.0,53155000000.0,50900000000.0,785000000.0,2231000000.0,105000000.0,2126000000.0,31847000000.0,4196000000.0,27651000000.0,20705777315.0,559000000.0,-2596000000.0,2288000000.0,2543000000.0,-737000000.0,3999000000.0,-6403000000.0,-180000000.0,2963000000.0,0.0,1203000000.0,1203000000.0,1203000000.0,0.0,1000000.0,0.101,1819000000.0,1778000000.0,1025000000.0,0.628,1.766,17.212,16.956,26885000000.0,0.0,107.5,1.744,1.739,1375000000.0,6618000000.0,11872000000.0,11872000000.0,0.0,0.029,0.105,0.04,0.17,0.0,0.0,1.0,192611882.0,192000000.0,193000000.0,61.833,38894000000.0,0.0,132000000.0,2813000000.0,202.573,-699000000.0
5,DTE,MRT,2020-03-31,2020-03-31,2020-03-31,2021-08-25,-145000000.0,43232000000.0,40174000000.0,3526000000.0,39706000000.0,0.303,61.573,-3513000000.0,676000000.0,676000000.0,8726000000.0,1106000000.0,0.888,2.643,18700000000.0,1550000000.0,17150000000.0,18700000000.0,0.0,1320000000.0,0.0,0.041,3.915,1919000000.0,3239000000.0,0.266,3239000000.0,1919000000.0,1255000000.0,5.89,5.88,5.89,11822000000.0,11157500000.0,11822000000.0,35773529459.0,19.0,11.045,-555000000.0,-2.891,1.0,3451000000.0,0.283,4868000000.0,664000000.0,52416000000.0,48914000000.0,707000000.0,2254000000.0,112000000.0,2142000000.0,31244000000.0,3972000000.0,27272000000.0,18256529459.0,615000000.0,-2598000000.0,2288000000.0,2808000000.0,-715000000.0,3983000000.0,-6326000000.0,-199000000.0,2958000000.0,0.0,1108000000.0,1108000000.0,1108000000.0,0.0,-2000000.0,0.091,1740000000.0,1711000000.0,1028000000.0,0.665,1.544,16.477,16.124,26400000000.0,0.0,94.97,1.499,1.497,1482000000.0,6732000000.0,12177000000.0,12177000000.0,0.0,0.028,0.099,0.039,0.158,0.0,0.0,1.0,192234700.0,192000000.0,192000000.0,63.422,38364000000.0,0.0,147000000.0,2718000000.0,199.812,-446000000.0
6,DTE,MRT,2019-12-31,2019-12-31,2019-12-31,2021-08-25,-148000000.0,42268000000.0,38474500000.0,3086000000.0,39182000000.0,0.329,63.092,-2997000000.0,93000000.0,93000000.0,9270000000.0,1172000000.0,0.772,2.607,17610000000.0,1548000000.0,16062000000.0,17610000000.0,0.0,1263000000.0,0.0,0.03,3.848,1962000000.0,3225000000.0,0.255,3225000000.0,1962000000.0,1321000000.0,6.32,6.31,6.32,11672000000.0,10838250000.0,11672000000.0,39668704754.0,20.0,12.3,-348000000.0,-1.881,1.0,3399000000.0,0.268,4857000000.0,641000000.0,50931000000.0,46847250000.0,759000000.0,2238000000.0,133000000.0,2105000000.0,30432000000.0,3997000000.0,26435000000.0,23817704754.0,17000000.0,-2470000000.0,2288000000.0,1904000000.0,-692000000.0,3100000000.0,-5732000000.0,-243000000.0,2649000000.0,0.0,1169000000.0,1169000000.0,1169000000.0,0.0,3000000.0,0.092,1692000000.0,1707000000.0,1076000000.0,0.609,2.041,20.374,20.549,25486000000.0,0.0,129.87,1.88,1.896,1642000000.0,6587000000.0,12669000000.0,12669000000.0,0.0,0.03,0.108,0.042,0.155,0.0,0.0,1.0,183396510.0,185000000.0,185000000.0,68.481,37411000000.0,0.0,152000000.0,2481000000.0,202.222,-911000000.0
7,DTE,MRT,2019-09-30,2019-09-30,2019-09-30,2021-08-25,-146000000.0,38345000000.0,36979500000.0,2985000000.0,35360000000.0,0.359,58.689,-3093000000.0,76000000.0,76000000.0,9984000000.0,1100000000.0,0.772,2.555,15927000000.0,1964000000.0,13963000000.0,15927000000.0,0.0,1221000000.0,0.0,0.028,3.78,1807000000.0,3028000000.0,0.228,3028000000.0,1807000000.0,1192000000.0,5.98,5.95,5.98,10740000000.0,10479500000.0,10740000000.0,39515798287.0,22.0,13.05,-559000000.0,-3.055,1.0,3287000000.0,0.248,3233000000.0,615000000.0,47098000000.0,44833000000.0,806000000.0,2143000000.0,75000000.0,2068000000.0,27441000000.0,3865000000.0,23576000000.0,24371798287.0,-28000000.0,-174000000.0,-7000000.0,2079000000.0,-679000000.0,1007000000.0,-3569000000.0,-279000000.0,2534000000.0,0.0,1093000000.0,1093000000.0,1093000000.0,0.0,7000000.0,0.082,1663000000.0,1624000000.0,1033000000.0,0.632,2.269,22.298,22.234,23903000000.0,0.0,132.96,1.836,1.833,1453000000.0,6516000000.0,13271000000.0,13271000000.0,0.0,0.03,0.104,0.04,0.136,0.0,0.0,1.0,183301732.0,183000000.0,184000000.0,72.519,35112000000.0,153000000.0,99000000.0,2420000000.0,191.869,-880000000.0
8,DTE,MRT,2019-06-30,2019-06-30,2019-06-30,2021-08-25,-146000000.0,36851000000.0,36216250000.0,2726000000.0,34125000000.0,0.378,56.809,-2952000000.0,62000000.0,62000000.0,10478000000.0,1118000000.0,0.746,2.528,15206000000.0,1535000000.0,13671000000.0,15206000000.0,0.0,1172000000.0,0.0,0.029,3.717,1789000000.0,2961000000.0,0.216,2961000000.0,1789000000.0,1194000000.0,6.08,6.06,6.08,10396000000.0,10346250000.0,10396000000.0,37930205165.0,21.0,12.81,-338000000.0,-1.847,1.0,3224000000.0,0.235,3130000000.0,595000000.0,45211000000.0,43961500000.0,765000000.0,2085000000.0,113000000.0,1972000000.0,26282000000.0,3654000000.0,22628000000.0,23429205165.0,-24000000.0,0.0,-6000000.0,1876000000.0,-656000000.0,843000000.0,-3481000000.0,-489000000.0,2614000000.0,0.0,1108000000.0,1108000000.0,1108000000.0,0.0,10000000.0,0.081,1621000000.0,1603000000.0,1051000000.0,0.611,2.254,21.145,21.033,22439000000.0,0.0,127.88,1.71,1.708,1436000000.0,6198000000.0,13702000000.0,13702000000.0,0.0,0.031,0.107,0.041,0.131,0.0,0.0,1.0,183212427.0,183000000.0,184000000.0,74.874,33721000000.0,0.0,86000000.0,2199000000.0,184.268,-928000000.0
9,DTE,MRT,2019-03-31,2019-03-31,2019-03-31,2021-08-25,-143000000.0,36434000000.0,35586000000.0,2840000000.0,33594000000.0,0.393,57.94,-2854000000.0,61000000.0,61000000.0,10760000000.0,1175000000.0,0.779,2.41,14562000000.0,1688000000.0,12874000000.0,14562000000.0,0.0,1139000000.0,0.0,0.029,3.655,1820000000.0,2959000000.0,0.212,2959000000.0,1820000000.0,1244000000.0,6.38,6.36,6.38,10545000000.0,10208250000.0,10545000000.0,36859160467.0,20.0,12.457,-260000000.0,-1.429,1.0,3213000000.0,0.23,3139000000.0,576000000.0,44149000000.0,43102250000.0,604000000.0,2024000000.0,72000000.0,1952000000.0,25414000000.0,3647000000.0,21767000000.0,22693160467.0,-125000000.0,0.0,0.0,1492000000.0,-634000000.0,790000000.0,-3509000000.0,-624000000.0,2594000000.0,0.0,1160000000.0,1160000000.0,1160000000.0,0.0,15000000.0,0.083,1581000000.0,1632000000.0,981000000.0,0.573,2.152,19.563,19.552,22002000000.0,0.0,124.74,1.624,1.625,1683000000.0,6364000000.0,13973000000.0,13973000000.0,0.0,0.033,0.114,0.042,0.13,0.0,0.0,1.0,181923685.0,182000000.0,183000000.0,76.775,33295000000.0,0.0,84000000.0,2166000000.0,182.94,-807000000.0
10,DTE,MRT,2018-12-31,2018-12-31,2018-12-31,2021-08-25,-120000000.0,36288000000.0,34937750000.0,3260000000.0,33028000000.0,0.407,56.558,-2713000000.0,76000000.0,76000000.0,11062000000.0,1118000000.0,0.735,2.498,14242000000.0,2108000000.0,12134000000.0,14242000000.0,0.0,1124000000.0,0.0,0.033,3.592,1777000000.0,2901000000.0,0.204,2901000000.0,1777000000.0,1218000000.0,6.18,6.17,6.18,10237000000.0,10044000000.0,10237000000.0,33660330147.0,19.0,11.603,-33000000.0,-0.182,1.0,3150000000.0,0.222,3142000000.0,559000000.0,42874000000.0,42285000000.0,811000000.0,1968000000.0,102000000.0,1866000000.0,25571000000.0,4438000000.0,21133000000.0,20066330147.0,-13000000.0,0.0,0.0,1315000000.0,-620000000.0,654000000.0,-3347000000.0,-611000000.0,2680000000.0,0.0,1120000000.0,1120000000.0,1120000000.0,0.0,-2000000.0,0.079,1556000000.0,1594000000.0,1329000000.0,0.581,1.96,17.916,17.848,21650000000.0,0.0,110.3,1.412,1.405,1789000000.0,6112000000.0,14212000000.0,14212000000.0,0.0,0.032,0.112,0.042,0.125,0.0,0.0,1.0,181925024.0,181000000.0,181000000.0,78.519,33146000000.0,0.0,98000000.0,2113000000.0,183.127,-1178000000.0
11,DTE,MRT,2018-09-30,2018-09-30,2018-09-30,2021-08-25,-118000000.0,35292000000.0,34307500000.0,3103000000.0,32189000000.0,0.4,56.082,-2457000000.0,104000000.0,104000000.0,10558000000.0,1202000000.0,1.466,2.41,13698000000.0,78000000.0,13620000000.0,13698000000.0,0.0,1100000000.0,0.0,0.032,3.529,1815000000.0,2915000000.0,0.212,2915000000.0,1815000000.0,1271000000.0,6.74,6.73,6.74,10207000000.0,9862750000.0,10207000000.0,32934841001.0,18.0,11.298,157000000.0,0.863,1.0,3175000000.0,0.231,3157000000.0,544000000.0,43612000000.0,41721750000.0,767000000.0,1865000000.0,97000000.0,1768000000.0,24602000000.0,2117000000.0,22485000000.0,19836841001.0,18000000.0,0.0,7000000.0,1134000000.0,-607000000.0,500000000.0,-3096000000.0,-642000000.0,2614000000.0,0.0,1216000000.0,1216000000.0,1216000000.0,0.0,-14000000.0,0.089,1541000000.0,1634000000.0,1160000000.0,0.524,1.943,16.313,16.191,21612000000.0,0.0,109.13,1.444,1.446,1690000000.0,6093000000.0,13733000000.0,13733000000.0,0.0,0.035,0.123,0.044,0.132,0.0,0.0,1.0,181772574.0,182000000.0,182000000.0,75.456,32135000000.0,0.0,55000000.0,2114000000.0,176.566,986000000.0
12,DTE,MRT,2018-06-30,2018-06-30,2018-06-30,2021-08-25,-121000000.0,34330000000.0,33752250000.0,2895000000.0,31435000000.0,0.398,54.387,-2371000000.0,86000000.0,86000000.0,10275000000.0,1130000000.0,1.158,2.439,13184000000.0,479000000.0,12705000000.0,13184000000.0,0.0,1085000000.0,0.0,0.033,3.471,1795000000.0,2880000000.0,0.214,2880000000.0,1795000000.0,1247000000.0,6.41,6.4,6.41,9844000000.0,9654250000.0,9844000000.0,31547100182.0,18.0,10.954,-4000000.0,-0.022,1.0,3153000000.0,0.235,3155000000.0,548000000.0,41774000000.0,40762250000.0,675000000.0,1518000000.0,78000000.0,1440000000.0,24012000000.0,2499000000.0,21513000000.0,18807100182.0,2000000.0,0.0,6000000.0,996000000.0,-605000000.0,329000000.0,-2694000000.0,-343000000.0,2367000000.0,0.0,1152000000.0,1152000000.0,1152000000.0,0.0,-22000000.0,0.086,1514000000.0,1639000000.0,1059000000.0,0.541,1.911,16.326,16.167,21239000000.0,0.0,103.63,1.401,1.397,1690000000.0,5760000000.0,13428000000.0,13428000000.0,0.0,0.034,0.119,0.044,0.134,0.0,0.0,1.0,181483163.0,181000000.0,181000000.0,74.188,31175000000.0,0.0,95000000.0,2078000000.0,172.238,396000000.0
13,DTE,MRT,2018-03-31,2018-03-31,2018-03-31,2021-08-25,-123000000.0,33841000000.0,33315250000.0,2957000000.0,30884000000.0,0.394,54.933,-2222000000.0,186000000.0,186000000.0,10001000000.0,1069000000.0,1.164,2.374,12926000000.0,741000000.0,12185000000.0,12926000000.0,0.0,1062000000.0,0.0,0.033,3.414,1774000000.0,2836000000.0,0.216,2836000000.0,1774000000.0,1228000000.0,6.11,6.1,6.11,9888000000.0,9465250000.0,9888000000.0,31553894433.0,18.0,11.126,-54000000.0,-0.3,1.0,3123000000.0,0.238,3160000000.0,546000000.0,40880000000.0,40008750000.0,597000000.0,1353000000.0,84000000.0,1269000000.0,23478000000.0,2541000000.0,20937000000.0,18727894433.0,84000000.0,0.0,0.0,1093000000.0,-602000000.0,422000000.0,-2506000000.0,-242000000.0,2168000000.0,0.0,1095000000.0,1095000000.0,1095000000.0,0.0,-26000000.0,0.083,1493000000.0,1630000000.0,920000000.0,0.559,1.894,17.103,17.087,20870000000.0,0.0,104.4,1.427,1.432,1709000000.0,5848000000.0,13124000000.0,13124000000.0,0.0,0.033,0.116,0.044,0.135,0.0,0.0,1.0,179385962.0,180000000.0,180000000.0,72.911,30681000000.0,0.0,133000000.0,2058000000.0,170.45,416000000.0
14,DTE,MRT,2017-12-31,2017-12-31,2017-12-31,2021-08-25,-120000000.0,33767000000.0,32892250000.0,3081000000.0,30686000000.0,0.383,53.14,-2250000000.0,89000000.0,89000000.0,9434000000.0,1112000000.0,1.096,2.5,12915000000.0,730000000.0,12185000000.0,12915000000.0,0.0,1030000000.0,0.0,0.031,3.357,1845000000.0,2875000000.0,0.228,2875000000.0,1845000000.0,1309000000.0,6.32,6.32,6.32,9512000000.0,9291750000.0,9512000000.0,32113060706.0,17.0,11.17,-133000000.0,-0.743,1.0,3173000000.0,0.252,3160000000.0,536000000.0,40621000000.0,39517250000.0,779000000.0,1300000000.0,103000000.0,1197000000.0,23777000000.0,2812000000.0,20965000000.0,19636060706.0,-24000000.0,0.0,-51000000.0,1135000000.0,-592000000.0,421000000.0,-2562000000.0,-274000000.0,2117000000.0,0.0,1134000000.0,1134000000.0,1134000000.0,0.0,-22000000.0,0.09,1462000000.0,1711000000.0,1171000000.0,0.531,2.064,17.316,17.32,20721000000.0,0.0,109.46,1.558,1.554,1758000000.0,5643000000.0,12607000000.0,12607000000.0,0.0,0.034,0.122,0.047,0.146,0.0,0.0,1.0,179390286.0,179000000.0,179000000.0,70.43,30607000000.0,0.0,175000000.0,2010000000.0,170.989,269000000.0
15,DTE,MRT,2017-09-30,2017-09-30,2017-09-30,2021-08-25,-120000000.0,33071000000.0,32460750000.0,2815000000.0,30256000000.0,0.376,52.363,-2275000000.0,86000000.0,86000000.0,9097000000.0,956000000.0,1.084,2.477,12563000000.0,768000000.0,11795000000.0,12563000000.0,0.0,1030000000.0,0.0,0.031,3.3,1782000000.0,2812000000.0,0.23,2812000000.0,1782000000.0,1247000000.0,5.47,5.46,5.47,9373000000.0,9166500000.0,9373000000.0,31365694641.0,18.0,11.154,-408000000.0,-2.279,1.0,3113000000.0,0.255,3176000000.0,535000000.0,39774000000.0,38898250000.0,816000000.0,1183000000.0,76000000.0,1107000000.0,23218000000.0,2598000000.0,20620000000.0,19259694641.0,-3000000.0,-1147000000.0,603000000.0,1778000000.0,-582000000.0,1819000000.0,-3689000000.0,-207000000.0,1867000000.0,0.0,978000000.0,978000000.0,978000000.0,0.0,-22000000.0,0.08,1432000000.0,1681000000.0,994000000.0,0.603,2.055,19.693,19.627,20307000000.0,0.0,107.36,1.577,1.574,1395000000.0,5515000000.0,12210000000.0,12210000000.0,0.0,0.03,0.107,0.046,0.146,0.0,0.0,1.0,179393579.0,179000000.0,179000000.0,68.212,29895000000.0,0.0,269000000.0,4534000000.0,167.011,217000000.0
16,DTE,MRT,2017-06-30,2017-06-30,2017-06-30,2021-08-25,-125000000.0,32582000000.0,31558500000.0,2631000000.0,29951000000.0,0.377,50.771,-2220000000.0,84000000.0,84000000.0,8740000000.0,1018000000.0,0.958,2.532,12190000000.0,832000000.0,11358000000.0,12190000000.0,0.0,1002000000.0,0.0,0.031,3.245,1854000000.0,2856000000.0,0.24,2856000000.0,1854000000.0,1351000000.0,5.84,5.83,5.84,9088000000.0,9105750000.0,9088000000.0,30705395585.0,17.0,10.751,-229000000.0,-1.279,1.0,3153000000.0,0.265,3181000000.0,503000000.0,38760000000.0,37754750000.0,743000000.0,1150000000.0,81000000.0,1069000000.0,23011000000.0,2747000000.0,20264000000.0,18977395585.0,29000000.0,-1147000000.0,603000000.0,1628000000.0,-565000000.0,1738000000.0,-3700000000.0,-268000000.0,1991000000.0,0.0,1046000000.0,1046000000.0,1046000000.0,0.0,-28000000.0,0.088,1399000000.0,1754000000.0,988000000.0,0.556,2.088,18.143,18.115,20063000000.0,0.0,105.79,1.596,1.592,1451000000.0,5245000000.0,11893000000.0,11893000000.0,0.0,0.033,0.115,0.049,0.156,0.0,0.0,1.0,179387424.0,179000000.0,179000000.0,66.441,29401000000.0,0.0,305000000.0,4431000000.0,164.251,-116000000.0
17,DTE,MRT,2017-03-31,2017-03-31,2017-03-31,2021-08-25,-129000000.0,32149000000.0,30605250000.0,2567000000.0,29582000000.0,0.369,51.363,-2176000000.0,102000000.0,102000000.0,8227000000.0,988000000.0,1.4,2.443,11830000000.0,72000000.0,11758000000.0,11830000000.0,0.0,996000000.0,0.0,0.031,3.15,1803000000.0,2799000000.0,0.248,2799000000.0,1803000000.0,1319000000.0,5.69,5.68,5.69,9194000000.0,9028250000.0,9194000000.0,29990903528.0,17.0,10.715,-50000000.0,-0.279,1.0,3073000000.0,0.272,3129000000.0,484000000.0,38914000000.0,36664750000.0,640000000.0,1080000000.0,68000000.0,1012000000.0,22461000000.0,1834000000.0,20627000000.0,18321903528.0,44000000.0,-1147000000.0,603000000.0,1370000000.0,-548000000.0,1513000000.0,-3595000000.0,-299000000.0,2126000000.0,0.0,1021000000.0,1021000000.0,1021000000.0,0.0,-33000000.0,0.09,1383000000.0,1690000000.0,910000000.0,0.554,1.993,17.945,17.946,19866000000.0,0.0,102.11,1.621,1.617,1408000000.0,5365000000.0,11300000000.0,11300000000.0,0.0,0.033,0.113,0.049,0.16,0.0,0.0,1.0,179432999.0,179000000.0,179000000.0,63.128,29020000000.0,0.0,298000000.0,4361000000.0,162.123,733000000.0
18,DTE,MRT,2016-12-31,2016-12-31,2016-12-31,2021-08-25,-133000000.0,32041000000.0,29709000000.0,2762000000.0,29279000000.0,0.358,50.341,-2045000000.0,113000000.0,113000000.0,7791000000.0,834000000.0,1.133,2.502,11782000000.0,513000000.0,11269000000.0,11782000000.0,0.0,976000000.0,0.0,0.031,3.055,1611000000.0,2587000000.0,0.243,2587000000.0,1611000000.0,1139000000.0,4.84,4.83,4.84,9011000000.0,8951500000.0,9011000000.0,27492132689.0,17.0,10.627,39000000.0,0.218,1.0,2839000000.0,0.267,3128000000.0,472000000.0,38145000000.0,35379750000.0,772000000.0,906000000.0,47000000.0,859000000.0,22542000000.0,2437000000.0,20105000000.0,17676132689.0,53000000.0,-1147000000.0,621000000.0,1169000000.0,-531000000.0,1359000000.0,-3390000000.0,-234000000.0,2084000000.0,0.0,868000000.0,868000000.0,868000000.0,0.0,-34000000.0,0.082,1353000000.0,1486000000.0,1079000000.0,0.631,1.962,20.364,20.353,19730000000.0,0.0,98.51,1.663,1.659,1522000000.0,5114000000.0,10630000000.0,10630000000.0,0.0,0.029,0.097,0.046,0.152,0.0,0.0,1.0,179434907.0,179000000.0,179000000.0,59.385,28913000000.0,0.0,271000000.0,4255000000.0,161.525,325000000.0
19,DTE,MRT,2016-09-30,2016-09-30,2016-09-30,2021-08-25,-138000000.0,29462000000.0,28864250000.0,2595000000.0,26867000000.0,0.355,51.006,-1977000000.0,87000000.0,87000000.0,7576000000.0,787000000.0,1.318,2.225,9903000000.0,425000000.0,9478000000.0,9903000000.0,0.0,929000000.0,0.0,0.032,2.96,1490000000.0,2419000000.0,0.236,2419000000.0,1490000000.0,1040000000.0,4.54,4.53,4.54,9130000000.0,8891750000.0,9130000000.0,26436676825.0,18.0,10.929,233000000.0,1.302,1.0,2667000000.0,0.26,2109000000.0,450000000.0,35200000000.0,34268250000.0,793000000.0,883000000.0,56000000.0,827000000.0,20313000000.0,1969000000.0,18344000000.0,16807676825.0,-1000000.0,0.0,-42000000.0,464000000.0,-524000000.0,-76000000.0,-2135000000.0,-232000000.0,2210000000.0,0.0,817000000.0,817000000.0,817000000.0,0.0,-30000000.0,0.08,1389000000.0,1278000000.0,813000000.0,0.652,1.841,20.572,20.632,18550000000.0,0.0,93.67,1.641,1.637,1250000000.0,5131000000.0,10243000000.0,10243000000.0,0.0,0.028,0.092,0.043,0.145,0.0,0.0,1.0,179435004.0,179000000.0,180000000.0,57.223,27353000000.0,130000000.0,223000000.0,4229000000.0,152.81,626000000.0
20,DTE,MRT,2016-06-30,2016-06-30,2016-06-30,2021-08-25,-142000000.0,28769000000.0,28662250000.0,2258000000.0,26511000000.0,0.346,49.039,-2002000000.0,54000000.0,54000000.0,7347000000.0,726000000.0,1.199,2.275,9683000000.0,340000000.0,9343000000.0,9683000000.0,0.0,895000000.0,0.0,0.029,2.92,1411000000.0,2306000000.0,0.233,2306000000.0,1411000000.0,959000000.0,4.13,4.12,4.13,8778000000.0,8812250000.0,8778000000.0,27312637244.0,19.0,11.844,10000000.0,0.056,1.0,2566000000.0,0.259,2115000000.0,452000000.0,34400000000.0,33892000000.0,717000000.0,798000000.0,53000000.0,745000000.0,19970000000.0,1883000000.0,18087000000.0,17785637244.0,-198000000.0,0.0,-42000000.0,445000000.0,-517000000.0,-104000000.0,-2106000000.0,-180000000.0,2012000000.0,0.0,744000000.0,744000000.0,744000000.0,0.0,-18000000.0,0.075,1355000000.0,1211000000.0,745000000.0,0.707,2.026,23.905,24.0,18295000000.0,0.0,99.12,1.794,1.79,1180000000.0,4791000000.0,9913000000.0,9913000000.0,0.0,0.026,0.084,0.042,0.142,0.0,0.0,1.0,179435404.0,179000000.0,180000000.0,55.38,26654000000.0,0.0,215000000.0,4119000000.0,148.905,375000000.0
21,DTE,MRT,2016-03-31,2016-03-31,2016-03-31,2021-08-25,-140000000.0,28564000000.0,28557500000.0,2362000000.0,26202000000.0,0.347,49.648,-2052000000.0,58000000.0,58000000.0,7409000000.0,686000000.0,1.069,2.212,9585000000.0,827000000.0,8758000000.0,9585000000.0,0.0,872000000.0,0.0,0.032,2.88,1345000000.0,2217000000.0,0.224,2217000000.0,1345000000.0,892000000.0,3.9,3.89,3.9,8887000000.0,8752500000.0,8887000000.0,26018294885.0,19.0,11.736,-138000000.0,-0.771,1.0,2510000000.0,0.253,2108000000.0,453000000.0,33774000000.0,33557250000.0,660000000.0,783000000.0,109000000.0,674000000.0,19654000000.0,2209000000.0,17445000000.0,16271294885.0,-64000000.0,-1000000.0,-42000000.0,646000000.0,-510000000.0,107000000.0,-2085000000.0,-94000000.0,1914000000.0,0.0,701000000.0,701000000.0,701000000.0,0.0,-15000000.0,0.071,1351000000.0,1159000000.0,649000000.0,0.738,1.831,23.212,23.246,18127000000.0,0.0,90.66,1.64,1.636,1185000000.0,4909000000.0,9919000000.0,9919000000.0,0.0,0.025,0.08,0.04,0.136,0.0,0.0,1.0,179476008.0,179000000.0,180000000.0,55.413,26456000000.0,0.0,191000000.0,4066000000.0,147.799,153000000.0
22,DTE,MRT,2015-12-31,2015-12-31,2015-12-31,2021-08-25,-145000000.0,28662000000.0,28433500000.0,2575000000.0,26087000000.0,0.364,49.006,-2020000000.0,60000000.0,60000000.0,7776000000.0,720000000.0,1.019,2.265,9732000000.0,972000000.0,8760000000.0,9732000000.0,0.0,852000000.0,0.0,0.035,2.84,1407000000.0,2259000000.0,0.219,2259000000.0,1407000000.0,957000000.0,4.05,4.05,4.05,8772000000.0,8697000000.0,8772000000.0,23813150369.0,17.0,10.541,-104000000.0,-0.581,1.0,2561000000.0,0.248,2107000000.0,450000000.0,33699000000.0,33361750000.0,803000000.0,782000000.0,129000000.0,653000000.0,19867000000.0,2528000000.0,17339000000.0,14392150369.0,-11000000.0,-241000000.0,0.0,771000000.0,-501000000.0,277000000.0,-2204000000.0,-92000000.0,1916000000.0,0.0,727000000.0,727000000.0,727000000.0,0.0,-7000000.0,0.07,1322000000.0,1239000000.0,809000000.0,0.701,1.641,19.797,19.8,18034000000.0,0.0,80.19,1.392,1.389,1276000000.0,4794000000.0,10337000000.0,10337000000.0,0.0,0.026,0.084,0.042,0.136,0.0,0.0,1.0,179475625.0,179000000.0,179000000.0,57.749,26555000000.0,0.0,230000000.0,3985000000.0,148.352,47000000.0
23,DTE,MRT,2015-09-30,2015-09-30,2015-09-30,2021-08-25,-150000000.0,28654000000.0,28242750000.0,2700000000.0,25954000000.0,0.387,49.229,-1923000000.0,88000000.0,88000000.0,7993000000.0,944000000.0,1.188,2.249,9509000000.0,653000000.0,8856000000.0,9509000000.0,0.0,915000000.0,0.0,0.035,2.8,1778000000.0,2693000000.0,0.246,2693000000.0,1778000000.0,1331000000.0,5.3,5.29,5.3,8812000000.0,8585750000.0,8812000000.0,23475471091.0,13.0,8.717,97000000.0,0.542,1.0,2935000000.0,0.269,2107000000.0,447000000.0,33695000000.0,32949250000.0,840000000.0,220000000.0,90000000.0,130000000.0,19821000000.0,2273000000.0,17548000000.0,14424471091.0,7000000.0,-241000000.0,9000000.0,660000000.0,-492000000.0,162000000.0,-2175000000.0,-82000000.0,2020000000.0,0.0,946000000.0,946000000.0,946000000.0,0.0,-2000000.0,0.087,1288000000.0,1647000000.0,835000000.0,0.528,1.637,15.248,15.164,17867000000.0,0.0,80.37,1.32,1.316,1242000000.0,4845000000.0,10928000000.0,10928000000.0,0.0,0.033,0.11,0.054,0.163,0.0,0.0,1.0,179475813.0,179000000.0,180000000.0,61.05,26547000000.0,0.0,385000000.0,4072000000.0,148.307,427000000.0
24,DTE,MRT,2015-06-30,2015-06-30,2015-06-30,2021-08-25,-151000000.0,28350000000.0,27673250000.0,2691000000.0,25659000000.0,0.395,47.704,-1834000000.0,251000000.0,251000000.0,8102000000.0,837000000.0,1.206,2.318,9302000000.0,467000000.0,8835000000.0,9302000000.0,0.0,1012000000.0,0.0,0.037,2.76,1579000000.0,2591000000.0,0.237,2591000000.0,1579000000.0,1141000000.0,4.71,4.7,4.71,8539000000.0,8425000000.0,8539000000.0,22266221429.0,14.0,8.594,115000000.0,0.642,1.0,2823000000.0,0.258,2108000000.0,438000000.0,33061000000.0,32080750000.0,731000000.0,207000000.0,89000000.0,118000000.0,19793000000.0,2232000000.0,17561000000.0,13385221429.0,155000000.0,-241000000.0,9000000.0,732000000.0,-484000000.0,235000000.0,-2029000000.0,-60000000.0,1949000000.0,0.0,837000000.0,837000000.0,837000000.0,0.0,0.0,0.077,1377000000.0,1446000000.0,848000000.0,0.586,1.568,15.992,15.847,17576000000.0,0.0,74.64,1.225,1.223,1251000000.0,4580000000.0,10925000000.0,10925000000.0,0.0,0.03,0.099,0.049,0.145,0.0,0.0,1.0,179330405.0,179000000.0,179000000.0,61.034,26242000000.0,0.0,304000000.0,3964000000.0,146.603,459000000.0
25,DTE,MRT,2015-03-31,2015-03-31,2015-03-31,2021-08-25,-155000000.0,28068000000.0,27133000000.0,2788000000.0,25280000000.0,0.418,48.68,-1902000000.0,123000000.0,123000000.0,8454000000.0,858000000.0,1.516,2.238,9004000000.0,166000000.0,8838000000.0,9004000000.0,0.0,1074000000.0,0.0,0.034,2.725,1609000000.0,2683000000.0,0.236,2683000000.0,1609000000.0,1180000000.0,4.8,4.79,4.8,8665000000.0,8292250000.0,8665000000.0,23267646983.0,14.0,8.672,158000000.0,0.888,1.0,2901000000.0,0.255,2118000000.0,429000000.0,32992000000.0,31245000000.0,633000000.0,202000000.0,74000000.0,128000000.0,19390000000.0,1839000000.0,17551000000.0,14300646983.0,1000000.0,-240000000.0,7000000.0,617000000.0,-476000000.0,115000000.0,-2174000000.0,-58000000.0,2060000000.0,0.0,852000000.0,852000000.0,852000000.0,0.0,6000000.0,0.075,1410000000.0,1491000000.0,825000000.0,0.568,1.65,16.785,16.81,17235000000.0,0.0,80.69,1.259,1.265,1534000000.0,4727000000.0,11355000000.0,11355000000.0,0.0,0.031,0.103,0.051,0.142,0.0,0.0,1.0,177229483.0,178000000.0,178000000.0,63.792,25950000000.0,0.0,328000000.0,3910000000.0,145.787,949000000.0
26,DTE,MRT,2014-12-31,2014-12-31,2014-12-31,2021-08-25,-155000000.0,27899000000.0,26656250000.0,3012000000.0,24887000000.0,0.461,47.045,-2004000000.0,168000000.0,168000000.0,9226000000.0,911000000.0,1.169,2.349,9015000000.0,672000000.0,8343000000.0,9015000000.0,0.0,1145000000.0,0.0,0.031,2.69,1698000000.0,2843000000.0,0.231,2843000000.0,1698000000.0,1269000000.0,5.11,5.1,5.11,8327000000.0,8155250000.0,8327000000.0,24062736594.0,14.0,8.464,-159000000.0,-0.898,1.0,3075000000.0,0.25,2120000000.0,429000000.0,32049000000.0,30178250000.0,804000000.0,696000000.0,128000000.0,568000000.0,19557000000.0,2577000000.0,16980000000.0,15286736594.0,-4000000.0,0.0,-52000000.0,766000000.0,-470000000.0,211000000.0,-2060000000.0,-39000000.0,1845000000.0,0.0,905000000.0,905000000.0,905000000.0,0.0,6000000.0,0.074,1485000000.0,1590000000.0,973000000.0,0.526,1.836,16.891,16.902,16820000000.0,0.0,86.37,1.243,1.243,1504000000.0,4578000000.0,12301000000.0,12301000000.0,0.0,0.034,0.111,0.056,0.138,0.0,0.0,1.0,176991277.0,177000000.0,177000000.0,69.497,25779000000.0,0.0,364000000.0,3742000000.0,145.644,435000000.0
27,DTE,MRT,2014-09-30,2014-09-30,2014-09-30,2021-08-25,-133000000.0,26376000000.0,26165250000.0,2755000000.0,23621000000.0,0.449,46.153,-1955000000.0,60000000.0,60000000.0,8996000000.0,736000000.0,0.982,2.227,8836000000.0,927000000.0,7909000000.0,8836000000.0,0.0,1138000000.0,0.0,0.035,2.655,1420000000.0,2558000000.0,0.218,2558000000.0,1420000000.0,988000000.0,4.11,4.11,4.11,8169000000.0,8053750000.0,8169000000.0,21943653535.0,15.0,8.578,-218000000.0,-1.232,1.0,2760000000.0,0.235,2126000000.0,432000000.0,30221000000.0,29365250000.0,793000000.0,184000000.0,68000000.0,116000000.0,18190000000.0,2805000000.0,15385000000.0,13465653535.0,-11000000.0,0.0,-42000000.0,809000000.0,-464000000.0,278000000.0,-2026000000.0,-30000000.0,1737000000.0,0.0,730000000.0,730000000.0,730000000.0,0.0,6000000.0,0.062,1471000000.0,1289000000.0,873000000.0,0.646,1.648,18.446,18.511,16499000000.0,0.0,76.08,1.145,1.145,1257000000.0,4402000000.0,11756000000.0,11756000000.0,0.0,0.028,0.091,0.048,0.121,0.0,0.0,1.0,176993343.0,177000000.0,177000000.0,66.418,24250000000.0,0.0,258000000.0,3589000000.0,137.006,-50000000.0
28,DTE,MRT,2014-06-30,2014-06-30,2014-06-30,2021-08-25,-134000000.0,26189000000.0,26129000000.0,2721000000.0,23468000000.0,0.442,45.243,-1999000000.0,75000000.0,75000000.0,8712000000.0,779000000.0,0.965,2.268,8553000000.0,740000000.0,7813000000.0,8553000000.0,0.0,1129000000.0,0.0,0.034,2.62,1516000000.0,2645000000.0,0.229,2645000000.0,1516000000.0,1085000000.0,4.36,4.36,4.36,8008000000.0,7980500000.0,8008000000.0,22053300085.0,15.0,8.338,-36000000.0,-0.203,1.0,2836000000.0,0.246,2130000000.0,431000000.0,29718000000.0,29066250000.0,619000000.0,214000000.0,98000000.0,116000000.0,18163000000.0,2819000000.0,15344000000.0,13784300085.0,29000000.0,0.0,-32000000.0,643000000.0,-462000000.0,128000000.0,-2062000000.0,-29000000.0,1963000000.0,0.0,772000000.0,772000000.0,772000000.0,0.0,7000000.0,0.067,1457000000.0,1379000000.0,946000000.0,0.601,1.721,17.855,17.86,16307000000.0,0.0,77.87,1.194,1.194,1400000000.0,4246000000.0,11548000000.0,11548000000.0,0.0,0.03,0.097,0.052,0.131,0.0,0.0,1.0,177016824.0,177000000.0,177000000.0,65.243,24059000000.0,0.0,313000000.0,3542000000.0,135.927,-98000000.0
29,DTE,MRT,2014-03-31,2014-03-31,2014-03-31,2021-08-25,-137000000.0,26161000000.0,26067750000.0,2973000000.0,23188000000.0,0.425,45.859,-1956000000.0,98000000.0,98000000.0,8270000000.0,760000000.0,0.833,2.221,8367000000.0,1444000000.0,6923000000.0,8367000000.0,0.0,1115000000.0,0.0,0.035,2.62,1497000000.0,2612000000.0,0.236,2612000000.0,1497000000.0,1060000000.0,4.26,4.26,4.26,8117000000.0,7866500000.0,8117000000.0,21346736472.0,14.0,8.173,133000000.0,0.751,1.0,2805000000.0,0.253,2136000000.0,437000000.0,28725000000.0,28807000000.0,480000000.0,188000000.0,79000000.0,109000000.0,18024000000.0,3569000000.0,14455000000.0,13155736472.0,-120000000.0,0.0,-21000000.0,302000000.0,-454000000.0,-193000000.0,-2016000000.0,-29000000.0,2089000000.0,0.0,753000000.0,753000000.0,753000000.0,0.0,7000000.0,0.068,1452000000.0,1353000000.0,945000000.0,0.615,1.621,17.471,17.439,15985000000.0,0.0,74.29,1.188,1.187,1811000000.0,4360000000.0,11075000000.0,11075000000.0,0.0,0.029,0.096,0.052,0.135,0.0,0.0,1.0,177086236.0,177000000.0,177000000.0,62.571,24025000000.0,0.0,307000000.0,3434000000.0,135.734,-596000000.0
30,DTE,MRT,2013-12-31,2013-12-31,2013-12-31,2021-08-25,-136000000.0,25935000000.0,26014750000.0,2806000000.0,23129000000.0,0.371,45.263,-1840000000.0,52000000.0,52000000.0,7033000000.0,668000000.0,0.88,2.27,8243000000.0,1029000000.0,7214000000.0,8243000000.0,0.0,1094000000.0,0.0,0.039,2.585,1351000000.0,2445000000.0,0.253,2445000000.0,1351000000.0,915000000.0,3.76,3.76,3.76,7921000000.0,7736250000.0,7921000000.0,19679569295.0,15.0,8.049,314000000.0,1.794,1.0,2628000000.0,0.272,2140000000.0,436000000.0,28797000000.0,28915750000.0,628000000.0,228000000.0,99000000.0,129000000.0,17981000000.0,3189000000.0,14792000000.0,11737569295.0,-13000000.0,0.0,39000000.0,164000000.0,-445000000.0,-261000000.0,-1906000000.0,-29000000.0,2154000000.0,0.0,661000000.0,661000000.0,661000000.0,0.0,7000000.0,0.068,1425000000.0,1203000000.0,962000000.0,0.688,1.482,17.757,17.657,15800000000.0,0.0,66.39,1.215,1.203,1542000000.0,4150000000.0,9661000000.0,9661000000.0,0.0,0.025,0.085,0.047,0.14,0.0,0.0,1.0,176797248.0,175000000.0,175000000.0,55.206,23795000000.0,0.0,254000000.0,3368000000.0,135.971,-383000000.0
31,DTE,MRT,2013-09-30,2013-09-30,2013-09-30,2021-08-25,-151000000.0,26231000000.0,26115750000.0,2549000000.0,23682000000.0,0.363,45.006,-1931000000.0,71000000.0,71000000.0,6829000000.0,625000000.0,0.847,2.326,8013000000.0,1167000000.0,6846000000.0,8013000000.0,0.0,1082000000.0,0.0,0.039,2.55,1314000000.0,2396000000.0,0.253,2396000000.0,1314000000.0,878000000.0,3.55,3.54,3.55,7876000000.0,7599250000.0,7876000000.0,19398860800.0,15.0,8.096,264000000.0,1.509,1.0,2648000000.0,0.279,2140000000.0,436000000.0,29025000000.0,29072500000.0,725000000.0,202000000.0,72000000.0,130000000.0,18321000000.0,3008000000.0,15313000000.0,11543860800.0,12000000.0,57000000.0,39000000.0,158000000.0,-436000000.0,-261000000.0,-1922000000.0,-4000000.0,2195000000.0,0.0,618000000.0,618000000.0,618000000.0,56000000.0,7000000.0,0.065,1419000000.0,1229000000.0,866000000.0,0.718,1.466,18.679,18.586,15511000000.0,0.0,65.98,1.218,1.218,1239000000.0,4142000000.0,9477000000.0,9477000000.0,0.0,0.024,0.081,0.045,0.139,0.0,0.0,1.0,174960000.0,175000000.0,176000000.0,54.154,24091000000.0,0.0,260000000.0,3339000000.0,137.663,-459000000.0
32,DTE,MRT,2013-06-30,2013-06-30,2013-06-30,2021-08-25,-155000000.0,25944000000.0,26035250000.0,2496000000.0,23448000000.0,0.356,43.402,-1848000000.0,46000000.0,46000000.0,6582000000.0,655000000.0,0.843,2.431,7901000000.0,1095000000.0,6806000000.0,7901000000.0,0.0,1063000000.0,0.0,0.038,2.515,1378000000.0,2441000000.0,0.263,2441000000.0,1378000000.0,939000000.0,3.74,3.72,3.74,7552000000.0,7477500000.0,7552000000.0,19496446660.0,14.0,7.987,467000000.0,2.684,1.0,2698000000.0,0.291,2156000000.0,439000000.0,28681000000.0,29142500000.0,627000000.0,223000000.0,90000000.0,133000000.0,18357000000.0,2962000000.0,15395000000.0,11656446660.0,-139000000.0,57000000.0,38000000.0,-203000000.0,-423000000.0,-606000000.0,-1848000000.0,-5000000.0,2315000000.0,0.0,647000000.0,647000000.0,647000000.0,55000000.0,8000000.0,0.07,1392000000.0,1306000000.0,808000000.0,0.672,1.543,18.016,17.917,15190000000.0,0.0,67.01,1.256,1.256,1314000000.0,3945000000.0,9280000000.0,9280000000.0,0.0,0.025,0.087,0.047,0.148,0.0,0.0,1.0,173950853.0,174000000.0,175000000.0,53.333,23788000000.0,0.0,292000000.0,3331000000.0,136.713,-466000000.0
33,DTE,MRT,2013-03-31,2013-03-31,2013-03-31,2021-08-25,-156000000.0,25949000000.0,26068000000.0,2769000000.0,23180000000.0,0.348,43.908,-1779000000.0,218000000.0,218000000.0,6337000000.0,695000000.0,1.118,2.411,8058000000.0,840000000.0,7218000000.0,8058000000.0,0.0,1045000000.0,0.0,0.036,2.447,1442000000.0,2487000000.0,0.274,2487000000.0,1442000000.0,1006000000.0,4.0,3.98,4.0,7596000000.0,7375000000.0,7596000000.0,19797789608.0,14.0,7.961,407000000.0,2.353,1.0,2731000000.0,0.301,2153000000.0,436000000.0,29160000000.0,29289000000.0,540000000.0,182000000.0,56000000.0,126000000.0,18317000000.0,2476000000.0,15841000000.0,11791789608.0,161000000.0,57000000.0,39000000.0,124000000.0,-415000000.0,-267000000.0,-1758000000.0,-5000000.0,2186000000.0,0.0,688000000.0,688000000.0,688000000.0,56000000.0,7000000.0,0.076,1354000000.0,1377000000.0,711000000.0,0.612,1.552,17.139,17.085,14866000000.0,0.0,68.34,1.3,1.304,1460000000.0,4069000000.0,9068000000.0,9068000000.0,0.0,0.026,0.093,0.049,0.159,0.0,0.0,1.0,172545941.0,173000000.0,173000000.0,52.416,23796000000.0,8000000.0,318000000.0,3298000000.0,137.549,293000000.0
34,DTE,MRT,2012-12-31,2012-12-31,2012-12-31,2021-08-25,-158000000.0,26339000000.0,26042250000.0,2915000000.0,23424000000.0,0.338,43.117,-1782000000.0,65000000.0,65000000.0,6188000000.0,618000000.0,1.053,2.567,8071000000.0,1057000000.0,7014000000.0,8071000000.0,0.0,1018000000.0,0.0,0.04,2.415,1336000000.0,2354000000.0,0.268,2354000000.0,1336000000.0,896000000.0,3.56,3.55,3.56,7373000000.0,7252000000.0,7373000000.0,18125006349.0,14.0,7.7,427000000.0,2.497,1.0,2603000000.0,0.296,2153000000.0,440000000.0,29424000000.0,29275250000.0,761000000.0,259000000.0,108000000.0,151000000.0,18928000000.0,2768000000.0,16160000000.0,10333006349.0,-3000000.0,57000000.0,39000000.0,-59000000.0,-407000000.0,-443000000.0,-1769000000.0,-5000000.0,2209000000.0,0.0,610000000.0,610000000.0,610000000.0,56000000.0,8000000.0,0.069,1324000000.0,1279000000.0,848000000.0,0.678,1.401,16.939,16.868,14684000000.0,0.0,60.05,1.175,1.168,1336000000.0,3944000000.0,8791000000.0,8791000000.0,0.0,0.023,0.084,0.046,0.152,0.0,0.0,1.0,172073378.0,171000000.0,172000000.0,51.409,24186000000.0,0.0,286000000.0,3247000000.0,141.439,147000000.0
35,DTE,MRT,2012-09-30,2012-09-30,2012-09-30,2021-08-25,-147000000.0,25909000000.0,25959750000.0,2730000000.0,23179000000.0,0.33,42.959,-1652000000.0,59000000.0,59000000.0,5951000000.0,692000000.0,1.182,2.501,7851000000.0,731000000.0,7120000000.0,7851000000.0,0.0,990000000.0,0.0,0.04,2.382,1467000000.0,2457000000.0,0.286,2457000000.0,1467000000.0,1018000000.0,3.97,3.96,3.97,7389000000.0,7161000000.0,7389000000.0,18208983431.0,12.0,7.411,599000000.0,3.483,1.0,2625000000.0,0.306,2087000000.0,449000000.0,29305000000.0,29257250000.0,785000000.0,300000000.0,123000000.0,177000000.0,18478000000.0,2309000000.0,16169000000.0,10294983431.0,13000000.0,0.0,29000000.0,-153000000.0,-400000000.0,-546000000.0,-1692000000.0,-2000000.0,2251000000.0,0.0,679000000.0,679000000.0,679000000.0,3000000.0,13000000.0,0.079,1269000000.0,1356000000.0,724000000.0,0.6,1.393,15.162,15.098,14404000000.0,0.0,59.94,1.2,1.202,1164000000.0,3969000000.0,8576000000.0,8576000000.0,0.0,0.026,0.095,0.05,0.171,0.0,0.0,1.0,171754812.0,172000000.0,172000000.0,49.86,23822000000.0,58000000.0,339000000.0,3331000000.0,138.5,421000000.0
36,DTE,MRT,2012-06-30,2012-06-30,2012-06-30,2021-08-25,-151000000.0,26075000000.0,25677500000.0,3050000000.0,23025000000.0,0.337,42.012,-1580000000.0,185000000.0,185000000.0,6039000000.0,647000000.0,1.157,2.645,8099000000.0,887000000.0,7212000000.0,8099000000.0,0.0,984000000.0,0.0,0.04,2.35,1427000000.0,2411000000.0,0.279,2411000000.0,1427000000.0,967000000.0,3.73,3.72,3.73,7142000000.0,7056250000.0,7142000000.0,17971757835.0,13.0,7.454,430000000.0,2.529,1.0,2612000000.0,0.302,2087000000.0,460000000.0,29267000000.0,29070750000.0,710000000.0,413000000.0,221000000.0,192000000.0,18891000000.0,2635000000.0,16256000000.0,10092757835.0,124000000.0,0.0,20000000.0,142000000.0,-398000000.0,-261000000.0,-1625000000.0,-8000000.0,2010000000.0,0.0,635000000.0,635000000.0,635000000.0,4000000.0,12000000.0,0.073,1263000000.0,1349000000.0,728000000.0,0.63,1.413,15.894,15.906,14152000000.0,0.0,59.33,1.167,1.166,1239000000.0,3744000000.0,8651000000.0,8651000000.0,0.0,0.025,0.09,0.049,0.165,0.0,0.0,1.0,170112217.0,170000000.0,171000000.0,50.888,23988000000.0,65000000.0,332000000.0,3323000000.0,141.106,415000000.0
37,DTE,MRT,2012-03-31,2012-03-31,2012-03-31,2021-08-25,-153000000.0,25846000000.0,25303500000.0,2951000000.0,22895000000.0,0.342,41.788,-1581000000.0,57000000.0,57000000.0,6057000000.0,700000000.0,1.166,2.632,7936000000.0,843000000.0,7093000000.0,7936000000.0,0.0,982000000.0,0.0,0.043,2.35,1404000000.0,2386000000.0,0.275,2386000000.0,1404000000.0,929000000.0,4.06,4.05,4.06,7104000000.0,6967000000.0,7104000000.0,17386267891.0,12.0,7.287,325000000.0,1.912,1.0,2609000000.0,0.301,2090000000.0,475000000.0,29105000000.0,28765750000.0,666000000.0,475000000.0,277000000.0,198000000.0,18699000000.0,2530000000.0,16169000000.0,9322267891.0,-140000000.0,0.0,1000000.0,45000000.0,-393000000.0,-387000000.0,-1659000000.0,-13000000.0,1906000000.0,0.0,691000000.0,691000000.0,691000000.0,3000000.0,9000000.0,0.08,1266000000.0,1343000000.0,690000000.0,0.579,1.312,13.491,13.554,13924000000.0,0.0,55.03,1.076,1.08,1262000000.0,3804000000.0,8666000000.0,8666000000.0,0.0,0.027,0.099,0.049,0.162,0.0,0.0,1.0,169403378.0,170000000.0,170000000.0,50.976,23756000000.0,62000000.0,238000000.0,3251000000.0,139.741,421000000.0
38,DTE,MRT,2011-12-31,2011-12-31,2011-12-31,2021-08-25,-158000000.0,26009000000.0,24964250000.0,3196000000.0,22813000000.0,0.355,41.473,-1466000000.0,68000000.0,68000000.0,6149000000.0,720000000.0,1.216,2.705,8132000000.0,945000000.0,7187000000.0,8132000000.0,0.0,995000000.0,0.0,0.043,2.323,1467000000.0,2462000000.0,0.278,2462000000.0,1467000000.0,979000000.0,4.19,4.18,4.19,7009000000.0,6889250000.0,7009000000.0,17188713356.0,12.0,6.982,542000000.0,3.207,1.0,2709000000.0,0.306,2093000000.0,488000000.0,29352000000.0,28363250000.0,791000000.0,419000000.0,222000000.0,197000000.0,18956000000.0,2628000000.0,16328000000.0,9215713356.0,3000000.0,0.0,-18000000.0,-7000000.0,-389000000.0,-445000000.0,-1560000000.0,-17000000.0,2008000000.0,0.0,711000000.0,711000000.0,711000000.0,3000000.0,9000000.0,0.08,1288000000.0,1421000000.0,782000000.0,0.554,1.315,12.962,12.995,13746000000.0,0.0,54.45,1.04,1.039,1317000000.0,3750000000.0,8858000000.0,8858000000.0,0.0,0.028,0.103,0.052,0.166,0.0,0.0,1.0,169250934.0,169000000.0,170000000.0,52.414,23916000000.0,51000000.0,268000000.0,3181000000.0,141.515,568000000.0
39,DTE,MRT,2011-09-30,2011-09-30,2011-09-30,2021-08-25,-146000000.0,24780000000.0,24686000000.0,2911000000.0,21869000000.0,0.359,41.243,-1269000000.0,46000000.0,46000000.0,6149000000.0,719000000.0,1.386,2.55,8019000000.0,522000000.0,7497000000.0,8019000000.0,0.0,1004000000.0,0.0,0.047,2.295,1451000000.0,2455000000.0,0.277,2455000000.0,1451000000.0,956000000.0,4.21,4.2,4.21,6970000000.0,6817500000.0,6970000000.0,16105502139.0,11.0,6.56,533000000.0,3.154,1.0,2716000000.0,0.306,2094000000.0,495000000.0,28559000000.0,28065000000.0,776000000.0,292000000.0,109000000.0,183000000.0,17771000000.0,2100000000.0,15671000000.0,8300502139.0,-38000000.0,0.0,-8000000.0,19000000.0,-384000000.0,-396000000.0,-1444000000.0,-36000000.0,1802000000.0,0.0,713000000.0,713000000.0,713000000.0,8000000.0,6000000.0,0.08,1283000000.0,1433000000.0,708000000.0,0.545,1.191,11.642,11.644,13422000000.0,0.0,49.02,0.936,0.935,1206000000.0,3698000000.0,8865000000.0,8865000000.0,0.0,0.029,0.105,0.052,0.164,0.0,0.0,1.0,169328889.0,169000000.0,170000000.0,52.456,22686000000.0,130000000.0,243000000.0,3144000000.0,134.237,811000000.0
40,DTE,MRT,2011-06-30,2011-06-30,2011-06-30,2021-08-25,-146000000.0,24579000000.0,24557500000.0,2771000000.0,21808000000.0,0.356,40.148,-1238000000.0,179000000.0,179000000.0,6025000000.0,700000000.0,1.234,2.617,7984000000.0,477000000.0,7507000000.0,7984000000.0,0.0,1016000000.0,0.0,0.045,2.268,1444000000.0,2460000000.0,0.281,2460000000.0,1444000000.0,927000000.0,4.1,4.09,4.1,6785000000.0,6736500000.0,6785000000.0,16120703377.0,11.0,6.553,595000000.0,3.521,1.0,2714000000.0,0.311,2091000000.0,517000000.0,28047000000.0,27811000000.0,685000000.0,285000000.0,109000000.0,176000000.0,17755000000.0,2246000000.0,15509000000.0,8470703377.0,-63000000.0,0.0,-5000000.0,19000000.0,-374000000.0,-395000000.0,-1501000000.0,-33000000.0,1833000000.0,0.0,693000000.0,693000000.0,693000000.0,8000000.0,7000000.0,0.079,1294000000.0,1420000000.0,733000000.0,0.553,1.248,12.223,12.2,13284000000.0,0.0,50.02,0.969,0.967,1297000000.0,3516000000.0,8739000000.0,8739000000.0,0.0,0.028,0.103,0.052,0.165,0.0,0.0,1.0,169346329.0,169000000.0,170000000.0,51.71,22488000000.0,127000000.0,234000000.0,3034000000.0,133.065,525000000.0
41,DTE,MRT,2011-03-31,2011-03-31,2011-03-31,2021-08-25,-148000000.0,24489000000.0,24421000000.0,2800000000.0,21689000000.0,0.348,40.195,-1070000000.0,264000000.0,264000000.0,5812000000.0,587000000.0,1.096,2.599,7914000000.0,899000000.0,7015000000.0,7914000000.0,0.0,1021000000.0,0.0,0.045,2.21,1408000000.0,2429000000.0,0.286,2429000000.0,1408000000.0,879000000.0,3.42,3.41,3.42,6793000000.0,6679500000.0,6793000000.0,16274949843.0,12.0,6.7,660000000.0,3.905,1.0,2691000000.0,0.316,2089000000.0,529000000.0,27495000000.0,27493500000.0,536000000.0,311000000.0,122000000.0,189000000.0,17652000000.0,2555000000.0,15097000000.0,8295949843.0,4000000.0,0.0,18000000.0,-53000000.0,-367000000.0,-427000000.0,-1299000000.0,-32000000.0,1730000000.0,0.0,577000000.0,577000000.0,577000000.0,8000000.0,10000000.0,0.068,1303000000.0,1388000000.0,631000000.0,0.646,1.221,14.378,14.316,13053000000.0,0.0,48.96,0.976,0.973,1401000000.0,3513000000.0,8503000000.0,8503000000.0,0.0,0.024,0.086,0.051,0.166,0.0,0.0,1.0,169443420.0,169000000.0,170000000.0,50.314,22400000000.0,132000000.0,302000000.0,2704000000.0,132.544,245000000.0
42,DTE,MRT,2010-12-31,2010-12-31,2010-12-31,2021-08-25,-149000000.0,24896000000.0,24349500000.0,3167000000.0,21729000000.0,0.35,40.012,-1043000000.0,65000000.0,65000000.0,5757000000.0,639000000.0,1.152,2.697,8164000000.0,1075000000.0,7089000000.0,8164000000.0,0.0,1027000000.0,0.0,0.048,2.18,1488000000.0,2515000000.0,0.295,2515000000.0,1488000000.0,945000000.0,3.75,3.74,3.75,6722000000.0,6619000000.0,6722000000.0,15541394178.0,10.0,6.179,782000000.0,4.655,1.0,2768000000.0,0.325,2087000000.0,543000000.0,28159000000.0,27465500000.0,662000000.0,331000000.0,131000000.0,200000000.0,18129000000.0,2749000000.0,15380000000.0,7664394178.0,13000000.0,19000000.0,36000000.0,-226000000.0,-360000000.0,-586000000.0,-1226000000.0,-33000000.0,1825000000.0,0.0,630000000.0,630000000.0,630000000.0,8000000.0,9000000.0,0.074,1298000000.0,1470000000.0,729000000.0,0.581,1.14,12.166,12.085,12992000000.0,0.0,45.32,0.899,0.893,1351000000.0,3431000000.0,8525000000.0,8525000000.0,0.0,0.026,0.095,0.054,0.175,0.0,0.0,1.0,169117259.0,168000000.0,169000000.0,50.744,22809000000.0,139000000.0,315000000.0,2707000000.0,135.768,418000000.0
43,DTE,MRT,2010-09-30,2010-09-30,2010-09-30,2021-08-25,-150000000.0,24266000000.0,24174250000.0,2741000000.0,21525000000.0,0.352,39.325,-923000000.0,140000000.0,140000000.0,5742000000.0,604000000.0,1.091,2.645,8017000000.0,943000000.0,7074000000.0,8017000000.0,0.0,1057000000.0,0.0,0.047,2.15,1458000000.0,2515000000.0,0.296,2515000000.0,1458000000.0,904000000.0,3.59,3.58,3.59,6646000000.0,6508000000.0,6646000000.0,15509615320.0,11.0,6.167,731000000.0,4.325,1.0,2763000000.0,0.325,2087000000.0,554000000.0,27543000000.0,27351750000.0,732000000.0,410000000.0,177000000.0,233000000.0,17577000000.0,2513000000.0,15064000000.0,7752615320.0,1000000.0,19000000.0,34000000.0,-252000000.0,-353000000.0,-550000000.0,-1103000000.0,-31000000.0,1654000000.0,0.0,598000000.0,598000000.0,598000000.0,0.0,6000000.0,0.07,1342000000.0,1421000000.0,641000000.0,0.599,1.167,12.964,12.794,12822000000.0,0.0,45.93,0.912,0.913,1140000000.0,3374000000.0,8505000000.0,8505000000.0,0.0,0.025,0.092,0.053,0.171,0.0,0.0,1.0,168791973.0,169000000.0,170000000.0,50.325,22179000000.0,150000000.0,306000000.0,2385000000.0,131.237,228000000.0
44,DTE,MRT,2010-06-30,2010-06-30,2010-06-30,2021-08-25,-153000000.0,24033000000.0,24097500000.0,2581000000.0,21452000000.0,0.345,38.799,-854000000.0,211000000.0,211000000.0,5619000000.0,589000000.0,0.881,2.659,7968000000.0,1335000000.0,6633000000.0,7968000000.0,0.0,1052000000.0,0.0,0.046,2.12,1424000000.0,2476000000.0,0.298,2476000000.0,1424000000.0,869000000.0,3.54,3.54,3.54,6557000000.0,6405500000.0,6557000000.0,15421162586.0,11.0,6.228,815000000.0,4.822,1.0,2697000000.0,0.324,2082000000.0,555000000.0,26777000000.0,27472750000.0,565000000.0,410000000.0,175000000.0,235000000.0,17433000000.0,2931000000.0,14502000000.0,7681162586.0,82000000.0,19000000.0,40000000.0,-359000000.0,-351000000.0,-641000000.0,-946000000.0,-29000000.0,1669000000.0,0.0,586000000.0,586000000.0,586000000.0,0.0,3000000.0,0.07,1330000000.0,1367000000.0,684000000.0,0.599,1.171,13.108,12.884,12771000000.0,0.0,45.61,0.924,0.927,1219000000.0,3305000000.0,8316000000.0,8316000000.0,0.0,0.024,0.091,0.052,0.171,0.0,0.0,1.0,168409616.0,169000000.0,169000000.0,49.207,21951000000.0,151000000.0,283000000.0,2289000000.0,129.888,-350000000.0
45,DTE,MRT,2010-03-31,2010-03-31,2010-03-31,2021-08-25,-146000000.0,24203000000.0,24063000000.0,2733000000.0,21470000000.0,0.341,39.464,-865000000.0,232000000.0,232000000.0,5586000000.0,586000000.0,1.101,2.688,7972000000.0,677000000.0,7295000000.0,7972000000.0,0.0,1039000000.0,0.0,0.048,2.12,1402000000.0,2441000000.0,0.297,2441000000.0,1402000000.0,849000000.0,3.54,3.54,3.54,6551000000.0,6301500000.0,6551000000.0,15619259541.0,11.0,6.399,932000000.0,5.614,1.0,2626000000.0,0.32,2078000000.0,553000000.0,27383000000.0,27759500000.0,443000000.0,545000000.0,265000000.0,280000000.0,17608000000.0,2482000000.0,15126000000.0,7387259541.0,105000000.0,19000000.0,35000000.0,-393000000.0,-350000000.0,-713000000.0,-979000000.0,-29000000.0,1797000000.0,0.0,583000000.0,583000000.0,583000000.0,0.0,3000000.0,0.071,1300000000.0,1326000000.0,637000000.0,0.599,1.128,12.671,12.599,12654000000.0,0.0,44.6,0.9,0.902,1403000000.0,3309000000.0,8212000000.0,8212000000.0,0.0,0.024,0.093,0.051,0.171,0.0,0.0,1.0,165633622.0,166000000.0,166000000.0,49.47,22125000000.0,163000000.0,266000000.0,2273000000.0,133.283,251000000.0
46,DTE,MRT,2009-12-31,2009-12-31,2009-12-31,2021-08-25,-147000000.0,24195000000.0,24059250000.0,2877000000.0,21318000000.0,0.333,38.28,-952000000.0,136000000.0,136000000.0,5490000000.0,535000000.0,1.088,2.848,8368000000.0,998000000.0,7370000000.0,8368000000.0,0.0,1020000000.0,0.0,0.049,2.12,1324000000.0,2344000000.0,0.292,2344000000.0,1324000000.0,779000000.0,3.24,3.24,3.24,6278000000.0,6191500000.0,6278000000.0,15327213656.0,12.0,6.539,867000000.0,5.287,1.0,2524000000.0,0.315,2078000000.0,545000000.0,27704000000.0,27786750000.0,509000000.0,438000000.0,209000000.0,229000000.0,17879000000.0,2645000000.0,15234000000.0,7189213656.0,-34000000.0,0.0,35000000.0,-476000000.0,-348000000.0,-789000000.0,-1064000000.0,-20000000.0,1819000000.0,0.0,532000000.0,532000000.0,532000000.0,0.0,3000000.0,0.066,1275000000.0,1249000000.0,723000000.0,0.654,1.145,13.514,13.454,12431000000.0,0.0,43.59,0.897,0.892,1438000000.0,3168000000.0,8014000000.0,8014000000.0,0.0,0.022,0.086,0.048,0.165,0.0,0.0,1.0,164928049.0,164000000.0,164000000.0,48.866,22117000000.0,167000000.0,247000000.0,2181000000.0,134.86,232000000.0
47,DTE,MRT,2009-09-30,2009-09-30,2009-09-30,2021-08-25,-141000000.0,23959000000.0,24158000000.0,2654000000.0,21305000000.0,0.334,37.794,-1196000000.0,111000000.0,111000000.0,5599000000.0,544000000.0,1.343,2.836,8249000000.0,375000000.0,7874000000.0,8249000000.0,0.0,962000000.0,0.0,0.06,2.12,1332000000.0,2294000000.0,0.285,2294000000.0,1332000000.0,791000000.0,3.31,3.31,3.31,6236000000.0,6120750000.0,6236000000.0,13979568851.0,10.0,6.094,1019000000.0,6.176,1.0,2464000000.0,0.306,2094000000.0,541000000.0,28027000000.0,27897000000.0,585000000.0,548000000.0,271000000.0,277000000.0,17687000000.0,1976000000.0,15711000000.0,5779568851.0,-140000000.0,253000000.0,27000000.0,-710000000.0,-346000000.0,-1085000000.0,-1270000000.0,-35000000.0,2215000000.0,0.0,541000000.0,541000000.0,541000000.0,0.0,3000000.0,0.067,1220000000.0,1244000000.0,578000000.0,0.64,0.927,10.683,10.616,12395000000.0,0.0,35.14,0.717,0.719,1105000000.0,3142000000.0,8063000000.0,8063000000.0,0.0,0.022,0.088,0.048,0.165,0.0,0.0,1.0,164472648.0,165000000.0,165000000.0,48.867,21865000000.0,226000000.0,250000000.0,2179000000.0,132.515,678000000.0
48,DTE,MRT,2009-06-30,2009-06-30,2009-06-30,2021-08-25,-145000000.0,23895000000.0,24090250000.0,2535000000.0,21360000000.0,0.351,37.445,-1332000000.0,111000000.0,111000000.0,5972000000.0,571000000.0,1.221,2.885,8311000000.0,368000000.0,7943000000.0,8311000000.0,0.0,931000000.0,0.0,0.066,2.12,1368000000.0,2299000000.0,0.272,2299000000.0,1368000000.0,845000000.0,3.47,3.47,3.47,6141000000.0,6060750000.0,6141000000.0,13477053952.0,10.0,5.862,-7000000.0,-0.043,1.0,2479000000.0,0.293,2095000000.0,523000000.0,27924000000.0,27558750000.0,459000000.0,591000000.0,319000000.0,272000000.0,17716000000.0,2076000000.0,15640000000.0,5244053952.0,-403000000.0,253000000.0,18000000.0,329000000.0,-345000000.0,-47000000.0,-1681000000.0,-49000000.0,1325000000.0,0.0,567000000.0,567000000.0,567000000.0,-8000000.0,4000000.0,0.067,1192000000.0,1287000000.0,611000000.0,0.611,0.854,9.249,9.222,12393000000.0,0.0,32.0,0.621,0.621,1164000000.0,3072000000.0,8451000000.0,8451000000.0,0.0,0.024,0.094,0.05,0.162,0.0,0.0,1.0,163876686.0,164000000.0,164000000.0,51.53,21800000000.0,207000000.0,278000000.0,2116000000.0,132.927,459000000.0
49,DTE,MRT,2009-03-31,2009-03-31,2009-03-31,2021-08-25,-157000000.0,24188000000.0,24093000000.0,2866000000.0,21322000000.0,0.374,37.491,-1370000000.0,110000000.0,110000000.0,6586000000.0,519000000.0,1.012,2.951,8343000000.0,848000000.0,7495000000.0,8343000000.0,0.0,906000000.0,0.0,0.077,2.12,1294000000.0,2200000000.0,0.244,2200000000.0,1294000000.0,783000000.0,3.13,3.13,3.13,6111000000.0,6000750000.0,6111000000.0,13197208319.0,10.0,5.999,136000000.0,0.834,1.0,2428000000.0,0.269,2096000000.0,511000000.0,27492000000.0,26926000000.0,432000000.0,577000000.0,281000000.0,296000000.0,18036000000.0,2833000000.0,15203000000.0,4522208319.0,-3000000.0,253000000.0,6000000.0,637000000.0,-344000000.0,289000000.0,-1798000000.0,-128000000.0,1506000000.0,0.0,514000000.0,514000000.0,514000000.0,-10000000.0,5000000.0,0.057,1199000000.0,1229000000.0,727000000.0,0.677,0.74,8.798,8.85,12324000000.0,0.0,27.7,0.502,0.501,1499000000.0,3076000000.0,9014000000.0,9014000000.0,0.0,0.021,0.086,0.048,0.144,0.0,0.0,1.0,163256618.0,163000000.0,163000000.0,55.301,22092000000.0,199000000.0,269000000.0,2087000000.0,135.534,33000000.0
50,DTE,MRT,2008-12-31,2008-12-31,2008-12-31,2021-08-25,-165000000.0,24590000000.0,23833000000.0,3328000000.0,21262000000.0,0.391,36.779,-1373000000.0,172000000.0,172000000.0,7000000000.0,553000000.0,1.105,3.095,8847000000.0,1106000000.0,7741000000.0,8847000000.0,0.0,899000000.0,0.0,0.059,2.12,1339000000.0,2238000000.0,0.24,2238000000.0,1339000000.0,836000000.0,3.34,3.34,3.34,5995000000.0,5964250000.0,5995000000.0,14517117659.0,11.0,6.487,186000000.0,1.141,1.0,2329000000.0,0.25,2107000000.0,503000000.0,28145000000.0,26221500000.0,539000000.0,571000000.0,316000000.0,255000000.0,18552000000.0,3013000000.0,15539000000.0,5815117659.0,-48000000.0,253000000.0,-16000000.0,286000000.0,-344000000.0,-84000000.0,-1523000000.0,-148000000.0,1559000000.0,0.0,548000000.0,548000000.0,548000000.0,-22000000.0,5000000.0,0.059,1066000000.0,1263000000.0,899000000.0,0.635,0.97,10.612,10.68,12231000000.0,0.0,35.67,0.623,0.623,1666000000.0,2985000000.0,9329000000.0,9329000000.0,0.0,0.023,0.092,0.051,0.144,0.0,0.0,1.0,163025446.0,163000000.0,163000000.0,57.233,22483000000.0,227000000.0,288000000.0,2054000000.0,137.933,315000000.0
51,DTE,MRT,2008-09-30,2008-09-30,2008-09-30,2021-08-25,-128000000.0,23688000000.0,23621000000.0,3723000000.0,19965000000.0,0.397,36.785,-1339000000.0,259000000.0,259000000.0,6979000000.0,494000000.0,1.036,2.951,8961000000.0,1517000000.0,7444000000.0,8961000000.0,0.0,885000000.0,0.0,0.053,2.12,1256000000.0,2141000000.0,0.229,2141000000.0,1256000000.0,753000000.0,4.08,4.08,4.08,5996000000.0,5928750000.0,5996000000.0,13988379143.0,11.0,6.534,12000000.0,0.074,1.0,2388000000.0,0.255,2123000000.0,503000000.0,26674000000.0,25611500000.0,770000000.0,114000000.0,0.0,114000000.0,17692000000.0,3593000000.0,14099000000.0,6543379143.0,60000000.0,1262000000.0,-38000000.0,412000000.0,-344000000.0,19000000.0,-1310000000.0,-134000000.0,1351000000.0,0.0,486000000.0,486000000.0,486000000.0,-59000000.0,8000000.0,0.052,1098000000.0,1290000000.0,931000000.0,0.52,1.091,13.464,9.833,12070000000.0,0.0,40.12,0.699,0.698,1375000000.0,2952000000.0,9367000000.0,9367000000.0,0.0,0.021,0.082,0.049,0.134,0.0,0.0,1.0,163095193.0,163000000.0,163000000.0,57.466,21565000000.0,259000000.0,267000000.0,2050000000.0,132.301,130000000.0
52,DTE,MRT,2008-06-30,2008-06-30,2008-06-30,2021-08-25,-130000000.0,23906000000.0,23655500000.0,3894000000.0,20012000000.0,0.387,36.202,-1332000000.0,531000000.0,531000000.0,6832000000.0,513000000.0,1.016,3.051,7976000000.0,690000000.0,7286000000.0,7976000000.0,0.0,899000000.0,0.0,0.05,2.12,1219000000.0,2118000000.0,0.231,2118000000.0,1219000000.0,710000000.0,4.2,4.19,4.2,5901000000.0,5854000000.0,5901000000.0,14419026244.0,12.0,6.808,330000000.0,2.025,1.0,2325000000.0,0.254,2124000000.0,509000000.0,25393000000.0,25452500000.0,583000000.0,117000000.0,0.0,117000000.0,18005000000.0,3834000000.0,14171000000.0,6924026244.0,-548000000.0,1262000000.0,-391000000.0,-527000000.0,-349000000.0,-1277000000.0,-933000000.0,-117000000.0,1662000000.0,0.0,506000000.0,506000000.0,506000000.0,-50000000.0,7000000.0,0.055,1124000000.0,1201000000.0,1173000000.0,0.505,1.173,13.684,10.105,11895000000.0,0.0,42.44,0.756,0.755,1557000000.0,2862000000.0,9157000000.0,9157000000.0,0.0,0.021,0.086,0.048,0.133,0.0,0.0,1.0,163148592.0,163000000.0,163000000.0,56.178,21782000000.0,207000000.0,204000000.0,1926000000.0,133.632,60000000.0
53,DTE,MRT,2008-03-31,2008-03-31,2008-03-31,2021-08-25,-121000000.0,23148000000.0,23668500000.0,3434000000.0,19714000000.0,0.363,36.595,-1253000000.0,160000000.0,160000000.0,6540000000.0,866000000.0,0.88,2.881,7655000000.0,1010000000.0,6645000000.0,7655000000.0,0.0,926000000.0,0.0,0.055,2.12,1811000000.0,2737000000.0,0.319,2737000000.0,1811000000.0,1290000000.0,6.24,6.22,6.24,5965000000.0,5851000000.0,5965000000.0,14594002722.0,8.0,5.332,132000000.0,0.81,1.0,2043000000.0,0.238,2067000000.0,521000000.0,24674000000.0,25370000000.0,483000000.0,77000000.0,0.0,77000000.0,17183000000.0,3902000000.0,13281000000.0,6348002722.0,-53000000.0,1262000000.0,-666000000.0,-979000000.0,-356000000.0,-2011000000.0,573000000.0,-60000000.0,1385000000.0,0.0,861000000.0,861000000.0,861000000.0,-29000000.0,5000000.0,0.1,278000000.0,1765000000.0,1015000000.0,0.34,1.064,7.373,6.232,11492000000.0,0.0,38.89,0.74,0.739,1785000000.0,2920000000.0,8583000000.0,8583000000.0,0.0,0.036,0.147,0.071,0.211,0.0,0.0,1.0,163229692.0,163000000.0,163000000.0,52.656,21081000000.0,167000000.0,429000000.0,1898000000.0,129.331,-468000000.0
54,DTE,MRT,2007-12-31,2007-12-31,2007-12-31,2021-08-25,-113000000.0,23742000000.0,23740500000.0,3991000000.0,19751000000.0,0.357,34.429,-1299000000.0,263000000.0,263000000.0,6444000000.0,787000000.0,0.946,3.056,8509000000.0,1538000000.0,6971000000.0,8509000000.0,0.0,926000000.0,0.0,0.048,2.12,1680000000.0,2606000000.0,0.307,2606000000.0,1680000000.0,1147000000.0,5.7,5.69,5.7,5853000000.0,5813750000.0,5853000000.0,15443853856.0,9.0,5.926,-174000000.0,-1.024,1.0,2031000000.0,0.24,2062000000.0,533000000.0,25705000000.0,25642750000.0,633000000.0,467000000.0,181000000.0,286000000.0,17889000000.0,4221000000.0,13668000000.0,7196853856.0,-13000000.0,1262000000.0,-708000000.0,-390000000.0,-364000000.0,-1468000000.0,330000000.0,-56000000.0,1125000000.0,0.0,783000000.0,783000000.0,783000000.0,4000000.0,4000000.0,0.092,426000000.0,1605000000.0,1189000000.0,0.372,1.23,9.191,7.712,11408000000.0,0.0,43.96,0.849,0.882,1658000000.0,2790000000.0,8475000000.0,8475000000.0,0.0,0.033,0.135,0.066,0.198,0.0,0.0,1.0,163713691.0,170000000.0,171000000.0,49.853,21680000000.0,387000000.0,364000000.0,1932000000.0,127.529,-230000000.0
55,DTE,MRT,2007-09-30,2007-09-30,2007-09-30,2021-08-25,-118000000.0,23826000000.0,23751250000.0,3729000000.0,20097000000.0,0.324,34.527,-1315000000.0,249000000.0,249000000.0,5627000000.0,858000000.0,0.94,3.182,8496000000.0,1535000000.0,6961000000.0,8496000000.0,0.0,929000000.0,0.0,0.044,2.12,1760000000.0,2689000000.0,0.349,2689000000.0,1760000000.0,1223000000.0,4.97,4.94,4.97,5697000000.0,5812750000.0,5697000000.0,15638272195.0,9.0,5.816,-250000000.0,-1.515,1.0,2072000000.0,0.269,2070000000.0,537000000.0,26038000000.0,25756000000.0,756000000.0,107000000.0,0.0,107000000.0,18129000000.0,3965000000.0,14164000000.0,8266272195.0,98000000.0,-15000000.0,-729000000.0,-103000000.0,-369000000.0,-1205000000.0,238000000.0,-45000000.0,1065000000.0,0.0,858000000.0,858000000.0,858000000.0,246000000.0,0.0,0.111,313000000.0,1759000000.0,952000000.0,0.427,1.451,9.634,9.746,11338000000.0,0.0,48.44,1.074,1.038,1265000000.0,2634000000.0,7699000000.0,7699000000.0,0.0,0.036,0.148,0.068,0.229,0.0,0.0,1.0,170649715.0,165000000.0,166000000.0,46.661,21756000000.0,366000000.0,365000000.0,1850000000.0,131.855,-236000000.0
56,DTE,MRT,2007-06-30,2007-06-30,2007-06-30,2021-08-25,-122000000.0,23958000000.0,23373750000.0,4336000000.0,19622000000.0,0.332,33.845,-1306000000.0,1136000000.0,1136000000.0,5512000000.0,849000000.0,1.044,3.068,8508000000.0,1204000000.0,7304000000.0,8508000000.0,0.0,1035000000.0,0.0,0.044,2.105,1768000000.0,2803000000.0,0.361,2803000000.0,1768000000.0,1239000000.0,4.83,4.81,4.83,5889000000.0,5854500000.0,5889000000.0,16951845235.0,10.0,6.048,234000000.0,1.345,1.0,2255000000.0,0.29,2115000000.0,529000000.0,25063000000.0,25420000000.0,710000000.0,149000000.0,0.0,149000000.0,18069000000.0,4152000000.0,13917000000.0,8489845235.0,917000000.0,-15000000.0,-367000000.0,-100000000.0,-370000000.0,-843000000.0,220000000.0,-37000000.0,1540000000.0,0.0,849000000.0,849000000.0,849000000.0,246000000.0,0.0,0.109,409000000.0,1846000000.0,1344000000.0,0.436,1.442,10.0,9.983,11460000000.0,0.0,48.22,1.093,1.08,1493000000.0,2700000000.0,7767000000.0,7767000000.0,0.0,0.036,0.145,0.07,0.228,0.0,0.0,1.0,176064812.0,174000000.0,175000000.0,44.638,21843000000.0,283000000.0,390000000.0,1675000000.0,125.534,184000000.0
57,DTE,MRT,2007-03-31,2007-03-31,2007-03-31,2021-08-25,-225000000.0,23436000000.0,22939250000.0,3540000000.0,19896000000.0,0.348,33.045,-1443000000.0,234000000.0,234000000.0,5512000000.0,431000000.0,0.888,3.03,8696000000.0,1318000000.0,7378000000.0,8696000000.0,0.0,1014000000.0,0.0,0.044,2.09,1099000000.0,2113000000.0,0.265,2113000000.0,1099000000.0,570000000.0,2.43,2.42,2.43,5816000000.0,5811000000.0,5816000000.0,17150227817.0,16.0,8.117,32000000.0,0.182,1.0,2473000000.0,0.31,2146000000.0,529000000.0,25765000000.0,25352750000.0,569000000.0,143000000.0,0.0,143000000.0,17620000000.0,3987000000.0,13633000000.0,8484227817.0,69000000.0,-19000000.0,-91000000.0,217000000.0,-368000000.0,-248000000.0,-1158000000.0,-31000000.0,1475000000.0,0.0,431000000.0,431000000.0,431000000.0,228000000.0,0.0,0.054,1378000000.0,1095000000.0,1051000000.0,0.86,1.459,19.685,19.712,11621000000.0,0.0,47.9,1.063,1.056,1582000000.0,2602000000.0,7985000000.0,7985000000.0,0.0,0.019,0.074,0.043,0.138,0.0,0.0,1.0,177123754.0,176000000.0,177000000.0,45.369,21290000000.0,236000000.0,139000000.0,1567000000.0,120.966,-447000000.0
58,DTE,MRT,2006-12-31,2006-12-31,2006-12-31,2021-08-25,-211000000.0,23785000000.0,22674500000.0,3961000000.0,19824000000.0,0.36,33.045,-1403000000.0,293000000.0,293000000.0,5724000000.0,433000000.0,0.951,3.067,8959000000.0,1485000000.0,7474000000.0,8959000000.0,0.0,1014000000.0,0.0,0.043,2.075,1104000000.0,2118000000.0,0.26,2118000000.0,1104000000.0,579000000.0,2.44,2.43,2.44,5849000000.0,5821500000.0,5849000000.0,16985279454.0,15.0,8.019,53000000.0,0.299,1.0,2433000000.0,0.298,2129000000.0,525000000.0,26158000000.0,24988250000.0,715000000.0,164000000.0,0.0,164000000.0,17936000000.0,4164000000.0,13772000000.0,8615279454.0,59000000.0,-42000000.0,-44000000.0,216000000.0,-365000000.0,-203000000.0,-1194000000.0,-41000000.0,1456000000.0,0.0,433000000.0,433000000.0,433000000.0,208000000.0,0.0,0.053,1366000000.0,1067000000.0,1145000000.0,0.85,1.473,19.897,19.84,11451000000.0,0.0,48.41,1.056,1.05,1495000000.0,2593000000.0,8157000000.0,8157000000.0,0.0,0.019,0.074,0.044,0.135,0.0,0.0,1.0,177964872.0,177000000.0,178000000.0,46.085,21656000000.0,245000000.0,146000000.0,1585000000.0,122.35,-203000000.0
59,DTE,MRT,2006-09-30,2006-09-30,2006-09-30,2021-08-25,-190000000.0,22316000000.0,22562000000.0,3710000000.0,18606000000.0,0.377,33.13,-1400000000.0,158000000.0,158000000.0,5890000000.0,673000000.0,0.968,2.806,8528000000.0,1246000000.0,7282000000.0,8528000000.0,0.0,1010000000.0,0.0,0.05,2.06,1357000000.0,2367000000.0,0.278,2367000000.0,1357000000.0,834000000.0,3.82,3.79,3.82,5864000000.0,5801500000.0,5864000000.0,15663874344.0,12.0,6.618,191000000.0,1.079,1.0,2620000000.0,0.308,2159000000.0,523000000.0,24694000000.0,24639500000.0,809000000.0,226000000.0,0.0,226000000.0,16452000000.0,3833000000.0,12619000000.0,7378874344.0,-26000000.0,-77000000.0,-2000000.0,-79000000.0,-366000000.0,-456000000.0,-1161000000.0,-36000000.0,1591000000.0,0.0,673000000.0,673000000.0,673000000.0,20000000.0,0.0,0.079,1502000000.0,1118000000.0,909000000.0,0.539,1.258,10.964,10.866,11165000000.0,0.0,41.51,0.867,0.863,1400000000.0,2574000000.0,8510000000.0,8510000000.0,0.0,0.03,0.116,0.055,0.159,0.0,0.0,1.0,177761367.0,177000000.0,178000000.0,48.079,20157000000.0,143000000.0,161000000.0,1485000000.0,113.881,-123000000.0
60,DTE,MRT,2006-06-30,2006-06-30,2006-06-30,2021-08-25,-231000000.0,22220000000.0,22911500000.0,3526000000.0,18694000000.0,0.365,32.288,-1353000000.0,203000000.0,203000000.0,6302000000.0,489000000.0,0.965,2.888,8488000000.0,973000000.0,7515000000.0,8488000000.0,0.0,894000000.0,0.0,0.051,2.06,1130000000.0,2024000000.0,0.242,2024000000.0,1130000000.0,601000000.0,2.78,2.75,2.78,5715000000.0,5693250000.0,5715000000.0,15412345319.0,14.0,7.615,-117000000.0,-0.661,1.0,2072000000.0,0.247,2057000000.0,529000000.0,24794000000.0,24531500000.0,665000000.0,241000000.0,0.0,241000000.0,16505000000.0,3654000000.0,12851000000.0,7242345319.0,-10000000.0,-77000000.0,160000000.0,68000000.0,-363000000.0,-145000000.0,-1101000000.0,-94000000.0,1236000000.0,0.0,489000000.0,489000000.0,489000000.0,44000000.0,0.0,0.058,1276000000.0,796000000.0,1004000000.0,0.741,1.267,14.811,14.655,11058000000.0,0.0,40.74,0.865,0.861,1305000000.0,2478000000.0,8374000000.0,8374000000.0,0.0,0.021,0.086,0.046,0.135,0.0,0.0,1.0,177769890.0,177000000.0,177000000.0,47.311,20163000000.0,70000000.0,112000000.0,1418000000.0,113.915,-128000000.0
61,DTE,MRT,2006-03-31,2006-03-31,2006-03-31,2021-08-25,-210000000.0,22377000000.0,22812000000.0,3780000000.0,18597000000.0,0.369,33.096,-1202000000.0,174000000.0,174000000.0,6373000000.0,551000000.0,0.904,2.82,8344000000.0,1340000000.0,7004000000.0,8344000000.0,0.0,889000000.0,0.0,0.051,2.06,1200000000.0,2089000000.0,0.248,2089000000.0,1200000000.0,676000000.0,3.14,3.11,3.14,5858000000.0,5625500000.0,5858000000.0,15632503486.0,13.0,7.483,-1000000.0,-0.006,1.0,2047000000.0,0.243,2057000000.0,524000000.0,24307000000.0,24316750000.0,457000000.0,360000000.0,0.0,360000000.0,16519000000.0,4183000000.0,12336000000.0,7128503486.0,15000000.0,-73000000.0,160000000.0,-26000000.0,-361000000.0,-236000000.0,-950000000.0,-95000000.0,1201000000.0,0.0,551000000.0,551000000.0,551000000.0,47000000.0,0.0,0.065,1131000000.0,916000000.0,1090000000.0,0.656,1.217,12.937,12.768,10917000000.0,0.0,40.09,0.847,0.843,1610000000.0,2602000000.0,8420000000.0,8420000000.0,0.0,0.024,0.098,0.049,0.143,0.0,0.0,1.0,177812509.0,177000000.0,178000000.0,47.571,20320000000.0,203000000.0,125000000.0,1572000000.0,114.802,-403000000.0
62,DTE,MRT,2005-12-31,2005-12-31,2005-12-31,2021-08-25,-271000000.0,23335000000.0,22603500000.0,4682000000.0,18653000000.0,0.358,32.966,-1065000000.0,210000000.0,210000000.0,6155000000.0,537000000.0,0.952,3.045,8714000000.0,1634000000.0,7080000000.0,8714000000.0,0.0,872000000.0,0.0,0.048,2.06,1161000000.0,2033000000.0,0.251,2033000000.0,1161000000.0,643000000.0,3.07,3.05,3.07,5769000000.0,5543250000.0,5769000000.0,16053296129.0,14.0,7.896,-64000000.0,-0.366,1.0,1939000000.0,0.24,2156000000.0,518000000.0,24763000000.0,24356500000.0,668000000.0,409000000.0,0.0,409000000.0,17566000000.0,4920000000.0,12646000000.0,7680296129.0,32000000.0,-50000000.0,159000000.0,40000000.0,-360000000.0,-167000000.0,-802000000.0,-100000000.0,1001000000.0,0.0,537000000.0,537000000.0,537000000.0,50000000.0,0.0,0.066,1041000000.0,898000000.0,1187000000.0,0.671,1.331,14.302,14.068,10830000000.0,0.0,43.19,0.949,0.934,2032000000.0,2557000000.0,8094000000.0,8094000000.0,0.0,0.024,0.097,0.048,0.143,0.0,0.0,1.0,177825796.0,175000000.0,176000000.0,46.251,21179000000.0,257000000.0,106000000.0,1527000000.0,121.023,-238000000.0
63,DTE,MRT,2005-09-30,2005-09-30,2005-09-30,2021-08-25,-317000000.0,23714000000.0,22094000000.0,4986000000.0,18728000000.0,0.372,30.858,-1006000000.0,187000000.0,187000000.0,6698000000.0,268000000.0,0.863,3.366,8560000000.0,1763000000.0,6797000000.0,8560000000.0,0.0,871000000.0,0.0,0.045,2.06,873000000.0,1744000000.0,0.212,1744000000.0,873000000.0,361000000.0,1.54,1.54,1.54,5431000000.0,5488000000.0,5431000000.0,16161947241.0,19.0,9.267,-8000000.0,-0.045,1.0,1523000000.0,0.185,2049000000.0,512000000.0,24262000000.0,24306250000.0,850000000.0,454000000.0,0.0,454000000.0,18283000000.0,5776000000.0,12507000000.0,7986947241.0,17000000.0,-62000000.0,170000000.0,-57000000.0,-357000000.0,-253000000.0,-728000000.0,-121000000.0,998000000.0,0.0,268000000.0,268000000.0,268000000.0,44000000.0,0.0,0.033,938000000.0,585000000.0,1280000000.0,1.338,1.471,29.802,29.779,10593000000.0,0.0,45.86,0.972,0.982,1597000000.0,2267000000.0,8221000000.0,8221000000.0,0.0,0.012,0.049,0.036,0.106,0.0,0.0,1.0,174159338.0,176000000.0,177000000.0,46.71,21665000000.0,0.0,93000000.0,1416000000.0,123.097,-790000000.0
64,DTE,MRT,2005-06-30,2005-06-30,2005-06-30,2021-08-25,-218000000.0,21822000000.0,21464000000.0,3347000000.0,18475000000.0,0.361,31.287,-938000000.0,193000000.0,193000000.0,6074000000.0,357000000.0,0.837,3.008,8368000000.0,1379000000.0,6989000000.0,8368000000.0,0.0,822000000.0,0.0,0.044,2.06,991000000.0,1813000000.0,0.234,1813000000.0,991000000.0,477000000.0,2.06,2.06,2.06,5444000000.0,5500250000.0,5444000000.0,16339166621.0,16.0,9.012,217000000.0,1.247,1.0,1673000000.0,0.216,2064000000.0,514000000.0,23935000000.0,24397250000.0,670000000.0,488000000.0,0.0,488000000.0,16378000000.0,3998000000.0,12380000000.0,8146166621.0,11000000.0,-59000000.0,9000000.0,-116000000.0,-357000000.0,-472000000.0,-672000000.0,-89000000.0,1155000000.0,0.0,357000000.0,357000000.0,357000000.0,23000000.0,0.0,0.046,962000000.0,711000000.0,979000000.0,1.0,1.496,22.818,22.704,10499000000.0,0.0,46.77,1.052,1.05,1335000000.0,2355000000.0,7747000000.0,7747000000.0,0.0,0.017,0.065,0.041,0.128,0.0,0.0,1.0,174175040.0,174000000.0,175000000.0,44.523,19758000000.0,0.0,120000000.0,1387000000.0,113.552,-651000000.0
65,DTE,MRT,2005-03-31,2005-03-31,2005-03-31,2021-08-25,-195000000.0,21543000000.0,21261250000.0,3191000000.0,18352000000.0,0.344,31.776,-923000000.0,134000000.0,134000000.0,5737000000.0,363000000.0,0.996,2.896,8327000000.0,786000000.0,7541000000.0,8327000000.0,0.0,785000000.0,0.0,0.045,2.06,1010000000.0,1795000000.0,0.246,1795000000.0,1010000000.0,496000000.0,2.09,2.09,2.09,5529000000.0,5511500000.0,5529000000.0,16264026866.0,16.0,9.061,205000000.0,1.178,1.0,1570000000.0,0.215,2067000000.0,514000000.0,24466000000.0,24532000000.0,514000000.0,486000000.0,0.0,486000000.0,16014000000.0,3203000000.0,12811000000.0,7923026866.0,-4000000.0,0.0,21000000.0,-89000000.0,-357000000.0,-433000000.0,-699000000.0,-112000000.0,1128000000.0,0.0,363000000.0,363000000.0,363000000.0,19000000.0,0.0,0.05,854000000.0,716000000.0,863000000.0,0.986,1.433,21.827,21.761,10524000000.0,0.0,45.48,1.084,1.083,1451000000.0,2415000000.0,7307000000.0,7307000000.0,0.0,0.017,0.066,0.041,0.138,0.0,0.0,1.0,174209034.0,174000000.0,175000000.0,41.994,19476000000.0,0.0,133000000.0,1304000000.0,111.931,-12000000.0
66,DTE,MRT,2004-12-31,2004-12-31,2004-12-31,2021-08-25,-158000000.0,21297000000.0,21094000000.0,2996000000.0,18301000000.0,0.335,32.069,-904000000.0,182000000.0,182000000.0,5362000000.0,431000000.0,0.996,2.839,8523000000.0,917000000.0,7606000000.0,8523000000.0,0.0,744000000.0,0.0,0.048,2.06,1123000000.0,1867000000.0,0.264,1867000000.0,1123000000.0,607000000.0,2.5,2.49,2.5,5548000000.0,5520000000.0,5548000000.0,15971812551.0,14.0,8.555,91000000.0,0.526,1.0,1707000000.0,0.241,2067000000.0,516000000.0,24562000000.0,24418250000.0,668000000.0,529000000.0,0.0,529000000.0,15749000000.0,3009000000.0,12740000000.0,7502812551.0,2000000.0,0.0,41000000.0,10000000.0,-354000000.0,-312000000.0,-681000000.0,-107000000.0,995000000.0,0.0,431000000.0,431000000.0,431000000.0,33000000.0,0.0,0.061,832000000.0,875000000.0,892000000.0,0.824,1.352,17.408,17.252,10491000000.0,0.0,43.13,1.061,1.056,1287000000.0,2383000000.0,7069000000.0,7069000000.0,0.0,0.02,0.078,0.046,0.159,0.0,0.0,1.0,173958093.0,173000000.0,173000000.0,40.861,19230000000.0,94000000.0,176000000.0,1283000000.0,111.156,-13000000.0
67,DTE,MRT,2004-09-30,2004-09-30,2004-09-30,2021-08-25,-192000000.0,21194000000.0,20958000000.0,2904000000.0,18290000000.0,0.326,31.676,-796000000.0,150000000.0,150000000.0,5180000000.0,547000000.0,0.977,2.868,8619000000.0,992000000.0,7627000000.0,8619000000.0,0.0,676000000.0,0.0,0.049,2.06,1141000000.0,1817000000.0,0.266,1817000000.0,1141000000.0,617000000.0,3.23,3.21,3.23,5480000000.0,5454750000.0,5480000000.0,15622608073.0,14.0,8.598,458000000.0,2.647,1.0,1656000000.0,0.242,2064000000.0,524000000.0,24626000000.0,24326000000.0,727000000.0,527000000.0,0.0,527000000.0,15714000000.0,2973000000.0,12741000000.0,7329608073.0,-16000000.0,736000000.0,42000000.0,-309000000.0,-352000000.0,-627000000.0,-643000000.0,-137000000.0,1254000000.0,0.0,547000000.0,547000000.0,547000000.0,25000000.0,0.0,0.08,770000000.0,886000000.0,691000000.0,0.638,1.338,13.4,13.062,10402000000.0,0.0,42.19,1.072,1.068,1042000000.0,2360000000.0,6836000000.0,6836000000.0,0.0,0.026,0.1,0.047,0.167,0.0,0.0,1.0,173728563.0,173000000.0,174000000.0,39.514,19130000000.0,0.0,70000000.0,1229000000.0,110.578,-69000000.0
68,DTE,MRT,2004-06-30,2004-06-30,2004-06-30,2021-08-25,-167000000.0,21011000000.0,20643500000.0,2727000000.0,18284000000.0,0.334,31.728,-747000000.0,196000000.0,196000000.0,5186000000.0,630000000.0,0.986,2.828,8489000000.0,830000000.0,7659000000.0,8489000000.0,0.0,656000000.0,0.0,0.051,2.06,1148000000.0,1804000000.0,0.261,1804000000.0,1148000000.0,620000000.0,3.74,3.71,3.74,5489000000.0,5353250000.0,5489000000.0,15306393490.0,13.0,8.485,394000000.0,2.277,1.0,1718000000.0,0.249,2063000000.0,528000000.0,24474000000.0,24058500000.0,551000000.0,552000000.0,0.0,552000000.0,15522000000.0,2767000000.0,12755000000.0,7031393490.0,-28000000.0,732000000.0,44000000.0,-248000000.0,-349000000.0,-562000000.0,-607000000.0,-128000000.0,1141000000.0,0.0,630000000.0,630000000.0,630000000.0,25000000.0,0.0,0.091,777000000.0,941000000.0,701000000.0,0.551,1.281,11.161,10.84,10376000000.0,0.0,40.54,1.018,1.016,1071000000.0,2356000000.0,6904000000.0,6904000000.0,0.0,0.031,0.118,0.048,0.166,0.0,0.0,1.0,173443352.0,173000000.0,174000000.0,39.908,18948000000.0,0.0,-10000000.0,1243000000.0,109.526,-40000000.0
69,DTE,MRT,2004-03-31,2004-03-31,2004-03-31,2021-08-25,-131000000.0,20874000000.0,20396250000.0,2708000000.0,18166000000.0,0.343,32.724,-719000000.0,141000000.0,141000000.0,5243000000.0,556000000.0,0.881,2.752,8416000000.0,1096000000.0,7320000000.0,8416000000.0,0.0,657000000.0,0.0,0.05,2.06,1078000000.0,1735000000.0,0.248,1735000000.0,1078000000.0,541000000.0,3.31,3.28,3.31,5563000000.0,5214750000.0,5563000000.0,15279157172.0,14.0,8.806,370000000.0,2.176,1.0,1760000000.0,0.251,2064000000.0,537000000.0,24011000000.0,23722250000.0,369000000.0,527000000.0,0.0,527000000.0,15311000000.0,3074000000.0,12237000000.0,6948157172.0,-72000000.0,669000000.0,45000000.0,-221000000.0,-347000000.0,-534000000.0,-627000000.0,-108000000.0,1089000000.0,0.0,556000000.0,556000000.0,556000000.0,27000000.0,0.0,0.079,843000000.0,917000000.0,652000000.0,0.622,1.249,12.497,12.432,10332000000.0,0.0,41.15,0.992,0.999,1318000000.0,2406000000.0,7003000000.0,7003000000.0,0.0,0.027,0.107,0.045,0.154,0.0,0.0,1.0,168849506.0,170000000.0,170000000.0,41.194,18810000000.0,0.0,-15000000.0,1256000000.0,110.647,-366000000.0
70,DTE,MRT,2003-12-31,2003-12-31,2003-12-31,2021-08-25,-130000000.0,20753000000.0,20185000000.0,2712000000.0,18041000000.0,0.347,31.47,-751000000.0,185000000.0,185000000.0,5296000000.0,521000000.0,0.96,2.925,8516000000.0,847000000.0,7669000000.0,8516000000.0,0.0,691000000.0,0.0,0.052,2.06,950000000.0,1641000000.0,0.234,1641000000.0,950000000.0,405000000.0,3.11,3.09,3.11,5287000000.0,5092000000.0,5287000000.0,15362075160.0,16.0,9.361,199000000.0,1.185,1.0,1709000000.0,0.244,2067000000.0,545000000.0,24193000000.0,23469500000.0,629000000.0,469000000.0,0.0,469000000.0,15466000000.0,2824000000.0,12642000000.0,6631075160.0,-79000000.0,669000000.0,44000000.0,-725000000.0,-346000000.0,-1039000000.0,10000000.0,-103000000.0,950000000.0,0.0,521000000.0,521000000.0,521000000.0,-54000000.0,0.0,0.074,942000000.0,767000000.0,625000000.0,0.662,1.254,12.728,12.669,10324000000.0,0.0,39.4,0.947,0.945,1193000000.0,2308000000.0,7005000000.0,7005000000.0,0.0,0.026,0.102,0.04,0.136,0.0,0.0,1.0,168301400.0,168000000.0,168000000.0,41.696,18686000000.0,0.0,-116000000.0,1329000000.0,111.226,-112000000.0
71,DTE,MRT,2003-09-30,2003-09-30,2003-09-30,2021-08-25,-185000000.0,19936000000.0,19993000000.0,2757000000.0,17179000000.0,0.353,30.202,-896000000.0,190000000.0,190000000.0,5331000000.0,495000000.0,0.911,2.929,8921000000.0,1221000000.0,7700000000.0,8921000000.0,0.0,720000000.0,0.0,0.056,2.06,965000000.0,1685000000.0,0.239,1685000000.0,965000000.0,391000000.0,2.96,2.94,2.96,5074000000.0,4911500000.0,5074000000.0,14429657247.0,15.0,8.564,-130000000.0,-0.774,1.0,1722000000.0,0.244,2084000000.0,574000000.0,23556000000.0,23308000000.0,766000000.0,0.0,0.0,0.0,14862000000.0,3027000000.0,11835000000.0,6206657247.0,-22000000.0,-26000000.0,33000000.0,-218000000.0,-345000000.0,-548000000.0,-240000000.0,-74000000.0,766000000.0,0.0,495000000.0,495000000.0,495000000.0,-114000000.0,0.0,0.07,979000000.0,743000000.0,650000000.0,0.696,1.223,12.539,12.463,9670000000.0,0.0,36.89,0.88,0.879,1012000000.0,2168000000.0,7053000000.0,7053000000.0,0.0,0.025,0.101,0.041,0.137,0.0,0.0,1.0,168247689.0,168000000.0,168000000.0,41.982,17852000000.0,0.0,-104000000.0,1274000000.0,106.262,-270000000.0
72,DTE,MRT,2003-06-30,2003-06-30,2003-06-30,2021-08-25,-221000000.0,20022000000.0,19817250000.0,2708000000.0,17314000000.0,0.356,29.375,-938000000.0,229000000.0,229000000.0,5253000000.0,480000000.0,0.894,3.057,8452000000.0,975000000.0,7477000000.0,8452000000.0,0.0,760000000.0,0.0,0.053,2.06,968000000.0,1728000000.0,0.245,1728000000.0,968000000.0,394000000.0,2.87,2.86,2.87,4935000000.0,4889250000.0,4935000000.0,14608517408.0,15.0,8.454,14000000.0,0.083,1.0,1803000000.0,0.256,2086000000.0,574000000.0,23129000000.0,23110750000.0,526000000.0,0.0,0.0,0.0,15087000000.0,3030000000.0,12057000000.0,6490517408.0,21000000.0,-25000000.0,21000000.0,-310000000.0,-345000000.0,-651000000.0,-280000000.0,-31000000.0,952000000.0,0.0,480000000.0,480000000.0,480000000.0,-118000000.0,0.0,0.068,1042000000.0,761000000.0,852000000.0,0.718,1.315,13.522,13.463,9678000000.0,0.0,38.64,0.92,0.92,1120000000.0,2080000000.0,7056000000.0,7056000000.0,0.0,0.024,0.098,0.042,0.137,0.0,0.0,1.0,167974053.0,168000000.0,168000000.0,42.0,17936000000.0,0.0,-86000000.0,1316000000.0,106.762,-322000000.0
73,DTE,MRT,2003-03-31,2003-03-31,2003-03-31,2021-08-25,-197000000.0,20029000000.0,19687750000.0,2885000000.0,17144000000.0,0.352,30.371,-972000000.0,226000000.0,226000000.0,4994000000.0,587000000.0,0.939,2.949,8344000000.0,895000000.0,7449000000.0,8344000000.0,0.0,766000000.0,0.0,0.053,2.06,1052000000.0,1818000000.0,0.262,1818000000.0,1052000000.0,480000000.0,3.52,3.51,3.52,5072000000.0,4875500000.0,5072000000.0,15056171703.0,14.0,8.282,157000000.0,0.94,1.0,1936000000.0,0.279,2075000000.0,572000000.0,23000000000.0,23038500000.0,379000000.0,0.0,0.0,0.0,14957000000.0,3072000000.0,11885000000.0,6480171703.0,63000000.0,-21000000.0,275000000.0,-604000000.0,-340000000.0,-690000000.0,-376000000.0,-58000000.0,1129000000.0,0.0,587000000.0,587000000.0,587000000.0,-120000000.0,0.0,0.085,1059000000.0,877000000.0,839000000.0,0.585,1.278,11.039,10.98,9658000000.0,0.0,38.65,0.935,0.931,1410000000.0,2206000000.0,6930000000.0,6930000000.0,0.0,0.03,0.12,0.046,0.152,0.0,0.0,1.0,167662916.0,167000000.0,168000000.0,41.497,17954000000.0,0.0,-107000000.0,1291000000.0,107.509,-187000000.0
74,DTE,MRT,2002-12-31,2002-12-31,2002-12-31,2021-08-25,-619000000.0,19985000000.0,19553000000.0,2764000000.0,17221000000.0,0.344,27.835,-984000000.0,370000000.0,370000000.0,4688000000.0,632000000.0,0.866,3.378,9235000000.0,1432000000.0,7803000000.0,9235000000.0,0.0,759000000.0,0.0,0.044,2.06,1117000000.0,1876000000.0,0.279,1876000000.0,1117000000.0,548000000.0,3.85,3.83,3.85,4565000000.0,4776750000.0,4565000000.0,16390210352.0,15.0,8.737,12000000.0,0.073,1.0,2041000000.0,0.303,2112000000.0,569000000.0,23547000000.0,22968500000.0,576000000.0,336000000.0,0.0,336000000.0,15420000000.0,3191000000.0,12229000000.0,7770210352.0,-135000000.0,-21000000.0,265000000.0,78000000.0,-338000000.0,-16000000.0,-1115000000.0,-72000000.0,996000000.0,0.0,632000000.0,632000000.0,632000000.0,-46000000.0,0.0,0.094,1047000000.0,994000000.0,647000000.0,0.535,1.702,12.295,12.052,10542000000.0,0.0,46.4,1.155,1.131,1198000000.0,2132000000.0,6729000000.0,6729000000.0,0.0,0.032,0.132,0.049,0.166,0.0,0.0,1.0,167461430.0,164000000.0,165000000.0,41.03,17873000000.0,0.0,-84000000.0,1128000000.0,108.982,-427000000.0
75,DTE,MRT,2002-09-30,2002-09-30,2002-09-30,2021-08-25,-81000000.0,19233000000.0,19277000000.0,2712000000.0,16521000000.0,0.349,29.85,-1108000000.0,235000000.0,235000000.0,4574000000.0,647000000.0,0.902,2.858,8855000000.0,1288000000.0,7567000000.0,8855000000.0,0.0,786000000.0,0.0,0.051,2.06,1138000000.0,1924000000.0,0.286,1924000000.0,1138000000.0,579000000.0,4.04,4.02,4.04,4985000000.0,4782750000.0,4985000000.0,15337900795.0,13.0,7.972,-209000000.0,-1.251,1.0,2160000000.0,0.321,2078000000.0,559000000.0,22767000000.0,22701250000.0,697000000.0,0.0,0.0,0.0,14248000000.0,3008000000.0,11240000000.0,6815900795.0,7000000.0,0.0,185000000.0,142000000.0,-345000000.0,-30000000.0,-862000000.0,-67000000.0,899000000.0,0.0,647000000.0,647000000.0,647000000.0,-20000000.0,0.0,0.096,1092000000.0,1068000000.0,573000000.0,0.51,1.367,10.535,10.074,9722000000.0,0.0,40.7,1.012,1.009,976000000.0,2013000000.0,6734000000.0,6734000000.0,0.0,0.034,0.135,0.05,0.169,0.0,0.0,1.0,167466850.0,167000000.0,168000000.0,40.323,17155000000.0,0.0,-68000000.0,1492000000.0,102.725,-296000000.0
76,DTE,MRT,2002-06-30,2002-06-30,2002-06-30,2021-08-25,-111000000.0,19504000000.0,19162500000.0,2881000000.0,16623000000.0,0.348,30.311,-1079000000.0,234000000.0,234000000.0,4530000000.0,549000000.0,0.929,2.997,8756000000.0,1143000000.0,7613000000.0,8756000000.0,0.0,803000000.0,0.0,0.046,2.06,1061000000.0,1864000000.0,0.279,1864000000.0,1061000000.0,502000000.0,3.46,3.44,3.46,4880000000.0,4665750000.0,4880000000.0,15956788720.0,15.0,8.561,-287000000.0,-1.783,1.0,2144000000.0,0.321,2084000000.0,559000000.0,22840000000.0,22489500000.0,535000000.0,0.0,0.0,0.0,14624000000.0,3102000000.0,11522000000.0,7193788720.0,-260000000.0,0.0,98000000.0,266000000.0,-344000000.0,10000000.0,-1062000000.0,-134000000.0,792000000.0,0.0,549000000.0,549000000.0,549000000.0,-20000000.0,0.0,0.082,1114000000.0,1030000000.0,689000000.0,0.595,1.474,13.103,12.902,9663000000.0,0.0,44.64,1.078,1.077,1141000000.0,1941000000.0,6674000000.0,6674000000.0,0.0,0.029,0.118,0.047,0.159,0.0,0.0,1.0,161151181.0,161000000.0,162000000.0,41.453,17420000000.0,0.0,-47000000.0,1610000000.0,108.199,-221000000.0
77,DTE,MRT,2002-03-31,2002-03-31,2002-03-31,2021-08-25,-94000000.0,19490000000.0,19166500000.0,2851000000.0,16639000000.0,0.365,29.05,-1147000000.0,169000000.0,169000000.0,4865000000.0,394000000.0,0.813,3.167,8932000000.0,1602000000.0,7330000000.0,8932000000.0,0.0,805000000.0,0.0,0.045,2.06,780000000.0,1585000000.0,0.227,1585000000.0,780000000.0,253000000.0,2.44,2.42,2.44,4677000000.0,4600000000.0,4677000000.0,15757595134.0,20.0,9.942,-550000000.0,-3.416,1.0,2125000000.0,0.304,2028000000.0,527000000.0,22720000000.0,22435750000.0,504000000.0,0.0,0.0,0.0,14813000000.0,3505000000.0,11308000000.0,7331595134.0,-914000000.0,-1212000000.0,-264000000.0,1393000000.0,-336000000.0,790000000.0,-2301000000.0,-145000000.0,597000000.0,0.0,394000000.0,394000000.0,394000000.0,-20000000.0,0.0,0.056,1370000000.0,755000000.0,616000000.0,0.844,1.568,18.608,18.648,9607000000.0,0.0,45.5,1.049,1.048,1134000000.0,1960000000.0,6990000000.0,6990000000.0,0.0,0.021,0.086,0.035,0.112,0.0,0.0,1.0,161133959.0,161000000.0,161000000.0,43.416,17462000000.0,28000000.0,-141000000.0,1672000000.0,108.46,-654000000.0
78,DTE,MRT,2001-12-31,2001-12-31,2001-12-31,2021-08-25,-68000000.0,18881000000.0,17764500000.0,2479000000.0,16402000000.0,0.326,29.993,-1096000000.0,425000000.0,425000000.0,3767000000.0,332000000.0,0.877,3.114,8852000000.0,1198000000.0,7654000000.0,8852000000.0,0.0,795000000.0,0.0,0.049,2.06,695000000.0,1490000000.0,0.257,1490000000.0,695000000.0,213000000.0,2.17,2.16,2.17,4589000000.0,4392000000.0,4589000000.0,15119644130.0,22.0,10.147,-285000000.0,-1.863,1.0,2020000000.0,0.349,2003000000.0,482000000.0,22478000000.0,21000750000.0,505000000.0,0.0,0.0,0.0,14292000000.0,2827000000.0,11465000000.0,6821644130.0,204000000.0,-1212000000.0,-438000000.0,2442000000.0,-325000000.0,1679000000.0,-2286000000.0,-124000000.0,811000000.0,0.0,332000000.0,332000000.0,332000000.0,-20000000.0,0.0,0.057,1355000000.0,665000000.0,581000000.0,0.949,1.487,20.547,19.327,9549000000.0,0.0,41.94,1.179,1.109,987000000.0,1846000000.0,5787000000.0,5787000000.0,0.0,0.019,0.076,0.033,0.12,0.0,0.0,1.0,162652459.0,153000000.0,154000000.0,37.824,16878000000.0,0.0,-119000000.0,1666000000.0,110.314,-348000000.0
79,DTE,MRT,2001-09-30,2001-09-30,2001-09-30,2021-08-25,-58000000.0,18775000000.0,16208250000.0,2631000000.0,16144000000.0,0.352,27.543,-841000000.0,307000000.0,307000000.0,3741000000.0,253000000.0,0.815,3.157,8605000000.0,1409000000.0,7196000000.0,8605000000.0,0.0,777000000.0,0.0,0.048,2.06,589000000.0,1366000000.0,0.239,1366000000.0,589000000.0,174000000.0,1.73,1.72,1.73,4517000000.0,4247000000.0,4517000000.0,15382213349.0,26.0,11.261,-122000000.0,-0.744,1.0,1969000000.0,0.345,1926000000.0,415000000.0,21920000000.0,19199250000.0,518000000.0,0.0,0.0,0.0,14258000000.0,3227000000.0,11031000000.0,7091213349.0,59000000.0,-1212000000.0,-358000000.0,2212000000.0,-306000000.0,1548000000.0,-2208000000.0,-84000000.0,719000000.0,0.0,253000000.0,253000000.0,253000000.0,0.0,0.0,0.044,1361000000.0,608000000.0,681000000.0,1.191,1.57,28.029,24.884,9392000000.0,0.0,43.05,1.242,1.236,1034000000.0,1739000000.0,5710000000.0,5710000000.0,0.0,0.016,0.06,0.031,0.103,0.0,0.0,1.0,164720403.0,164000000.0,165000000.0,34.817,16849000000.0,12000000.0,-79000000.0,1737000000.0,102.738,-596000000.0
80,DTE,MRT,2001-06-30,2001-06-30,2001-06-30,2021-08-25,-82000000.0,19520000000.0,14601000000.0,3259000000.0,16261000000.0,0.388,31.841,-816000000.0,432000000.0,432000000.0,3766000000.0,294000000.0,0.963,3.228,8723000000.0,1102000000.0,7621000000.0,8723000000.0,0.0,752000000.0,0.0,0.044,2.06,561000000.0,1313000000.0,0.232,1313000000.0,561000000.0,195000000.0,2.08,2.07,2.08,4617000000.0,4105000000.0,4617000000.0,11179724200.0,20.0,8.515,182000000.0,1.255,1.0,1894000000.0,0.335,1801000000.0,366000000.0,22625000000.0,17560500000.0,433000000.0,0.0,0.0,0.0,14903000000.0,3385000000.0,11518000000.0,6306724200.0,302000000.0,-1212000000.0,-271000000.0,1902000000.0,-294000000.0,1337000000.0,-2033000000.0,-48000000.0,998000000.0,0.0,294000000.0,294000000.0,294000000.0,0.0,0.0,0.052,1326000000.0,568000000.0,876000000.0,0.99,1.366,21.451,22.327,9430000000.0,0.0,46.44,1.114,1.19,1068000000.0,1814000000.0,5660000000.0,5660000000.0,0.0,0.02,0.072,0.032,0.099,0.0,0.0,1.0,135803708.0,145000000.0,145000000.0,39.034,17719000000.0,367000000.0,-99000000.0,2073000000.0,122.2,-126000000.0
81,DTE,MRT,2001-03-31,2001-03-31,2001-03-31,2021-08-25,-61000000.0,13882000000.0,12482000000.0,2553000000.0,11329000000.0,0.424,27.077,-745000000.0,1079000000.0,1079000000.0,3370000000.0,489000000.0,1.438,2.61,5952000000.0,490000000.0,5462000000.0,5952000000.0,0.0,750000000.0,0.0,0.052,2.06,848000000.0,1598000000.0,0.302,1598000000.0,848000000.0,504000000.0,3.44,3.43,3.44,3845000000.0,3865500000.0,3845000000.0,9587437046.0,11.0,6.0,308000000.0,2.169,1.0,1928000000.0,0.364,0.0,344000000.0,16980000000.0,15357500000.0,306000000.0,0.0,0.0,0.0,10037000000.0,1775000000.0,8262000000.0,5677437046.0,962000000.0,0.0,-182000000.0,1064000000.0,-294000000.0,588000000.0,-679000000.0,18000000.0,1053000000.0,0.0,489000000.0,489000000.0,489000000.0,0.0,0.0,0.092,1069000000.0,859000000.0,384000000.0,0.599,1.477,11.61,11.57,7577000000.0,0.0,39.8,1.072,1.067,701000000.0,2049000000.0,5298000000.0,5298000000.0,0.0,0.039,0.127,0.055,0.16,0.0,0.0,1.0,142649172.0,142000000.0,142000000.0,37.31,13882000000.0,0.0,15000000.0,1944000000.0,97.761,778000000.0
82,DTE,MRT,2000-12-31,2000-12-31,2000-12-31,2021-08-25,0.0,12656000000.0,12103750000.0,1652000000.0,11004000000.0,0.383,28.035,-749000000.0,152000000.0,152000000.0,2729000000.0,468000000.0,0.807,2.157,4839000000.0,800000000.0,4039000000.0,4839000000.0,0.0,758000000.0,0.0,0.053,2.06,813000000.0,1571000000.0,0.339,1571000000.0,813000000.0,477000000.0,3.27,3.27,3.27,4009000000.0,3874500000.0,4009000000.0,10350836638.0,13.0,6.589,266000000.0,1.86,1.0,1909000000.0,0.412,24000000.0,336000000.0,15272000000.0,15015500000.0,335000000.0,0.0,0.0,0.0,8647000000.0,2047000000.0,6600000000.0,5554836638.0,31000000.0,0.0,-70000000.0,56000000.0,-296000000.0,-310000000.0,-674000000.0,32000000.0,1015000000.0,0.0,468000000.0,468000000.0,468000000.0,0.0,0.0,0.101,1079000000.0,830000000.0,404000000.0,0.63,1.386,11.869,11.908,7387000000.0,0.0,38.94,1.198,1.201,750000000.0,2097000000.0,4638000000.0,4638000000.0,0.0,0.039,0.121,0.054,0.175,0.0,0.0,1.0,142651172.0,143000000.0,143000000.0,32.434,12632000000.0,0.0,9000000.0,2084000000.0,88.336,-395000000.0
83,DTE,MRT,2000-09-30,2000-09-30,2000-09-30,2021-08-25,0.0,12346000000.0,11702500000.0,1394000000.0,10952000000.0,0.45,27.615,-755000000.0,124000000.0,124000000.0,3427000000.0,426000000.0,0.784,2.126,4920000000.0,878000000.0,4042000000.0,4920000000.0,0.0,768000000.0,0.0,0.054,2.06,770000000.0,1538000000.0,0.292,1538000000.0,770000000.0,439000000.0,2.97,2.97,2.97,3949000000.0,3779250000.0,3949000000.0,9538524109.0,12.0,6.202,316000000.0,2.21,1.0,1844000000.0,0.35,0.0,331000000.0,15365000000.0,14645750000.0,323000000.0,0.0,0.0,0.0,8397000000.0,1777000000.0,6620000000.0,5459524109.0,-8000000.0,0.0,-70000000.0,-169000000.0,-297000000.0,-351000000.0,-728000000.0,37000000.0,1071000000.0,0.0,426000000.0,426000000.0,426000000.0,0.0,0.0,0.081,1060000000.0,784000000.0,231000000.0,0.694,1.383,12.816,12.886,7327000000.0,0.0,38.27,1.036,1.038,690000000.0,2031000000.0,5271000000.0,5271000000.0,0.0,0.036,0.113,0.053,0.146,0.0,0.0,1.0,142658064.0,143000000.0,143000000.0,36.86,12346000000.0,0.0,13000000.0,1901000000.0,86.336,-383000000.0
84,DTE,MRT,2000-06-30,2000-06-30,2000-06-30,2021-08-25,0.0,11044000000.0,11695000000.0,1035000000.0,10009000000.0,0.442,25.587,-754000000.0,14000000.0,14000000.0,3237000000.0,483000000.0,0.79,2.018,4093000000.0,602000000.0,3491000000.0,4093000000.0,0.0,749000000.0,0.0,0.067,2.06,881000000.0,1630000000.0,0.316,1630000000.0,881000000.0,541000000.0,3.35,3.35,3.35,3659000000.0,3756500000.0,3659000000.0,9132694795.0,10.0,5.603,322000000.0,2.252,1.0,1927000000.0,0.373,0.0,340000000.0,13813000000.0,14631000000.0,309000000.0,0.0,0.0,0.0,7385000000.0,1310000000.0,6075000000.0,4359694795.0,5000000.0,0.0,-70000000.0,25000000.0,-299000000.0,-344000000.0,-727000000.0,37000000.0,1076000000.0,0.0,483000000.0,483000000.0,483000000.0,0.0,0.0,0.094,1034000000.0,893000000.0,229000000.0,0.615,1.191,9.026,9.122,6631000000.0,0.0,30.56,0.844,0.846,494000000.0,1708000000.0,5164000000.0,5164000000.0,0.0,0.041,0.129,0.06,0.171,0.0,0.0,1.0,142660170.0,143000000.0,143000000.0,36.112,11044000000.0,0.0,58000000.0,1947000000.0,77.231,-275000000.0
85,DTE,MRT,2000-03-31,2000-03-31,2000-03-31,2021-08-25,0.0,12369000000.0,11979250000.0,1360000000.0,11009000000.0,0.408,26.857,-751000000.0,158000000.0,158000000.0,2958000000.0,485000000.0,0.889,2.187,4931000000.0,700000000.0,4231000000.0,4931000000.0,0.0,745000000.0,0.0,0.071,2.06,884000000.0,1629000000.0,0.333,1629000000.0,884000000.0,544000000.0,3.35,3.35,3.35,3881000000.0,3784500000.0,3881000000.0,8258624893.0,9.0,5.07,379000000.0,2.623,1.0,1928000000.0,0.395,0.0,340000000.0,15612000000.0,15021000000.0,325000000.0,0.0,0.0,0.0,8488000000.0,1530000000.0,6958000000.0,4233624893.0,-16000000.0,0.0,-62000000.0,-61000000.0,-299000000.0,-422000000.0,-724000000.0,37000000.0,1130000000.0,0.0,485000000.0,485000000.0,485000000.0,0.0,0.0,0.099,1027000000.0,901000000.0,243000000.0,0.615,1.091,8.729,8.713,7221000000.0,0.0,29.19,0.866,0.863,511000000.0,1963000000.0,4886000000.0,4886000000.0,0.0,0.04,0.128,0.059,0.181,0.0,0.0,1.0,145036824.0,144508000.0,144535000.0,33.811,12369000000.0,0.0,59000000.0,1987000000.0,85.594,-170000000.0
86,DTE,MRT,1999-12-31,1999-12-31,1999-12-31,2021-08-25,0.0,11051000000.0,11900250000.0,968000000.0,10083000000.0,0.397,25.021,-739000000.0,4000000.0,4000000.0,2815000000.0,483000000.0,0.754,2.046,4029000000.0,592000000.0,3437000000.0,4029000000.0,0.0,735000000.0,0.0,0.065,2.06,883000000.0,1618000000.0,0.342,1618000000.0,883000000.0,543000000.0,3.33,3.33,3.33,3628000000.0,3748250000.0,3628000000.0,9268778379.0,10.0,5.729,345000000.0,2.379,1.0,1913000000.0,0.405,0.0,340000000.0,13793000000.0,14951500000.0,315000000.0,0.0,0.0,0.0,7423000000.0,1283000000.0,6140000000.0,4587778379.0,-97000000.0,0.0,0.0,-170000000.0,-299000000.0,-469000000.0,-712000000.0,37000000.0,1084000000.0,0.0,483000000.0,483000000.0,483000000.0,0.0,0.0,0.102,1012000000.0,901000000.0,224000000.0,0.619,1.265,9.499,9.498,6566000000.0,0.0,31.63,0.97,0.97,482000000.0,1677000000.0,4728000000.0,4728000000.0,0.0,0.041,0.129,0.059,0.187,0.0,0.0,1.0,145045159.0,145000000.0,145000000.0,32.607,11051000000.0,0.0,60000000.0,1963000000.0,76.214,-315000000.0
87,DTE,MRT,1999-09-30,1999-09-30,1999-09-30,2021-08-25,0.0,12316000000.0,11884250000.0,1454000000.0,10862000000.0,0.389,26.607,-464000000.0,371000000.0,371000000.0,2742000000.0,492000000.0,0.86,2.192,5052000000.0,949000000.0,4103000000.0,5052000000.0,0.0,734000000.0,0.0,0.057,2.06,878000000.0,1612000000.0,0.348,1612000000.0,878000000.0,535000000.0,3.39,3.39,3.39,3858000000.0,3719500000.0,3858000000.0,10083742884.0,11.0,6.255,453000000.0,3.124,1.0,1885000000.0,0.407,0.0,343000000.0,15306000000.0,14972250000.0,308000000.0,0.0,0.0,0.0,8458000000.0,1691000000.0,6767000000.0,5276742884.0,-6000000.0,-213000000.0,0.0,291000000.0,-299000000.0,-246000000.0,-677000000.0,0.0,917000000.0,0.0,492000000.0,492000000.0,492000000.0,0.0,0.0,0.106,988000000.0,897000000.0,215000000.0,0.608,1.368,10.725,10.732,7065000000.0,0.0,36.38,1.14,1.14,591000000.0,1908000000.0,4627000000.0,4627000000.0,0.0,0.041,0.132,0.059,0.19,0.0,0.0,1.0,145045159.0,145000000.0,145000000.0,31.91,12316000000.0,0.0,43000000.0,1975000000.0,84.938,-237000000.0
88,DTE,MRT,1999-06-30,1999-06-30,1999-06-30,2021-08-25,0.0,12181000000.0,11758250000.0,1252000000.0,10929000000.0,0.373,26.007,-729000000.0,158000000.0,158000000.0,2532000000.0,463000000.0,0.775,2.23,4965000000.0,883000000.0,4082000000.0,4965000000.0,0.0,698000000.0,0.0,0.051,2.06,862000000.0,1560000000.0,0.356,1560000000.0,862000000.0,531000000.0,3.19,3.19,3.19,3771000000.0,3684750000.0,3771000000.0,10715590229.0,12.0,6.869,69000000.0,0.476,1.0,1854000000.0,0.423,0.0,331000000.0,15373000000.0,14885750000.0,321000000.0,0.0,0.0,0.0,8410000000.0,1615000000.0,6795000000.0,5910590229.0,3000000.0,-208000000.0,0.0,441000000.0,-299000000.0,90000000.0,-885000000.0,41000000.0,798000000.0,0.0,463000000.0,463000000.0,463000000.0,0.0,0.0,0.106,972000000.0,882000000.0,233000000.0,0.646,1.567,12.766,12.774,7049000000.0,0.0,40.75,1.348,1.347,549000000.0,1821000000.0,4386000000.0,4386000000.0,0.0,0.039,0.126,0.058,0.197,0.0,0.0,1.0,145045159.0,145000000.0,145000000.0,30.248,12181000000.0,0.0,68000000.0,1983000000.0,84.007,-363000000.0
89,DTE,MRT,1999-03-31,1999-03-31,1999-03-31,2021-08-25,0.0,12053000000.0,11611750000.0,1204000000.0,10849000000.0,0.37,25.766,-628000000.0,173000000.0,173000000.0,2431000000.0,454000000.0,0.79,2.226,4978000000.0,870000000.0,4108000000.0,4978000000.0,0.0,678000000.0,0.0,0.054,2.06,898000000.0,1576000000.0,0.367,1576000000.0,898000000.0,570000000.0,3.12,3.12,3.12,3736000000.0,3657250000.0,3736000000.0,10291120507.0,11.0,6.53,121000000.0,0.834,1.0,1869000000.0,0.435,0.0,328000000.0,15334000000.0,14693000000.0,313000000.0,0.0,0.0,0.0,8317000000.0,1524000000.0,6793000000.0,5576120507.0,-12000000.0,-208000000.0,0.0,501000000.0,-300000000.0,52000000.0,-813000000.0,29000000.0,749000000.0,0.0,454000000.0,454000000.0,454000000.0,0.0,0.0,0.106,950000000.0,919000000.0,187000000.0,0.66,1.493,12.282,12.321,6989000000.0,0.0,38.44,1.297,1.296,465000000.0,1786000000.0,4300000000.0,4300000000.0,0.0,0.039,0.124,0.061,0.209,0.0,0.0,1.0,145060367.0,145000000.0,145000000.0,29.655,12053000000.0,0.0,116000000.0,1946000000.0,83.124,-320000000.0
90,DTE,MRT,1998-12-31,1998-12-31,1998-12-31,2021-08-25,0.0,10987000000.0,11459000000.0,885000000.0,10102000000.0,0.368,24.228,-589000000.0,5000000.0,5000000.0,2351000000.0,443000000.0,0.701,2.128,4156000000.0,568000000.0,3588000000.0,4156000000.0,0.0,661000000.0,0.0,0.048,2.06,916000000.0,1577000000.0,0.374,1577000000.0,916000000.0,597000000.0,3.05,3.05,3.05,3513000000.0,3657000000.0,3513000000.0,10876936045.0,12.0,6.897,245000000.0,1.69,1.0,1870000000.0,0.443,0.0,319000000.0,13876000000.0,14497000000.0,309000000.0,0.0,0.0,0.0,7474000000.0,1262000000.0,6212000000.0,6246936045.0,85000000.0,-408000000.0,0.0,697000000.0,-299000000.0,248000000.0,-997000000.0,0.0,834000000.0,0.0,443000000.0,443000000.0,443000000.0,0.0,0.0,0.105,933000000.0,937000000.0,211000000.0,0.675,1.778,14.101,14.118,6428000000.0,0.0,43.06,1.48,1.479,460000000.0,1562000000.0,4221000000.0,4221000000.0,0.0,0.039,0.121,0.063,0.217,0.0,0.0,1.0,145075152.0,145000000.0,145000000.0,29.11,10987000000.0,0.0,154000000.0,1906000000.0,75.772,-377000000.0
91,DTE,MRT,1998-09-30,1998-09-30,1998-09-30,2021-08-25,0.0,11812000000.0,11518000000.0,1187000000.0,10625000000.0,0.363,25.648,-604000000.0,181000000.0,181000000.0,2209000000.0,466000000.0,0.801,2.176,4811000000.0,682000000.0,4129000000.0,4811000000.0,0.0,645000000.0,0.0,0.046,2.06,1008000000.0,1653000000.0,0.395,1653000000.0,1008000000.0,694000000.0,3.22,3.22,3.22,3719000000.0,3705250000.0,3719000000.0,11022946119.0,11.0,6.668,276000000.0,1.903,1.0,1972000000.0,0.472,0.0,314000000.0,14960000000.0,14622500000.0,340000000.0,0.0,0.0,0.0,8093000000.0,1482000000.0,6611000000.0,6555946119.0,-33000000.0,-411000000.0,0.0,456000000.0,-300000000.0,60000000.0,-973000000.0,45000000.0,880000000.0,0.0,466000000.0,466000000.0,466000000.0,0.0,0.0,0.111,936000000.0,1036000000.0,284000000.0,0.64,1.763,14.069,14.034,9153000000.0,0.0,45.19,1.568,1.567,527000000.0,1720000000.0,4181000000.0,4181000000.0,0.0,0.04,0.126,0.069,0.241,0.0,0.0,1.0,145075152.0,145000000.0,145000000.0,28.834,11812000000.0,0.0,228000000.0,2299000000.0,81.462,-295000000.0
92,DTE,MRT,1998-06-30,1998-06-30,1998-06-30,2021-08-25,0.0,11595000000.0,,1178000000.0,10417000000.0,,25.248,-298000000.0,94000000.0,94000000.0,2030000000.0,466000000.0,0.807,2.167,4561000000.0,594000000.0,3967000000.0,4561000000.0,0.0,657000000.0,0.0,0.051,2.06,1029000000.0,1686000000.0,0.42,1686000000.0,1029000000.0,722000000.0,3.22,3.22,3.22,3661000000.0,,3661000000.0,10215134638.0,10.0,6.059,692000000.0,4.772,1.0,1982000000.0,0.494,0.0,307000000.0,14602000000.0,,335000000.0,0.0,0.0,0.0,7934000000.0,1460000000.0,6474000000.0,5858134638.0,-49000000.0,-416000000.0,0.0,87000000.0,-300000000.0,-310000000.0,-729000000.0,-4000000.0,990000000.0,0.0,466000000.0,466000000.0,466000000.0,0.0,0.0,0.116,927000000.0,1055000000.0,194000000.0,0.64,1.6,12.571,12.54,8897000000.0,0.0,40.38,1.46,1.459,471000000.0,1662000000.0,4012000000.0,4012000000.0,0.0,,,,0.256,0.0,0.0,1.0,145075152.0,145000000.0,145000000.0,27.669,11595000000.0,0.0,256000000.0,2307000000.0,79.966,-282000000.0
93,DTE,MRT,1998-03-31,1998-03-31,1998-03-31,2021-08-25,0.0,11442000000.0,,989000000.0,10453000000.0,,25.759,-518000000.0,123000000.0,123000000.0,1882000000.0,450000000.0,0.792,2.063,4480000000.0,588000000.0,3892000000.0,4480000000.0,0.0,660000000.0,0.0,0.052,2.06,1006000000.0,1666000000.0,0.434,1666000000.0,1006000000.0,706000000.0,3.12,3.12,3.12,3735000000.0,,3735000000.0,9635795658.0,10.0,5.784,375000000.0,2.586,1.0,1958000000.0,0.51,0.0,300000000.0,14550000000.0,,292000000.0,0.0,0.0,0.0,7707000000.0,1249000000.0,6458000000.0,5703795658.0,-14000000.0,-416000000.0,0.0,339000000.0,-300000000.0,39000000.0,-946000000.0,-19000000.0,893000000.0,0.0,450000000.0,450000000.0,450000000.0,0.0,0.0,0.117,927000000.0,1031000000.0,146000000.0,0.66,1.527,12.675,12.599,8907000000.0,0.0,39.31,1.485,1.484,420000000.0,1640000000.0,3840000000.0,3840000000.0,0.0,,,,0.262,0.0,0.0,1.0,145097829.0,145000000.0,145000000.0,26.483,11442000000.0,0.0,256000000.0,2312000000.0,78.91,-260000000.0
94,DTE,MRT,1997-12-31,1997-12-31,1997-12-31,2021-08-25,0.0,11223000000.0,11048500000.0,935000000.0,10288000000.0,0.341,25.559,-484000000.0,99000000.0,99000000.0,1838000000.0,417000000.0,0.919,2.028,4271000000.0,357000000.0,3914000000.0,4271000000.0,0.0,660000000.0,0.0,0.059,2.06,971000000.0,1631000000.0,0.433,1631000000.0,971000000.0,674000000.0,2.88,2.88,2.88,3706000000.0,3596500000.0,3706000000.0,,,,421000000.0,2.903,1.0,1926000000.0,0.512,0.0,297000000.0,14378000000.0,14245000000.0,303000000.0,0.0,0.0,0.0,7517000000.0,1017000000.0,6500000000.0,5033443688.0,-8000000.0,-216000000.0,0.0,86000000.0,-299000000.0,-213000000.0,-700000000.0,0.0,905000000.0,0.0,417000000.0,417000000.0,417000000.0,0.0,0.0,0.111,925000000.0,1001000000.0,161000000.0,0.715,1.358,12.071,12.045,8934000000.0,0.0,34.69,1.337,1.336,442000000.0,1611000000.0,3764000000.0,3764000000.0,0.0,0.038,0.116,0.068,0.258,0.0,0.0,1.0,145097829.0,145000000.0,145000000.0,25.959,11223000000.0,0.0,257000000.0,2047000000.0,77.4,-82000000.0
95,DTE,MRT,1997-09-30,1997-09-30,1997-09-30,2021-08-25,,,,,,,,,,,,,,,,,,,,,,0.068,2.06,,,,,,,,,,,,,,,,,,1.0,,,,,,,,,,,,,,,,,,,,,,,,,,,,,,,,,,,,,,,,30.44,,,,,,,,,,,,,,1.0,,145000000.0,,,,,,,,
96,DTE,MRT,1997-06-30,1997-06-30,1997-06-30,2021-08-25,,,,,,,,,,,,,,,,,,,,,,0.075,2.06,,,,,,,,,,,,,,,,,,1.0,,,,,,,,,,,,,,,,,,,,,,,,,,,,,,,,,,,,,,,,27.63,,,,,,,,,,,,,,1.0,,145000000.0,,,,,,,,
97,DTE,MRT,1997-03-31,1997-03-31,1997-03-31,2021-08-25,,,,,,,,,,,,,,,,,,,,,,0.077,2.06,,,,,,,,,,,,,,,,,,1.0,,,,,,,,,,,,,,,,,,,,,,,,,,,,,,,,,,,,,,,,26.88,,,,,,,,,,,,,,1.0,,145000000.0,,,,,,,,
98,DTE,MRT,1996-12-31,1996-12-31,1996-12-31,2021-08-25,0.0,10874000000.0,,757000000.0,10117000000.0,,24.048,-531000000.0,2000000.0,2000000.0,1780000000.0,309000000.0,0.837,2.118,4144000000.0,288000000.0,3856000000.0,4144000000.0,0.0,625000000.0,0.0,0.064,2.06,818000000.0,1443000000.0,0.396,1443000000.0,818000000.0,530000000.0,2.13,2.13,2.13,3487000000.0,,3487000000.0,,,,548000000.0,3.779,1.0,1865000000.0,0.512,0.0,288000000.0,14112000000.0,,264000000.0,0.0,0.0,0.0,7387000000.0,904000000.0,6483000000.0,,-12000000.0,0.0,0.0,21000000.0,-299000000.0,-474000000.0,-617000000.0,-52000000.0,1079000000.0,0.0,309000000.0,309000000.0,309000000.0,0.0,0.0,0.085,1033000000.0,832000000.0,159000000.0,0.967,,,15.202,8768000000.0,0.0,32.38,,1.288,440000000.0,1392000000.0,3645000000.0,3645000000.0,0.0,,,,0.224,0.0,0.0,1.0,,145000000.0,145000000.0,25.138,10874000000.0,0.0,221000000.0,2382000000.0,74.993,-147000000.0
99,DTE,MRT,1995-12-31,1995-12-31,1995-12-31,2021-08-25,,,,,,,,-454000000.0,,,1725000000.0,434000000.0,,,,,,,,588000000.0,,0.06,2.06,1011000000.0,1599000000.0,0.44,1599000000.0,1011000000.0,717000000.0,,,,,,,,,,487000000.0,,1.0,1911000000.0,0.526,,294000000.0,,,,,,,,,,,57000000.0,0.0,0.0,-223000000.0,-327000000.0,-362000000.0,-522000000.0,-43000000.0,941000000.0,0.0,434000000.0,406000000.0,406000000.0,0.0,0.0,0.112,896000000.0,1015000000.0,,,,,,,28000000.0,34.5,,,,,3636000000.0,3636000000.0,0.0,,,,0.278,0.0,0.0,1.0,,,,,,,283000000.0,,,
