None,ticker,dimension,calendardate,datekey,reportperiod,lastupdated,accoci,assets,assetsavg,assetsc,assetsnc,assetturnover,bvps,capex,cashneq,cashnequsd,cor,consolinc,currentratio,de,debt,debtc,debtnc,debtusd,deferredrev,depamor,deposits,divyield,dps,ebit,ebitda,ebitdamargin,ebitdausd,ebitusd,ebt,eps,epsdil,epsusd,equity,equityavg,equityusd,ev,evebit,evebitda,fcf,fcfps,fxusd,gp,grossmargin,intangibles,intexp,invcap,invcapavg,inventory,investments,investmentsc,investmentsnc,liabilities,liabilitiesc,liabilitiesnc,marketcap,ncf,ncfbus,ncfcommon,ncfdebt,ncfdiv,ncff,ncfi,ncfinv,ncfo,ncfx,netinc,netinccmn,netinccmnusd,netincdis,netincnci,netmargin,opex,opinc,payables,payoutratio,pb,pe,pe1,ppnenet,prefdivis,price,ps,ps1,receivables,retearn,revenue,revenueusd,rnd,roa,roe,roic,ros,sbcomp,sgna,sharefactor,sharesbas,shareswa,shareswadil,sps,tangibles,taxassets,taxexp,taxliabilities,tbvps,workingcapital
0,ADP,MRY,2021-12-31,2021-06-30,2021-06-30,2021-09-07,10600000.0,48772500000.0,48724050000.0,40741800000.0,8030700000.0,0.308,13.301,-487100000.0,2575200000.0,2575200000.0,8640300000.0,2598500000.0,1.069,7.602,3351700000.0,23500000.0,3328200000.0,3351700000.0,566300000.0,510700000.0,0.0,0.019,3.7,3420900000.0,3931600000.0,0.262,3931600000.0,3420900000.0,3361200000.0,6.1,6.07,6.1,5670100000.0,5763225000.0,5670100000.0,84980148718.0,25.0,21.615,2606200000.0,6.114,1.0,6365100000.0,0.424,3548500000.0,59700000.0,7905700000.0,7297425000.0,0.0,0.0,0.0,0.0,43102400000.0,38094800000.0,5007600000.0,84516448718.0,6089600000.0,0.0,-1268200000.0,989600000.0,-1575500000.0,6437500000.0,-3515000000.0,-3027900000.0,3093300000.0,73800000.0,2598500000.0,2598500000.0,2598500000.0,0.0,0.0,0.173,3040500000.0,3324600000.0,141100000.0,0.607,14.906,32.525,32.561,1146700000.0,0.0,198.62,5.632,5.643,2738900000.0,19451100000.0,15005400000.0,15005400000.0,0.0,0.053,0.451,0.469,0.228,175300000.0,3040500000.0,1.0,425518320.0,426300000.0,428100000.0,35.199,45224000000.0,0.0,762700000.0,541100000.0,106.085,2647000000.0
1,ADP,MRY,2020-12-31,2020-06-30,2020-06-30,2021-09-07,-14800000.0,39165500000.0,42330750000.0,31564100000.0,7601400000.0,0.345,13.352,-587000000.0,1908500000.0,1908500000.0,8445100000.0,2466500000.0,1.048,5.809,2362600000.0,1015400000.0,1347200000.0,2362600000.0,583100000.0,480000000.0,0.0,0.024,3.52,3289700000.0,3769700000.0,0.258,3769700000.0,3289700000.0,3182600000.0,5.73,5.7,5.73,5752200000.0,5492000000.0,5752200000.0,64649906843.0,20.0,17.15,2439200000.0,5.662,1.0,6144700000.0,0.421,3525200000.0,107100000.0,5967800000.0,6992575000.0,0.0,0.0,0.0,0.0,33413300000.0,30126600000.0,3286700000.0,63989106843.0,257400000.0,0.0,-956300000.0,-250600000.0,-1470500000.0,-5890600000.0,3156300000.0,3743300000.0,3026200000.0,-34500000.0,2466500000.0,2466500000.0,2466500000.0,0.0,0.0,0.169,3003000000.0,3141700000.0,102000000.0,0.614,11.124,25.943,25.984,1197600000.0,0.0,148.89,4.386,4.396,2459900000.0,18436300000.0,14589800000.0,14589800000.0,0.0,0.058,0.449,0.47,0.225,130800000.0,3003000000.0,1.0,429774376.0,430800000.0,432700000.0,33.867,35640300000.0,0.0,716100000.0,772000000.0,82.731,1437500000.0
2,ADP,MRY,2019-12-31,2019-06-30,2019-06-30,2021-09-07,-257300000.0,41887700000.0,41576750000.0,34342300000.0,7545400000.0,0.339,12.414,-558600000.0,1949200000.0,1949200000.0,8021600000.0,2292800000.0,1.053,6.757,2264200000.0,262000000.0,2002200000.0,2264200000.0,620000000.0,409000000.0,0.0,0.019,3.06,3135500000.0,3544500000.0,0.251,3544500000.0,3135500000.0,3005600000.0,5.27,5.24,5.27,5399900000.0,5022200000.0,5399900000.0,72132384423.0,23.0,20.351,2129700000.0,4.896,1.0,6088600000.0,0.432,3394500000.0,129900000.0,6180500000.0,5948550000.0,0.0,10500000.0,10500000.0,0.0,36487800000.0,32627700000.0,3860100000.0,71956284423.0,254100000.0,-125500000.0,-864800000.0,259900000.0,-1293000000.0,-207700000.0,-2197700000.0,-1513600000.0,2688300000.0,-28800000.0,2292800000.0,2292800000.0,2292800000.0,0.0,0.0,0.162,3064200000.0,3024400000.0,125500000.0,0.581,13.325,31.384,31.372,764200000.0,0.0,165.33,5.1,5.097,2463100000.0,17500600000.0,14110200000.0,14110200000.0,0.0,0.055,0.457,0.527,0.222,167300000.0,3064200000.0,1.0,435228237.0,435000000.0,437600000.0,32.437,38493200000.0,0.0,712800000.0,714700000.0,88.49,1714600000.0
3,ADP,MRY,2018-12-31,2018-06-30,2018-06-30,2021-09-07,-679800000.0,38849100000.0,40780300000.0,31823300000.0,7025800000.0,0.326,10.749,-470400000.0,2170000000.0,2170000000.0,7757400000.0,1884900000.0,1.046,7.203,2002400000.0,0.0,2002400000.0,2002400000.0,673800000.0,377600000.0,0.0,0.019,2.52,2385300000.0,2762900000.0,0.208,2762900000.0,2385300000.0,2282600000.0,4.28,4.25,4.28,4735900000.0,4162425000.0,4735900000.0,58800464541.0,25.0,21.282,2044800000.0,4.641,1.0,5516800000.0,0.416,3129900000.0,102700000.0,5138900000.0,4564450000.0,0.0,0.0,0.0,0.0,34113200000.0,30412700000.0,3700500000.0,59091664541.0,-1639500000.0,-612400000.0,-920000000.0,-7300000.0,-1063700000.0,-1655900000.0,-2504600000.0,-1421800000.0,2515200000.0,5800000.0,1884900000.0,1884900000.0,1884900000.0,0.0,0.0,0.142,2959400000.0,2557400000.0,135400000.0,0.589,12.477,31.35,31.341,793700000.0,0.0,134.14,4.452,4.452,2009700000.0,16546600000.0,13274200000.0,13274200000.0,0.0,0.046,0.453,0.523,0.18,175400000.0,2959400000.0,1.0,440522324.0,440600000.0,443300000.0,30.128,35719200000.0,0.0,397700000.0,565900000.0,81.069,1410600000.0
4,ADP,MRY,2017-12-31,2017-06-30,2017-06-30,2021-09-07,-379200000.0,37180000000.0,38843175000.0,32658700000.0,4521300000.0,0.319,8.881,-470600000.0,2780400000.0,2780400000.0,7244500000.0,1787800000.0,1.095,8.349,2002400000.0,0.0,2002400000.0,2002400000.0,624300000.0,316100000.0,0.0,0.022,2.24,2696900000.0,3013000000.0,0.244,3013000000.0,2696900000.0,2616900000.0,3.99,3.97,3.99,3977000000.0,4036325000.0,3977000000.0,44848663846.0,17.0,14.885,1655300000.0,3.697,1.0,5127500000.0,0.414,2361200000.0,80000000.0,4224900000.0,4269950000.0,0.0,0.0,0.0,0.0,33203000000.0,29815900000.0,3387100000.0,45841663846.0,-7277000000.0,146600000.0,-1163900000.0,-2000000.0,-995200000.0,-8281700000.0,-1113200000.0,-789200000.0,2125900000.0,-8000000.0,1787800000.0,1787800000.0,1787800000.0,0.0,0.0,0.145,2773800000.0,2353700000.0,149700000.0,0.561,11.527,25.641,25.679,779900000.0,0.0,102.46,3.705,3.709,1731600000.0,14728200000.0,12372000000.0,12372000000.0,0.0,0.046,0.443,0.632,0.218,138900000.0,2773800000.0,1.0,447410344.0,447800000.0,450300000.0,27.628,34818800000.0,0.0,829100000.0,212100000.0,77.755,2842800000.0
5,ADP,MRY,2016-12-31,2016-06-30,2016-06-30,2021-09-07,-215100000.0,43670000000.0,42268850000.0,39500400000.0,4169600000.0,0.276,9.807,-370300000.0,3191100000.0,3191100000.0,6840300000.0,1492500000.0,1.102,8.744,2007700000.0,0.0,2007700000.0,2007700000.0,614300000.0,288600000.0,0.0,0.023,2.08,2290500000.0,2579100000.0,0.221,2579100000.0,2290500000.0,2234300000.0,3.27,3.25,3.27,4481600000.0,4455300000.0,4481600000.0,40916282352.0,18.0,15.865,1527000000.0,3.341,1.0,4827500000.0,0.414,2216200000.0,56200000.0,4423000000.0,4517200000.0,0.0,0.0,0.0,0.0,39188400000.0,35847400000.0,3341000000.0,41849982352.0,9772300000.0,162200000.0,-1080400000.0,1996800000.0,-943600000.0,8752700000.0,-869000000.0,-660900000.0,1897300000.0,-8700000.0,1492500000.0,1492500000.0,1492500000.0,500000.0,0.0,0.128,2637000000.0,2190500000.0,152300000.0,0.636,9.338,28.04,28.095,685000000.0,0.0,91.87,3.587,3.598,1769900000.0,14003300000.0,11667800000.0,11667800000.0,0.0,0.035,0.335,0.507,0.196,137600000.0,2637000000.0,1.0,455534803.0,457000000.0,459100000.0,25.531,41453800000.0,0.0,741800000.0,279300000.0,90.709,3653000000.0
6,ADP,MRY,2015-12-31,2015-06-30,2015-06-30,2021-09-07,-260600000.0,33110500000.0,35982250000.0,28809200000.0,4301300000.0,0.304,10.175,-311900000.0,1639300000.0,1639300000.0,6427600000.0,1452500000.0,1.063,5.886,9200000.0,0.0,9200000.0,9200000.0,591300000.0,277900000.0,0.0,0.024,1.95,2248700000.0,2526600000.0,0.231,2526600000.0,2248700000.0,2242200000.0,3.07,3.05,3.07,4808500000.0,5326525000.0,4808500000.0,35871012927.0,16.0,14.197,1662100000.0,3.517,1.0,4510900000.0,0.412,2296700000.0,6500000.0,2070000000.0,2850650000.0,0.0,55500000.0,26600000.0,28900000.0,28302000000.0,27113700000.0,1188300000.0,37669912927.0,-344300000.0,735500000.0,-1448100000.0,-2175300000.0,-927600000.0,1548300000.0,-3760300000.0,-4167200000.0,1974000000.0,-106300000.0,1452500000.0,1452500000.0,1452500000.0,-76000000.0,0.0,0.133,2496900000.0,2014000000.0,194500000.0,0.635,7.834,25.935,26.134,672700000.0,0.0,80.23,3.444,3.466,1579100000.0,13460300000.0,10938500000.0,10938500000.0,0.0,0.04,0.273,0.789,0.206,143200000.0,2496900000.0,1.0,469524030.0,472600000.0,475800000.0,23.145,30813800000.0,0.0,789700000.0,199300000.0,65.201,1695500000.0
7,ADP,MRY,2014-12-31,2014-06-30,2014-06-30,2021-09-07,178200000.0,32059800000.0,34114850000.0,27493000000.0,4566800000.0,0.3,13.928,-303000000.0,1584000000.0,1584000000.0,6041000000.0,1515900000.0,1.138,3.806,2184500000.0,2173000000.0,11500000.0,2184500000.0,612300000.0,266600000.0,0.0,0.024,1.875,2300200000.0,2566800000.0,0.251,2566800000.0,2300200000.0,2294100000.0,3.17,3.14,3.17,6670200000.0,6434400000.0,6670200000.0,36562164953.0,16.0,14.244,1518400000.0,3.171,1.0,4185400000.0,0.409,2374500000.0,6100000.0,6118200000.0,4234700000.0,0.0,2086300000.0,2032200000.0,54100000.0,25389600000.0,24167600000.0,1222000000.0,38221064953.0,284500000.0,24400000.0,-473100000.0,1923800000.0,-883100000.0,-2358200000.0,813300000.0,1182400000.0,1821400000.0,8000000.0,1515900000.0,1515900000.0,1515900000.0,-273300000.0,0.0,0.148,2370300000.0,1815100000.0,152100000.0,0.591,5.73,25.213,25.009,667100000.0,0.0,79.28,3.737,3.713,1654200000.0,13632900000.0,10226400000.0,10226400000.0,0.0,0.044,0.236,0.543,0.225,67200000.0,2370300000.0,1.0,482102232.0,478900000.0,483100000.0,21.354,29685300000.0,0.0,778200000.0,235600000.0,61.986,3325400000.0
8,ADP,MRY,2013-12-31,2013-06-30,2013-06-30,2021-09-07,15400000.0,32268100000.0,33977125000.0,26214500000.0,6053600000.0,0.278,12.823,-225200000.0,1699100000.0,1699100000.0,5574100000.0,1405800000.0,1.06,4.213,260600000.0,245900000.0,14700000.0,260600000.0,807800000.0,251200000.0,0.0,0.025,1.7,2160200000.0,2411400000.0,0.255,2411400000.0,2160200000.0,2151100000.0,2.91,2.89,2.91,6189900000.0,6359750000.0,6189900000.0,31780015635.0,15.0,13.179,1352000000.0,2.801,1.0,3867900000.0,0.41,3682400000.0,9100000.0,2414400000.0,2809375000.0,0.0,342000000.0,28000000.0,314000000.0,26078200000.0,24732800000.0,1345400000.0,33412415635.0,151000000.0,119400000.0,-441600000.0,228400000.0,-805500000.0,151000000.0,-1578400000.0,-1425000000.0,1577200000.0,1200000.0,1405800000.0,1405800000.0,1405800000.0,-283600000.0,0.0,0.149,2243100000.0,1624800000.0,156500000.0,0.584,5.398,23.768,23.663,728600000.0,0.0,68.86,3.539,3.52,1734000000.0,13020300000.0,9442000000.0,9442000000.0,0.0,0.041,0.221,0.769,0.229,65800000.0,2200400000.0,1.0,485222417.0,482700000.0,487100000.0,19.561,28585700000.0,0.0,745300000.0,273400000.0,59.22,1481700000.0
9,ADP,MRY,2012-12-31,2012-06-30,2012-06-30,2021-09-07,230200000.0,30817400000.0,32674525000.0,25272600000.0,5544800000.0,0.324,12.547,-178000000.0,1548100000.0,1548100000.0,6203900000.0,1388500000.0,1.087,4.04,16800000.0,0.0,16800000.0,16800000.0,779400000.0,319300000.0,0.0,0.028,1.545,2129800000.0,2449100000.0,0.231,2449100000.0,2129800000.0,2122100000.0,2.85,2.82,2.85,6114000000.0,6193050000.0,6114000000.0,25574677223.0,12.0,10.442,1732200000.0,3.555,1.0,4391500000.0,0.414,3750300000.0,7700000.0,2283100000.0,2455400000.0,0.0,117300000.0,30400000.0,86900000.0,24703400000.0,23252700000.0,1450700000.0,27222477223.0,158700000.0,-265700000.0,-491300000.0,-2000000.0,-739700000.0,-4953900000.0,3243600000.0,3703700000.0,1910200000.0,-41200000.0,1388500000.0,1388500000.0,1388500000.0,-13300000.0,0.0,0.131,2452900000.0,1938600000.0,167400000.0,0.542,4.452,19.606,19.53,706300000.0,0.0,55.66,2.569,2.56,1521500000.0,12438300000.0,10595400000.0,10595400000.0,0.0,0.042,0.224,0.867,0.201,94100000.0,2452900000.0,1.0,489085110.0,487300000.0,492200000.0,21.743,27067100000.0,0.0,733600000.0,420800000.0,55.545,2019900000.0
10,ADP,MRY,2011-12-31,2011-06-30,2011-06-30,2021-09-07,367100000.0,34238300000.0,34843475000.0,28583500000.0,5654800000.0,0.282,12.179,-264600000.0,1389400000.0,1389400000.0,5708400000.0,1254200000.0,1.067,4.697,34200000.0,0.0,34200000.0,34200000.0,828100000.0,314600000.0,0.0,0.027,1.42,1941300000.0,2255900000.0,0.229,2255900000.0,1941300000.0,1932700000.0,2.54,2.52,2.54,6010400000.0,5934300000.0,6010400000.0,24758148969.0,13.0,10.975,1441200000.0,2.92,1.0,4124600000.0,0.419,3789300000.0,8600000.0,2307000000.0,2373700000.0,0.0,134300000.0,36300000.0,98000000.0,28227900000.0,26786800000.0,1441100000.0,26324448969.0,-253900000.0,-776000000.0,-254600000.0,-5700000.0,-692400000.0,5339200000.0,-7340600000.0,-6302900000.0,1705800000.0,41700000.0,1254200000.0,1254200000.0,1254200000.0,-9200000.0,0.0,0.128,2314600000.0,1810000000.0,153300000.0,0.559,4.38,20.989,20.74,716200000.0,0.0,52.68,2.677,2.644,1493500000.0,11803900000.0,9833000000.0,9833000000.0,0.0,0.036,0.211,0.818,0.197,90300000.0,2314600000.0,1.0,499704802.0,493500000.0,498300000.0,19.925,30449000000.0,0.0,678500000.0,402100000.0,61.7,1796700000.0
11,ADP,MRY,2010-12-31,2010-06-30,2010-06-30,2021-09-07,209500000.0,26862200000.0,28970850000.0,22316700000.0,4545500000.0,0.308,10.947,-223600000.0,1643300000.0,1643300000.0,5029700000.0,1211400000.0,1.113,3.903,39800000.0,0.0,39800000.0,39800000.0,778400000.0,309200000.0,0.0,0.034,1.35,1875900000.0,2185100000.0,0.245,2185100000.0,1875900000.0,1867300000.0,2.42,2.4,2.42,5478900000.0,5704775000.0,5478900000.0,18326583232.0,10.0,8.387,1458500000.0,2.914,1.0,3898000000.0,0.437,2925700000.0,8600000.0,2280800000.0,2366950000.0,0.0,132200000.0,27900000.0,104300000.0,21383300000.0,20052200000.0,1331100000.0,20250283232.0,-622000000.0,-78400000.0,-525300000.0,-732900000.0,-673400000.0,89000000.0,-2379500000.0,-2079200000.0,1682100000.0,-13600000.0,1211400000.0,1211400000.0,1211400000.0,-4100000.0,0.0,0.136,2127400000.0,1770600000.0,150000000.0,0.558,3.696,16.716,16.636,673800000.0,0.0,40.26,2.268,2.257,1257100000.0,11252000000.0,8927700000.0,8927700000.0,0.0,0.042,0.212,0.793,0.21,67400000.0,2127400000.0,1.0,502987661.0,500500000.0,503700000.0,17.838,23936500000.0,0.0,655900000.0,366400000.0,47.825,2264500000.0
12,ADP,MRY,2009-12-31,2009-06-30,2009-06-30,2021-09-07,156000000.0,25351700000.0,28016000000.0,20705500000.0,4646200000.0,0.315,10.578,-228100000.0,2265300000.0,2265300000.0,4822700000.0,1332600000.0,1.104,3.763,772700000.0,730000000.0,42700000.0,772700000.0,821600000.0,307700000.0,0.0,0.036,1.28,1940900000.0,2248600000.0,0.254,2248600000.0,1940900000.0,1907600000.0,2.65,2.63,2.65,5322600000.0,5003525000.0,5322600000.0,16457898363.0,8.0,7.319,1334500000.0,2.652,1.0,4015700000.0,0.454,2954200000.0,33300000.0,2141500000.0,2358825000.0,0.0,123200000.0,30800000.0,92400000.0,20029100000.0,18763400000.0,1265700000.0,17778198363.0,1347800000.0,-67100000.0,-497700000.0,708800000.0,-629400000.0,468400000.0,-644100000.0,-358900000.0,1562600000.0,-39100000.0,1332600000.0,1332600000.0,1332600000.0,-7500000.0,0.0,0.151,2190300000.0,1825400000.0,130300000.0,0.483,3.34,13.341,13.374,734300000.0,0.0,35.44,2.011,2.018,1213300000.0,10716600000.0,8838400000.0,8838400000.0,0.0,0.048,0.266,0.823,0.22,94500000.0,2190300000.0,1.0,501642166.0,503200000.0,505800000.0,17.564,22397500000.0,0.0,575000000.0,484800000.0,44.51,1942100000.0
13,ADP,MRY,2008-12-31,2008-06-30,2008-06-30,2021-09-07,276200000.0,23734400000.0,27439725000.0,18808900000.0,4925500000.0,0.318,9.755,-276900000.0,917500000.0,917500000.0,4657200000.0,1235700000.0,1.085,3.666,63900000.0,11800000.0,52100000.0,63900000.0,851700000.0,318300000.0,0.0,0.026,1.1,1963900000.0,2282200000.0,0.261,2282200000.0,1963900000.0,1883400000.0,2.37,2.34,2.37,5087200000.0,5190375000.0,5087200000.0,20129517803.0,10.0,8.82,1495300000.0,2.867,1.0,4076500000.0,0.467,3063800000.0,80500000.0,2475400000.0,11443300000.0,0.0,742800000.0,666300000.0,76500000.0,18647200000.0,17341600000.0,1305600000.0,21721717803.0,-843300000.0,15100000.0,-1265100000.0,22900000.0,-548900000.0,-5270700000.0,2613900000.0,2853000000.0,1772200000.0,41300000.0,1235700000.0,1235700000.0,1235700000.0,-80000000.0,0.0,0.141,2359100000.0,1717400000.0,126900000.0,0.464,4.27,17.578,17.679,742900000.0,0.0,41.9,2.487,2.502,1268600000.0,10029800000.0,8733700000.0,8733700000.0,0.0,0.045,0.238,0.172,0.225,122900000.0,2359100000.0,1.0,518418086.0,521500000.0,527200000.0,16.747,20670600000.0,0.0,647700000.0,428900000.0,39.637,1467300000.0
14,ADP,MRY,2007-12-31,2007-06-30,2007-06-30,2021-09-07,-33400000.0,26648900000.0,29348325000.0,21853400000.0,4795500000.0,0.266,9.365,-322800000.0,1746100000.0,1746100000.0,4087300000.0,1138700000.0,1.068,4.177,43500000.0,0.0,43500000.0,43500000.0,774600000.0,288800000.0,0.0,0.018,0.875,1835900000.0,2124700000.0,0.272,2124700000.0,1835900000.0,1741000000.0,2.07,2.04,2.07,5147900000.0,5722750000.0,5147900000.0,24385553809.0,13.0,11.477,975200000.0,1.774,1.0,3712700000.0,0.476,3041600000.0,94900000.0,1440900000.0,17671325000.0,0.0,138500000.0,70400000.0,68100000.0,21501000000.0,20463800000.0,1037200000.0,26815453809.0,-139900000.0,230400000.0,-1556200000.0,-1200000.0,-461300000.0,-1176700000.0,-276900000.0,-168500000.0,1298000000.0,15700000.0,1138700000.0,1138700000.0,1138700000.0,-117500000.0,0.0,0.146,2206200000.0,1506500000.0,125900000.0,0.423,5.209,23.549,23.415,723800000.0,0.0,48.47,3.438,3.416,1268400000.0,9378500000.0,7800000000.0,7800000000.0,0.0,0.039,0.199,0.104,0.235,130300000.0,2206200000.0,1.0,553238164.0,549700000.0,557900000.0,14.19,23607300000.0,0.0,602300000.0,246400000.0,42.946,1389600000.0
15,ADP,MRY,2006-12-31,2006-06-30,2006-06-30,2021-09-07,-126300000.0,27490100000.0,28650725000.0,5482800000.0,22007300000.0,0.239,10.459,-374000000.0,1800100000.0,1800100000.0,3603700000.0,1554000000.0,2.05,3.573,74300000.0,0.0,74300000.0,74300000.0,725800000.0,246000000.0,0.0,0.016,0.71,2146100000.0,2392100000.0,0.35,2392100000.0,2146100000.0,2073300000.0,2.7,2.68,2.7,6011600000.0,5937975000.0,6011600000.0,24998805615.0,12.0,10.451,1438500000.0,2.503,1.0,3231900000.0,0.473,2502400000.0,72800000.0,20587700000.0,21696025000.0,0.0,661200000.0,327500000.0,333700000.0,21478500000.0,2674200000.0,18804300000.0,26138605615.0,925300000.0,563300000.0,-1081900000.0,-200000.0,-393900000.0,-1523100000.0,626500000.0,472600000.0,1812500000.0,9400000.0,1554000000.0,1554000000.0,1554000000.0,-712100000.0,0.0,0.227,1933700000.0,1298200000.0,125200000.0,0.263,4.348,16.82,16.796,700000000.0,0.0,45.35,3.824,3.813,967600000.0,9111400000.0,6835600000.0,6835600000.0,0.0,0.054,0.262,0.099,0.314,134800000.0,1933700000.0,1.0,576374986.0,574800000.0,580300000.0,11.892,24987700000.0,0.0,519300000.0,296800000.0,43.472,2808600000.0
16,ADP,MRY,2005-12-31,2005-06-30,2005-06-30,2021-09-07,14100000.0,27615400000.0,28091246000.0,4869900000.0,22745500000.0,0.218,9.918,-244100000.0,853600000.0,853600000.0,3165300000.0,1055400000.0,1.702,3.775,75700000.0,0.0,75700000.0,75700000.0,462700000.0,225600000.0,0.0,0.014,0.605,1544900000.0,1770500000.0,0.289,1770500000.0,1544900000.0,1512600000.0,1.81,1.79,1.81,5783900000.0,5655899750.0,5783900000.0,23489681551.0,15.0,13.267,1189400000.0,2.039,1.0,2966000000.0,0.484,2761500000.0,32300000.0,21214200000.0,21654923000.0,0.0,1143700000.0,695800000.0,447900000.0,21831500000.0,2861800000.0,18969700000.0,24482935551.0,262400000.0,-417200000.0,-438100000.0,-700000.0,-344900000.0,-746500000.0,-437900000.0,283000000.0,1433500000.0,13300000.0,1055400000.0,1055400000.0,1055400000.0,-274800000.0,0.0,0.172,1758600000.0,1207400000.0,937900000.0,0.334,4.233,23.198,23.188,637900000.0,0.0,41.97,3.993,3.992,2273800000.0,7966000000.0,6131300000.0,6131300000.0,0.0,0.038,0.187,0.071,0.252,11800000.0,1758600000.0,1.0,583343711.0,583200000.0,590000000.0,10.513,24853900000.0,0.0,457200000.0,431200000.0,42.616,2008100000.0
17,ADP,MRY,2004-12-31,2004-06-30,2004-06-30,2021-09-07,-19500000.0,21120600000.0,22490147500.0,2761600000.0,18359000000.0,0.324,9.156,-333200000.0,713000000.0,713000000.0,3308700000.0,935600000.0,1.562,2.898,76200000.0,0.0,76200000.0,76200000.0,414800000.0,277100000.0,0.0,0.013,0.54,1472800000.0,1749900000.0,0.24,1749900000.0,1472800000.0,1472800000.0,1.58,1.56,1.58,5417700000.0,5441611000.0,5417700000.0,23954922222.0,16.0,13.689,1052200000.0,1.778,1.0,3970700000.0,0.545,2931800000.0,0.0,15783600000.0,17128529500.0,0.0,1379500000.0,416000000.0,963500000.0,15702900000.0,1768400000.0,13934500000.0,24728801222.0,-697200000.0,-150900000.0,-469200000.0,-1000000.0,-308600000.0,-770300000.0,-1318800000.0,-2084100000.0,1385400000.0,6500000.0,935600000.0,935600000.0,935600000.0,-37900000.0,0.0,0.129,2066800000.0,1903900000.0,175200000.0,0.342,4.564,26.431,26.506,642400000.0,0.0,41.88,3.397,3.404,1254800000.0,7326900000.0,7279400000.0,7279400000.0,0.0,0.042,0.172,0.086,0.202,12300000.0,1789700000.0,1.0,590468033.0,591700000.0,598700000.0,12.303,18188800000.0,0.0,537200000.0,394300000.0,30.74,993200000.0
18,ADP,MRY,2003-12-31,2003-06-30,2003-06-30,2021-09-07,158819000.0,19833671000.0,18715502000.0,3675501000.0,16158170000.0,0.382,8.951,-278500000.0,1410218000.0,1410218000.0,3096700000.0,1018200000.0,1.839,2.692,84674000.0,0.0,84674000.0,84674000.0,338763000.0,274700000.0,0.0,0.014,0.475,1645200000.0,1919900000.0,0.269,1919900000.0,1645200000.0,1645200000.0,1.7,1.68,1.7,5371473000.0,5081841000.0,5371473000.0,19142543723.0,12.0,9.971,1226500000.0,2.044,1.0,4050300000.0,0.567,2651022000.0,0.0,13858322000.0,14072786500.0,0.0,934125000.0,595166000.0,338959000.0,14462198000.0,1998783000.0,12463415000.0,20249273723.0,611400000.0,-647200000.0,-845800000.0,-400000.0,-284600000.0,-1130800000.0,177100000.0,2064000000.0,1505000000.0,60100000.0,1018200000.0,1018200000.0,1018200000.0,0.0,0.0,0.142,2033000000.0,2017300000.0,173988000.0,0.279,3.77,19.887,19.918,614701000.0,0.0,33.86,2.833,2.843,1186187000.0,6710863000.0,7147000000.0,7147000000.0,0.0,0.054,0.2,0.117,0.23,0.0,1758300000.0,1.0,598029348.0,600100000.0,605900000.0,11.91,17182649000.0,0.0,627000000.0,535926000.0,28.633,1676718000.0
19,ADP,MRY,2002-12-31,2002-06-30,2002-06-30,2021-09-07,-118313000.0,18276522000.0,17947525750.0,2817257000.0,15459265000.0,0.39,8.264,-255420000.0,798810000.0,798810000.0,2970645000.0,1100770000.0,1.996,2.574,90648000.0,0.0,90648000.0,90648000.0,138893000.0,279077000.0,0.0,0.008,0.345,1786970000.0,2066047000.0,0.295,2066047000.0,1786970000.0,1786970000.0,1.78,1.75,1.78,5114205000.0,4887108750.0,5114205000.0,25894185960.0,14.0,12.533,1276284000.0,2.062,1.0,4033618000.0,0.576,1877198000.0,0.0,14280060000.0,13737974250.0,0.0,1950773000.0,677005000.0,1273768000.0,13162317000.0,1411102000.0,11751215000.0,27007151960.0,-476546000.0,-212583000.0,-647336000.0,-3561000.0,-276860000.0,-927757000.0,-1080493000.0,-618776000.0,1531704000.0,0.0,1100770000.0,1100770000.0,1100770000.0,0.0,0.0,0.157,1885767000.0,2147851000.0,148694000.0,0.194,5.281,24.535,24.466,596451000.0,0.0,43.55,3.856,3.848,1237939000.0,5977318000.0,7004263000.0,7004263000.0,0.0,0.061,0.225,0.13,0.255,0.0,1606690000.0,1.0,620141262.0,618857000.0,630579000.0,11.318,16399324000.0,0.0,686200000.0,464652000.0,26.499,1406155000.0
20,ADP,MRY,2001-12-31,2001-06-30,2001-06-30,2021-09-07,-232964000.0,17889090000.0,18867256750.0,3083460000.0,14805630000.0,0.363,7.473,-282854000.0,1275356000.0,1275356000.0,2900124000.0,924720000.0,2.308,2.805,110227000.0,0.0,110227000.0,110227000.0,85931000.0,320856000.0,0.0,0.008,0.395,1525010000.0,1845866000.0,0.269,1845866000.0,1525010000.0,1525010000.0,1.47,1.44,1.47,4700997000.0,4782154000.0,4700997000.0,29972020302.0,20.0,16.237,1208170000.0,1.921,1.0,3953528000.0,0.577,1601410000.0,0.0,13786278000.0,14842273500.0,0.0,1321608000.0,515245000.0,806363000.0,13188093000.0,1336273000.0,11851820000.0,31024628302.0,47719000.0,-72767000.0,-716886000.0,-22132000.0,-248453000.0,-987471000.0,-455834000.0,-67946000.0,1491024000.0,0.0,924720000.0,924720000.0,924720000.0,0.0,0.0,0.135,1986303000.0,1967225000.0,156324000.0,0.269,6.6,33.55,33.81,614650000.0,0.0,49.7,4.527,4.562,1201602000.0,5153408000.0,6853652000.0,6853652000.0,0.0,0.049,0.193,0.103,0.223,0.0,1665447000.0,1.0,624237994.0,629035000.0,645989000.0,10.896,16287680000.0,0.0,600290000.0,355604000.0,25.893,1747187000.0
21,ADP,MRY,2000-12-31,2000-06-30,2000-06-30,2021-09-07,-229434000.0,16850816000.0,8783342250.0,3064452000.0,13786364000.0,0.702,7.312,-233315000.0,1227637000.0,1227637000.0,2564496000.0,840800000.0,2.363,2.677,153540000.0,21523000.0,132017000.0,153540000.0,95361000.0,284282000.0,0.0,0.006,0.339,1289600000.0,1573882000.0,0.255,1573882000.0,1289600000.0,1289600000.0,1.34,1.31,1.34,4582818000.0,4336059000.0,4582818000.0,32344614136.0,25.0,20.551,836786000.0,1.335,1.0,3603936000.0,0.584,1623701000.0,0.0,12856350000.0,4971657500.0,0.0,1224912000.0,596792000.0,628120000.0,12267998000.0,1296668000.0,10971330000.0,33593283136.0,366357000.0,-160614000.0,-28418000.0,-92150000.0,-212578000.0,-333146000.0,-370598000.0,34995000.0,1070101000.0,0.0,840800000.0,840800000.0,840800000.0,0.0,0.0,0.136,1927642000.0,1676294000.0,129436000.0,0.253,7.33,39.954,39.97,597269000.0,0.0,53.56,5.446,5.442,1144563000.0,4477141000.0,6168432000.0,6168432000.0,0.0,0.096,0.194,0.259,0.209,0.0,1643360000.0,1.0,627208423.0,626766000.0,646098000.0,9.842,15227115000.0,0.0,448800000.0,253044000.0,24.295,1767784000.0
22,ADP,MRY,1999-12-31,1999-06-30,1999-06-30,2021-09-07,-135467000.0,12839553000.0,7326083250.0,2194257000.0,10645296000.0,0.756,6.51,-240060000.0,861280000.0,861280000.0,2376172000.0,696840000.0,1.706,2.204,212717000.0,66952000.0,145765000.0,212717000.0,114404000.0,272807000.0,0.0,0.007,0.295,1103590000.0,1376397000.0,0.248,1376397000.0,1103590000.0,1084500000.0,1.13,1.1,1.13,4007941000.0,3796675000.0,4007941000.0,26478771732.0,24.0,19.238,613801000.0,0.997,1.0,3163969000.0,0.571,1532374000.0,19090000.0,9372223000.0,3913290750.0,0.0,1307760000.0,231214000.0,1076546000.0,8831612000.0,1286393000.0,7545219000.0,27224841732.0,98217000.0,168718000.0,14994000.0,-197445000.0,-181133000.0,-363584000.0,-392060000.0,-331308000.0,853861000.0,0.0,696840000.0,696840000.0,696840000.0,0.0,0.0,0.126,1651833000.0,1512136000.0,130456000.0,0.261,6.793,39.069,38.938,579294000.0,0.0,44.0,4.914,4.889,1074249000.0,3848421000.0,5540141000.0,5540141000.0,0.0,0.095,0.184,0.282,0.199,0.0,1379026000.0,1.0,618746403.0,615630000.0,636892000.0,8.999,11307179000.0,0.0,387660000.0,274895000.0,18.367,907864000.0
23,ADP,MRY,1998-12-31,1998-06-30,1998-06-30,2021-09-07,-101620000.0,5242867000.0,4855630750.0,1880534000.0,3362333000.0,1.014,5.725,-297966000.0,763063000.0,763063000.0,2149343000.0,608262000.0,1.499,0.524,431874000.0,239811000.0,192063000.0,431874000.0,105347000.0,247625000.0,0.0,0.007,0.257,915100000.0,1162725000.0,0.236,1162725000.0,915100000.0,890717000.0,1.01,0.98,1.01,3439447000.0,3103356000.0,3439447000.0,21476524120.0,23.0,18.471,485387000.0,0.808,1.0,2776613000.0,0.564,1660192000.0,24383000.0,1997015000.0,1898649500.0,0.0,910208000.0,144936000.0,765272000.0,1803420000.0,1254471000.0,548949000.0,21938733120.0,151268000.0,-279265000.0,40204000.0,113305000.0,-152888000.0,-1224000.0,-630861000.0,-67264000.0,783353000.0,0.0,608262000.0,608262000.0,608262000.0,0.0,0.0,0.123,1487089000.0,1289524000.0,126207000.0,0.254,6.379,36.068,36.079,590314000.0,0.0,36.44,4.454,4.444,929555000.0,3372247000.0,4925956000.0,4925956000.0,0.0,0.125,0.196,0.482,0.186,0.0,1239464000.0,1.0,602050854.0,600803000.0,628196000.0,8.199,3582675000.0,0.0,282455000.0,201663000.0,5.963,626063000.0
24,ADP,MRY,1997-12-31,1997-06-30,1997-06-30,2021-09-07,-75786000.0,4382772000.0,4382772000.0,1805322000.0,2577450000.0,0.957,4.524,-193182000.0,590578000.0,590578000.0,1765959000.0,515244000.0,1.77,0.647,530330000.0,129168000.0,401162000.0,530330000.0,106737000.0,224910000.0,0.0,0.009,0.223,754663000.0,979573000.0,0.234,979573000.0,754663000.0,726439000.0,0.88,0.85,0.88,2660565000.0,2660565000.0,2660565000.0,13755695719.0,18.0,14.043,486365000.0,0.827,1.0,2427488000.0,0.579,1314787000.0,28224000.0,1987865000.0,1988410500.0,0.0,904505000.0,434341000.0,470164000.0,1722207000.0,1019872000.0,702335000.0,13763121719.0,294606000.0,-78694000.0,-29465000.0,44360000.0,-129814000.0,-118839000.0,-266102000.0,-32659000.0,679547000.0,0.0,515244000.0,515244000.0,515244000.0,0.0,0.0,0.123,1375031000.0,1052457000.0,110266000.0,0.253,5.173,26.712,26.705,519345000.0,0.0,23.5,3.282,3.296,781839000.0,2922317000.0,4193447000.0,4193447000.0,0.0,0.118,0.194,0.38,0.18,0.0,1150121000.0,1.0,585664754.0,588112000.0,620117000.0,7.13,3067985000.0,0.0,211195000.0,164230000.0,5.217,785450000.0
25,ADP,MRY,1996-12-31,1996-06-30,1996-06-30,2021-09-07,-75786000.0,4382772000.0,,1805322000.0,2577450000.0,,4.604,-274579000.0,590578000.0,590578000.0,1516407000.0,454700000.0,1.77,0.647,531421000.0,130259000.0,401162000.0,531421000.0,106737000.0,201629000.0,0.0,0.009,0.169,665121000.0,866750000.0,0.243,866750000.0,665121000.0,635390000.0,0.785,0.765,0.785,2660565000.0,,2660565000.0,,,,399688000.0,0.692,1.0,2050190000.0,0.575,1314787000.0,29731000.0,1988956000.0,,0.0,904505000.0,434341000.0,470164000.0,1722207000.0,1019872000.0,702335000.0,,804000.0,-472783000.0,-119607000.0,90746000.0,-112116000.0,-125737000.0,-547726000.0,194073000.0,674267000.0,0.0,454700000.0,454700000.0,454700000.0,0.0,0.0,0.127,1135434000.0,914756000.0,110266000.0,0.215,,,24.599,519345000.0,0.0,19.31,,3.129,781839000.0,2922317000.0,3566597000.0,3566597000.0,0.0,,,,0.186,0.0,933805000.0,1.0,,577934000.0,610018000.0,6.171,3067985000.0,0.0,180690000.0,164230000.0,5.309,785450000.0
26,ADP,MRY,1995-12-31,1995-06-30,1995-06-30,2021-09-07,,,,,,,,-156310000.0,,,1177292000.0,394830000.0,,,,,,,,172536000.0,,0.01,0.156,558620000.0,731156000.0,0.253,731156000.0,558620000.0,534280000.0,0.69,,0.69,,,,,,,337147000.0,0.591,1.0,1716450000.0,0.593,,24340000.0,,,,,,,,,,,74986000.0,-107457000.0,86266000.0,0.0,-89224000.0,-3747000.0,-414724000.0,-154713000.0,493457000.0,0.0,394830000.0,394830000.0,394830000.0,0.0,0.0,0.136,964657000.0,751793000.0,,0.226,,,22.783,,0.0,15.72,,3.098,,,2893742000.0,2893742000.0,0.0,,,,0.193,0.0,792121000.0,1.0,,570224000.0,,5.075,,,139450000.0,,,
0,ADP,MRQ,2021-06-30,2021-06-30,2021-06-30,2021-09-07,10600000.0,48772500000.0,,40741800000.0,8030700000.0,,13.395,-109400000.0,2575200000.0,2575200000.0,2205500000.0,538200000.0,1.069,7.602,3351700000.0,23500000.0,3328200000.0,3351700000.0,566300000.0,126000000.0,0.0,0.019,0.93,714400000.0,840400000.0,0.225,840400000.0,714400000.0,697100000.0,1.28,1.27,1.28,5670100000.0,,5670100000.0,84980148718.0,25.0,21.615,543400000.0,1.284,1.0,1531500000.0,0.41,3548500000.0,17300000.0,7905700000.0,,0.0,0.0,0.0,0.0,43102400000.0,38094800000.0,5007600000.0,84516448718.0,-6978600000.0,0.0,-439200000.0,1013700000.0,-396000000.0,-6486200000.0,-1148600000.0,-1039200000.0,652800000.0,3400000.0,538200000.0,538200000.0,538200000.0,0.0,0.0,0.144,840700000.0,690800000.0,141100000.0,0.727,14.906,32.525,32.561,1146700000.0,0.0,198.62,5.632,5.643,2738900000.0,19451100000.0,3737000000.0,3737000000.0,0.0,,,,,48900000.0,840700000.0,1.0,425518320.0,423300000.0,425700000.0,8.828,45224000000.0,0.0,158900000.0,541100000.0,106.837,2647000000.0
1,ADP,MRQ,2021-03-31,2021-03-31,2021-03-31,2021-09-07,-257700000.0,54407700000.0,,46752400000.0,7655300000.0,,13.325,-150400000.0,1891500000.0,1891500000.0,2278100000.0,810700000.0,1.048,8.589,2355200000.0,0.0,2355200000.0,2355200000.0,565600000.0,126900000.0,0.0,0.02,0.93,1079700000.0,1206600000.0,0.294,1206600000.0,1079700000.0,1066200000.0,1.9,1.9,1.9,5673900000.0,,5673900000.0,81403193263.0,25.0,21.635,1101800000.0,2.588,1.0,1823900000.0,0.445,3546600000.0,13500000.0,6709600000.0,,0.0,0.0,0.0,0.0,48733800000.0,44615200000.0,4118600000.0,80653893263.0,3993300000.0,0.0,-393000000.0,-500000.0,-397800000.0,4172200000.0,-1416800000.0,-1266400000.0,1252200000.0,-14300000.0,810700000.0,810700000.0,810700000.0,0.0,0.0,0.198,763000000.0,1060900000.0,112200000.0,0.489,14.215,32.628,32.607,1195200000.0,0.0,188.47,5.507,5.48,2778300000.0,19307500000.0,4102000000.0,4102000000.0,0.0,,,,,45500000.0,763000000.0,1.0,427940220.0,425800000.0,427700000.0,9.634,50861100000.0,0.0,255500000.0,695600000.0,119.448,2137200000.0
2,ADP,MRQ,2020-12-31,2020-12-31,2020-12-31,2021-09-07,40300000.0,49325900000.0,,41662300000.0,7663600000.0,,13.804,-107600000.0,1602200000.0,1602200000.0,2122400000.0,647500000.0,1.063,7.36,2351500000.0,0.0,2351500000.0,2351500000.0,581600000.0,126700000.0,0.0,0.021,0.93,846500000.0,973200000.0,0.263,973200000.0,846500000.0,832600000.0,1.51,1.51,1.51,5900000000.0,,5900000000.0,76268226624.0,23.0,20.213,598800000.0,1.401,1.0,1573300000.0,0.426,3553800000.0,13900000.0,7344900000.0,,0.0,0.0,0.0,0.0,43425900000.0,39176500000.0,4249400000.0,75557026624.0,5766800000.0,0.0,-214500000.0,-500000.0,-390700000.0,6227400000.0,-1213800000.0,-1106200000.0,706400000.0,46800000.0,647500000.0,647500000.0,647500000.0,0.0,0.0,0.175,755800000.0,817500000.0,113900000.0,0.616,12.806,30.441,30.432,1193800000.0,0.0,176.2,5.178,5.161,2525100000.0,18893600000.0,3695700000.0,3695700000.0,0.0,,,,,47100000.0,755800000.0,1.0,428813999.0,427400000.0,429000000.0,8.647,45772100000.0,0.0,185100000.0,740400000.0,107.094,2485800000.0
3,ADP,MRQ,2020-09-30,2020-09-30,2020-09-30,2021-09-07,15900000.0,42390100000.0,,34815400000.0,7574700000.0,,13.553,-119700000.0,1613100000.0,1613100000.0,2034300000.0,602100000.0,1.077,6.297,2324300000.0,0.0,2324300000.0,2324300000.0,575400000.0,131100000.0,0.0,0.026,0.91,780300000.0,911400000.0,0.263,911400000.0,780300000.0,765200000.0,1.4,1.4,1.4,5808900000.0,,5808900000.0,60429974343.0,18.0,15.966,362200000.0,0.845,1.0,1436400000.0,0.414,3542200000.0,15100000.0,7229500000.0,,0.0,0.0,0.0,0.0,36581200000.0,32329600000.0,4251600000.0,59975874343.0,3308100000.0,0.0,-221500000.0,-23100000.0,-391000000.0,2524100000.0,264200000.0,383900000.0,481900000.0,37900000.0,602100000.0,602100000.0,602100000.0,0.0,0.0,0.173,681000000.0,755400000.0,111200000.0,0.65,10.325,24.124,24.092,1180500000.0,0.0,139.49,4.118,4.105,2505200000.0,18644700000.0,3470700000.0,3470700000.0,0.0,,,,,33800000.0,681000000.0,1.0,429965405.0,428600000.0,430000000.0,8.098,38847900000.0,0.0,163100000.0,876000000.0,90.639,2485800000.0
4,ADP,MRQ,2020-06-30,2020-06-30,2020-06-30,2021-09-07,-14800000.0,39165500000.0,,31564100000.0,7601400000.0,,13.408,-210300000.0,1908500000.0,1908500000.0,2067100000.0,411600000.0,1.048,5.809,2362600000.0,1015400000.0,1347200000.0,2362600000.0,583100000.0,124500000.0,0.0,0.024,0.91,546900000.0,671400000.0,0.199,671400000.0,546900000.0,531300000.0,0.97,0.96,0.97,5752200000.0,,5752200000.0,64649906843.0,20.0,17.15,566300000.0,1.32,1.0,1309700000.0,0.388,3525200000.0,15600000.0,5967800000.0,,0.0,0.0,0.0,0.0,33413300000.0,30126600000.0,3286700000.0,63989106843.0,-1465400000.0,0.0,16700000.0,13000000.0,-391600000.0,-4926600000.0,2677700000.0,2888000000.0,776600000.0,6900000.0,411600000.0,411600000.0,411600000.0,0.0,0.0,0.122,765600000.0,544100000.0,102000000.0,0.938,11.124,25.943,25.984,1197600000.0,0.0,148.89,4.386,4.396,2459900000.0,18436300000.0,3376800000.0,3376800000.0,0.0,,,,,24100000.0,765600000.0,1.0,429774376.0,429000000.0,430300000.0,7.871,35640300000.0,0.0,119700000.0,772000000.0,83.078,1437500000.0
5,ADP,MRQ,2020-03-31,2020-03-31,2020-03-31,2021-09-07,-234400000.0,43383400000.0,,35708700000.0,7674700000.0,,12.769,-131900000.0,1705000000.0,1705000000.0,2239100000.0,820900000.0,1.03,6.901,2365800000.0,1001800000.0,1364000000.0,2365800000.0,593900000.0,120600000.0,0.0,0.025,0.91,1096700000.0,1217300000.0,0.301,1217300000.0,1096700000.0,1076700000.0,1.91,1.9,1.91,5490700000.0,,5490700000.0,59876571163.0,18.0,15.453,986800000.0,2.295,1.0,1808700000.0,0.447,3406000000.0,20000000.0,5965400000.0,,0.0,3200000.0,3200000.0,0.0,37892700000.0,34672800000.0,3219900000.0,59012171163.0,-4796100000.0,0.0,-353500000.0,-500000.0,-392900000.0,-6489100000.0,603500000.0,735400000.0,1118700000.0,-29200000.0,820900000.0,820900000.0,820900000.0,0.0,0.0,0.203,756600000.0,1052100000.0,115500000.0,0.476,10.748,23.322,23.284,1264200000.0,0.0,136.68,4.017,4.0,2642200000.0,18416500000.0,4047800000.0,4047800000.0,0.0,,,,,33400000.0,756600000.0,1.0,431754252.0,430000000.0,431800000.0,9.413,39977400000.0,0.0,255800000.0,782300000.0,92.971,1035900000.0
6,ADP,MRQ,2019-12-31,2019-12-31,2019-12-31,2021-09-07,-231200000.0,49059400000.0,,41365000000.0,7694400000.0,,12.432,-123200000.0,1500400000.0,1500400000.0,2094100000.0,651600000.0,1.021,8.145,2364800000.0,1001600000.0,1363200000.0,2364800000.0,591400000.0,117600000.0,0.0,0.019,0.91,867100000.0,984700000.0,0.268,984700000.0,867100000.0,835500000.0,1.51,1.5,1.51,5364400000.0,,5364400000.0,78696524174.0,24.0,20.893,574900000.0,1.332,1.0,1575400000.0,0.429,3417400000.0,31600000.0,5984000000.0,,0.0,7200000.0,7200000.0,0.0,43695000000.0,40522400000.0,3172600000.0,73775024174.0,11042900000.0,0.0,-277700000.0,-3965600000.0,-342700000.0,10571000000.0,-247100000.0,-123900000.0,698100000.0,20900000.0,651600000.0,651600000.0,651600000.0,0.0,0.0,0.178,754300000.0,821100000.0,132900000.0,0.603,13.753,29.952,29.912,1261500000.0,0.0,170.5,5.098,5.083,2609500000.0,17987600000.0,3669500000.0,3669500000.0,0.0,,,,,36200000.0,754300000.0,1.0,432698089.0,431500000.0,433300000.0,8.504,45642000000.0,0.0,183900000.0,740500000.0,105.775,842600000.0
7,ADP,MRQ,2019-09-30,2019-09-30,2019-09-30,2021-09-07,-233900000.0,37714700000.0,,29508500000.0,8206200000.0,,12.389,-121600000.0,1403900000.0,1403900000.0,2044800000.0,582400000.0,1.011,6.035,6325400000.0,4966600000.0,1358800000.0,6325400000.0,591300000.0,117300000.0,0.0,0.02,0.79,779000000.0,896300000.0,0.256,896300000.0,779000000.0,739100000.0,1.35,1.34,1.35,5360700000.0,,5360700000.0,70362052749.0,22.0,19.229,311200000.0,0.719,1.0,1450900000.0,0.415,3382200000.0,39900000.0,10053100000.0,,0.0,3545100000.0,3545100000.0,0.0,32354000000.0,29200900000.0,3153100000.0,70047052749.0,-4524000000.0,0.0,-341800000.0,3702500000.0,-343300000.0,-5045900000.0,122200000.0,243800000.0,432800000.0,-33100000.0,582400000.0,582400000.0,582400000.0,0.0,0.0,0.167,726500000.0,724400000.0,108800000.0,0.585,13.067,29.559,29.51,1271100000.0,0.0,161.42,4.9,4.886,2512500000.0,17729600000.0,3495700000.0,3495700000.0,0.0,,,,,37100000.0,726500000.0,1.0,433942837.0,432700000.0,435400000.0,8.079,34332500000.0,0.0,156700000.0,831900000.0,79.345,307600000.0
8,ADP,MRQ,2019-06-30,2019-06-30,2019-06-30,2021-09-07,-257300000.0,41887700000.0,,34342300000.0,7545400000.0,,12.457,-116300000.0,1949200000.0,1949200000.0,2001100000.0,475400000.0,1.053,6.757,2264200000.0,262000000.0,2002200000.0,2264200000.0,620000000.0,109400000.0,0.0,0.019,0.79,667000000.0,776400000.0,0.223,776400000.0,667000000.0,633300000.0,1.1,1.09,1.1,5399900000.0,,5399900000.0,72132384423.0,23.0,20.351,616000000.0,1.421,1.0,1478200000.0,0.425,3394500000.0,33700000.0,6180500000.0,,0.0,10500000.0,10500000.0,0.0,36487800000.0,32627700000.0,3860100000.0,71956284423.0,-7415300000.0,-5100000.0,-154700000.0,261500000.0,-343400000.0,-7153100000.0,-999800000.0,-878400000.0,732300000.0,5300000.0,475400000.0,475400000.0,475400000.0,0.0,0.0,0.137,854800000.0,623400000.0,125500000.0,0.718,13.325,31.384,31.372,764200000.0,0.0,165.33,5.1,5.097,2463100000.0,17500600000.0,3479300000.0,3479300000.0,0.0,,,,,45100000.0,854800000.0,1.0,435228237.0,433500000.0,436100000.0,8.026,38493200000.0,0.0,157900000.0,714700000.0,88.796,1714600000.0
9,ADP,MRQ,2019-03-31,2019-03-31,2019-03-31,2021-09-07,-411900000.0,48196300000.0,,40924000000.0,7272300000.0,,12.085,-230900000.0,1826200000.0,1826200000.0,2092600000.0,753700000.0,1.045,8.187,2002300000.0,0.0,2002300000.0,2002300000.0,634500000.0,103100000.0,0.0,0.019,0.79,1006200000.0,1109300000.0,0.29,1109300000.0,1006200000.0,984500000.0,1.74,1.73,1.74,5246200000.0,,5246200000.0,70010181249.0,25.0,22.219,793600000.0,1.828,1.0,1735600000.0,0.453,3379000000.0,21700000.0,5827400000.0,,0.0,0.0,0.0,0.0,42950100000.0,39166000000.0,3784100000.0,69587481249.0,8727500000.0,0.0,-189000000.0,-1206500000.0,-344600000.0,8433700000.0,-728700000.0,-497800000.0,1024500000.0,-2000000.0,753700000.0,753700000.0,753700000.0,0.0,0.0,0.197,750400000.0,985200000.0,156300000.0,0.454,13.264,35.536,35.419,765800000.0,0.0,159.74,5.009,4.991,2510800000.0,17368600000.0,3828200000.0,3828200000.0,0.0,,,,,45200000.0,750400000.0,1.0,435629656.0,434100000.0,436600000.0,8.819,44817300000.0,0.0,230800000.0,715500000.0,103.242,1758000000.0
10,ADP,MRQ,2018-12-31,2018-12-31,2018-12-31,2021-09-07,-615000000.0,38806300000.0,,31682600000.0,7123700000.0,,10.934,-94400000.0,2785600000.0,2785600000.0,2000200000.0,558200000.0,1.046,7.146,3208300000.0,1206000000.0,2002300000.0,3208300000.0,634200000.0,97500000.0,0.0,0.021,0.79,779600000.0,877100000.0,0.251,877100000.0,779600000.0,741000000.0,1.28,1.27,1.28,4763900000.0,,4763900000.0,58360585269.0,22.0,19.25,687900000.0,1.579,1.0,1492200000.0,0.427,3248100000.0,38600000.0,5684000000.0,,0.0,0.0,0.0,0.0,34042400000.0,30296900000.0,3745500000.0,57395485269.0,1075700000.0,-700000.0,-269600000.0,757000000.0,-302400000.0,329400000.0,-16500000.0,78600000.0,782300000.0,-19500000.0,558200000.0,558200000.0,558200000.0,0.0,0.0,0.16,745200000.0,747000000.0,151300000.0,0.617,12.048,30.767,30.707,772700000.0,0.0,131.12,4.171,4.151,2663300000.0,16959100000.0,3492400000.0,3492400000.0,0.0,,,,,38600000.0,745200000.0,1.0,437732499.0,435700000.0,438000000.0,8.016,35558200000.0,0.0,182800000.0,609900000.0,81.612,1385700000.0
11,ADP,MRQ,2018-09-30,2018-09-30,2018-09-30,2021-09-07,-740100000.0,37416700000.0,,29955900000.0,7460800000.0,,10.712,-117000000.0,1490300000.0,1490300000.0,1927600000.0,505400000.0,1.032,6.997,2455400000.0,453000000.0,2002400000.0,2455400000.0,657600000.0,99000000.0,0.0,0.018,0.69,682700000.0,781700000.0,0.236,781700000.0,682700000.0,646800000.0,1.16,1.15,1.16,4678800000.0,,4678800000.0,65833948019.0,27.0,22.984,32200000.0,0.074,1.0,1382700000.0,0.418,3242200000.0,35900000.0,6102300000.0,,0.0,0.0,0.0,0.0,32737900000.0,29037300000.0,3700600000.0,66001548019.0,-2133800000.0,-119700000.0,-251500000.0,447900000.0,-302600000.0,-1817700000.0,-452700000.0,-216000000.0,149200000.0,-12600000.0,505400000.0,505400000.0,505400000.0,0.0,0.0,0.153,713900000.0,668800000.0,131800000.0,0.595,14.107,33.373,33.406,787700000.0,0.0,150.66,4.886,4.872,2241600000.0,16741100000.0,3310300000.0,3310300000.0,0.0,,,,,38400000.0,713900000.0,1.0,438082756.0,436800000.0,439900000.0,7.579,34174500000.0,0.0,141400000.0,608600000.0,78.238,918600000.0
12,ADP,MRQ,2018-06-30,2018-06-30,2018-06-30,2021-09-07,-679800000.0,38849100000.0,,31823300000.0,7025800000.0,,10.815,-115000000.0,2170000000.0,2170000000.0,1888800000.0,140900000.0,1.046,7.203,2002400000.0,0.0,2002400000.0,2002400000.0,673800000.0,99300000.0,0.0,0.019,0.69,283500000.0,382800000.0,0.117,382800000.0,283500000.0,254900000.0,0.33,0.32,0.33,4735900000.0,,4735900000.0,58800464541.0,25.0,21.282,590200000.0,1.348,1.0,1373900000.0,0.421,3129900000.0,28600000.0,5138900000.0,,0.0,0.0,0.0,0.0,34113200000.0,30412700000.0,3700500000.0,59091664541.0,-6902800000.0,0.0,-369900000.0,-500000.0,-278600000.0,-7014100000.0,-546600000.0,-431600000.0,705200000.0,-47300000.0,140900000.0,140900000.0,140900000.0,0.0,0.0,0.043,810400000.0,563500000.0,135400000.0,2.091,12.477,31.35,31.341,793700000.0,0.0,134.14,4.452,4.452,2009700000.0,16546600000.0,3262700000.0,3262700000.0,0.0,,,,,56000000.0,810400000.0,1.0,440522324.0,437900000.0,440900000.0,7.451,35719200000.0,0.0,114000000.0,565900000.0,81.569,1410600000.0
13,ADP,MRQ,2018-03-31,2018-03-31,2018-03-31,2021-09-07,-638800000.0,44065500000.0,,38714000000.0,5351500000.0,,9.137,-104700000.0,2293600000.0,2293600000.0,2079300000.0,661000000.0,1.054,9.937,2002400000.0,0.0,2002400000.0,2002400000.0,626800000.0,96300000.0,0.0,0.021,0.63,893800000.0,990100000.0,0.268,990100000.0,893800000.0,875200000.0,1.5,1.49,1.5,4029200000.0,,4029200000.0,50531240676.0,19.0,17.074,1030200000.0,2.336,1.0,1616700000.0,0.437,3138600000.0,18600000.0,3894500000.0,,0.0,0.0,0.0,0.0,40036300000.0,36741200000.0,3295100000.0,50302240676.0,-414900000.0,-125000000.0,-136300000.0,-500000.0,-278400000.0,-922100000.0,-631700000.0,-402000000.0,1134900000.0,4000000.0,661000000.0,661000000.0,661000000.0,0.0,0.0,0.179,750100000.0,866600000.0,105700000.0,0.42,12.484,24.369,24.3,794600000.0,0.0,113.48,3.849,3.829,2070700000.0,15466100000.0,3696000000.0,3696000000.0,0.0,,,,,41700000.0,750100000.0,1.0,443269657.0,441000000.0,443400000.0,8.381,40926900000.0,0.0,214200000.0,185700000.0,92.805,1972800000.0
14,ADP,MRQ,2017-12-31,2017-12-31,2017-12-31,2021-09-07,-432600000.0,44545500000.0,,39350000000.0,5195500000.0,,8.908,-107700000.0,1773400000.0,1773400000.0,1937900000.0,670400000.0,1.056,10.331,2002400000.0,0.0,2002400000.0,2002400000.0,615100000.0,94800000.0,0.0,0.02,0.63,615000000.0,709800000.0,0.219,709800000.0,615000000.0,587500000.0,1.52,1.51,1.52,3931200000.0,,3931200000.0,51740461459.0,20.0,17.893,322700000.0,0.731,1.0,1300400000.0,0.402,2997000000.0,27500000.0,4526600000.0,,0.0,0.0,0.0,0.0,40614300000.0,37250900000.0,3363400000.0,51972561459.0,7776600000.0,-487400000.0,-148600000.0,-134800000.0,-253000000.0,8345000000.0,-1033700000.0,-438600000.0,430400000.0,34900000.0,670400000.0,670400000.0,670400000.0,0.0,0.0,0.207,723600000.0,576800000.0,136800000.0,0.414,13.221,26.102,26.1,799900000.0,0.0,117.19,4.066,4.046,2072900000.0,15060100000.0,3238300000.0,3238300000.0,0.0,,,,,38700000.0,723600000.0,1.0,443489730.0,441300000.0,443700000.0,7.338,41548500000.0,0.0,-82900000.0,171400000.0,94.15,2099100000.0
15,ADP,MRQ,2017-09-30,2017-09-30,2017-09-30,2021-09-07,-344600000.0,35661100000.0,,31002600000.0,4658500000.0,,8.94,-143000000.0,2363600000.0,2363600000.0,1851500000.0,412600000.0,1.096,8.02,2131500000.0,129400000.0,2002100000.0,2131500000.0,618000000.0,87200000.0,0.0,0.021,0.57,592900000.0,680100000.0,0.221,680100000.0,592900000.0,564900000.0,0.93,0.93,0.93,3953400000.0,,3953400000.0,47801047889.0,17.0,15.586,101700000.0,0.23,1.0,1225700000.0,0.398,2444600000.0,28000000.0,4697800000.0,,0.0,0.0,0.0,0.0,31707700000.0,28286600000.0,3421100000.0,48579047889.0,-2098400000.0,0.0,-265200000.0,128500000.0,-253700000.0,-2064700000.0,-292600000.0,-149600000.0,244700000.0,14200000.0,412600000.0,412600000.0,412600000.0,0.0,0.0,0.134,675400000.0,550300000.0,112600000.0,0.613,12.288,26.523,26.599,800400000.0,0.0,109.32,3.876,3.857,1816000000.0,14872400000.0,3077200000.0,3077200000.0,0.0,,,,,39000000.0,675400000.0,1.0,444374752.0,442200000.0,445000000.0,6.959,33216500000.0,0.0,152300000.0,283000000.0,75.116,2716000000.0
16,ADP,MRQ,2017-06-30,2017-06-30,2017-06-30,2021-09-07,-379200000.0,37180000000.0,,32658700000.0,4521300000.0,,8.947,-134000000.0,2780400000.0,2780400000.0,1822100000.0,320200000.0,1.095,8.349,2002400000.0,0.0,2002400000.0,2002400000.0,624300000.0,82500000.0,0.0,0.022,0.57,497000000.0,579500000.0,0.19,579500000.0,497000000.0,474200000.0,0.72,0.72,0.72,3977000000.0,,3977000000.0,44848663846.0,17.0,14.885,323200000.0,0.727,1.0,1235000000.0,0.404,2361200000.0,22800000.0,4224900000.0,,0.0,0.0,0.0,0.0,33203000000.0,29815900000.0,3387100000.0,45841663846.0,-6923400000.0,-700000.0,-281600000.0,-500000.0,-255800000.0,-7295200000.0,-158500000.0,-23800000.0,457200000.0,73100000.0,320200000.0,320200000.0,320200000.0,0.0,0.0,0.105,820200000.0,414800000.0,149700000.0,0.792,11.527,25.641,25.679,779900000.0,0.0,102.46,3.705,3.709,1731600000.0,14728200000.0,3057100000.0,3057100000.0,0.0,,,,,37700000.0,820200000.0,1.0,447410344.0,444500000.0,447300000.0,6.878,34818800000.0,0.0,154000000.0,212100000.0,78.333,2842800000.0
17,ADP,MRQ,2017-03-31,2017-03-31,2017-03-31,2021-09-07,-513200000.0,43855900000.0,,39514400000.0,4341500000.0,,9.189,-110300000.0,2995500000.0,2995500000.0,1911000000.0,587900000.0,1.085,9.688,2002500000.0,0.0,2002500000.0,2002500000.0,614000000.0,77600000.0,0.0,0.021,0.57,844700000.0,922300000.0,0.27,922300000.0,844700000.0,827900000.0,1.32,1.31,1.32,4103100000.0,,4103100000.0,45260435371.0,17.0,15.329,717300000.0,1.606,1.0,1499800000.0,0.44,2321500000.0,16800000.0,4122900000.0,,0.0,0.0,0.0,0.0,39752800000.0,36418500000.0,3334300000.0,45963135371.0,3383500000.0,-66700000.0,-136200000.0,-500000.0,-257100000.0,3042800000.0,-460900000.0,-283900000.0,827600000.0,-26000000.0,587900000.0,587900000.0,587900000.0,0.0,0.0,0.172,665000000.0,834800000.0,126500000.0,0.432,11.202,26.272,26.187,750600000.0,0.0,102.39,3.763,3.743,1838500000.0,14717700000.0,3410800000.0,3410800000.0,0.0,,,,,34300000.0,665000000.0,1.0,448902582.0,446500000.0,449200000.0,7.639,41534400000.0,0.0,240000000.0,242700000.0,93.022,3095900000.0
18,ADP,MRQ,2016-12-31,2016-12-31,2016-12-31,2021-09-07,-566700000.0,39999400000.0,,35808100000.0,4191300000.0,,8.518,-120400000.0,2705200000.0,2705200000.0,1767800000.0,510900000.0,1.087,9.484,2002500000.0,0.0,2002500000.0,2002500000.0,585200000.0,78400000.0,0.0,0.021,0.57,806700000.0,885100000.0,0.296,885100000.0,806700000.0,786200000.0,1.14,1.13,1.14,3815100000.0,,3815100000.0,45602683243.0,17.0,15.646,390900000.0,0.873,1.0,1219500000.0,0.408,2205300000.0,20500000.0,4135100000.0,,0.0,0.0,0.0,0.0,36184300000.0,32956300000.0,3228000000.0,46371583243.0,5859900000.0,234000000.0,-403100000.0,-500000.0,-240500000.0,5484300000.0,-96900000.0,-210500000.0,511300000.0,-38800000.0,510900000.0,510900000.0,510900000.0,0.0,0.0,0.171,640800000.0,578700000.0,137400000.0,0.5,12.155,27.372,27.335,733200000.0,0.0,102.78,3.848,3.82,1864100000.0,14384700000.0,2987300000.0,2987300000.0,0.0,,,,,35800000.0,640800000.0,1.0,451173217.0,447900000.0,450300000.0,6.67,37794100000.0,0.0,275300000.0,167800000.0,84.381,2851800000.0
19,ADP,MRQ,2016-09-30,2016-09-30,2016-09-30,2021-09-07,-246400000.0,34337400000.0,,30124200000.0,4213200000.0,,9.397,-105900000.0,2776600000.0,2776600000.0,1743600000.0,368700000.0,1.127,7.079,2007700000.0,0.0,2007700000.0,2007700000.0,602400000.0,77600000.0,0.0,0.024,0.53,548600000.0,626200000.0,0.215,626200000.0,548600000.0,528700000.0,0.82,0.81,0.82,4250100000.0,,4250100000.0,39051407078.0,17.0,14.866,223900000.0,0.495,1.0,1173300000.0,0.402,2252300000.0,19900000.0,4596900000.0,,0.0,48800000.0,41000000.0,7800000.0,30087300000.0,26719300000.0,3368000000.0,40234807078.0,-9597000000.0,-20000000.0,-343000000.0,-500000.0,-241800000.0,-9513600000.0,-396900000.0,-271000000.0,329800000.0,-16300000.0,368700000.0,368700000.0,368700000.0,0.0,0.0,0.126,647700000.0,525600000.0,117800000.0,0.646,9.467,26.39,26.172,701000000.0,0.0,88.2,3.389,3.361,1647200000.0,14130200000.0,2916900000.0,2916900000.0,0.0,,,,,31100000.0,647700000.0,1.0,456176951.0,452300000.0,455300000.0,6.449,32085100000.0,0.0,160000000.0,346200000.0,70.938,3404900000.0
20,ADP,MRQ,2016-06-30,2016-06-30,2016-06-30,2021-09-07,-215100000.0,43670000000.0,,39500400000.0,4169600000.0,,9.884,-98300000.0,3191100000.0,3191100000.0,1698600000.0,282000000.0,1.102,8.744,2007700000.0,0.0,2007700000.0,2007700000.0,614300000.0,73900000.0,0.0,0.023,0.53,445100000.0,519000000.0,0.179,519000000.0,445100000.0,427000000.0,0.63,0.62,0.63,4481600000.0,,4481600000.0,40916282352.0,18.0,15.865,564600000.0,1.245,1.0,1199700000.0,0.414,2216200000.0,18100000.0,4423000000.0,,0.0,0.0,0.0,0.0,39188400000.0,35847400000.0,3341000000.0,41849982352.0,8470200000.0,0.0,-42100000.0,-500000.0,-242400000.0,-7579900000.0,15390400000.0,15488700000.0,662900000.0,-3200000.0,282000000.0,282000000.0,282000000.0,0.0,0.0,0.097,770300000.0,429400000.0,152300000.0,0.841,9.338,28.04,28.095,685000000.0,0.0,91.87,3.587,3.598,1769900000.0,14003300000.0,2898300000.0,2898300000.0,0.0,,,,,35200000.0,770300000.0,1.0,455534803.0,453400000.0,454600000.0,6.392,41453800000.0,0.0,145000000.0,279300000.0,91.429,3653000000.0
21,ADP,MRQ,2016-03-31,2016-03-31,2016-03-31,2021-09-07,-160000000.0,51125600000.0,,46819000000.0,4306600000.0,,9.91,-82600000.0,2941400000.0,2941400000.0,1812700000.0,532500000.0,1.083,10.353,2007700000.0,0.0,2007700000.0,2007700000.0,619100000.0,73300000.0,0.0,0.023,0.53,811100000.0,884400000.0,0.272,884400000.0,811100000.0,794800000.0,1.17,1.17,1.17,4503200000.0,,4503200000.0,40237840962.0,17.0,15.371,636400000.0,1.401,1.0,1435900000.0,0.442,2203200000.0,16300000.0,4738300000.0,,0.0,31500000.0,23700000.0,7800000.0,46622400000.0,43250400000.0,3372000000.0,41037940962.0,146500000.0,0.0,-268600000.0,12200000.0,-242400000.0,9805800000.0,-10393700000.0,-10311100000.0,719000000.0,15400000.0,532500000.0,532500000.0,532500000.0,0.0,0.0,0.164,634400000.0,801500000.0,158400000.0,0.453,9.113,26.533,26.62,668800000.0,0.0,89.71,3.58,3.556,2101900000.0,13957200000.0,3248600000.0,3248600000.0,0.0,,,,,31700000.0,634400000.0,1.0,457451131.0,454400000.0,456900000.0,7.149,48922400000.0,0.0,262300000.0,350200000.0,107.664,3568600000.0
22,ADP,MRQ,2015-12-31,2015-12-31,2015-12-31,2021-09-07,-379100000.0,39899500000.0,,35659200000.0,4240300000.0,,9.192,-88400000.0,2794900000.0,2794900000.0,1682500000.0,341400000.0,1.098,8.486,1994800000.0,0.0,1994800000.0,1994800000.0,578100000.0,72600000.0,0.0,0.024,0.53,524700000.0,597300000.0,0.213,597300000.0,524700000.0,507900000.0,0.75,0.74,0.75,4206200000.0,,4206200000.0,37883925185.0,17.0,14.89,317900000.0,0.695,1.0,1124500000.0,0.401,2166500000.0,16800000.0,4464800000.0,,0.0,47900000.0,26900000.0,21000000.0,35693300000.0,32468100000.0,3225200000.0,39073425185.0,-389800000.0,-300000.0,-439600000.0,-700000.0,-229800000.0,5398600000.0,-6184900000.0,-6096200000.0,406300000.0,-9800000.0,341400000.0,341400000.0,341400000.0,0.0,0.0,0.122,627200000.0,497300000.0,138700000.0,0.707,9.289,25.983,26.148,679600000.0,0.0,84.72,3.476,3.449,1665500000.0,13666300000.0,2807000000.0,2807000000.0,0.0,,,,,36000000.0,627200000.0,1.0,461206624.0,457600000.0,460300000.0,6.134,37733000000.0,0.0,166500000.0,215400000.0,82.458,3191100000.0
23,ADP,MRQ,2015-09-30,2015-09-30,2015-09-30,2021-09-07,-247400000.0,34380300000.0,,30176100000.0,4204200000.0,,10.013,-101000000.0,3184700000.0,3184700000.0,1646500000.0,336600000.0,1.135,6.425,1995200000.0,0.0,1995200000.0,1995200000.0,574800000.0,68800000.0,0.0,0.024,0.49,509500000.0,578300000.0,0.213,578300000.0,509500000.0,504600000.0,0.73,0.72,0.73,4630200000.0,,4630200000.0,35774453278.0,16.0,14.212,8100000.0,0.018,1.0,1067500000.0,0.393,2160800000.0,4900000.0,4442700000.0,,0.0,48500000.0,27200000.0,21300000.0,29750100000.0,26587300000.0,3162800000.0,37404553278.0,1545400000.0,162500000.0,-330100000.0,1985800000.0,-229000000.0,1128200000.0,319200000.0,257700000.0,109100000.0,-11100000.0,336600000.0,336600000.0,336600000.0,500000.0,0.0,0.124,605300000.0,462200000.0,146500000.0,0.671,8.078,25.038,25.172,680300000.0,0.0,80.3,3.374,3.349,1597800000.0,13568600000.0,2714000000.0,2714000000.0,0.0,,,,,34700000.0,605300000.0,1.0,465810128.0,462400000.0,465700000.0,5.869,32219500000.0,0.0,168000000.0,261900000.0,69.679,3588800000.0
24,ADP,MRQ,2015-06-30,2015-06-30,2015-06-30,2021-09-07,-260600000.0,33110500000.0,,28809200000.0,4301300000.0,,10.339,-96400000.0,1639300000.0,1639300000.0,1601700000.0,336200000.0,1.063,5.886,9200000.0,0.0,9200000.0,9200000.0,591300000.0,70800000.0,0.0,0.024,0.49,486900000.0,557700000.0,0.207,557700000.0,486900000.0,485300000.0,0.72,0.72,0.72,4808500000.0,,4808500000.0,35871012927.0,16.0,14.197,413400000.0,0.889,1.0,1092800000.0,0.406,2296700000.0,1600000.0,2070000000.0,,0.0,55500000.0,26600000.0,28900000.0,28302000000.0,27113700000.0,1188300000.0,37669912927.0,-169300000.0,98600000.0,-408200000.0,-500000.0,-231400000.0,-4401500000.0,3716200000.0,3714800000.0,509800000.0,6200000.0,336200000.0,336200000.0,336200000.0,-79200000.0,0.0,0.125,725200000.0,367600000.0,194500000.0,0.681,7.834,25.935,26.134,672700000.0,0.0,80.23,3.444,3.466,1579100000.0,13460300000.0,2694500000.0,2694500000.0,0.0,,,,,80400000.0,725200000.0,1.0,469524030.0,465100000.0,468300000.0,5.793,30813800000.0,0.0,149100000.0,199300000.0,66.252,1695500000.0
25,ADP,MRQ,2015-03-31,2015-03-31,2015-03-31,2021-09-07,-137000000.0,37107300000.0,,32792800000.0,4314500000.0,,11.01,-74300000.0,1808600000.0,1808600000.0,1684300000.0,489600000.0,1.068,6.166,9700000.0,0.0,9700000.0,9700000.0,596800000.0,70000000.0,0.0,0.023,0.49,741000000.0,811000000.0,0.268,811000000.0,741000000.0,740200000.0,1.04,1.03,1.04,5178100000.0,,5178100000.0,38851526872.0,18.0,15.601,782800000.0,1.664,1.0,1340000000.0,0.443,2283800000.0,800000.0,2309900000.0,,0.0,56100000.0,26900000.0,29200000.0,31929200000.0,30714700000.0,1214500000.0,40692026872.0,-42200000.0,0.0,-606500000.0,-600000.0,-234900000.0,-6752800000.0,5903300000.0,5977600000.0,857100000.0,-49800000.0,489600000.0,489600000.0,489600000.0,700000.0,0.0,0.162,607200000.0,732800000.0,130800000.0,0.471,7.858,28.96,28.835,646000000.0,0.0,85.64,3.771,3.733,1612000000.0,13348300000.0,3024300000.0,3024300000.0,0.0,,,,,36300000.0,607200000.0,1.0,475152112.0,470300000.0,474000000.0,6.431,34823500000.0,0.0,250600000.0,284800000.0,74.045,2078100000.0
26,ADP,MRQ,2014-12-31,2014-12-31,2014-12-31,2021-09-07,-114700000.0,43503100000.0,,39116000000.0,4387100000.0,,11.524,-84800000.0,1850800000.0,1850800000.0,1583300000.0,331500000.0,1.064,6.921,10300000.0,0.0,10300000.0,10300000.0,595500000.0,69400000.0,0.0,0.023,0.49,500800000.0,570200000.0,0.215,570200000.0,500800000.0,498600000.0,0.7,0.69,0.7,5492200000.0,,5492200000.0,39961275499.0,18.0,15.785,144100000.0,0.302,1.0,1070300000.0,0.403,2332700000.0,2200000.0,2559700000.0,,0.0,148200000.0,101900000.0,46300000.0,38010900000.0,36770200000.0,1240700000.0,40189075499.0,-324900000.0,0.0,-388700000.0,-1937600000.0,-231500000.0,13120600000.0,-13646900000.0,-13562100000.0,228900000.0,-27500000.0,331500000.0,331500000.0,331500000.0,1000000.0,0.0,0.125,588500000.0,481800000.0,136400000.0,0.7,7.317,27.965,27.606,650300000.0,0.0,83.37,3.795,3.752,1627600000.0,13090200000.0,2653600000.0,2653600000.0,0.0,,,,,32000000.0,588500000.0,1.0,482056801.0,476600000.0,480300000.0,5.568,41170400000.0,0.0,167100000.0,279300000.0,86.384,2345800000.0
27,ADP,MRQ,2014-09-30,2014-09-30,2014-09-30,2021-09-07,-74100000.0,30208100000.0,,25793400000.0,4414700000.0,,12.181,-56400000.0,2175700000.0,2175700000.0,1558300000.0,295200000.0,1.114,4.184,1947900000.0,1937000000.0,10900000.0,1947900000.0,596400000.0,67700000.0,0.0,0.023,0.48,520000000.0,587700000.0,0.229,587700000.0,520000000.0,518100000.0,0.62,0.61,0.62,5827300000.0,,5827300000.0,40155077850.0,17.0,15.495,321800000.0,0.673,1.0,1007800000.0,0.393,2358000000.0,1900000.0,4463000000.0,,0.0,2308200000.0,2261600000.0,46600000.0,24380800000.0,23159300000.0,1221500000.0,39954177850.0,192100000.0,636900000.0,-44700000.0,-236600000.0,-229800000.0,-418000000.0,267100000.0,-297500000.0,378200000.0,-35200000.0,295200000.0,295200000.0,295200000.0,1400000.0,0.0,0.115,576000000.0,431800000.0,146900000.0,0.774,6.856,26.949,26.714,650700000.0,0.0,83.08,3.831,3.811,1423000000.0,12990000000.0,2566100000.0,2566100000.0,0.0,,,,,-5500000.0,576000000.0,1.0,480912107.0,478400000.0,481700000.0,5.364,27850100000.0,0.0,222900000.0,345500000.0,58.215,2634100000.0
28,ADP,MRQ,2014-06-30,2014-06-30,2014-06-30,2021-09-07,178200000.0,32059800000.0,,27493000000.0,4566800000.0,,13.946,-78500000.0,1584000000.0,1584000000.0,1535900000.0,288800000.0,1.138,3.806,2184500000.0,2173000000.0,11500000.0,2184500000.0,612300000.0,70700000.0,0.0,0.024,0.48,450800000.0,521500000.0,0.205,521500000.0,450800000.0,449400000.0,0.61,0.6,0.61,6670200000.0,,6670200000.0,36562164953.0,16.0,14.244,526000000.0,1.1,1.0,1009700000.0,0.397,2374500000.0,1400000.0,6118200000.0,,0.0,2086300000.0,2032200000.0,54100000.0,25389600000.0,24167600000.0,1222000000.0,38221064953.0,312600000.0,0.0,-154300000.0,2172400000.0,-231100000.0,-5294000000.0,4991800000.0,5085700000.0,604500000.0,10300000.0,288800000.0,288800000.0,288800000.0,-58400000.0,0.0,0.113,668400000.0,341300000.0,152100000.0,0.787,5.73,25.213,25.009,667100000.0,0.0,79.28,3.737,3.713,1654200000.0,13632900000.0,2545600000.0,2545600000.0,0.0,,,,,25200000.0,668400000.0,1.0,482102232.0,478300000.0,482200000.0,5.322,29685300000.0,0.0,160600000.0,235600000.0,62.064,3325400000.0
29,ADP,MRQ,2014-03-31,2014-03-31,2014-03-31,2021-09-07,41000000.0,36596500000.0,,30532600000.0,6063900000.0,,13.815,-84300000.0,1671000000.0,1671000000.0,1585700000.0,521600000.0,1.068,4.531,12100000.0,0.0,12100000.0,12100000.0,845400000.0,64900000.0,0.0,0.024,0.48,787300000.0,852200000.0,0.302,852200000.0,787300000.0,786400000.0,1.09,1.08,1.09,6616100000.0,,6616100000.0,35971340062.0,16.0,14.82,659600000.0,1.377,1.0,1239400000.0,0.439,3738200000.0,900000.0,2621200000.0,,0.0,77200000.0,22900000.0,54300000.0,29980400000.0,28578200000.0,1402200000.0,37225840062.0,403900000.0,24400000.0,-4200000.0,-600000.0,-231200000.0,-2381300000.0,2045300000.0,2124600000.0,743900000.0,-4000000.0,521600000.0,521600000.0,521600000.0,-88400000.0,0.0,0.185,585300000.0,654100000.0,145600000.0,0.44,5.627,25.599,25.498,767500000.0,0.0,77.26,4.31,4.283,1984100000.0,13575100000.0,2825100000.0,2825100000.0,0.0,,,,,30300000.0,585300000.0,1.0,481825525.0,478900000.0,483000000.0,5.899,32858300000.0,0.0,264800000.0,349200000.0,68.612,1954400000.0
30,ADP,MRQ,2013-12-31,2013-12-31,2013-12-31,2021-09-07,10700000.0,38321800000.0,,32301100000.0,6020700000.0,,13.082,-74900000.0,1267100000.0,1267100000.0,1478600000.0,377000000.0,1.054,5.123,12600000.0,0.0,12600000.0,12600000.0,798500000.0,67000000.0,0.0,0.022,0.48,563100000.0,630100000.0,0.253,630100000.0,563100000.0,561100000.0,0.79,0.78,0.79,6258500000.0,,6258500000.0,40581790652.0,19.0,17.038,316800000.0,0.662,1.0,1015100000.0,0.407,3753100000.0,2000000.0,2669200000.0,,0.0,82400000.0,22500000.0,59900000.0,32063300000.0,30645000000.0,1418300000.0,38898690652.0,118100000.0,0.0,-66500000.0,-2823100000.0,-210200000.0,8454600000.0,-8727900000.0,-8620900000.0,391700000.0,-300000.0,377000000.0,377000000.0,377000000.0,-62800000.0,0.0,0.151,578800000.0,436300000.0,140600000.0,0.608,6.215,27.484,27.483,739300000.0,0.0,80.799,4.36,4.332,1877900000.0,13285000000.0,2493700000.0,2493700000.0,0.0,,,,,23200000.0,578800000.0,1.0,481425397.0,478400000.0,482800000.0,5.213,34568700000.0,0.0,184100000.0,301000000.0,72.259,1656100000.0
31,ADP,MRQ,2013-09-30,2013-09-30,2013-09-30,2021-09-07,70500000.0,29481300000.0,,21035800000.0,8445500000.0,,12.899,-65300000.0,1149000000.0,1149000000.0,1440800000.0,328600000.0,0.961,3.761,2832100000.0,2817900000.0,14200000.0,2832100000.0,793600000.0,64000000.0,0.0,0.024,0.435,499200000.0,563200000.0,0.238,563200000.0,499200000.0,497300000.0,0.68,0.68,0.68,6192800000.0,,6192800000.0,33508234241.0,15.0,13.829,16000000.0,0.033,1.0,921200000.0,0.39,3734800000.0,1900000.0,5530200000.0,,0.0,3090900000.0,541900000.0,2549000000.0,23288500000.0,21899400000.0,1389100000.0,34946734241.0,-550100000.0,0.0,-248100000.0,2575100000.0,-210600000.0,-3137500000.0,2504100000.0,2593000000.0,81300000.0,2000000.0,328600000.0,328600000.0,328600000.0,-63700000.0,0.0,0.139,537700000.0,383500000.0,148900000.0,0.64,5.643,24.452,24.453,735200000.0,0.0,72.38,3.808,3.787,1725800000.0,13139300000.0,2362000000.0,2362000000.0,0.0,,,,,-11500000.0,537700000.0,1.0,482823076.0,480100000.0,484300000.0,4.92,25746500000.0,0.0,168700000.0,369900000.0,53.627,-863600000.0
32,ADP,MRQ,2013-06-30,2013-06-30,2013-06-30,2021-09-07,15400000.0,32268100000.0,,26214500000.0,6053600000.0,,12.831,-31500000.0,1699100000.0,1699100000.0,625500000.0,227000000.0,1.06,4.213,260600000.0,245900000.0,14700000.0,260600000.0,807800000.0,14800000.0,0.0,0.025,0.435,366900000.0,381700000.0,0.399,381700000.0,366900000.0,365100000.0,0.47,0.47,0.47,6189900000.0,,6189900000.0,31780015635.0,15.0,13.179,544000000.0,1.128,1.0,331700000.0,0.347,3682400000.0,1800000.0,2414400000.0,,0.0,342000000.0,28000000.0,314000000.0,26078200000.0,24732800000.0,1345400000.0,33412415635.0,51400000.0,-26700000.0,-228900000.0,245400000.0,-210800000.0,-7862700000.0,7341000000.0,7447500000.0,575500000.0,-2400000.0,227000000.0,227000000.0,227000000.0,-238900000.0,0.0,0.237,355100000.0,-23400000.0,156500000.0,0.926,5.398,23.768,23.663,728600000.0,0.0,68.86,3.539,3.52,1734000000.0,13020300000.0,957200000.0,957200000.0,0.0,,,,,-12300000.0,312400000.0,1.0,485222417.0,482400000.0,487100000.0,1.984,28585700000.0,0.0,138100000.0,273400000.0,59.257,1481700000.0
33,ADP,MRQ,2013-03-31,2013-03-31,2013-03-31,2021-09-07,209300000.0,40166300000.0,,34433200000.0,5733100000.0,,13.593,-69400000.0,1647700000.0,1647700000.0,1743200000.0,482700000.0,1.072,5.122,15300000.0,0.0,15300000.0,15300000.0,813400000.0,80800000.0,0.0,0.026,0.435,726000000.0,806800000.0,0.259,806800000.0,726000000.0,724800000.0,1.0,0.99,1.0,6561100000.0,,6561100000.0,30179066825.0,14.0,12.016,548900000.0,1.137,1.0,1366100000.0,0.439,3712900000.0,1200000.0,2702500000.0,,0.0,109600000.0,32600000.0,77000000.0,33605200000.0,32118500000.0,1486700000.0,31540666825.0,256800000.0,-14600000.0,-35300000.0,-21800000.0,-210400000.0,6426700000.0,-6775600000.0,-6692900000.0,618300000.0,-12600000.0,482700000.0,482700000.0,482700000.0,-1100000.0,0.0,0.155,653600000.0,712500000.0,149700000.0,0.435,4.807,21.944,21.896,716700000.0,0.0,65.03,2.842,2.829,1860300000.0,13003600000.0,3109300000.0,3109300000.0,0.0,,,,,27600000.0,653600000.0,1.0,485017174.0,482700000.0,486500000.0,6.441,36453400000.0,0.0,242100000.0,468700000.0,75.52,2314700000.0
34,ADP,MRQ,2012-12-31,2012-12-31,2012-12-31,2021-09-07,314200000.0,33330000000.0,,27552400000.0,5777600000.0,,13.266,-60300000.0,1390900000.0,1390900000.0,1624300000.0,390900000.0,1.083,4.212,29300000.0,13500000.0,15800000.0,29300000.0,783000000.0,77300000.0,0.0,0.028,0.435,594100000.0,671400000.0,0.244,671400000.0,594100000.0,591100000.0,0.81,0.8,0.81,6395300000.0,,6395300000.0,26979630664.0,13.0,10.915,388200000.0,0.805,1.0,1123500000.0,0.409,3771300000.0,3000000.0,2758600000.0,,0.0,126300000.0,43900000.0,82400000.0,26934700000.0,25438500000.0,1496200000.0,27638030664.0,273500000.0,161400000.0,-63100000.0,-428700000.0,-192200000.0,2680300000.0,-2859700000.0,-2960200000.0,448500000.0,4400000.0,390900000.0,390900000.0,390900000.0,-38900000.0,0.0,0.142,624700000.0,498800000.0,141400000.0,0.537,4.322,19.643,19.631,712900000.0,0.0,56.93,2.536,2.518,1739700000.0,12732000000.0,2747800000.0,2747800000.0,0.0,,,,,29500000.0,624700000.0,1.0,485473927.0,482100000.0,486800000.0,5.7,29558700000.0,0.0,200200000.0,411600000.0,61.312,2113900000.0
35,ADP,MRQ,2012-09-30,2012-09-30,2012-09-30,2021-09-07,349400000.0,30144100000.0,,23972600000.0,6171500000.0,,13.015,-64000000.0,1117400000.0,1117400000.0,1586500000.0,305300000.0,1.073,3.79,459000000.0,442700000.0,16300000.0,459000000.0,764900000.0,78300000.0,0.0,0.027,0.395,473200000.0,551500000.0,0.209,551500000.0,473200000.0,470100000.0,0.63,0.63,0.63,6292700000.0,,6292700000.0,26889752565.0,13.0,10.929,-129100000.0,-0.267,1.0,1051000000.0,0.398,3772600000.0,3100000.0,3362000000.0,,0.0,558100000.0,35700000.0,522400000.0,23851400000.0,22351100000.0,1500300000.0,28421052565.0,-430700000.0,-700000.0,-114300000.0,433500000.0,-192100000.0,-1093300000.0,715900000.0,780600000.0,-65100000.0,11800000.0,305300000.0,305300000.0,305300000.0,-2800000.0,0.0,0.116,611400000.0,439600000.0,138800000.0,0.627,4.517,20.431,20.51,703900000.0,0.0,58.66,2.651,2.645,1594100000.0,12552000000.0,2637500000.0,2637500000.0,0.0,,,,,21000000.0,611400000.0,1.0,484504817.0,483500000.0,488400000.0,5.455,26371500000.0,0.0,164800000.0,506200000.0,54.543,1621500000.0
36,ADP,MRQ,2012-06-30,2012-06-30,2012-06-30,2021-09-07,230200000.0,30817400000.0,,25272600000.0,5544800000.0,,12.578,-57100000.0,1548100000.0,1548100000.0,1571600000.0,258400000.0,1.087,4.04,16800000.0,0.0,16800000.0,16800000.0,779400000.0,82000000.0,0.0,0.028,0.395,399800000.0,481800000.0,0.185,481800000.0,399800000.0,397500000.0,0.53,0.53,0.53,6114000000.0,,6114000000.0,25574677223.0,12.0,10.442,442000000.0,0.909,1.0,1031400000.0,0.396,3750300000.0,2300000.0,2283100000.0,,0.0,117300000.0,30400000.0,86900000.0,24703400000.0,23252700000.0,1450700000.0,27222477223.0,-117000000.0,-65900000.0,-281700000.0,-500000.0,-193300000.0,-8857600000.0,8258400000.0,8382600000.0,499100000.0,-16900000.0,258400000.0,258400000.0,258400000.0,-6600000.0,0.0,0.099,671200000.0,360200000.0,167400000.0,0.745,4.452,19.606,19.53,706300000.0,0.0,55.66,2.569,2.56,1521500000.0,12438300000.0,2603000000.0,2603000000.0,0.0,,,,,28300000.0,671200000.0,1.0,489085110.0,486100000.0,490700000.0,5.355,27067100000.0,0.0,139100000.0,420800000.0,55.682,2019900000.0
37,ADP,MRQ,2012-03-31,2012-03-31,2012-03-31,2021-09-07,359700000.0,39376100000.0,,33553500000.0,5822600000.0,,13.217,-69100000.0,1665100000.0,1665100000.0,1618200000.0,452400000.0,1.068,5.099,17300000.0,0.0,17300000.0,17300000.0,818200000.0,80200000.0,0.0,0.027,0.395,686800000.0,767000000.0,0.263,767000000.0,686800000.0,685600000.0,0.93,0.92,0.93,6456600000.0,,6456600000.0,25769082872.0,12.0,10.729,594100000.0,1.216,1.0,1292700000.0,0.444,3886800000.0,1200000.0,2417600000.0,,0.0,124800000.0,28000000.0,96800000.0,32919500000.0,31423900000.0,1495600000.0,27074882872.0,333800000.0,-23500000.0,-29900000.0,-500000.0,-192500000.0,6243500000.0,-6582900000.0,-6475100000.0,663200000.0,10000000.0,452400000.0,452400000.0,452400000.0,-2200000.0,0.0,0.155,619900000.0,672800000.0,137700000.0,0.425,4.193,19.735,19.641,710200000.0,0.0,55.19,2.59,2.579,1499800000.0,12371500000.0,2910900000.0,2910900000.0,0.0,,,,,20300000.0,619900000.0,1.0,490575881.0,488500000.0,493200000.0,5.959,35489300000.0,0.0,233200000.0,515700000.0,72.65,2129600000.0
38,ADP,MRQ,2011-12-31,2011-12-31,2011-12-31,2021-09-07,339500000.0,32484400000.0,,26727100000.0,5757300000.0,,12.703,5600000.0,1331300000.0,1331300000.0,1513700000.0,375000000.0,1.078,4.254,25500000.0,0.0,25500000.0,25500000.0,789700000.0,78200000.0,0.0,0.027,0.395,581800000.0,660000000.0,0.257,660000000.0,581800000.0,579700000.0,0.77,0.76,0.77,6182400000.0,,6182400000.0,25171680438.0,12.0,10.62,437200000.0,0.898,1.0,1057000000.0,0.411,3861500000.0,2100000.0,2519600000.0,,0.0,122600000.0,23900000.0,98700000.0,26302000000.0,24797500000.0,1504500000.0,26394580438.0,82400000.0,-174400000.0,20600000.0,-500000.0,-176200000.0,3975600000.0,-4314000000.0,-4145200000.0,431600000.0,-10800000.0,375000000.0,375000000.0,375000000.0,-2200000.0,0.0,0.146,574900000.0,482100000.0,137300000.0,0.513,4.269,19.649,19.784,707900000.0,0.0,54.01,2.568,2.557,1479100000.0,12112600000.0,2570700000.0,2570700000.0,0.0,,,,,27000000.0,574900000.0,1.0,488698027.0,486700000.0,492400000.0,5.282,28622900000.0,0.0,204700000.0,454400000.0,58.81,1929600000.0
39,ADP,MRQ,2011-09-30,2011-09-30,2011-09-30,2021-09-07,406500000.0,28020200000.0,,22454000000.0,5566200000.0,,12.337,-57400000.0,1248900000.0,1248900000.0,1500400000.0,302700000.0,1.095,3.655,26000000.0,0.0,26000000.0,26000000.0,791200000.0,78900000.0,0.0,0.031,0.36,460100000.0,539000000.0,0.215,539000000.0,460100000.0,458000000.0,0.62,0.61,0.62,6019200000.0,,6019200000.0,21733100396.0,11.0,9.531,258900000.0,0.531,1.0,1010500000.0,0.402,3684200000.0,2100000.0,2601300000.0,,0.0,118800000.0,19100000.0,99700000.0,22001000000.0,20511800000.0,1489200000.0,23088300396.0,-140500000.0,-1900000.0,-200300000.0,-500000.0,-177700000.0,-6315400000.0,5882100000.0,5941400000.0,316300000.0,-23500000.0,302700000.0,302700000.0,302700000.0,-2300000.0,0.0,0.121,586900000.0,423600000.0,123000000.0,0.581,3.836,18.06,18.205,708300000.0,0.0,47.15,2.283,2.274,1361700000.0,11930700000.0,2510900000.0,2510900000.0,0.0,,,,,18500000.0,586900000.0,1.0,489677633.0,487900000.0,493300000.0,5.146,24336000000.0,0.0,155300000.0,499500000.0,49.879,1942200000.0
40,ADP,MRQ,2011-06-30,2011-06-30,2011-06-30,2021-09-07,367100000.0,34238300000.0,,28583500000.0,5654800000.0,,12.157,-96700000.0,1389400000.0,1389400000.0,1495600000.0,241800000.0,1.067,4.697,34200000.0,0.0,34200000.0,34200000.0,828100000.0,75400000.0,0.0,0.027,0.36,360400000.0,435800000.0,0.177,435800000.0,360400000.0,358700000.0,0.49,0.49,0.49,6010400000.0,,6010400000.0,24758148969.0,13.0,10.975,388800000.0,0.786,1.0,965000000.0,0.392,3789300000.0,1700000.0,2307000000.0,,0.0,134300000.0,36300000.0,98000000.0,28227900000.0,26786800000.0,1441100000.0,26324448969.0,-211500000.0,-1300000.0,-425300000.0,-400000.0,-179200000.0,-7996600000.0,7294200000.0,7394700000.0,485500000.0,5400000.0,241800000.0,241800000.0,241800000.0,-9200000.0,0.0,0.098,651600000.0,313400000.0,153300000.0,0.735,4.38,20.989,20.74,716200000.0,0.0,52.68,2.677,2.644,1493500000.0,11803900000.0,2460600000.0,2460600000.0,0.0,,,,,31800000.0,651600000.0,1.0,499704802.0,494400000.0,500700000.0,4.977,30449000000.0,0.0,116900000.0,402100000.0,61.588,1796700000.0
41,ADP,MRQ,2011-03-31,2011-03-31,2011-03-31,2021-09-07,198900000.0,41596400000.0,,36083300000.0,5513100000.0,,12.484,-64500000.0,1600900000.0,1600900000.0,1520600000.0,423800000.0,1.062,5.715,34600000.0,0.0,34600000.0,34600000.0,838500000.0,81000000.0,0.0,0.027,0.36,654400000.0,735400000.0,0.269,735400000.0,654400000.0,653000000.0,0.85,0.85,0.85,6194500000.0,,6194500000.0,24200539235.0,13.0,10.98,508500000.0,1.025,1.0,1216700000.0,0.444,3790700000.0,1400000.0,2265300000.0,,0.0,140200000.0,43600000.0,96600000.0,35401900000.0,33974100000.0,1427800000.0,25471139235.0,295200000.0,-185900000.0,144200000.0,-600000.0,-177600000.0,8205500000.0,-8496700000.0,-8244800000.0,573000000.0,13400000.0,423800000.0,423800000.0,423800000.0,0.0,0.0,0.155,577300000.0,639400000.0,131800000.0,0.424,4.112,20.873,20.773,685400000.0,0.0,51.31,2.664,2.662,1419100000.0,11739500000.0,2737300000.0,2737300000.0,0.0,,,,,21800000.0,577300000.0,1.0,496416668.0,496200000.0,501300000.0,5.517,37805700000.0,0.0,229200000.0,421800000.0,76.19,2109200000.0
42,ADP,MRQ,2010-12-31,2010-12-31,2010-12-31,2021-09-07,197500000.0,32660300000.0,,27371500000.0,5288800000.0,,11.739,-58400000.0,1305700000.0,1305700000.0,1380300000.0,310100000.0,1.074,4.655,35100000.0,0.0,35100000.0,35100000.0,802500000.0,82700000.0,0.0,0.03,0.36,487400000.0,570100000.0,0.237,570100000.0,487400000.0,484600000.0,0.63,0.62,0.63,5775600000.0,,5775600000.0,21684744649.0,12.0,9.934,366600000.0,0.745,1.0,1025400000.0,0.426,3561600000.0,2800000.0,2335200000.0,,0.0,135600000.0,36300000.0,99300000.0,26884700000.0,25492900000.0,1391800000.0,22825844649.0,129000000.0,-113500000.0,54500000.0,-400000.0,-167600000.0,1691500000.0,-1982400000.0,-5194400000.0,425000000.0,-5100000.0,310100000.0,310100000.0,310100000.0,0.0,0.0,0.129,570100000.0,455300000.0,116200000.0,0.571,3.952,19.02,19.124,676900000.0,0.0,46.28,2.463,2.457,1264300000.0,11495000000.0,2405700000.0,2405700000.0,0.0,,,,,22800000.0,570100000.0,1.0,493211855.0,492000000.0,496900000.0,4.89,29098700000.0,0.0,174500000.0,393800000.0,59.144,1878600000.0
43,ADP,MRQ,2010-09-30,2010-09-30,2010-09-30,2021-09-07,382500000.0,30878900000.0,,25679200000.0,5199700000.0,,11.715,-45000000.0,1176700000.0,1176700000.0,1311900000.0,278500000.0,1.085,4.364,35600000.0,0.0,35600000.0,35600000.0,796200000.0,75500000.0,0.0,0.032,0.34,439100000.0,514600000.0,0.231,514600000.0,439100000.0,436400000.0,0.57,0.56,0.57,5756700000.0,,5756700000.0,19076206726.0,10.0,8.781,177300000.0,0.361,1.0,917500000.0,0.412,3473200000.0,2700000.0,2587300000.0,,0.0,139500000.0,40400000.0,99100000.0,25122200000.0,23677300000.0,1444900000.0,20679706726.0,-466600000.0,-475300000.0,-28000000.0,-4300000.0,-168000000.0,3438800000.0,-4155700000.0,-258400000.0,222300000.0,28000000.0,278500000.0,278500000.0,278500000.0,0.0,0.0,0.125,515600000.0,401900000.0,132300000.0,0.596,3.592,17.15,17.368,664900000.0,0.0,42.03,2.282,2.279,1288400000.0,11362900000.0,2229400000.0,2229400000.0,0.0,,,,,13900000.0,515600000.0,1.0,492022525.0,491400000.0,494900000.0,4.537,27405700000.0,0.0,157900000.0,574300000.0,55.771,2001900000.0
44,ADP,MRQ,2010-06-30,2010-06-30,2010-06-30,2021-09-07,209500000.0,26862200000.0,,22316700000.0,4545500000.0,,11.039,-62700000.0,1643300000.0,1643300000.0,1282300000.0,207900000.0,1.113,3.903,39800000.0,0.0,39800000.0,39800000.0,778400000.0,76400000.0,0.0,0.034,0.34,307600000.0,384000000.0,0.175,384000000.0,307600000.0,305800000.0,0.42,0.41,0.42,5478900000.0,,5478900000.0,18326583232.0,10.0,8.387,332800000.0,0.671,1.0,908000000.0,0.415,2925700000.0,1800000.0,2280800000.0,,0.0,132200000.0,27900000.0,104300000.0,21383300000.0,20052200000.0,1331100000.0,20250283232.0,-321700000.0,-1100000.0,-447400000.0,-1600000.0,-175300000.0,-8403400000.0,7701800000.0,7770700000.0,395500000.0,-15600000.0,207900000.0,207900000.0,207900000.0,-300000.0,0.0,0.095,611900000.0,296100000.0,150000000.0,0.81,3.696,16.716,16.636,673800000.0,0.0,40.26,2.268,2.257,1257100000.0,11252000000.0,2190300000.0,2190300000.0,0.0,,,,,12400000.0,611900000.0,1.0,502987661.0,496300000.0,500400000.0,4.413,23936500000.0,0.0,97900000.0,366400000.0,48.23,2264500000.0
45,ADP,MRQ,2010-03-31,2010-03-31,2010-03-31,2021-09-07,266700000.0,34986200000.0,,30315000000.0,4671200000.0,,11.82,-41900000.0,1965000000.0,1965000000.0,1330700000.0,403600000.0,1.093,4.892,41300000.0,0.0,41300000.0,41300000.0,807800000.0,78000000.0,0.0,0.03,0.34,636200000.0,714200000.0,0.292,714200000.0,636200000.0,635000000.0,0.8,0.8,0.8,5938300000.0,,5938300000.0,20750588334.0,11.0,9.221,571800000.0,1.138,1.0,1112500000.0,0.455,2985400000.0,1200000.0,2335100000.0,,0.0,142600000.0,38500000.0,104100000.0,29047900000.0,27742000000.0,1305900000.0,22449888334.0,223900000.0,-73500000.0,-77400000.0,-400000.0,-167300000.0,4867000000.0,-5239100000.0,-5122300000.0,613700000.0,-17700000.0,403600000.0,403600000.0,403600000.0,-2000000.0,0.0,0.165,504900000.0,607600000.0,96200000.0,0.425,3.781,16.555,16.41,690000000.0,0.0,44.47,2.54,2.528,1264800000.0,11211600000.0,2443200000.0,2443200000.0,0.0,,,,,18300000.0,504900000.0,1.0,504832209.0,502400000.0,505500000.0,4.863,32000800000.0,0.0,231400000.0,438800000.0,63.696,2573000000.0
46,ADP,MRQ,2009-12-31,2009-12-31,2009-12-31,2021-09-07,311100000.0,29598900000.0,,24926400000.0,4672500000.0,,11.45,-71100000.0,1741100000.0,1741100000.0,1227200000.0,315800000.0,1.105,4.15,41800000.0,0.0,41800000.0,41800000.0,802400000.0,77300000.0,0.0,0.031,0.34,482300000.0,559600000.0,0.255,559600000.0,482300000.0,479800000.0,0.63,0.62,0.63,5747900000.0,,5747900000.0,20067687773.0,10.0,8.94,358100000.0,0.713,1.0,970800000.0,0.442,2971500000.0,2500000.0,2367600000.0,,0.0,131200000.0,40600000.0,90600000.0,23851000000.0,22560500000.0,1290500000.0,21608287773.0,158300000.0,-3500000.0,-31300000.0,-500000.0,-165200000.0,4931800000.0,-5209900000.0,-5142400000.0,429200000.0,7200000.0,315800000.0,315800000.0,315800000.0,-800000.0,0.0,0.144,518900000.0,451900000.0,101400000.0,0.54,3.759,15.947,15.801,707400000.0,0.0,42.82,2.466,2.453,1231400000.0,10979200000.0,2198000000.0,2198000000.0,0.0,,,,,19200000.0,518900000.0,1.0,504630728.0,502000000.0,506200000.0,4.378,26627400000.0,0.0,164000000.0,368700000.0,53.043,2365900000.0
47,ADP,MRQ,2009-09-30,2009-09-30,2009-09-30,2021-09-07,339900000.0,24436100000.0,,19718400000.0,4717700000.0,,11.276,-47900000.0,1582800000.0,1582800000.0,1189500000.0,284100000.0,1.13,3.322,42200000.0,0.0,42200000.0,42200000.0,807400000.0,77500000.0,0.0,0.034,0.33,450000000.0,527500000.0,0.252,527500000.0,450000000.0,446800000.0,0.57,0.56,0.57,5654000000.0,,5654000000.0,18241970456.0,9.0,8.142,195800000.0,0.391,1.0,906600000.0,0.433,2967200000.0,3200000.0,2484300000.0,,0.0,135800000.0,36600000.0,99200000.0,18782100000.0,17444000000.0,1338100000.0,19734570456.0,-682500000.0,-300000.0,30800000.0,-730400000.0,-165600000.0,-1306400000.0,367700000.0,414800000.0,243700000.0,12500000.0,284100000.0,284100000.0,284100000.0,-1200000.0,0.0,0.136,491500000.0,415100000.0,94600000.0,0.579,3.49,14.731,14.664,723500000.0,0.0,39.3,2.25,2.247,1142000000.0,10835000000.0,2096100000.0,2096100000.0,0.0,,,,,17500000.0,491500000.0,1.0,502151920.0,501400000.0,503700000.0,4.18,21468900000.0,0.0,162700000.0,493100000.0,42.818,2274400000.0
48,ADP,MRQ,2009-06-30,2009-06-30,2009-06-30,2021-09-07,156000000.0,25351700000.0,,20705500000.0,4646200000.0,,10.628,-71800000.0,2265300000.0,2265300000.0,1193200000.0,352600000.0,1.104,3.763,772700000.0,730000000.0,42700000.0,772700000.0,821600000.0,79300000.0,0.0,0.036,0.33,369700000.0,449000000.0,0.214,449000000.0,369700000.0,366200000.0,0.71,0.7,0.71,5322600000.0,,5322600000.0,16457898363.0,8.0,7.319,355700000.0,0.71,1.0,907700000.0,0.432,2954200000.0,3500000.0,2141500000.0,,0.0,123200000.0,30800000.0,92400000.0,20029100000.0,18763400000.0,1265700000.0,17778198363.0,901900000.0,-40700000.0,7600000.0,729600000.0,-165500000.0,-4554500000.0,4993500000.0,5103200000.0,427500000.0,35400000.0,352600000.0,352600000.0,352600000.0,-5400000.0,0.0,0.168,574300000.0,333400000.0,130300000.0,0.465,3.34,13.341,13.374,734300000.0,0.0,35.44,2.011,2.018,1213300000.0,10716600000.0,2100900000.0,2100900000.0,0.0,,,,,9000000.0,574300000.0,1.0,501642166.0,500800000.0,502200000.0,4.195,22397500000.0,0.0,13600000.0,484800000.0,44.723,1942100000.0
49,ADP,MRQ,2009-03-31,2009-03-31,2009-03-31,2021-09-07,25000000.0,29174400000.0,,24482200000.0,4692200000.0,,9.961,-56700000.0,1363400000.0,1363400000.0,1214700000.0,402500000.0,1.071,4.844,43100000.0,0.0,43100000.0,43100000.0,813600000.0,77200000.0,0.0,0.035,0.33,631400000.0,708600000.0,0.299,708600000.0,631400000.0,628900000.0,0.8,0.8,0.8,4992500000.0,,4992500000.0,16498185813.0,8.0,7.35,396800000.0,0.792,1.0,1154000000.0,0.487,2848600000.0,2500000.0,2140800000.0,,0.0,110200000.0,32500000.0,77700000.0,24181900000.0,22864700000.0,1317200000.0,17751885813.0,58500000.0,-19200000.0,-153200000.0,-8100000.0,-166700000.0,-4474600000.0,4077800000.0,4150800000.0,453500000.0,1800000.0,402500000.0,402500000.0,402500000.0,-400000.0,0.0,0.17,518900000.0,635100000.0,99200000.0,0.412,3.556,14.63,14.589,715500000.0,0.0,35.16,1.991,1.976,1228400000.0,10529400000.0,2368700000.0,2368700000.0,0.0,,,,,22900000.0,518900000.0,1.0,504888675.0,501200000.0,502400000.0,4.726,26325800000.0,0.0,226400000.0,413500000.0,52.526,1617500000.0
50,ADP,MRQ,2008-12-31,2008-12-31,2008-12-31,2021-09-07,43900000.0,33361000000.0,,28657400000.0,4703600000.0,,9.61,-58000000.0,1304900000.0,1304900000.0,1187500000.0,300500000.0,1.053,5.896,51200000.0,0.0,51200000.0,51200000.0,807500000.0,73900000.0,0.0,0.031,0.33,481400000.0,555300000.0,0.252,555300000.0,481400000.0,473300000.0,0.6,0.59,0.6,4837700000.0,,4837700000.0,19985655808.0,10.0,8.812,225400000.0,0.448,1.0,1015800000.0,0.461,2855000000.0,8100000.0,2024700000.0,,0.0,147700000.0,66700000.0,81000000.0,28523300000.0,27227600000.0,1295700000.0,19979955808.0,-91500000.0,-3000000.0,-183400000.0,-1350900000.0,-148300000.0,8883400000.0,-9214500000.0,-9154400000.0,283400000.0,-43800000.0,300500000.0,300500000.0,300500000.0,-100000.0,0.0,0.136,573100000.0,442700000.0,96400000.0,0.55,4.13,16.317,16.324,721000000.0,0.0,39.34,2.226,2.206,1414900000.0,10292400000.0,2203300000.0,2203300000.0,0.0,,,,,34700000.0,573100000.0,1.0,507878897.0,503400000.0,506100000.0,4.377,30506000000.0,0.0,172800000.0,367800000.0,60.6,1429800000.0
51,ADP,MRQ,2008-09-30,2008-09-30,2008-09-30,2021-09-07,50000000.0,24176900000.0,,19349200000.0,4827700000.0,,9.579,-41600000.0,1396400000.0,1396400000.0,1236700000.0,276900000.0,1.07,3.973,1402100000.0,1362900000.0,39200000.0,1402100000.0,807400000.0,77300000.0,0.0,0.027,0.29,459400000.0,536700000.0,0.246,536700000.0,459400000.0,440200000.0,0.55,0.54,0.55,4861300000.0,,4861300000.0,20900348782.0,11.0,9.185,356600000.0,0.703,1.0,944800000.0,0.433,2973900000.0,19200000.0,3128300000.0,,0.0,1588800000.0,1522700000.0,66100000.0,19315600000.0,18080400000.0,1235200000.0,21753948782.0,478900000.0,-4200000.0,-168700000.0,1338200000.0,-148900000.0,614100000.0,-500900000.0,-458500000.0,398200000.0,-32500000.0,276900000.0,276900000.0,276900000.0,1100000.0,0.0,0.127,526700000.0,418100000.0,103800000.0,0.527,4.475,17.902,18.038,730800000.0,0.0,42.75,2.438,2.431,1250800000.0,10158800000.0,2181500000.0,2181500000.0,0.0,,,,,27900000.0,526700000.0,1.0,508864299.0,507500000.0,513500000.0,4.299,21203000000.0,0.0,163300000.0,361200000.0,41.779,1268800000.0
52,ADP,MRQ,2008-06-30,2008-06-30,2008-06-30,2021-09-07,276200000.0,23734400000.0,,18808900000.0,4925500000.0,,9.897,-82200000.0,917500000.0,917500000.0,1172600000.0,233500000.0,1.085,3.666,63900000.0,11800000.0,52100000.0,63900000.0,851700000.0,72100000.0,0.0,0.026,0.29,371900000.0,444000000.0,0.205,444000000.0,371900000.0,359400000.0,0.46,0.45,0.46,5087200000.0,,5087200000.0,20129517803.0,10.0,8.82,391400000.0,0.761,1.0,991800000.0,0.458,3063800000.0,12500000.0,2475400000.0,,0.0,742800000.0,666300000.0,76500000.0,18647200000.0,17341600000.0,1305600000.0,21721717803.0,-727200000.0,-6900000.0,-323700000.0,11400000.0,-147500000.0,-9114600000.0,7906000000.0,7990600000.0,473600000.0,7800000.0,233500000.0,233500000.0,233500000.0,-13500000.0,0.0,0.108,685700000.0,306100000.0,126900000.0,0.63,4.27,17.578,17.679,742900000.0,0.0,41.9,2.487,2.502,1268600000.0,10029800000.0,2164400000.0,2164400000.0,0.0,,,,,28100000.0,685700000.0,1.0,518418086.0,514000000.0,519100000.0,4.211,20670600000.0,0.0,125900000.0,428900000.0,40.215,1467300000.0
53,ADP,MRQ,2008-03-31,2008-03-31,2008-03-31,2021-09-07,478100000.0,32775500000.0,,27820000000.0,4955500000.0,,10.579,-57300000.0,1644700000.0,1644700000.0,1224400000.0,413600000.0,1.076,4.96,52500000.0,0.0,52500000.0,52500000.0,502900000.0,78600000.0,0.0,0.025,0.29,653400000.0,732000000.0,0.302,732000000.0,653400000.0,645500000.0,0.8,0.79,0.8,5498800000.0,,5498800000.0,20875697339.0,11.0,9.309,644000000.0,1.239,1.0,1202800000.0,0.496,3079900000.0,7900000.0,2240600000.0,,0.0,90700000.0,31600000.0,59100000.0,27276700000.0,25862800000.0,1413900000.0,22159497339.0,324200000.0,-300000.0,-190500000.0,18600000.0,-151100000.0,4313300000.0,-4682800000.0,-4634400000.0,701300000.0,-7600000.0,413600000.0,413600000.0,413600000.0,-10000000.0,0.0,0.17,585300000.0,617500000.0,99400000.0,0.362,4.03,18.514,18.592,732600000.0,0.0,42.39,2.586,2.571,1419100000.0,9952900000.0,2427200000.0,2427200000.0,0.0,,,,,31400000.0,585300000.0,1.0,522752945.0,519800000.0,523200000.0,4.669,29695600000.0,0.0,231900000.0,489200000.0,57.129,1957200000.0
54,ADP,MRQ,2007-12-31,2007-12-31,2007-12-31,2021-09-07,317100000.0,27545700000.0,,3091200000.0,24454500000.0,,9.898,-78300000.0,1320500000.0,1320500000.0,1168200000.0,291200000.0,1.763,4.32,36700000.0,0.0,36700000.0,36700000.0,487800000.0,91800000.0,0.0,0.022,0.29,470900000.0,562700000.0,0.262,562700000.0,470900000.0,440200000.0,0.56,0.55,0.56,5177600000.0,,5177600000.0,22392014338.0,12.0,10.253,242500000.0,0.464,1.0,981900000.0,0.457,3094600000.0,30700000.0,21414400000.0,,0.0,89000000.0,20800000.0,68200000.0,22368100000.0,1752900000.0,20615200000.0,23431214338.0,-108100000.0,-23500000.0,-243100000.0,-352900000.0,-123000000.0,1113400000.0,-1576800000.0,-1477100000.0,320800000.0,34500000.0,291200000.0,291200000.0,291200000.0,400000.0,0.0,0.135,554500000.0,427400000.0,96000000.0,0.518,4.525,19.989,20.427,731000000.0,0.0,44.53,2.819,2.802,1301300000.0,9684500000.0,2150100000.0,2150100000.0,0.0,,,,,34500000.0,554500000.0,1.0,526189408.0,523100000.0,530400000.0,4.11,24451100000.0,0.0,149000000.0,347600000.0,46.743,1338300000.0
55,ADP,MRQ,2007-09-30,2007-09-30,2007-09-30,2021-09-07,80800000.0,25703300000.0,,3078300000.0,22625000000.0,,9.442,-59100000.0,1428600000.0,1428600000.0,1092100000.0,297400000.0,1.572,4.143,389400000.0,345900000.0,43500000.0,389400000.0,485300000.0,75800000.0,0.0,0.02,0.23,467900000.0,543700000.0,0.273,543700000.0,467900000.0,438500000.0,0.56,0.55,0.56,4997900000.0,,4997900000.0,22688991312.0,12.0,10.42,217400000.0,0.411,1.0,899900000.0,0.452,3063200000.0,29400000.0,19642800000.0,,0.0,448000000.0,146400000.0,301600000.0,20705400000.0,1958100000.0,18747300000.0,24391591312.0,-332200000.0,45800000.0,-507800000.0,345800000.0,-127300000.0,-1582800000.0,967500000.0,973900000.0,276500000.0,6600000.0,297400000.0,297400000.0,297400000.0,-57000000.0,0.0,0.149,533600000.0,366300000.0,91400000.0,0.411,4.88,20.694,21.264,722200000.0,0.0,45.93,3.035,3.025,1192200000.0,9556100000.0,1992000000.0,1992000000.0,0.0,,,,,28900000.0,533600000.0,1.0,531060120.0,529300000.0,536200000.0,3.763,22640100000.0,0.0,141100000.0,245000000.0,42.774,1120200000.0
56,ADP,MRQ,2007-06-30,2007-06-30,2007-06-30,2021-09-07,-33400000.0,26648900000.0,,21853400000.0,4795500000.0,,9.463,-63100000.0,1746100000.0,1746100000.0,1060800000.0,194700000.0,1.068,4.177,43500000.0,0.0,43500000.0,43500000.0,774600000.0,75800000.0,0.0,0.018,0.23,328300000.0,404100000.0,0.202,404100000.0,328300000.0,308100000.0,0.36,0.35,0.36,5147900000.0,,5147900000.0,24385553809.0,13.0,11.477,122900000.0,0.226,1.0,939100000.0,0.47,3041600000.0,20200000.0,1440900000.0,,0.0,138500000.0,70400000.0,68100000.0,21501000000.0,20463800000.0,1037200000.0,26815453809.0,-712700000.0,-13900000.0,-874400000.0,0.0,-127300000.0,-6519200000.0,5612300000.0,5692100000.0,186000000.0,8200000.0,194700000.0,194700000.0,194700000.0,-700000.0,0.0,0.097,649200000.0,289900000.0,125900000.0,0.639,5.209,23.549,23.415,723800000.0,0.0,48.47,3.438,3.416,1268400000.0,9378500000.0,1999900000.0,1999900000.0,0.0,,,,,26700000.0,649200000.0,1.0,553238164.0,544000000.0,556100000.0,3.676,23607300000.0,0.0,113400000.0,246400000.0,43.396,1389600000.0
57,ADP,MRQ,2007-03-31,2007-03-31,2007-03-31,2021-09-07,25400000.0,32922900000.0,,4056400000.0,28866500000.0,,10.847,-80800000.0,2473500000.0,2473500000.0,1067100000.0,388900000.0,2.298,4.498,43600000.0,0.0,43600000.0,43600000.0,479900000.0,66200000.0,0.0,0.017,0.23,607200000.0,673400000.0,0.31,673400000.0,607200000.0,600200000.0,0.7,0.7,0.7,5988700000.0,,5988700000.0,25413058850.0,11.0,9.778,533800000.0,0.967,1.0,1103900000.0,0.508,3034500000.0,7000000.0,25693200000.0,,0.0,313700000.0,207800000.0,105900000.0,26934200000.0,1765300000.0,25168900000.0,26633958850.0,1178700000.0,600300000.0,42300000.0,-300000.0,-126100000.0,6244700000.0,-5679900000.0,-6189000000.0,614600000.0,-700000.0,388900000.0,388900000.0,388900000.0,-28800000.0,0.0,0.179,549800000.0,554100000.0,105900000.0,0.329,4.447,16.163,16.519,710100000.0,0.0,48.4,3.545,3.556,1120100000.0,9220200000.0,2171000000.0,2171000000.0,0.0,,,,,33300000.0,549800000.0,1.0,550288406.0,552100000.0,558700000.0,3.932,29888400000.0,0.0,211300000.0,410800000.0,54.136,2291100000.0
58,ADP,MRQ,2006-12-31,2006-12-31,2006-12-31,2021-09-07,16700000.0,31612200000.0,,4292100000.0,27320100000.0,,10.768,-121300000.0,1294700000.0,1294700000.0,991800000.0,297700000.0,1.682,4.352,73800000.0,0.0,73800000.0,73800000.0,534300000.0,78700000.0,0.0,0.016,0.23,477500000.0,556200000.0,0.297,556200000.0,477500000.0,445200000.0,0.54,0.54,0.54,5906500000.0,,5906500000.0,25790603270.0,11.0,10.189,208800000.0,0.381,1.0,882500000.0,0.471,3491700000.0,32300000.0,24348100000.0,,0.0,405000000.0,249400000.0,155600000.0,25705700000.0,2551500000.0,23154200000.0,27117403270.0,-106500000.0,-331200000.0,-179900000.0,-800000.0,-102900000.0,-265900000.0,-178200000.0,275300000.0,330100000.0,7500000.0,297700000.0,297700000.0,297700000.0,-49700000.0,0.0,0.159,514600000.0,367900000.0,962300000.0,0.426,4.591,16.642,17.16,780600000.0,0.0,49.25,3.73,3.716,2401100000.0,9438000000.0,1874300000.0,1874300000.0,0.0,,,,,37700000.0,514600000.0,1.0,550607173.0,548500000.0,555300000.0,3.417,28120500000.0,0.0,147500000.0,277900000.0,51.268,1740600000.0
59,ADP,MRQ,2006-09-30,2006-09-30,2006-09-30,2021-09-07,16400000.0,26209300000.0,,4591300000.0,21618000000.0,,10.552,-57600000.0,1401200000.0,1401200000.0,967600000.0,257500000.0,1.775,3.482,74400000.0,0.0,74400000.0,74400000.0,523800000.0,68100000.0,0.0,0.016,0.185,422900000.0,491000000.0,0.28,491000000.0,422900000.0,387500000.0,0.46,0.46,0.46,5847900000.0,,5847900000.0,24474403683.0,11.0,9.933,109700000.0,0.198,1.0,787200000.0,0.449,3092300000.0,35400000.0,19203100000.0,,0.0,679400000.0,468700000.0,210700000.0,20361400000.0,2587100000.0,17774300000.0,26300703683.0,-499400000.0,-24800000.0,-544200000.0,-100000.0,-105000000.0,-636300000.0,-31100000.0,53100000.0,167300000.0,700000.0,257500000.0,257500000.0,257500000.0,-38300000.0,0.0,0.147,492600000.0,294600000.0,961600000.0,0.402,4.497,16.526,17.029,773500000.0,0.0,47.34,3.542,3.533,2413500000.0,9266600000.0,1754800000.0,1754800000.0,0.0,,,,,32600000.0,492600000.0,1.0,555570420.0,554200000.0,559500000.0,3.166,23117000000.0,0.0,130000000.0,384000000.0,41.712,2004200000.0
60,ADP,MRQ,2006-06-30,2006-06-30,2006-06-30,2021-09-07,-126300000.0,27490100000.0,,5482800000.0,22007300000.0,,10.58,-111000000.0,1800100000.0,1800100000.0,977100000.0,703700000.0,2.05,3.573,74300000.0,0.0,74300000.0,74300000.0,725800000.0,64100000.0,0.0,0.016,0.185,814400000.0,878500000.0,0.513,878500000.0,814400000.0,792900000.0,1.23,1.22,1.23,6011600000.0,,6011600000.0,24998805615.0,12.0,10.451,227400000.0,0.4,1.0,736400000.0,0.43,2502400000.0,21500000.0,20587700000.0,,0.0,661200000.0,327500000.0,333700000.0,21478500000.0,2674200000.0,18804300000.0,26138605615.0,563500000.0,892600000.0,-712600000.0,-100000.0,-107000000.0,-921800000.0,1132400000.0,5099600000.0,338400000.0,14500000.0,703700000.0,703700000.0,703700000.0,-578100000.0,0.0,0.411,635900000.0,100500000.0,125200000.0,0.15,4.348,16.82,16.796,700000000.0,0.0,45.35,3.824,3.813,967600000.0,9111400000.0,1713500000.0,1713500000.0,0.0,,,,,28200000.0,557300000.0,1.0,576374986.0,568200000.0,573100000.0,3.016,24987700000.0,0.0,89200000.0,296800000.0,43.977,2808600000.0
61,ADP,MRQ,2006-03-31,2006-03-31,2006-03-31,2021-09-07,-151300000.0,32643200000.0,,5024600000.0,27618600000.0,,10.465,-56000000.0,1214100000.0,1214100000.0,944600000.0,370600000.0,1.745,4.401,74300000.0,0.0,74300000.0,74300000.0,535900000.0,39400000.0,0.0,0.015,0.185,566100000.0,605500000.0,0.314,605500000.0,566100000.0,559100000.0,0.64,0.64,0.64,6043800000.0,,6043800000.0,25486731210.0,16.0,13.901,517900000.0,0.897,1.0,982400000.0,0.51,3092800000.0,7000000.0,25531200000.0,,0.0,760100000.0,406700000.0,353400000.0,26599400000.0,2879400000.0,23720000000.0,26474531210.0,274600000.0,-43400000.0,-177500000.0,0.0,-105800000.0,-232600000.0,-68800000.0,-2684500000.0,573900000.0,2100000.0,370600000.0,370600000.0,370600000.0,-56000000.0,0.0,0.192,472300000.0,510100000.0,936000000.0,0.289,4.38,23.872,23.916,742800000.0,0.0,45.68,4.274,4.259,2397800000.0,8512900000.0,1927000000.0,1927000000.0,0.0,,,,,23100000.0,495300000.0,1.0,579565044.0,577500000.0,582800000.0,3.337,29550400000.0,0.0,188500000.0,398300000.0,51.17,2145200000.0
62,ADP,MRQ,2005-12-31,2005-12-31,2005-12-31,2021-09-07,0.0,29643200000.0,,4431200000.0,25212000000.0,,10.357,-125000000.0,1062200000.0,1062200000.0,1144600000.0,259700000.0,1.585,3.986,74400000.0,0.0,74400000.0,74400000.0,476100000.0,72400000.0,0.0,0.014,0.185,416500000.0,488900000.0,0.241,488900000.0,416500000.0,416500000.0,0.45,0.45,0.45,5967800000.0,,5967800000.0,25483334538.0,16.0,14.078,373400000.0,0.648,1.0,885800000.0,0.436,3382700000.0,0.0,22476200000.0,,0.0,835300000.0,508900000.0,326400000.0,23787300000.0,2796500000.0,20990800000.0,26465934538.0,3900000.0,-285200000.0,-10100000.0,0.0,-90100000.0,-96300000.0,-390300000.0,-4425000000.0,498400000.0,-7900000.0,259700000.0,259700000.0,259700000.0,-2700000.0,0.0,0.128,472000000.0,413800000.0,1034700000.0,0.411,4.435,24.578,24.811,761900000.0,0.0,45.9,4.083,4.08,2457400000.0,8249300000.0,2030400000.0,2030400000.0,0.0,,,,,40400000.0,481000000.0,1.0,576599881.0,576200000.0,582300000.0,3.524,26260500000.0,0.0,156800000.0,395600000.0,45.575,1634700000.0
63,ADP,MRQ,2005-09-30,2005-09-30,2005-09-30,2021-09-07,-42900000.0,24826400000.0,,4233100000.0,20593300000.0,,9.923,-82000000.0,1058700000.0,1058700000.0,925400000.0,220000000.0,1.672,3.334,76100000.0,0.0,76100000.0,76100000.0,467500000.0,70100000.0,0.0,0.014,0.155,346000000.0,416100000.0,0.217,416100000.0,346000000.0,346000000.0,0.38,0.38,0.38,5728700000.0,,5728700000.0,23995841870.0,15.0,13.367,319800000.0,0.554,1.0,996300000.0,0.518,3122600000.0,0.0,18189000000.0,,0.0,876900000.0,479700000.0,397200000.0,19097700000.0,2532200000.0,16565500000.0,24895441870.0,83300000.0,-700000.0,-181700000.0,-100000.0,-91000000.0,-272400000.0,-46800000.0,2482500000.0,401800000.0,700000.0,220000000.0,220000000.0,220000000.0,-13900000.0,0.0,0.114,522200000.0,474100000.0,862900000.0,0.408,4.346,23.328,23.519,728800000.0,0.0,43.04,3.877,3.869,2256700000.0,8096500000.0,1921700000.0,1921700000.0,0.0,,,,,43100000.0,454500000.0,1.0,578425694.0,577300000.0,582800000.0,3.329,21703800000.0,0.0,126000000.0,518300000.0,37.595,1700900000.0
64,ADP,MRQ,2005-06-30,2005-06-30,2005-06-30,2021-09-07,14100000.0,27615400000.0,,4869900000.0,22745500000.0,,9.938,-47900000.0,853600000.0,853600000.0,463300000.0,258700000.0,1.702,3.775,75700000.0,0.0,75700000.0,75700000.0,462700000.0,21400000.0,0.0,0.014,0.155,301600000.0,323000000.0,1.026,323000000.0,301600000.0,269300000.0,0.44,0.44,0.44,5783900000.0,,5783900000.0,23489681551.0,15.0,13.267,369100000.0,0.634,1.0,-148600000.0,-0.472,2761500000.0,32300000.0,21214200000.0,,0.0,1143700000.0,695800000.0,447900000.0,21831500000.0,2861800000.0,18969700000.0,24482935551.0,-93800000.0,-88200000.0,-148500000.0,-100000.0,-90300000.0,-209300000.0,-284000000.0,10164400000.0,417000000.0,-17500000.0,258700000.0,258700000.0,258700000.0,-226700000.0,0.0,0.822,239000000.0,-387600000.0,937900000.0,0.352,4.233,23.198,23.188,637900000.0,0.0,41.97,3.993,3.992,2273800000.0,7966000000.0,314700000.0,314700000.0,0.0,,,,,1000000.0,419000000.0,1.0,583343711.0,582000000.0,588500000.0,0.541,24853900000.0,0.0,10600000.0,431200000.0,42.704,2008100000.0
65,ADP,MRQ,2005-03-31,2005-03-31,2005-03-31,2021-09-07,14028000.0,32772727000.0,,4489340000.0,28283387000.0,,9.88,-70900000.0,1069191000.0,1069191000.0,1015500000.0,338400000.0,1.63,4.68,75937000.0,0.0,75937000.0,75937000.0,463574000.0,53600000.0,0.0,0.013,0.155,528600000.0,582200000.0,0.263,582200000.0,528600000.0,528600000.0,0.58,0.57,0.58,5769642000.0,,5769642000.0,25155017667.0,16.0,13.748,283000000.0,0.485,1.0,1199500000.0,0.542,3163783000.0,0.0,25861413000.0,,0.0,915775000.0,492825000.0,422950000.0,27003085000.0,2754277000.0,24248808000.0,26210208667.0,-62000000.0,-20500000.0,-116400000.0,-48700000.0,-90500000.0,-248000000.0,-169400000.0,-4456200000.0,353900000.0,1500000.0,338400000.0,338400000.0,338400000.0,-19400000.0,0.0,0.153,553800000.0,645700000.0,996108000.0,0.267,4.543,25.986,25.983,658203000.0,0.0,44.95,3.426,3.432,2560746000.0,7821010000.0,2215000000.0,2215000000.0,0.0,,,,,3500000.0,485500000.0,1.0,583096967.0,584000000.0,590500000.0,3.793,29608944000.0,0.0,190200000.0,469599000.0,50.7,1735063000.0
66,ADP,MRQ,2004-12-31,2004-12-31,2004-12-31,2021-09-07,111184000.0,28189379000.0,,4193873000.0,23995506000.0,,9.699,-62200000.0,1131117000.0,1131117000.0,895200000.0,250100000.0,1.613,3.984,75926000.0,0.0,75926000.0,75926000.0,472263000.0,76200000.0,0.0,0.013,0.155,397600000.0,473800000.0,0.241,473800000.0,397600000.0,397600000.0,0.43,0.42,0.43,5656523000.0,,5656523000.0,24808526757.0,16.0,13.749,337900000.0,0.579,1.0,1074700000.0,0.546,3152024000.0,0.0,21381524000.0,,0.0,868345000.0,425354000.0,442991000.0,22532856000.0,2600640000.0,19932216000.0,25835543757.0,27700000.0,-307700000.0,19100000.0,48300000.0,-81600000.0,-14200000.0,-383800000.0,-3192000000.0,400100000.0,25600000.0,250100000.0,250100000.0,250100000.0,0.0,0.0,0.127,527500000.0,547200000.0,916038000.0,0.36,4.567,26.622,26.717,650058000.0,0.0,44.35,3.419,3.423,2258151000.0,7613142000.0,1969900000.0,1969900000.0,0.0,,,,,3800000.0,463400000.0,1.0,582537627.0,583200000.0,591100000.0,3.378,25037355000.0,0.0,147500000.0,497736000.0,42.931,1593233000.0
67,ADP,MRQ,2004-09-30,2004-09-30,2004-09-30,2021-09-07,38909000.0,23787478000.0,,3028533000.0,20758945000.0,,9.276,-63100000.0,1103525000.0,1103525000.0,867000000.0,208200000.0,1.824,3.394,76508000.0,0.0,76508000.0,76508000.0,439065000.0,74400000.0,0.0,0.014,0.14,331000000.0,405400000.0,0.219,405400000.0,331000000.0,331000000.0,0.36,0.35,0.36,5413534000.0,,5413534000.0,23500445156.0,16.0,13.282,199400000.0,0.342,1.0,987700000.0,0.533,2937973000.0,0.0,18162555000.0,,0.0,921222000.0,333335000.0,587887000.0,18373944000.0,1659933000.0,16714011000.0,24137243156.0,390500000.0,-800000.0,-192300000.0,-200000.0,-82500000.0,-275000000.0,399300000.0,-2233200000.0,262500000.0,3700000.0,208200000.0,208200000.0,208200000.0,0.0,0.0,0.112,508000000.0,479700000.0,128514000.0,0.389,4.459,25.436,25.506,645204000.0,0.0,41.32,3.256,3.253,1186959000.0,7453521000.0,1854700000.0,1854700000.0,0.0,,,,,3500000.0,446200000.0,1.0,584153997.0,583600000.0,590000000.0,3.178,20849505000.0,0.0,122800000.0,500893000.0,35.726,1368600000.0
68,ADP,MRQ,2004-06-30,2004-06-30,2004-06-30,2021-09-07,-19500000.0,21120600000.0,,2761600000.0,18359000000.0,,9.197,-97136000.0,713000000.0,713000000.0,759786000.0,211920000.0,1.562,2.898,76200000.0,0.0,76200000.0,76200000.0,414800000.0,51580000.0,0.0,0.013,0.14,316750000.0,368330000.0,0.229,368330000.0,316750000.0,316750000.0,0.36,0.35,0.36,5417700000.0,,5417700000.0,23954922222.0,16.0,13.689,156298000.0,0.265,1.0,850502000.0,0.528,2931800000.0,0.0,15783600000.0,,0.0,1379500000.0,416000000.0,963500000.0,15702900000.0,1768400000.0,13934500000.0,24728801222.0,-142910000.0,72629000.0,-150203000.0,-124000.0,-83140000.0,-224967000.0,-177877000.0,-5262535000.0,253434000.0,6500000.0,211920000.0,211920000.0,211920000.0,-37900000.0,0.0,0.132,512355000.0,338147000.0,175200000.0,0.389,4.564,26.431,26.506,642400000.0,0.0,41.88,3.397,3.404,1254800000.0,7326900000.0,1610288000.0,1610288000.0,0.0,,,,,12300000.0,416119000.0,1.0,590468033.0,589075000.0,597419000.0,2.734,18188800000.0,0.0,104830000.0,394300000.0,30.877,993200000.0
69,ADP,MRQ,2004-03-31,2004-03-31,2004-03-31,2021-09-07,157465000.0,25425481000.0,,2836571000.0,22588910000.0,,9.514,-112800000.0,855928000.0,855928000.0,944373000.0,300250000.0,1.553,3.52,82049000.0,0.0,82049000.0,82049000.0,426482000.0,77185000.0,0.0,0.012,0.14,479640000.0,556825000.0,0.262,556825000.0,479640000.0,479640000.0,0.51,0.5,0.51,5624698000.0,,5624698000.0,24025201964.0,16.0,11.985,462624000.0,0.783,1.0,1177062000.0,0.555,2892004000.0,0.0,19932517000.0,,0.0,1440901000.0,369930000.0,1070971000.0,19800783000.0,1827081000.0,17973702000.0,24776246964.0,20298000.0,-223215000.0,-123654000.0,-108000.0,-82454000.0,-206216000.0,-348910000.0,3852178000.0,575424000.0,0.0,300250000.0,300250000.0,300250000.0,0.0,0.0,0.142,552598000.0,624464000.0,165001000.0,0.275,4.405,26.346,26.25,615314000.0,0.0,42.0,3.388,3.395,1256528000.0,7197543000.0,2121435000.0,2121435000.0,0.0,,,,,0.0,487410000.0,1.0,589910642.0,591210000.0,599479000.0,3.588,22533477000.0,0.0,179390000.0,545368000.0,38.114,1009490000.0
70,ADP,MRQ,2003-12-31,2003-12-31,2003-12-31,2021-09-07,101794000.0,24700123000.0,,2946252000.0,21753871000.0,,9.083,-65486000.0,835630000.0,835630000.0,810300000.0,228580000.0,1.769,3.596,84585000.0,0.0,84585000.0,84585000.0,420098000.0,73609000.0,0.0,0.013,0.14,365140000.0,438749000.0,0.24,438749000.0,365140000.0,365140000.0,0.39,0.38,0.39,5374413000.0,,5374413000.0,22278697914.0,14.0,11.247,326736000.0,0.552,1.0,1017100000.0,0.557,2634688000.0,0.0,19649094000.0,,0.0,1413642000.0,559161000.0,854481000.0,19325710000.0,1665296000.0,17660414000.0,23545695914.0,-516081000.0,331000.0,-169783000.0,-436000.0,-71698000.0,-241917000.0,-666386000.0,-602637000.0,392222000.0,0.0,228580000.0,228580000.0,228580000.0,0.0,0.0,0.125,518835000.0,498265000.0,137802000.0,0.359,4.381,24.285,24.152,607336000.0,0.0,39.61,3.27,3.255,1155601000.0,6982368000.0,1827400000.0,1827400000.0,0.0,,,,,0.0,459293000.0,1.0,594438170.0,591685000.0,597624000.0,3.088,22065435000.0,0.0,136560000.0,480155000.0,37.293,1280956000.0
71,ADP,MRQ,2003-09-30,2003-09-30,2003-09-30,2021-09-07,48119000.0,18714386000.0,,3325867000.0,15388519000.0,,8.993,-57778000.0,1351711000.0,1351711000.0,794241000.0,194850000.0,1.948,2.498,84713000.0,0.0,84713000.0,84713000.0,401702000.0,74726000.0,0.0,0.013,0.12,311270000.0,385996000.0,0.224,385996000.0,311270000.0,311270000.0,0.33,0.32,0.33,5349633000.0,,5349633000.0,20001019796.0,12.0,10.176,106542000.0,0.179,1.0,926036000.0,0.538,2590947000.0,0.0,13148907000.0,,0.0,965459000.0,507716000.0,457743000.0,13364753000.0,1707534000.0,11657219000.0,21326563796.0,-58507000.0,-645000.0,-25560000.0,-332000.0,-71308000.0,-97200000.0,-125627000.0,-71106000.0,164320000.0,0.0,194850000.0,194850000.0,194850000.0,0.0,0.0,0.113,483012000.0,443024000.0,149354000.0,0.364,3.987,21.27,21.213,604504000.0,0.0,35.85,2.987,2.987,1104983000.0,6834299000.0,1720277000.0,1720277000.0,0.0,,,,,0.0,426878000.0,1.0,594883230.0,594843000.0,600849000.0,2.892,16123439000.0,0.0,116420000.0,524878000.0,27.105,1618333000.0
72,ADP,MRQ,2003-06-30,2003-06-30,2003-06-30,2021-09-07,158819000.0,19833671000.0,,3675501000.0,16158170000.0,,9.025,-128420000.0,1410218000.0,1410218000.0,888936000.0,216720000.0,1.839,2.692,84674000.0,0.0,84674000.0,84674000.0,338763000.0,274700000.0,0.0,0.014,0.12,348350000.0,623050000.0,0.379,623050000.0,348350000.0,348350000.0,0.37,0.36,0.37,5371473000.0,,5371473000.0,19142543723.0,12.0,9.971,210188000.0,0.353,1.0,755157000.0,0.459,2651022000.0,0.0,13858322000.0,,0.0,934125000.0,595166000.0,338959000.0,14462198000.0,1998783000.0,12463415000.0,20249273723.0,221550000.0,-547441000.0,-100345000.0,-10000.0,-71372000.0,-171727000.0,-5431000.0,325508000.0,338608000.0,60100000.0,216720000.0,216720000.0,216720000.0,0.0,0.0,0.132,666835000.0,88322000.0,173988000.0,0.324,3.77,19.887,19.918,614701000.0,0.0,33.86,2.833,2.843,1186187000.0,6710863000.0,1644093000.0,1644093000.0,0.0,,,,,0.0,495549000.0,1.0,598029348.0,595189000.0,599867000.0,2.762,17182649000.0,0.0,131630000.0,535926000.0,28.869,1676718000.0
73,ADP,MRQ,2003-03-31,2003-03-31,2003-03-31,2021-09-07,56237000.0,20329399000.0,,3493566000.0,16835833000.0,,8.71,-48748000.0,1188660000.0,1188660000.0,796580000.0,329390000.0,2.314,2.889,81930000.0,0.0,81930000.0,81930000.0,334890000.0,0.0,0.0,0.015,0.12,533000000.0,533000000.0,0.265,533000000.0,533000000.0,533000000.0,0.55,0.54,0.55,5227856000.0,,5227856000.0,17572494204.0,10.0,8.61,501232000.0,0.835,1.0,1211414000.0,0.603,2039848000.0,0.0,15672781000.0,,0.0,1535542000.0,933670000.0,601872000.0,15101543000.0,1510040000.0,13591503000.0,18461530204.0,217178000.0,-60831000.0,-90034000.0,-330000.0,-71792000.0,-162156000.0,-170646000.0,629837000.0,549980000.0,0.0,329390000.0,329390000.0,329390000.0,0.0,0.0,0.164,452797000.0,758617000.0,148663000.0,0.218,3.531,16.956,17.011,561644000.0,0.0,30.79,2.61,2.613,1199118000.0,6565569000.0,2007994000.0,2007994000.0,0.0,,,,,0.0,412793000.0,1.0,599595005.0,600217000.0,605340000.0,3.345,18289551000.0,0.0,203610000.0,528723000.0,30.472,1983526000.0
74,ADP,MRQ,2002-12-31,2002-12-31,2002-12-31,2021-09-07,17728000.0,19002943000.0,,2893354000.0,16109589000.0,,8.325,-42791000.0,971482000.0,971482000.0,702716000.0,261690000.0,2.164,2.817,82446000.0,0.0,82446000.0,82446000.0,243975000.0,0.0,0.0,0.012,0.12,423450000.0,423450000.0,0.24,423450000.0,423450000.0,423450000.0,0.44,0.43,0.44,4979109000.0,,4979109000.0,23043738265.0,13.0,11.08,336833000.0,0.563,1.0,1065116000.0,0.602,1953915000.0,0.0,14823112000.0,,0.0,1490425000.0,593023000.0,897402000.0,14023834000.0,1336880000.0,12686954000.0,23505737265.0,425703000.0,-9902000.0,-48196000.0,-63000.0,-72074000.0,-120333000.0,166412000.0,835050000.0,379624000.0,0.0,261690000.0,261690000.0,261690000.0,0.0,0.0,0.148,435449000.0,629667000.0,126505000.0,0.273,4.721,21.145,21.448,569108000.0,0.0,39.25,3.355,3.35,1163902000.0,6307973000.0,1767832000.0,1767832000.0,0.0,,,,,0.0,402005000.0,1.0,598872287.0,598064000.0,604791000.0,2.956,17049028000.0,0.0,161760000.0,507869000.0,28.507,1556474000.0
75,ADP,MRQ,2002-09-30,2002-09-30,2002-09-30,2021-09-07,-7657000.0,15695995000.0,,2501783000.0,13194212000.0,,7.826,-58541000.0,545779000.0,545779000.0,708468000.0,210400000.0,1.817,2.305,83780000.0,0.0,83780000.0,83780000.0,137666000.0,0.0,0.0,0.013,0.115,340400000.0,340400000.0,0.207,340400000.0,340400000.0,340400000.0,0.35,0.34,0.35,4748926000.0,,4748926000.0,20295273494.0,11.0,9.728,178247000.0,0.294,1.0,938217000.0,0.57,1920510000.0,0.0,11936931000.0,,0.0,1704882000.0,623988000.0,1080894000.0,10947069000.0,1376555000.0,9570514000.0,21003435494.0,-253031000.0,-29026000.0,-607225000.0,3000.0,-69362000.0,-676584000.0,186765000.0,273605000.0,236788000.0,0.0,210400000.0,210400000.0,210400000.0,0.0,0.0,0.128,477919000.0,460298000.0,134726000.0,0.329,4.423,18.844,19.104,582328000.0,0.0,34.77,3.008,3.022,1156090000.0,6118356000.0,1646685000.0,1646685000.0,0.0,,,,,0.0,447953000.0,1.0,604067745.0,606814000.0,612517000.0,2.714,13775485000.0,0.0,130000000.0,550069000.0,22.701,1125228000.0
76,ADP,MRQ,2002-06-30,2002-06-30,2002-06-30,2021-09-07,-118313000.0,18276522000.0,,2817257000.0,15459265000.0,,8.284,-76554000.0,798810000.0,798810000.0,829831000.0,287310000.0,1.996,2.574,90648000.0,0.0,90648000.0,90648000.0,138893000.0,279077000.0,0.0,0.008,0.115,465020000.0,744097000.0,0.451,744097000.0,465020000.0,465020000.0,0.47,0.46,0.47,5114205000.0,,5114205000.0,25894185960.0,14.0,12.533,270222000.0,0.438,1.0,821337000.0,0.497,1877198000.0,0.0,14280060000.0,,0.0,1950773000.0,677005000.0,1273768000.0,13162317000.0,1411102000.0,11751215000.0,27007151960.0,-405156000.0,-64323000.0,-228670000.0,-61000.0,-71005000.0,-299736000.0,-452196000.0,-304928000.0,346776000.0,0.0,287310000.0,287310000.0,287310000.0,0.0,0.0,0.174,539340000.0,281997000.0,148694000.0,0.245,5.281,24.535,24.466,596451000.0,0.0,43.55,3.856,3.848,1237939000.0,5977318000.0,1651168000.0,1651168000.0,0.0,,,,,0.0,387354000.0,1.0,620141262.0,617396000.0,627198000.0,2.674,16399324000.0,0.0,177710000.0,464652000.0,26.562,1406155000.0
77,ADP,MRQ,2002-03-31,2002-03-31,2002-03-31,2021-09-07,-234859000.0,19228232000.0,,2989461000.0,16238771000.0,,8.058,-65750000.0,1203966000.0,1203966000.0,772492000.0,352260000.0,2.185,2.848,91000000.0,0.0,91000000.0,91000000.0,93720000.0,0.0,0.0,0.006,0.115,571850000.0,571850000.0,0.295,571850000.0,571850000.0,571850000.0,0.57,0.56,0.57,4996981000.0,,4996981000.0,34911176624.0,20.0,16.923,406881000.0,0.656,1.0,1168439000.0,0.602,1754115000.0,0.0,14993266000.0,,0.0,1627467000.0,511120000.0,1116347000.0,14231251000.0,1367885000.0,12863366000.0,36143248624.0,-123001000.0,-25986000.0,-67184000.0,-50004000.0,-71321000.0,-188509000.0,-407123000.0,-321683000.0,472631000.0,0.0,352260000.0,352260000.0,352260000.0,0.0,0.0,0.181,409307000.0,759132000.0,155105000.0,0.202,7.233,33.827,33.682,590338000.0,0.0,58.27,5.213,5.212,1256985000.0,5761014000.0,1940931000.0,1940931000.0,0.0,,,,,0.0,369217000.0,1.0,620271986.0,620118000.0,632307000.0,3.13,17474117000.0,0.0,219590000.0,382777000.0,28.179,1621576000.0
78,ADP,MRQ,2001-12-31,2001-12-31,2001-12-31,2021-09-07,-150604000.0,17621282000.0,,2939165000.0,14682117000.0,,7.893,-57246000.0,1326967000.0,1326967000.0,691970000.0,264600000.0,2.322,2.621,94895000.0,0.0,94895000.0,94895000.0,83921000.0,0.0,0.0,0.005,0.115,429900000.0,429900000.0,0.247,429900000.0,429900000.0,429900000.0,0.43,0.42,0.43,4867069000.0,,4867069000.0,35008902780.0,21.0,17.803,274208000.0,0.445,1.0,1051092000.0,0.603,1742199000.0,0.0,13381478000.0,,0.0,1304279000.0,407802000.0,896477000.0,12754213000.0,1265533000.0,11488680000.0,36317751780.0,-88140000.0,-43338000.0,38933000.0,46981000.0,-70563000.0,15351000.0,-434945000.0,-343603000.0,331454000.0,0.0,264600000.0,264600000.0,264600000.0,0.0,0.0,0.152,441618000.0,609474000.0,150115000.0,0.267,7.462,36.134,36.358,603088000.0,0.0,58.9,5.259,5.259,1143094000.0,5480074000.0,1743062000.0,1743062000.0,0.0,,,,,0.0,393558000.0,1.0,616600200.0,616600200.0,,2.827,15879083000.0,0.0,165300000.0,369686000.0,25.753,1673632000.0
79,ADP,MRQ,2001-09-30,2001-09-30,2001-09-30,2021-09-07,-118178000.0,16664067000.0,,2946481000.0,13717586000.0,,7.37,-55870000.0,1415107000.0,1415107000.0,676352000.0,196600000.0,2.193,2.646,106258000.0,0.0,106258000.0,106258000.0,86518000.0,0.0,0.0,0.007,0.0,320200000.0,320200000.0,0.199,320200000.0,320200000.0,320200000.0,0.32,0.31,0.32,4570180000.0,,4570180000.0,28006263985.0,18.0,14.901,324973000.0,0.524,1.0,931531000.0,0.579,1714603000.0,0.0,12297093000.0,,0.0,964368000.0,333524000.0,630844000.0,12093887000.0,1343522000.0,10750365000.0,29171392985.0,139751000.0,-78936000.0,-390415000.0,-477000.0,-63971000.0,-454863000.0,213771000.0,351438000.0,380843000.0,0.0,196600000.0,196600000.0,196600000.0,0.0,0.0,0.122,526024000.0,405507000.0,156260000.0,0.0,6.383,30.774,30.947,609431000.0,0.0,47.04,4.251,4.251,1156091000.0,5286034000.0,1607883000.0,1607883000.0,0.0,,,,,0.0,456561000.0,1.0,620140157.0,620140157.0,,2.593,14949464000.0,0.0,123600000.0,469973000.0,24.107,1602959000.0
80,ADP,MRQ,2001-06-30,2001-06-30,2001-06-30,2021-09-07,-232964000.0,17889090000.0,,3083460000.0,14805630000.0,,7.473,-90745000.0,1275356000.0,1275356000.0,808764000.0,255000000.0,2.308,2.805,110227000.0,0.0,110227000.0,110227000.0,85931000.0,320856000.0,0.0,0.008,0.102,420100000.0,740956000.0,0.452,740956000.0,420100000.0,420100000.0,0.41,0.4,0.41,4700997000.0,,4700997000.0,29972020302.0,20.0,16.237,378959000.0,0.602,1.0,832059000.0,0.507,1601410000.0,0.0,13786278000.0,,0.0,1321608000.0,515245000.0,806363000.0,13188093000.0,1336273000.0,11851820000.0,31024628302.0,109612000.0,-21074000.0,-135359000.0,-99000.0,-64026000.0,-199484000.0,-160608000.0,-28380000.0,469704000.0,0.0,255000000.0,255000000.0,255000000.0,0.0,0.0,0.155,482159000.0,349900000.0,156324000.0,0.249,6.6,33.55,33.81,614650000.0,0.0,49.7,4.527,4.562,1201602000.0,5153408000.0,1640823000.0,1640823000.0,0.0,,,,,0.0,401285000.0,1.0,624237994.0,629035000.0,,2.608,16287680000.0,0.0,165100000.0,355604000.0,25.893,1747187000.0
81,ADP,MRQ,2001-03-31,2001-03-31,2001-03-31,2021-09-07,-192878000.0,19841183000.0,,2941306000.0,16899877000.0,,7.294,-57651000.0,1165744000.0,1165744000.0,754300000.0,288880000.0,2.243,3.281,113136000.0,0.0,113136000.0,113136000.0,93099000.0,0.0,0.0,0.007,0.102,475400000.0,475400000.0,0.248,475400000.0,475400000.0,475400000.0,0.46,0.45,0.46,4634449000.0,,4634449000.0,33385440894.0,23.0,19.321,418562000.0,0.659,1.0,1159655000.0,0.606,1602310000.0,0.0,15874818000.0,,0.0,1308983000.0,467281000.0,841702000.0,15206734000.0,1311447000.0,13895287000.0,34550612894.0,-128470000.0,-6379000.0,-682068000.0,-4969000.0,-64424000.0,-751461000.0,146778000.0,212405000.0,476213000.0,0.0,288880000.0,288880000.0,288880000.0,0.0,0.0,0.151,498015000.0,661640000.0,134076000.0,0.222,7.455,38.668,38.296,604991000.0,0.0,54.38,5.222,5.222,1188501000.0,4962435000.0,1913955000.0,1913955000.0,0.0,,,,,0.0,418101000.0,1.0,635355147.0,635355147.0,,3.012,18238873000.0,0.0,186520000.0,348123000.0,28.707,1629859000.0
82,ADP,MRQ,2000-12-31,2000-12-31,2000-12-31,2021-09-07,-218889000.0,21057479000.0,,3191235000.0,17866244000.0,,8.038,-63742000.0,1294214000.0,1294214000.0,677102000.0,207440000.0,2.636,3.151,129042000.0,4411000.0,124631000.0,129042000.0,95197000.0,0.0,0.0,0.006,0.102,342900000.0,342900000.0,0.202,342900000.0,342900000.0,342900000.0,0.33,0.32,0.33,5073269000.0,,5073269000.0,38786919792.0,28.0,23.214,145568000.0,0.231,1.0,1021991000.0,0.601,1621888000.0,0.0,17059873000.0,,0.0,1503928000.0,595135000.0,908793000.0,15984210000.0,1210546000.0,14773664000.0,39958534792.0,-31159000.0,-21687000.0,54664000.0,-15743000.0,-64843000.0,-25922000.0,-214547000.0,-125783000.0,209310000.0,0.0,207440000.0,207440000.0,207440000.0,0.0,0.0,0.122,489151000.0,532840000.0,130932000.0,0.309,7.876,45.618,45.547,611933000.0,0.0,63.31,6.17,6.17,1173831000.0,4737978000.0,1699093000.0,1699093000.0,0.0,,,,,0.0,410627000.0,1.0,631156765.0,631156765.0,,2.692,19435591000.0,0.0,135460000.0,297087000.0,30.794,1980689000.0
83,ADP,MRQ,2000-09-30,2000-09-30,2000-09-30,2021-09-07,-281868000.0,16681275000.0,,2996924000.0,13684351000.0,,7.49,-70716000.0,1325373000.0,1325373000.0,659958000.0,173400000.0,2.339,2.534,153758000.0,20228000.0,133530000.0,153758000.0,90555000.0,0.0,0.0,0.005,0.087,286610000.0,286610000.0,0.186,286610000.0,286610000.0,286610000.0,0.28,0.27,0.28,4719901000.0,,4719901000.0,41068792145.0,30.0,25.122,265081000.0,0.421,1.0,884171000.0,0.573,1580189000.0,0.0,12648125000.0,,0.0,1360222000.0,540641000.0,819581000.0,11961374000.0,1281346000.0,10680028000.0,42142889145.0,97736000.0,-23627000.0,45877000.0,-1321000.0,-55160000.0,-10604000.0,-227457000.0,-126188000.0,335797000.0,0.0,173400000.0,173400000.0,173400000.0,0.0,0.0,0.112,516979000.0,367192000.0,124830000.0,0.311,8.929,48.552,48.464,613048000.0,0.0,66.88,6.722,6.722,1084295000.0,4595381000.0,1544129000.0,1544129000.0,0.0,,,,,0.0,435435000.0,1.0,630126931.0,630126931.0,,2.451,15101086000.0,0.0,113210000.0,319806000.0,23.965,1715578000.0
84,ADP,MRQ,2000-06-30,2000-06-30,2000-06-30,2021-09-07,-229434000.0,16850816000.0,,3064452000.0,13786364000.0,,7.312,-61456000.0,1227637000.0,1227637000.0,737694000.0,223790000.0,2.363,2.677,153540000.0,21523000.0,132017000.0,153540000.0,95361000.0,284282000.0,0.0,0.006,0.087,338767000.0,623049000.0,0.427,623049000.0,338767000.0,348760000.0,0.35,0.35,0.35,4582818000.0,,4582818000.0,32344614136.0,25.0,20.551,118961000.0,0.19,1.0,721158000.0,0.494,1623701000.0,-9993000.0,12856350000.0,,0.0,1224912000.0,596792000.0,628120000.0,12267998000.0,1296668000.0,10971330000.0,33593283136.0,-200981000.0,-130011000.0,55441000.0,-66718000.0,-55006000.0,-66283000.0,-315115000.0,-124659000.0,180417000.0,0.0,223790000.0,223790000.0,223790000.0,0.0,0.0,0.153,496319000.0,224839000.0,129436000.0,0.249,7.33,39.954,39.97,597269000.0,0.0,53.56,5.446,5.442,1144563000.0,4477141000.0,1458852000.0,1458852000.0,0.0,,,,,0.0,418069000.0,1.0,627208423.0,626766000.0,,2.328,15227115000.0,0.0,124970000.0,253044000.0,24.295,1767784000.0
85,ADP,MRQ,2000-03-31,2000-03-31,2000-03-31,2021-09-07,-223941000.0,6202992000.0,,3027912000.0,3175080000.0,,6.893,-83598000.0,1428618000.0,1428618000.0,661935000.0,271310000.0,2.269,0.428,179949000.0,41474000.0,138475000.0,179949000.0,102844000.0,0.0,0.0,0.007,0.087,418266000.0,418266000.0,0.236,418266000.0,418266000.0,415450000.0,0.43,0.42,0.43,4344568000.0,,4344568000.0,29501975601.0,24.0,19.407,342501000.0,0.543,1.0,1112146000.0,0.627,1464042000.0,2816000.0,2155675000.0,,0.0,1117206000.0,498288000.0,618918000.0,1858424000.0,1334606000.0,523818000.0,30410287601.0,329069000.0,-33712000.0,-159388000.0,-9663000.0,-55191000.0,-224242000.0,127212000.0,246021000.0,426099000.0,0.0,271310000.0,271310000.0,271310000.0,0.0,0.0,0.153,497929000.0,614217000.0,103155000.0,0.202,7.0,37.599,37.403,579425000.0,0.0,48.25,4.901,4.901,1139483000.0,4308357000.0,1774081000.0,1774081000.0,0.0,,,,,0.0,425078000.0,1.0,630265028.0,630265028.0,,2.815,4738950000.0,0.0,144140000.0,267559000.0,7.519,1693306000.0
86,ADP,MRQ,1999-12-31,1999-12-31,1999-12-31,2021-09-07,-196388000.0,6132836000.0,,2650699000.0,3482137000.0,,6.915,-52696000.0,1099549000.0,1099549000.0,613778000.0,199500000.0,2.075,0.419,191237000.0,50446000.0,140791000.0,191237000.0,100914000.0,0.0,0.0,0.006,0.087,306842000.0,306842000.0,0.206,306842000.0,306842000.0,303200000.0,0.32,0.31,0.32,4322509000.0,,4322509000.0,32928140980.0,28.0,22.594,170879000.0,0.273,1.0,878708000.0,0.589,1457119000.0,3642000.0,2489929000.0,,0.0,1381457000.0,430171000.0,951286000.0,1810327000.0,1277476000.0,532851000.0,33680820980.0,145749000.0,3995000.0,47870000.0,-9849000.0,-54757000.0,-16736000.0,-61090000.0,-13243000.0,223575000.0,0.0,199500000.0,199500000.0,199500000.0,0.0,0.0,0.134,462372000.0,416336000.0,124667000.0,0.272,7.792,44.135,43.805,559828000.0,0.0,53.88,5.707,5.707,1111451000.0,4092238000.0,1492486000.0,1492486000.0,0.0,,,,,0.0,394825000.0,1.0,625108036.0,625108036.0,,2.388,4675717000.0,0.0,103700000.0,248977000.0,7.48,1373223000.0
87,ADP,MRQ,1999-09-30,1999-09-30,1999-09-30,2021-09-07,-172832000.0,5946725000.0,,2443872000.0,3502853000.0,,6.555,-35565000.0,953800000.0,953800000.0,551090000.0,146200000.0,1.847,0.452,201120000.0,60185000.0,140935000.0,201120000.0,106951000.0,0.0,0.0,0.007,0.076,225725000.0,225725000.0,0.167,225725000.0,225725000.0,222190000.0,0.23,0.23,0.23,4094341000.0,,4094341000.0,27226923110.0,24.0,19.301,204445000.0,0.327,1.0,800005000.0,0.592,1486310000.0,3535000.0,2384676000.0,,0.0,1365029000.0,419082000.0,945947000.0,1852384000.0,1323059000.0,529325000.0,27875486110.0,92520000.0,-886000.0,27659000.0,-5920000.0,-47624000.0,-25885000.0,-121605000.0,-73124000.0,240010000.0,0.0,146200000.0,146200000.0,146200000.0,0.0,0.0,0.108,471021000.0,328984000.0,103026000.0,0.33,6.808,38.845,38.474,564378000.0,0.0,44.63,4.874,4.874,1043832000.0,3947496000.0,1351095000.0,1351095000.0,0.0,,,,,0.0,405387000.0,1.0,624590771.0,624590771.0,,2.163,4460415000.0,0.0,75990000.0,283341000.0,7.141,1120813000.0
88,ADP,MRQ,1999-06-30,1999-06-30,1999-06-30,2021-09-07,-135467000.0,12839553000.0,,2194257000.0,10645296000.0,,6.51,-51762000.0,861280000.0,861280000.0,650836000.0,191789000.0,1.706,2.204,212717000.0,66952000.0,145765000.0,212717000.0,114404000.0,272807000.0,0.0,0.007,0.076,296520000.0,569327000.0,0.359,569327000.0,296520000.0,292683000.0,0.31,0.3,0.31,4007941000.0,,4007941000.0,26478771732.0,24.0,19.238,110772000.0,0.18,1.0,936985000.0,0.59,1532374000.0,3837000.0,9372223000.0,,0.0,1307760000.0,231214000.0,1076546000.0,8831612000.0,1286393000.0,7545219000.0,27224841732.0,-111325000.0,53820000.0,26223000.0,-14354000.0,-47270000.0,-35401000.0,-238458000.0,-237536000.0,162534000.0,0.0,191789000.0,191789000.0,191789000.0,0.0,0.0,0.121,424121000.0,512864000.0,130456000.0,0.245,6.793,39.069,38.938,579294000.0,0.0,44.0,4.914,4.889,1074249000.0,3848421000.0,1587821000.0,1587821000.0,0.0,,,,,0.0,355188000.0,1.0,618746403.0,615630000.0,,2.579,11307179000.0,0.0,100894000.0,274895000.0,18.367,907864000.0
89,ADP,MRQ,1999-03-31,1999-03-31,1999-03-31,2021-09-07,-87756000.0,5764939000.0,,2311122000.0,3453817000.0,,6.422,-78145000.0,972605000.0,972605000.0,611234000.0,225650000.0,1.747,0.474,226535000.0,80227000.0,146308000.0,226535000.0,106691000.0,0.0,0.0,0.007,0.076,355480000.0,355480000.0,0.242,355480000.0,355480000.0,351600000.0,0.37,0.36,0.37,3910999000.0,,3910999000.0,24758141885.0,24.0,19.051,217390000.0,0.357,1.0,858669000.0,0.584,1577657000.0,3880000.0,2117961000.0,,0.0,1008669000.0,194316000.0,814353000.0,1853940000.0,1323251000.0,530689000.0,25202198885.0,262499000.0,97227000.0,25196000.0,-13693000.0,-47136000.0,-35633000.0,2597000.0,-30055000.0,295535000.0,0.0,225650000.0,225650000.0,225650000.0,0.0,0.0,0.154,444875000.0,413794000.0,91659000.0,0.205,6.444,37.677,37.963,575490000.0,0.0,41.38,4.701,4.701,1091697000.0,3743435000.0,1469903000.0,1469903000.0,0.0,,,,,0.0,379476000.0,1.0,609042989.0,609042989.0,,2.413,4187282000.0,0.0,125950000.0,341287000.0,6.875,987871000.0
90,ADP,MRQ,1998-12-31,1998-12-31,1998-12-31,2021-09-07,-45608000.0,5299203000.0,,1853102000.0,3446101000.0,,6.161,-62951000.0,699283000.0,699283000.0,560794000.0,153977000.0,1.832,0.424,255226000.0,89430000.0,165796000.0,255226000.0,107612000.0,0.0,0.0,0.007,0.076,260094000.0,260094000.0,0.199,260094000.0,260094000.0,254442000.0,0.25,0.24,0.25,3722394000.0,,3722394000.0,23806751715.0,24.0,19.351,82050000.0,0.136,1.0,749402000.0,0.572,1666729000.0,5652000.0,2177159000.0,,0.0,978586000.0,196712000.0,781874000.0,1576809000.0,1011258000.0,565551000.0,24225582715.0,-188119000.0,25691000.0,-52961000.0,-199120000.0,-46589000.0,-298670000.0,-34450000.0,266000.0,145001000.0,0.0,153977000.0,153977000.0,153977000.0,0.0,0.0,0.118,383586000.0,365816000.0,71298000.0,0.304,6.508,38.135,38.553,562205000.0,0.0,40.095,4.629,4.629,953828000.0,3579591000.0,1310196000.0,1310196000.0,0.0,,,,,0.0,314773000.0,1.0,604204582.0,604204582.0,,2.168,3632474000.0,0.0,100465000.0,249196000.0,6.012,841844000.0
91,ADP,MRQ,1998-09-30,1998-09-30,1998-09-30,2021-09-07,-70683000.0,5400638000.0,,1982889000.0,3417749000.0,,5.847,-55826000.0,893800000.0,893800000.0,553308000.0,125424000.0,1.523,0.523,474969000.0,298084000.0,176885000.0,474969000.0,107865000.0,0.0,0.0,0.007,0.067,191496000.0,191496000.0,0.154,191496000.0,191496000.0,185775000.0,0.2,0.2,0.2,3545366000.0,,3545366000.0,22343875412.0,24.0,18.744,178681000.0,0.295,1.0,691818000.0,0.556,1693886000.0,5721000.0,1985820000.0,,0.0,980222000.0,173823000.0,806399000.0,1855272000.0,1302101000.0,553171000.0,22664241412.0,138480000.0,-8020000.0,16536000.0,49488000.0,-40138000.0,25886000.0,-121913000.0,-64296000.0,234507000.0,0.0,125424000.0,125424000.0,125424000.0,0.0,0.0,0.101,399251000.0,292567000.0,117102000.0,0.335,6.393,36.051,35.938,581305000.0,0.0,37.375,4.47,4.47,913644000.0,3457791000.0,1245126000.0,1245126000.0,0.0,,,,,0.0,329589000.0,1.0,606401108.0,606401108.0,,2.053,3706752000.0,0.0,60351000.0,232307000.0,6.113,680788000.0
92,ADP,MRQ,1998-06-30,1998-06-30,1998-06-30,2021-09-07,-101620000.0,5242867000.0,,1880534000.0,3362333000.0,,5.725,-83937000.0,763063000.0,763063000.0,616823000.0,163848000.0,1.499,0.524,431874000.0,239811000.0,192063000.0,431874000.0,105347000.0,247625000.0,0.0,0.007,0.067,244867000.0,492492000.0,0.369,492492000.0,244867000.0,240176000.0,0.27,0.26,0.27,3439447000.0,,3439447000.0,21476524120.0,23.0,18.471,34538000.0,0.057,1.0,719487000.0,0.538,1660192000.0,4691000.0,1997015000.0,,0.0,910208000.0,144936000.0,765272000.0,1803420000.0,1254471000.0,548949000.0,21938733120.0,-115618000.0,-99650000.0,56047000.0,45497000.0,-40636000.0,62106000.0,-296199000.0,-116478000.0,118475000.0,0.0,163848000.0,163848000.0,163848000.0,0.0,0.0,0.123,373450000.0,346037000.0,126207000.0,0.248,6.379,36.068,36.079,590314000.0,0.0,36.44,4.454,4.444,929555000.0,3372247000.0,1336310000.0,1336310000.0,0.0,,,,,0.0,305236000.0,1.0,602050854.0,600803000.0,,2.224,3582675000.0,0.0,76328000.0,201663000.0,5.963,626063000.0
93,ADP,MRQ,1998-03-31,1998-03-31,1998-03-31,2021-09-07,-99873000.0,4948570000.0,,2046274000.0,2902296000.0,,5.423,-89552000.0,871040000.0,871040000.0,557746000.0,192013000.0,1.667,0.526,408831000.0,185235000.0,223596000.0,408831000.0,105646000.0,0.0,0.0,0.007,0.067,286203000.0,286203000.0,0.213,286203000.0,286203000.0,281479000.0,0.32,0.31,0.32,3242218000.0,,3242218000.0,20102223246.0,24.0,18.653,149027000.0,0.249,1.0,783504000.0,0.584,1438204000.0,4724000.0,1820363000.0,,0.0,833839000.0,233651000.0,600188000.0,1706352000.0,1227794000.0,478558000.0,20345028246.0,171415000.0,-3009000.0,-5177000.0,6945000.0,-39533000.0,-40808000.0,-26356000.0,56437000.0,238579000.0,0.0,192013000.0,192013000.0,192013000.0,0.0,0.0,0.143,403345000.0,380159000.0,110127000.0,0.209,6.275,35.428,35.264,539112000.0,0.0,34.03,4.339,4.339,912518000.0,3253465000.0,1341250000.0,1341250000.0,0.0,,,,,0.0,341109000.0,1.0,597855664.0,597855664.0,,2.243,3510366000.0,0.0,89466000.0,142070000.0,5.872,818480000.0
94,ADP,MRQ,1997-12-31,1997-12-31,1997-12-31,2021-09-07,-90397000.0,4695000000.0,,1901062000.0,2793938000.0,,5.185,-75229000.0,686049000.0,686049000.0,490202000.0,147390000.0,1.661,0.548,443244000.0,184657000.0,258587000.0,443244000.0,99728000.0,0.0,0.0,0.008,0.067,221843000.0,221843000.0,0.193,221843000.0,221843000.0,214540000.0,0.25,0.24,0.25,3033220000.0,,3033220000.0,17901762673.0,22.0,17.29,103866000.0,0.178,1.0,657824000.0,0.573,1431042000.0,7303000.0,1876450000.0,,0.0,913553000.0,340215000.0,573338000.0,1661780000.0,1144703000.0,517077000.0,17953174673.0,21399000.0,-21813000.0,14820000.0,-22423000.0,-39013000.0,-46616000.0,-111080000.0,-14038000.0,179095000.0,0.0,147390000.0,147390000.0,147390000.0,0.0,0.0,0.128,344620000.0,313204000.0,110532000.0,0.268,5.919,32.81,33.178,527143000.0,0.0,30.69,4.013,4.013,840905000.0,3102398000.0,1148026000.0,1148026000.0,0.0,,,,,0.0,286427000.0,1.0,584984512.0,584984512.0,,1.962,3263958000.0,0.0,67150000.0,122544000.0,5.58,756359000.0
95,ADP,MRQ,1997-09-30,1997-09-30,1997-09-30,2021-09-07,-82176000.0,4536086000.0,,1820536000.0,2715550000.0,,4.615,-49248000.0,664650000.0,664650000.0,443383000.0,105410000.0,1.545,0.681,613238000.0,207721000.0,405517000.0,613238000.0,99665000.0,0.0,0.0,0.009,0.058,160950000.0,160950000.0,0.155,160950000.0,160950000.0,153440000.0,0.18,0.175,0.18,2698539000.0,,2698539000.0,14558510450.0,19.0,14.541,197956000.0,0.339,1.0,595115000.0,0.573,1405298000.0,7510000.0,1900770000.0,,0.0,899532000.0,376643000.0,522889000.0,1837547000.0,1178606000.0,658941000.0,14617667450.0,74072000.0,-154793000.0,-25486000.0,83286000.0,-33706000.0,24094000.0,-197226000.0,6815000.0,247204000.0,0.0,105410000.0,105410000.0,105410000.0,0.0,0.0,0.102,346876000.0,248239000.0,112918000.0,0.322,5.417,27.718,27.933,525027000.0,0.0,25.0,3.383,3.383,771019000.0,2994021000.0,1038498000.0,1038498000.0,0.0,,,,,0.0,289446000.0,1.0,584706698.0,584706698.0,,1.776,3130788000.0,0.0,48030000.0,159537000.0,5.354,641930000.0
96,ADP,MRQ,1997-06-30,1997-06-30,1997-06-30,2021-09-07,-75786000.0,4382772000.0,,1805322000.0,2577450000.0,,4.524,-46498000.0,590578000.0,590578000.0,516095000.0,129454000.0,1.77,0.647,530330000.0,129168000.0,401162000.0,530330000.0,106737000.0,224910000.0,0.0,0.009,0.058,183813000.0,408723000.0,0.352,408723000.0,183813000.0,176999000.0,0.215,0.205,0.215,2660565000.0,,2660565000.0,13755695719.0,18.0,14.043,11718000.0,0.02,1.0,644763000.0,0.555,1314787000.0,6814000.0,1987865000.0,,0.0,904505000.0,434341000.0,470164000.0,1722207000.0,1019872000.0,702335000.0,13763121719.0,71205000.0,13544000.0,9202000.0,9204000.0,-33503000.0,-19017000.0,32006000.0,26527000.0,58216000.0,0.0,129454000.0,129454000.0,129454000.0,0.0,0.0,0.112,163156000.0,481607000.0,110266000.0,0.27,5.173,26.712,26.705,519345000.0,0.0,23.5,3.282,3.296,781839000.0,2922317000.0,1160858000.0,1160858000.0,0.0,,,,,0.0,319738000.0,1.0,585664754.0,588112000.0,,1.974,3067985000.0,0.0,47545000.0,164230000.0,5.217,785450000.0
97,ADP,MRQ,1997-03-31,1997-03-31,1997-03-31,2021-09-07,0.0,4283325000.0,,1849328000.0,2433997000.0,,4.423,-34128000.0,537817000.0,537817000.0,440329000.0,164930000.0,1.858,0.658,530391000.0,127719000.0,402672000.0,530391000.0,105826000.0,0.0,0.0,0.01,0.058,243880000.0,243880000.0,0.217,243880000.0,243880000.0,236630000.0,0.28,0.275,0.28,2583851000.0,,2583851000.0,12321539800.0,16.0,12.915,231909000.0,0.397,1.0,685955000.0,0.609,1334160000.0,7250000.0,1946381000.0,,0.0,841075000.0,445992000.0,395083000.0,1699474000.0,995358000.0,704116000.0,12231472800.0,75517000.0,-27744000.0,-40566000.0,-2633000.0,-33864000.0,-77063000.0,-113457000.0,-51585000.0,266037000.0,0.0,164930000.0,164930000.0,164930000.0,0.0,0.0,0.146,442075000.0,243880000.0,96986000.0,0.207,4.734,24.183,24.208,500755000.0,0.0,20.94,3.057,3.057,810678000.0,2828111000.0,1126284000.0,1126284000.0,0.0,,,,,0.0,308063000.0,1.0,584120000.0,584120000.0,,1.928,2949165000.0,0.0,71700000.0,173628000.0,5.049,853970000.0
98,ADP,MRQ,1996-12-31,1996-12-31,1996-12-31,2021-09-07,0.0,4123789000.0,,1659673000.0,2464116000.0,,4.326,-71699000.0,462300000.0,462300000.0,418015000.0,127580000.0,1.877,0.632,552367000.0,134067000.0,418300000.0,552367000.0,100650000.0,0.0,0.0,0.01,0.058,187680000.0,187680000.0,0.189,187680000.0,187680000.0,180710000.0,0.22,0.215,0.22,2526619000.0,,2526619000.0,,,,70552000.0,0.121,1.0,577560000.0,0.58,1335555000.0,6970000.0,1994263000.0,,0.0,791805000.0,372687000.0,419118000.0,1597170000.0,884038000.0,713132000.0,12520612200.0,59585000.0,-42048000.0,9686000.0,41346000.0,-33429000.0,16881000.0,-99547000.0,14200000.0,142251000.0,0.0,127580000.0,127580000.0,127580000.0,0.0,0.0,0.128,389880000.0,187680000.0,93377000.0,0.264,4.955,25.828,25.825,509387000.0,0.0,21.435,3.205,3.205,756294000.0,2697043000.0,995575000.0,995575000.0,0.0,,,,,0.0,261531000.0,1.0,584120000.0,584120000.0,,1.704,2788234000.0,0.0,53130000.0,151715000.0,4.773,775635000.0
99,ADP,MRQ,1996-09-30,1996-09-30,1996-09-30,2021-09-07,,,,,,,,-40857000.0,,,391520000.0,93280000.0,,,,,,,,0.0,,0.008,0.05,139290000.0,139290000.0,0.153,139290000.0,139290000.0,132100000.0,0.16,,0.16,,,,,,,172186000.0,,1.0,519210000.0,0.57,,7190000.0,,,,,,,,,,,88299000.0,-22446000.0,-7787000.0,-3557000.0,-29018000.0,-39640000.0,-85104000.0,-21801000.0,213043000.0,0.0,93280000.0,93280000.0,93280000.0,0.0,0.0,0.102,313857000.0,205353000.0,,0.312,,,27.262,,0.0,21.81,,,,,910730000.0,910730000.0,0.0,,,,,0.0,260789000.0,1.0,,,,,,,38820000.0,,,
100,ADP,MRQ,1996-06-30,1996-06-30,1996-06-30,2021-09-07,-75786000.0,4382772000.0,,1805322000.0,2577450000.0,,4.604,-151499000.0,590578000.0,590578000.0,428579000.0,120000000.0,1.77,0.647,531421000.0,130259000.0,401162000.0,531421000.0,106737000.0,201629000.0,0.0,0.009,0.05,181557000.0,383186000.0,0.396,383186000.0,181557000.0,174080000.0,0.205,,0.205,2660565000.0,,2660565000.0,,,,21708000.0,0.038,1.0,539337000.0,0.557,1314787000.0,7477000.0,1988956000.0,,0.0,904505000.0,434341000.0,470164000.0,1722207000.0,1019872000.0,702335000.0,,-58420000.0,-6678000.0,-172462000.0,10137000.0,-28935000.0,-160660000.0,-70967000.0,81647000.0,173207000.0,0.0,120000000.0,120000000.0,120000000.0,0.0,0.0,0.124,108145000.0,431192000.0,110266000.0,0.244,,,24.599,519345000.0,0.0,19.31,,3.129,781839000.0,2922317000.0,967916000.0,967916000.0,0.0,,,,,0.0,231710000.0,1.0,,577934000.0,,1.675,3067985000.0,0.0,54080000.0,164230000.0,5.309,785450000.0
101,ADP,MRQ,1996-03-31,1996-03-31,1996-03-31,2021-09-07,,,,,,,,-45363000.0,,,428360000.0,143900000.0,,,,,,,,0.0,,0.008,0.05,207714000.0,207714000.0,0.201,207714000.0,207714000.0,199910000.0,0.245,,0.245,,,,,,,139417000.0,,1.0,603504000.0,0.585,,7804000.0,,,,,,,,,,,134572000.0,15810000.0,31169000.0,39808000.0,-29156000.0,28317000.0,-78525000.0,-48972000.0,184780000.0,0.0,143900000.0,143900000.0,143900000.0,0.0,0.0,0.139,395790000.0,207714000.0,,0.204,,,,,0.0,19.685,,,,,1031864000.0,1031864000.0,0.0,,,,,0.0,276730000.0,1.0,,,,,,,56010000.0,,,
102,ADP,MRQ,1995-12-31,1995-12-31,1995-12-31,2021-09-07,,,,,,,,,,,342690000.0,108900000.0,,,,,,,,,,0.008,0.025,159205000.0,,,,159205000.0,150600000.0,0.19,,0.19,,,,,,,,,1.0,477033000.0,0.582,,8605000.0,,,,,,,,,,,,,,,,,,,,,108900000.0,108900000.0,108900000.0,0.0,0.0,0.133,258961000.0,218072000.0,,0.132,,,,,0.0,18.562,,,,,819723000.0,819723000.0,0.0,,,,,,210343000.0,1.0,,,,,,,41700000.0,,,
0,ADP,MRT,2021-06-30,2021-06-30,2021-06-30,2021-09-07,10600000.0,48772500000.0,48724050000.0,40741800000.0,8030700000.0,0.308,13.301,-487100000.0,2575200000.0,2575200000.0,8640300000.0,2598500000.0,1.069,7.602,3351700000.0,23500000.0,3328200000.0,3351700000.0,566300000.0,510700000.0,0.0,0.019,3.7,3420900000.0,3931600000.0,0.262,3931600000.0,3420900000.0,3361200000.0,6.1,6.07,6.1,5670100000.0,5763225000.0,5670100000.0,84980148718.0,25.0,21.615,2606200000.0,6.114,1.0,6365100000.0,0.424,3548500000.0,59700000.0,7905700000.0,7297425000.0,0.0,0.0,0.0,0.0,43102400000.0,38094800000.0,5007600000.0,84516448718.0,6089600000.0,0.0,-1268200000.0,989600000.0,-1575500000.0,6437500000.0,-3515000000.0,-3027900000.0,3093300000.0,73800000.0,2598500000.0,2598500000.0,2598500000.0,0.0,0.0,0.173,3040500000.0,3324600000.0,141100000.0,0.607,14.906,32.525,32.561,1146700000.0,0.0,198.62,5.632,5.643,2738900000.0,19451100000.0,15005400000.0,15005400000.0,0.0,0.053,0.451,0.469,0.228,175300000.0,3040500000.0,1.0,425518320.0,426300000.0,428100000.0,35.199,45224000000.0,0.0,762700000.0,541100000.0,106.085,2647000000.0
1,ADP,MRT,2021-03-31,2021-03-31,2021-03-31,2021-09-07,-257700000.0,54407700000.0,46322300000.0,46752400000.0,7655300000.0,0.316,13.325,-588000000.0,1891500000.0,1891500000.0,8501900000.0,2471900000.0,1.048,8.589,2355200000.0,0.0,2355200000.0,2355200000.0,565600000.0,509200000.0,0.0,0.02,3.68,3253400000.0,3762600000.0,0.257,3762600000.0,3253400000.0,3195300000.0,5.78,5.77,5.78,5673900000.0,5783750000.0,5673900000.0,81403193263.0,25.0,21.635,2629100000.0,6.174,1.0,6143300000.0,0.419,3546600000.0,58100000.0,6709600000.0,6812950000.0,0.0,0.0,0.0,0.0,48733800000.0,44615200000.0,4118600000.0,80653893263.0,11602800000.0,0.0,-812300000.0,-11100000.0,-1571100000.0,7997100000.0,311300000.0,899300000.0,3217100000.0,77300000.0,2471900000.0,2471900000.0,2471900000.0,0.0,0.0,0.169,2965400000.0,3177900000.0,112200000.0,0.637,14.215,32.628,32.607,1195200000.0,0.0,188.47,5.507,5.48,2778300000.0,19307500000.0,14645200000.0,14645200000.0,0.0,0.053,0.427,0.478,0.222,150500000.0,2965400000.0,1.0,427940220.0,425800000.0,427700000.0,34.395,50861100000.0,0.0,723400000.0,695600000.0,119.448,2137200000.0
2,ADP,MRT,2020-12-31,2020-12-31,2020-12-31,2021-09-07,40300000.0,49325900000.0,43566225000.0,41662300000.0,7663600000.0,0.335,13.804,-569500000.0,1602200000.0,1602200000.0,8462900000.0,2482100000.0,1.063,7.36,2351500000.0,0.0,2351500000.0,2351500000.0,581600000.0,502900000.0,0.0,0.021,3.66,3270400000.0,3773300000.0,0.259,3773300000.0,3270400000.0,3205800000.0,5.79,5.77,5.79,5900000000.0,5737950000.0,5900000000.0,76268226624.0,23.0,20.213,2514100000.0,5.882,1.0,6128100000.0,0.42,3553800000.0,64600000.0,7344900000.0,6626900000.0,0.0,0.0,0.0,0.0,43425900000.0,39176500000.0,4249400000.0,75557026624.0,2813400000.0,0.0,-772800000.0,-11100000.0,-1566200000.0,-2664200000.0,2331600000.0,2901100000.0,3083600000.0,62400000.0,2482100000.0,2482100000.0,2482100000.0,0.0,0.0,0.17,2959000000.0,3169100000.0,113900000.0,0.632,12.806,30.441,30.432,1193800000.0,0.0,176.2,5.178,5.161,2525100000.0,18893600000.0,14591000000.0,14591000000.0,0.0,0.057,0.433,0.494,0.224,138400000.0,2959000000.0,1.0,428813999.0,427400000.0,429000000.0,34.139,45772100000.0,0.0,723700000.0,740400000.0,107.094,2485800000.0
3,ADP,MRT,2020-09-30,2020-09-30,2020-09-30,2021-09-07,15900000.0,42390100000.0,43499600000.0,34815400000.0,7574700000.0,0.335,13.553,-585100000.0,1613100000.0,1613100000.0,8434600000.0,2486200000.0,1.077,6.297,2324300000.0,0.0,2324300000.0,2324300000.0,575400000.0,493800000.0,0.0,0.026,3.64,3291000000.0,3784800000.0,0.26,3784800000.0,3291000000.0,3208700000.0,5.79,5.76,5.79,5808900000.0,5604050000.0,5808900000.0,60429974343.0,18.0,15.966,2490200000.0,5.81,1.0,6130200000.0,0.421,3542200000.0,82300000.0,7229500000.0,6286675000.0,0.0,0.0,0.0,0.0,36581200000.0,32329600000.0,4251600000.0,59975874343.0,8089500000.0,0.0,-836000000.0,-3976200000.0,-1518200000.0,1679400000.0,3298300000.0,3883400000.0,3075300000.0,36500000.0,2486200000.0,2486200000.0,2486200000.0,0.0,0.0,0.171,2957500000.0,3172700000.0,111200000.0,0.629,10.325,24.124,24.092,1180500000.0,0.0,139.49,4.118,4.105,2505200000.0,18644700000.0,14564800000.0,14564800000.0,0.0,0.057,0.444,0.523,0.226,127500000.0,2957500000.0,1.0,429965405.0,428600000.0,430000000.0,33.982,38847900000.0,0.0,722500000.0,876000000.0,90.639,2485800000.0
4,ADP,MRT,2020-06-30,2020-06-30,2020-06-30,2021-09-07,-14800000.0,39165500000.0,42330750000.0,31564100000.0,7601400000.0,0.345,13.352,-587000000.0,1908500000.0,1908500000.0,8445100000.0,2466500000.0,1.048,5.809,2362600000.0,1015400000.0,1347200000.0,2362600000.0,583100000.0,480000000.0,0.0,0.024,3.52,3289700000.0,3769700000.0,0.258,3769700000.0,3289700000.0,3182600000.0,5.73,5.7,5.73,5752200000.0,5492000000.0,5752200000.0,64649906843.0,20.0,17.15,2439200000.0,5.662,1.0,6144700000.0,0.421,3525200000.0,107100000.0,5967800000.0,6992575000.0,0.0,0.0,0.0,0.0,33413300000.0,30126600000.0,3286700000.0,63989106843.0,257400000.0,0.0,-956300000.0,-250600000.0,-1470500000.0,-5890600000.0,3156300000.0,3743300000.0,3026200000.0,-34500000.0,2466500000.0,2466500000.0,2466500000.0,0.0,0.0,0.169,3003000000.0,3141700000.0,102000000.0,0.614,11.124,25.943,25.984,1197600000.0,0.0,148.89,4.386,4.396,2459900000.0,18436300000.0,14589800000.0,14589800000.0,0.0,0.058,0.449,0.47,0.225,130800000.0,3003000000.0,1.0,429774376.0,430800000.0,432700000.0,33.867,35640300000.0,0.0,716100000.0,772000000.0,82.731,1437500000.0
5,ADP,MRT,2020-03-31,2020-03-31,2020-03-31,2021-09-07,-234400000.0,43383400000.0,43011300000.0,35708700000.0,7674700000.0,0.342,12.769,-493000000.0,1705000000.0,1705000000.0,8379100000.0,2530300000.0,1.03,6.901,2365800000.0,1001800000.0,1364000000.0,2365800000.0,593900000.0,464900000.0,0.0,0.025,3.4,3409800000.0,3874700000.0,0.264,3874700000.0,3409800000.0,3284600000.0,5.87,5.83,5.87,5490700000.0,5403925000.0,5490700000.0,59876571163.0,18.0,15.453,2488900000.0,5.788,1.0,6313200000.0,0.43,3406000000.0,125200000.0,5965400000.0,7045750000.0,0.0,3200000.0,3200000.0,0.0,37892700000.0,34672800000.0,3219900000.0,59012171163.0,-5692500000.0,-5100000.0,-1127700000.0,-2100000.0,-1422300000.0,-8117100000.0,-521200000.0,-23100000.0,2981900000.0,-36100000.0,2530300000.0,2530300000.0,2530300000.0,0.0,0.0,0.172,3092200000.0,3221000000.0,115500000.0,0.579,10.748,23.322,23.284,1264200000.0,0.0,136.68,4.017,4.0,2642200000.0,18416500000.0,14692300000.0,14692300000.0,0.0,0.059,0.468,0.484,0.232,151800000.0,3092200000.0,1.0,431754252.0,430000000.0,431800000.0,34.168,39977400000.0,0.0,754300000.0,782300000.0,92.971,1035900000.0
6,ADP,MRT,2019-12-31,2019-12-31,2019-12-31,2021-09-07,-231200000.0,49059400000.0,44214525000.0,41365000000.0,7694400000.0,0.327,12.432,-592000000.0,1500400000.0,1500400000.0,8232600000.0,2463100000.0,1.021,8.145,2364800000.0,1001600000.0,1363200000.0,2364800000.0,591400000.0,447400000.0,0.0,0.019,3.28,3319300000.0,3766700000.0,0.26,3766700000.0,3319300000.0,3192400000.0,5.7,5.66,5.7,5364400000.0,5342800000.0,5364400000.0,78696524174.0,24.0,20.893,2295700000.0,5.32,1.0,6240100000.0,0.431,3417400000.0,126900000.0,5984000000.0,7011250000.0,0.0,7200000.0,7200000.0,0.0,43695000000.0,40522400000.0,3172600000.0,73775024174.0,7831100000.0,-5100000.0,-963200000.0,-1208100000.0,-1374000000.0,6805700000.0,-1853400000.0,-1256300000.0,2887700000.0,-8900000.0,2463100000.0,2463100000.0,2463100000.0,0.0,0.0,0.17,3086000000.0,3154100000.0,132900000.0,0.575,13.753,29.952,29.912,1261500000.0,0.0,170.5,5.098,5.083,2609500000.0,17987600000.0,14472700000.0,14472700000.0,0.0,0.056,0.461,0.473,0.229,163600000.0,3086000000.0,1.0,432698089.0,431500000.0,433300000.0,33.54,45642000000.0,0.0,729300000.0,740500000.0,105.775,842600000.0
7,ADP,MRT,2019-09-30,2019-09-30,2019-09-30,2021-09-07,-233900000.0,37714700000.0,41651250000.0,29508500000.0,8206200000.0,0.343,12.389,-563200000.0,1403900000.0,1403900000.0,8138700000.0,2369700000.0,1.011,6.035,6325400000.0,4966600000.0,1358800000.0,6325400000.0,591300000.0,427300000.0,0.0,0.02,3.16,3231800000.0,3659100000.0,0.256,3659100000.0,3231800000.0,3097900000.0,5.47,5.43,5.47,5360700000.0,5192675000.0,5360700000.0,70362052749.0,22.0,19.229,2408700000.0,5.567,1.0,6156900000.0,0.431,3382200000.0,133900000.0,10053100000.0,6936250000.0,0.0,3545100000.0,3545100000.0,0.0,32354000000.0,29200900000.0,3153100000.0,70047052749.0,-2136100000.0,-5800000.0,-955100000.0,3514500000.0,-1333700000.0,-3435900000.0,-1622800000.0,-1053800000.0,2971900000.0,-49300000.0,2369700000.0,2369700000.0,2369700000.0,0.0,0.0,0.166,3076900000.0,3080000000.0,108800000.0,0.578,13.067,29.559,29.51,1271100000.0,0.0,161.42,4.9,4.886,2512500000.0,17729600000.0,14295600000.0,14295600000.0,0.0,0.057,0.456,0.466,0.226,166000000.0,3076900000.0,1.0,433942837.0,432700000.0,435400000.0,33.038,34332500000.0,0.0,728200000.0,831900000.0,79.345,307600000.0
8,ADP,MRT,2019-06-30,2019-06-30,2019-06-30,2021-09-07,-257300000.0,41887700000.0,41576750000.0,34342300000.0,7545400000.0,0.339,12.414,-558600000.0,1949200000.0,1949200000.0,8021600000.0,2292800000.0,1.053,6.757,2264200000.0,262000000.0,2002200000.0,2264200000.0,620000000.0,409000000.0,0.0,0.019,3.06,3135500000.0,3544500000.0,0.251,3544500000.0,3135500000.0,3005600000.0,5.27,5.24,5.27,5399900000.0,5022200000.0,5399900000.0,72132384423.0,23.0,20.351,2129700000.0,4.896,1.0,6088600000.0,0.432,3394500000.0,129900000.0,6180500000.0,5948550000.0,0.0,10500000.0,10500000.0,0.0,36487800000.0,32627700000.0,3860100000.0,71956284423.0,254100000.0,-125500000.0,-864800000.0,259900000.0,-1293000000.0,-207700000.0,-2197700000.0,-1513600000.0,2688300000.0,-28800000.0,2292800000.0,2292800000.0,2292800000.0,0.0,0.0,0.162,3064200000.0,3024400000.0,125500000.0,0.581,13.325,31.384,31.372,764200000.0,0.0,165.33,5.1,5.097,2463100000.0,17500600000.0,14110200000.0,14110200000.0,0.0,0.055,0.457,0.527,0.222,167300000.0,3064200000.0,1.0,435228237.0,435000000.0,437600000.0,32.437,38493200000.0,0.0,712800000.0,714700000.0,88.49,1714600000.0
9,ADP,MRT,2019-03-31,2019-03-31,2019-03-31,2021-09-07,-411900000.0,48196300000.0,40817100000.0,40924000000.0,7272300000.0,0.34,12.085,-557300000.0,1826200000.0,1826200000.0,7909200000.0,1958200000.0,1.045,8.187,2002300000.0,0.0,2002300000.0,2002300000.0,634500000.0,398900000.0,0.0,0.019,2.96,2752000000.0,3150900000.0,0.227,3150900000.0,2752000000.0,2627200000.0,4.51,4.47,4.51,5246200000.0,4856200000.0,5246200000.0,70010181249.0,25.0,22.219,2103900000.0,4.847,1.0,5984400000.0,0.431,3379000000.0,124800000.0,5827400000.0,5688150000.0,0.0,0.0,0.0,0.0,42950100000.0,39166000000.0,3784100000.0,69587481249.0,766600000.0,-120400000.0,-1080000000.0,-2100000.0,-1228200000.0,-68700000.0,-1744500000.0,-1066800000.0,2661200000.0,-81400000.0,1958200000.0,1958200000.0,1958200000.0,0.0,0.0,0.141,3019900000.0,2964500000.0,156300000.0,0.656,13.264,35.536,35.419,765800000.0,0.0,159.74,5.009,4.991,2510800000.0,17368600000.0,13893600000.0,13893600000.0,0.0,0.048,0.403,0.484,0.198,178200000.0,3019900000.0,1.0,435629656.0,434100000.0,436600000.0,32.006,44817300000.0,0.0,669000000.0,715500000.0,103.242,1758000000.0
10,ADP,MRT,2018-12-31,2018-12-31,2018-12-31,2021-09-07,-615000000.0,38806300000.0,39784400000.0,31682600000.0,7123700000.0,0.346,10.934,-431100000.0,2785600000.0,2785600000.0,7895900000.0,1865500000.0,1.046,7.146,3208300000.0,1206000000.0,2002300000.0,3208300000.0,634200000.0,392100000.0,0.0,0.021,2.8,2639600000.0,3031700000.0,0.22,3031700000.0,2639600000.0,2517900000.0,4.27,4.23,4.27,4763900000.0,4551950000.0,4763900000.0,58360585269.0,22.0,19.25,2340500000.0,5.372,1.0,5865500000.0,0.426,3248100000.0,121700000.0,5684000000.0,5204925000.0,0.0,0.0,0.0,0.0,34042400000.0,30296900000.0,3745500000.0,57395485269.0,-8375800000.0,-245400000.0,-1027300000.0,1203900000.0,-1162000000.0,-9424500000.0,-1647500000.0,-971000000.0,2771600000.0,-75400000.0,1865500000.0,1865500000.0,1865500000.0,0.0,0.0,0.136,3019600000.0,2845900000.0,151300000.0,0.656,12.048,30.767,30.707,772700000.0,0.0,131.12,4.171,4.151,2663300000.0,16959100000.0,13761400000.0,13761400000.0,0.0,0.047,0.41,0.507,0.192,174700000.0,3019600000.0,1.0,437732499.0,435700000.0,438000000.0,31.585,35558200000.0,0.0,652400000.0,609900000.0,81.612,1385700000.0
11,ADP,MRT,2018-09-30,2018-09-30,2018-09-30,2021-09-07,-740100000.0,37416700000.0,41219200000.0,29955900000.0,7460800000.0,0.328,10.712,-444400000.0,1490300000.0,1490300000.0,7833600000.0,1977700000.0,1.032,6.997,2455400000.0,453000000.0,2002400000.0,2455400000.0,657600000.0,389400000.0,0.0,0.018,2.64,2475000000.0,2864400000.0,0.212,2864400000.0,2475000000.0,2364400000.0,4.51,4.47,4.51,4678800000.0,4343775000.0,4678800000.0,65833948019.0,27.0,22.984,1975300000.0,4.522,1.0,5673700000.0,0.42,3242200000.0,110600000.0,6102300000.0,4915575000.0,0.0,0.0,0.0,0.0,32737900000.0,29037300000.0,3700600000.0,66001548019.0,-1674900000.0,-732100000.0,-906300000.0,312100000.0,-1112600000.0,-1408900000.0,-2664700000.0,-1488200000.0,2419700000.0,-21000000.0,1977700000.0,1977700000.0,1977700000.0,0.0,0.0,0.146,2998000000.0,2675700000.0,131800000.0,0.585,14.107,33.373,33.406,787700000.0,0.0,150.66,4.886,4.872,2241600000.0,16741100000.0,13507300000.0,13507300000.0,0.0,0.048,0.455,0.504,0.183,174800000.0,2998000000.0,1.0,438082756.0,436800000.0,439900000.0,30.923,34174500000.0,0.0,386700000.0,608600000.0,78.238,918600000.0
12,ADP,MRT,2018-06-30,2018-06-30,2018-06-30,2021-09-07,-679800000.0,38849100000.0,40780300000.0,31823300000.0,7025800000.0,0.326,10.749,-470400000.0,2170000000.0,2170000000.0,7757400000.0,1884900000.0,1.046,7.203,2002400000.0,0.0,2002400000.0,2002400000.0,673800000.0,377600000.0,0.0,0.019,2.52,2385300000.0,2762900000.0,0.208,2762900000.0,2385300000.0,2282600000.0,4.28,4.25,4.28,4735900000.0,4162425000.0,4735900000.0,58800464541.0,25.0,21.282,2044800000.0,4.641,1.0,5516800000.0,0.416,3129900000.0,102700000.0,5138900000.0,4564450000.0,0.0,0.0,0.0,0.0,34113200000.0,30412700000.0,3700500000.0,59091664541.0,-1639500000.0,-612400000.0,-920000000.0,-7300000.0,-1063700000.0,-1655900000.0,-2504600000.0,-1421800000.0,2515200000.0,5800000.0,1884900000.0,1884900000.0,1884900000.0,0.0,0.0,0.142,2959400000.0,2557400000.0,135400000.0,0.589,12.477,31.35,31.341,793700000.0,0.0,134.14,4.452,4.452,2009700000.0,16546600000.0,13274200000.0,13274200000.0,0.0,0.046,0.453,0.523,0.18,175400000.0,2959400000.0,1.0,440522324.0,440600000.0,443300000.0,30.128,35719200000.0,0.0,397700000.0,565900000.0,81.069,1410600000.0
13,ADP,MRT,2018-03-31,2018-03-31,2018-03-31,2021-09-07,-638800000.0,44065500000.0,40363025000.0,38714000000.0,5351500000.0,0.324,9.137,-489400000.0,2293600000.0,2293600000.0,7690800000.0,2064200000.0,1.054,9.937,2002400000.0,0.0,2002400000.0,2002400000.0,626800000.0,360800000.0,0.0,0.021,2.4,2598700000.0,2959500000.0,0.226,2959500000.0,2598700000.0,2501800000.0,4.67,4.65,4.67,4029200000.0,3972700000.0,4029200000.0,50531240676.0,19.0,17.074,1777800000.0,4.031,1.0,5377800000.0,0.412,3138600000.0,96900000.0,3894500000.0,4335950000.0,0.0,0.0,0.0,0.0,40036300000.0,36741200000.0,3295100000.0,50302240676.0,-1660100000.0,-613100000.0,-831700000.0,-7300000.0,-1040900000.0,-1937000000.0,-2116500000.0,-1014000000.0,2267200000.0,126200000.0,2064200000.0,2064200000.0,2064200000.0,0.0,0.0,0.158,2969300000.0,2408500000.0,105700000.0,0.514,12.484,24.369,24.3,794600000.0,0.0,113.48,3.849,3.829,2070700000.0,15466100000.0,13068600000.0,13068600000.0,0.0,0.051,0.52,0.599,0.199,157100000.0,2969300000.0,1.0,443269657.0,441000000.0,443400000.0,29.634,40926900000.0,0.0,437600000.0,185700000.0,92.805,1972800000.0
14,ADP,MRT,2017-12-31,2017-12-31,2017-12-31,2021-09-07,-432600000.0,44545500000.0,40310625000.0,39350000000.0,5195500000.0,0.317,8.908,-495000000.0,1773400000.0,1773400000.0,7522500000.0,1991100000.0,1.056,10.331,2002400000.0,0.0,2002400000.0,2002400000.0,615100000.0,342100000.0,0.0,0.02,2.34,2549600000.0,2891700000.0,0.226,2891700000.0,2549600000.0,2454500000.0,4.49,4.47,4.49,3931200000.0,3991175000.0,3931200000.0,51740461459.0,20.0,17.893,1464900000.0,3.32,1.0,5260900000.0,0.412,2997000000.0,95100000.0,4526600000.0,4393050000.0,0.0,0.0,0.0,0.0,40614300000.0,37250900000.0,3363400000.0,51972561459.0,2138300000.0,-554800000.0,-831600000.0,-7300000.0,-1019600000.0,2027900000.0,-1945700000.0,-895900000.0,1959900000.0,96200000.0,1991100000.0,1991100000.0,1991100000.0,0.0,0.0,0.156,2884200000.0,2376700000.0,136800000.0,0.521,13.221,26.102,26.1,799900000.0,0.0,117.19,4.066,4.046,2072900000.0,15060100000.0,12783400000.0,12783400000.0,0.0,0.049,0.499,0.58,0.199,149700000.0,2884200000.0,1.0,443489730.0,441300000.0,443700000.0,28.968,41548500000.0,0.0,463400000.0,171400000.0,94.15,2099100000.0
15,ADP,MRT,2017-09-30,2017-09-30,2017-09-30,2021-09-07,-344600000.0,35661100000.0,39174100000.0,31002600000.0,4658500000.0,0.32,8.94,-507700000.0,2363600000.0,2363600000.0,7352400000.0,1831600000.0,1.096,8.02,2131500000.0,129400000.0,2002100000.0,2131500000.0,618000000.0,325700000.0,0.0,0.021,2.28,2741300000.0,3067000000.0,0.245,3067000000.0,2741300000.0,2653200000.0,4.11,4.09,4.11,3953400000.0,3962150000.0,3953400000.0,47801047889.0,17.0,15.586,1533100000.0,3.467,1.0,5180000000.0,0.413,2444600000.0,88100000.0,4697800000.0,4295175000.0,0.0,0.0,0.0,0.0,31707700000.0,28286600000.0,3421100000.0,48579047889.0,221600000.0,166600000.0,-1086100000.0,127000000.0,-1007100000.0,-832800000.0,-1008900000.0,-667800000.0,2040800000.0,22500000.0,1831600000.0,1831600000.0,1831600000.0,0.0,0.0,0.146,2801400000.0,2378600000.0,112600000.0,0.555,12.288,26.523,26.599,800400000.0,0.0,109.32,3.876,3.857,1816000000.0,14872400000.0,12532400000.0,12532400000.0,0.0,0.047,0.462,0.638,0.219,146800000.0,2801400000.0,1.0,444374752.0,442200000.0,445000000.0,28.341,33216500000.0,0.0,821600000.0,283000000.0,75.116,2716000000.0
16,ADP,MRT,2017-06-30,2017-06-30,2017-06-30,2021-09-07,-379200000.0,37180000000.0,38843175000.0,32658700000.0,4521300000.0,0.319,8.881,-470600000.0,2780400000.0,2780400000.0,7244500000.0,1787800000.0,1.095,8.349,2002400000.0,0.0,2002400000.0,2002400000.0,624300000.0,316100000.0,0.0,0.022,2.24,2696900000.0,3013000000.0,0.244,3013000000.0,2696900000.0,2616900000.0,3.99,3.97,3.99,3977000000.0,4036325000.0,3977000000.0,44848663846.0,17.0,14.885,1655300000.0,3.697,1.0,5127500000.0,0.414,2361200000.0,80000000.0,4224900000.0,4269950000.0,0.0,0.0,0.0,0.0,33203000000.0,29815900000.0,3387100000.0,45841663846.0,-7277000000.0,146600000.0,-1163900000.0,-2000000.0,-995200000.0,-8281700000.0,-1113200000.0,-789200000.0,2125900000.0,-8000000.0,1787800000.0,1787800000.0,1787800000.0,0.0,0.0,0.145,2773800000.0,2353700000.0,149700000.0,0.561,11.527,25.641,25.679,779900000.0,0.0,102.46,3.705,3.709,1731600000.0,14728200000.0,12372000000.0,12372000000.0,0.0,0.046,0.443,0.632,0.218,138900000.0,2773800000.0,1.0,447410344.0,447800000.0,450300000.0,27.628,34818800000.0,0.0,829100000.0,212100000.0,77.755,2842800000.0
17,ADP,MRT,2017-03-31,2017-03-31,2017-03-31,2021-09-07,-513200000.0,43855900000.0,40465675000.0,39514400000.0,4341500000.0,0.302,9.189,-434900000.0,2995500000.0,2995500000.0,7121000000.0,1749500000.0,1.085,9.688,2002500000.0,0.0,2002500000.0,2002500000.0,614000000.0,307500000.0,0.0,0.021,2.2,2645100000.0,2952600000.0,0.242,2952600000.0,2645100000.0,2569800000.0,3.91,3.87,3.91,4103100000.0,4162475000.0,4103100000.0,45260435371.0,17.0,15.329,1896700000.0,4.248,1.0,5092300000.0,0.417,2321500000.0,75300000.0,4122900000.0,4319475000.0,0.0,0.0,0.0,0.0,39752800000.0,36418500000.0,3334300000.0,45963135371.0,8116600000.0,147300000.0,-924400000.0,-2000000.0,-981800000.0,-8566400000.0,14435700000.0,14723300000.0,2331600000.0,-84300000.0,1749500000.0,1749500000.0,1749500000.0,0.0,0.0,0.143,2723800000.0,2368500000.0,126500000.0,0.563,11.202,26.272,26.187,750600000.0,0.0,102.39,3.763,3.743,1838500000.0,14717700000.0,12213300000.0,12213300000.0,0.0,0.043,0.42,0.612,0.217,136400000.0,2723800000.0,1.0,448902582.0,446500000.0,449200000.0,27.353,41534400000.0,0.0,820300000.0,242700000.0,93.022,3095900000.0
18,ADP,MRT,2016-12-31,2016-12-31,2016-12-31,2021-09-07,-566700000.0,39999400000.0,42283100000.0,35808100000.0,4191300000.0,0.285,8.518,-407200000.0,2705200000.0,2705200000.0,7022700000.0,1694100000.0,1.087,9.484,2002500000.0,0.0,2002500000.0,2002500000.0,585200000.0,303200000.0,0.0,0.021,2.16,2611500000.0,2914700000.0,0.242,2914700000.0,2611500000.0,2536700000.0,3.76,3.73,3.76,3815100000.0,4262500000.0,3815100000.0,45602683243.0,17.0,15.646,1815800000.0,4.054,1.0,5028400000.0,0.417,2205300000.0,74800000.0,4135100000.0,4473325000.0,0.0,0.0,0.0,0.0,36184300000.0,32956300000.0,3228000000.0,46371583243.0,4879600000.0,214000000.0,-1056800000.0,10700000.0,-967100000.0,-1803400000.0,4502900000.0,4696100000.0,2223000000.0,-42900000.0,1694100000.0,1694100000.0,1694100000.0,0.0,0.0,0.141,2693200000.0,2335200000.0,137400000.0,0.574,12.155,27.372,27.335,733200000.0,0.0,102.78,3.848,3.82,1864100000.0,14384700000.0,12051100000.0,12051100000.0,0.0,0.04,0.397,0.584,0.217,133800000.0,2693200000.0,1.0,451173217.0,447900000.0,450300000.0,26.906,37794100000.0,0.0,842600000.0,167800000.0,84.381,2851800000.0
19,ADP,MRT,2016-09-30,2016-09-30,2016-09-30,2021-09-07,-246400000.0,34337400000.0,42258125000.0,30124200000.0,4213200000.0,0.281,9.397,-375200000.0,2776600000.0,2776600000.0,6937400000.0,1524600000.0,1.127,7.079,2007700000.0,0.0,2007700000.0,2007700000.0,602400000.0,297400000.0,0.0,0.024,2.12,2329500000.0,2626900000.0,0.221,2626900000.0,2329500000.0,2258400000.0,3.37,3.34,3.37,4250100000.0,4360275000.0,4250100000.0,39051407078.0,17.0,14.866,1742800000.0,3.853,1.0,4933400000.0,0.416,2252300000.0,71100000.0,4596900000.0,4555750000.0,0.0,48800000.0,41000000.0,7800000.0,30087300000.0,26719300000.0,3368000000.0,40234807078.0,-1370100000.0,-20300000.0,-1093300000.0,10500000.0,-956400000.0,-1889100000.0,-1585100000.0,-1189600000.0,2118000000.0,-13900000.0,1524600000.0,1524600000.0,1524600000.0,0.0,0.0,0.128,2679600000.0,2253800000.0,117800000.0,0.629,9.467,26.39,26.172,701000000.0,0.0,88.2,3.389,3.361,1647200000.0,14130200000.0,11870800000.0,11870800000.0,0.0,0.036,0.35,0.511,0.196,134000000.0,2679600000.0,1.0,456176951.0,452300000.0,455300000.0,26.245,32085100000.0,0.0,733800000.0,346200000.0,70.938,3404900000.0
20,ADP,MRT,2016-06-30,2016-06-30,2016-06-30,2021-09-07,-215100000.0,43670000000.0,42268850000.0,39500400000.0,4169600000.0,0.276,9.807,-370300000.0,3191100000.0,3191100000.0,6840300000.0,1492500000.0,1.102,8.744,2007700000.0,0.0,2007700000.0,2007700000.0,614300000.0,288600000.0,0.0,0.023,2.08,2290500000.0,2579100000.0,0.221,2579100000.0,2290500000.0,2234300000.0,3.27,3.25,3.27,4481600000.0,4455300000.0,4481600000.0,40916282352.0,18.0,15.865,1527000000.0,3.341,1.0,4827500000.0,0.414,2216200000.0,56200000.0,4423000000.0,4517200000.0,0.0,0.0,0.0,0.0,39188400000.0,35847400000.0,3341000000.0,41849982352.0,9772300000.0,162200000.0,-1080400000.0,1996800000.0,-943600000.0,8752700000.0,-869000000.0,-660900000.0,1897300000.0,-8700000.0,1492500000.0,1492500000.0,1492500000.0,500000.0,0.0,0.128,2637000000.0,2190500000.0,152300000.0,0.636,9.338,28.04,28.095,685000000.0,0.0,91.87,3.587,3.598,1769900000.0,14003300000.0,11667800000.0,11667800000.0,0.0,0.035,0.335,0.507,0.196,137600000.0,2637000000.0,1.0,455534803.0,457000000.0,459100000.0,25.531,41453800000.0,0.0,741800000.0,279300000.0,90.709,3653000000.0
21,ADP,MRT,2016-03-31,2016-03-31,2016-03-31,2021-09-07,-160000000.0,51125600000.0,39628975000.0,46819000000.0,4306600000.0,0.289,9.91,-368400000.0,2941400000.0,2941400000.0,6743400000.0,1546700000.0,1.083,10.353,2007700000.0,0.0,2007700000.0,2007700000.0,619100000.0,285500000.0,0.0,0.023,2.04,2332200000.0,2617700000.0,0.228,2617700000.0,2332200000.0,2292600000.0,3.37,3.35,3.37,4503200000.0,4537025000.0,4503200000.0,40237840962.0,17.0,15.371,1375800000.0,3.028,1.0,4720700000.0,0.412,2203200000.0,39600000.0,4738300000.0,3928950000.0,0.0,31500000.0,23700000.0,7800000.0,46622400000.0,43250400000.0,3372000000.0,41037940962.0,1132800000.0,260800000.0,-1446500000.0,1996800000.0,-932600000.0,11931100000.0,-12543200000.0,-12434800000.0,1744200000.0,700000.0,1546700000.0,1546700000.0,1546700000.0,-78700000.0,0.0,0.135,2592100000.0,2128600000.0,158400000.0,0.605,9.113,26.533,26.62,668800000.0,0.0,89.71,3.58,3.556,2101900000.0,13957200000.0,11464100000.0,11464100000.0,0.0,0.039,0.341,0.594,0.203,182800000.0,2592100000.0,1.0,457451131.0,454400000.0,456900000.0,25.229,48922400000.0,0.0,745900000.0,350200000.0,107.664,3568600000.0
22,ADP,MRT,2015-12-31,2015-12-31,2015-12-31,2021-09-07,-379100000.0,39899500000.0,36124400000.0,35659200000.0,4240300000.0,0.311,9.192,-360100000.0,2794900000.0,2794900000.0,6615000000.0,1503800000.0,1.098,8.486,1994800000.0,0.0,1994800000.0,1994800000.0,578100000.0,282200000.0,0.0,0.024,2.0,2262100000.0,2544300000.0,0.226,2544300000.0,2262100000.0,2238000000.0,3.24,3.21,3.24,4206200000.0,4705750000.0,4206200000.0,37883925185.0,17.0,14.89,1522200000.0,3.326,1.0,4624800000.0,0.411,2166500000.0,24100000.0,4464800000.0,3321850000.0,0.0,47900000.0,26900000.0,21000000.0,35693300000.0,32468100000.0,3225200000.0,39073425185.0,944100000.0,260800000.0,-1784400000.0,1984000000.0,-925100000.0,-4627500000.0,3753800000.0,3853900000.0,1882300000.0,-64500000.0,1503800000.0,1503800000.0,1503800000.0,-78000000.0,0.0,0.134,2564900000.0,2059900000.0,138700000.0,0.617,9.289,25.983,26.148,679600000.0,0.0,84.72,3.476,3.449,1665500000.0,13666300000.0,11239800000.0,11239800000.0,0.0,0.042,0.32,0.681,0.201,187400000.0,2564900000.0,1.0,461206624.0,457600000.0,460300000.0,24.562,37733000000.0,0.0,734200000.0,215400000.0,82.458,3191100000.0
23,ADP,MRT,2015-09-30,2015-09-30,2015-09-30,2021-09-07,-247400000.0,34380300000.0,37025300000.0,30176100000.0,4204200000.0,0.299,10.013,-356500000.0,3184700000.0,3184700000.0,6515800000.0,1493900000.0,1.135,6.425,1995200000.0,0.0,1995200000.0,1995200000.0,574800000.0,279000000.0,0.0,0.024,1.96,2238200000.0,2517200000.0,0.227,2517200000.0,2238200000.0,2228700000.0,3.19,3.16,3.19,4630200000.0,5027250000.0,4630200000.0,35774453278.0,16.0,14.212,1348400000.0,2.916,1.0,4570600000.0,0.412,2160800000.0,9500000.0,4442700000.0,2845575000.0,0.0,48500000.0,27200000.0,21300000.0,29750100000.0,26587300000.0,3162800000.0,37404553278.0,1009000000.0,261100000.0,-1733500000.0,47100000.0,-926800000.0,3094500000.0,-3708200000.0,-3612000000.0,1704900000.0,-82200000.0,1493900000.0,1493900000.0,1493900000.0,-77000000.0,0.0,0.135,2526200000.0,2044400000.0,146500000.0,0.614,8.078,25.038,25.172,680300000.0,0.0,80.3,3.374,3.349,1597800000.0,13568600000.0,11086400000.0,11086400000.0,0.0,0.04,0.297,0.787,0.202,183400000.0,2526200000.0,1.0,465810128.0,462400000.0,465700000.0,23.976,32219500000.0,0.0,734800000.0,261900000.0,69.679,3588800000.0
24,ADP,MRT,2015-06-30,2015-06-30,2015-06-30,2021-09-07,-260600000.0,33110500000.0,35982250000.0,28809200000.0,4301300000.0,0.304,10.175,-311900000.0,1639300000.0,1639300000.0,6427600000.0,1452500000.0,1.063,5.886,9200000.0,0.0,9200000.0,9200000.0,591300000.0,277900000.0,0.0,0.024,1.95,2248700000.0,2526600000.0,0.231,2526600000.0,2248700000.0,2242200000.0,3.07,3.05,3.07,4808500000.0,5326525000.0,4808500000.0,35871012927.0,16.0,14.197,1662100000.0,3.517,1.0,4510900000.0,0.412,2296700000.0,6500000.0,2070000000.0,2850650000.0,0.0,55500000.0,26600000.0,28900000.0,28302000000.0,27113700000.0,1188300000.0,37669912927.0,-344300000.0,735500000.0,-1448100000.0,-2175300000.0,-927600000.0,1548300000.0,-3760300000.0,-4167200000.0,1974000000.0,-106300000.0,1452500000.0,1452500000.0,1452500000.0,-76000000.0,0.0,0.133,2496900000.0,2014000000.0,194500000.0,0.635,7.834,25.935,26.134,672700000.0,0.0,80.23,3.444,3.466,1579100000.0,13460300000.0,10938500000.0,10938500000.0,0.0,0.04,0.273,0.789,0.206,143200000.0,2496900000.0,1.0,469524030.0,472600000.0,475800000.0,23.145,30813800000.0,0.0,789700000.0,199300000.0,65.201,1695500000.0
25,ADP,MRT,2015-03-31,2015-03-31,2015-03-31,2021-09-07,-137000000.0,37107300000.0,35719575000.0,32792800000.0,4314500000.0,0.302,11.01,-294000000.0,1808600000.0,1808600000.0,6361800000.0,1405100000.0,1.068,6.166,9700000.0,0.0,9700000.0,9700000.0,596800000.0,277800000.0,0.0,0.023,1.94,2212600000.0,2490400000.0,0.231,2490400000.0,2212600000.0,2206300000.0,2.97,2.93,2.97,5178100000.0,5791950000.0,5178100000.0,38851526872.0,18.0,15.601,1774700000.0,3.774,1.0,4427800000.0,0.41,2283800000.0,6300000.0,2309900000.0,3862700000.0,0.0,56100000.0,26900000.0,29200000.0,31929200000.0,30714700000.0,1214500000.0,40692026872.0,137600000.0,636900000.0,-1194200000.0,-2400000.0,-927300000.0,655800000.0,-2484700000.0,-2796300000.0,2068700000.0,-102200000.0,1405100000.0,1405100000.0,1405100000.0,-55300000.0,0.0,0.13,2440100000.0,1987700000.0,130800000.0,0.653,7.858,28.96,28.835,646000000.0,0.0,85.64,3.771,3.733,1612000000.0,13348300000.0,10789600000.0,10789600000.0,0.0,0.039,0.243,0.573,0.205,88000000.0,2440100000.0,1.0,475152112.0,470300000.0,474000000.0,22.942,34823500000.0,0.0,801200000.0,284800000.0,74.045,2078100000.0
26,ADP,MRT,2014-12-31,2014-12-31,2014-12-31,2021-09-07,-114700000.0,43503100000.0,35591875000.0,39116000000.0,4387100000.0,0.298,11.524,-304000000.0,1850800000.0,1850800000.0,6263200000.0,1437100000.0,1.064,6.921,10300000.0,0.0,10300000.0,10300000.0,595500000.0,272700000.0,0.0,0.023,1.93,2258900000.0,2531600000.0,0.239,2531600000.0,2258900000.0,2252500000.0,3.02,2.98,3.02,5492200000.0,6151450000.0,5492200000.0,39961275499.0,18.0,15.785,1651500000.0,3.465,1.0,4327200000.0,0.409,2332700000.0,6400000.0,2559700000.0,3940525000.0,0.0,148200000.0,101900000.0,46300000.0,38010900000.0,36770200000.0,1240700000.0,40189075499.0,583700000.0,661300000.0,-591900000.0,-2400000.0,-923600000.0,5027300000.0,-6342700000.0,-6649300000.0,1955500000.0,-56400000.0,1437100000.0,1437100000.0,1437100000.0,-144400000.0,0.0,0.136,2418200000.0,1909000000.0,136400000.0,0.639,7.317,27.965,27.606,650300000.0,0.0,83.37,3.795,3.752,1627600000.0,13090200000.0,10590400000.0,10590400000.0,0.0,0.04,0.234,0.573,0.213,82000000.0,2418200000.0,1.0,482056801.0,476600000.0,480300000.0,22.221,41170400000.0,0.0,815400000.0,279300000.0,86.384,2345800000.0
27,ADP,MRT,2014-09-30,2014-09-30,2014-09-30,2021-09-07,-74100000.0,30208100000.0,34296550000.0,25793400000.0,4414700000.0,0.304,12.181,-294100000.0,2175700000.0,2175700000.0,6158500000.0,1482600000.0,1.114,4.184,1947900000.0,1937000000.0,10900000.0,1947900000.0,596400000.0,270300000.0,0.0,0.023,1.92,2321200000.0,2591500000.0,0.248,2591500000.0,2321200000.0,2315000000.0,3.11,3.07,3.11,5827300000.0,6343025000.0,5827300000.0,40155077850.0,17.0,15.495,1824200000.0,3.813,1.0,4272000000.0,0.41,2358000000.0,6200000.0,4463000000.0,3967900000.0,0.0,2308200000.0,2261600000.0,46600000.0,24380800000.0,23159300000.0,1221500000.0,39954177850.0,1026700000.0,661300000.0,-269700000.0,-887900000.0,-902300000.0,361300000.0,-1423700000.0,-1708100000.0,2118300000.0,-29200000.0,1482600000.0,1482600000.0,1482600000.0,-208200000.0,0.0,0.142,2408500000.0,1863500000.0,146900000.0,0.617,6.856,26.949,26.714,650700000.0,0.0,83.08,3.831,3.811,1423000000.0,12990000000.0,10430500000.0,10430500000.0,0.0,0.043,0.234,0.585,0.223,73200000.0,2408500000.0,1.0,480912107.0,478400000.0,481700000.0,21.803,27850100000.0,0.0,832400000.0,345500000.0,58.215,2634100000.0
28,ADP,MRT,2014-06-30,2014-06-30,2014-06-30,2021-09-07,178200000.0,32059800000.0,34114850000.0,27493000000.0,4566800000.0,0.3,13.928,-303000000.0,1584000000.0,1584000000.0,6041000000.0,1515900000.0,1.138,3.806,2184500000.0,2173000000.0,11500000.0,2184500000.0,612300000.0,266600000.0,0.0,0.024,1.875,2300200000.0,2566800000.0,0.251,2566800000.0,2300200000.0,2294100000.0,3.17,3.14,3.17,6670200000.0,6434400000.0,6670200000.0,36562164953.0,16.0,14.244,1518400000.0,3.171,1.0,4185400000.0,0.409,2374500000.0,6100000.0,6118200000.0,4234700000.0,0.0,2086300000.0,2032200000.0,54100000.0,25389600000.0,24167600000.0,1222000000.0,38221064953.0,284500000.0,24400000.0,-473100000.0,1923800000.0,-883100000.0,-2358200000.0,813300000.0,1182400000.0,1821400000.0,8000000.0,1515900000.0,1515900000.0,1515900000.0,-273300000.0,0.0,0.148,2370300000.0,1815100000.0,152100000.0,0.591,5.73,25.213,25.009,667100000.0,0.0,79.28,3.737,3.713,1654200000.0,13632900000.0,10226400000.0,10226400000.0,0.0,0.044,0.236,0.543,0.225,67200000.0,2370300000.0,1.0,482102232.0,478900000.0,483100000.0,21.354,29685300000.0,0.0,778200000.0,235600000.0,61.986,3325400000.0
29,ADP,MRT,2014-03-31,2014-03-31,2014-03-31,2021-09-07,41000000.0,36596500000.0,34166925000.0,30532600000.0,6063900000.0,0.253,13.815,-256000000.0,1671000000.0,1671000000.0,5130600000.0,1454200000.0,1.068,4.531,12100000.0,0.0,12100000.0,12100000.0,845400000.0,210700000.0,0.0,0.024,1.83,2216500000.0,2427200000.0,0.281,2427200000.0,2216500000.0,2209900000.0,3.03,3.01,3.03,6616100000.0,6314325000.0,6616100000.0,35971340062.0,16.0,14.82,1536400000.0,3.208,1.0,3507400000.0,0.406,3738200000.0,6600000.0,2621200000.0,3308750000.0,0.0,77200000.0,22900000.0,54300000.0,29980400000.0,28578200000.0,1402200000.0,37225840062.0,23300000.0,-2300000.0,-547700000.0,-3200000.0,-862800000.0,-4926900000.0,3162500000.0,3544200000.0,1792400000.0,-4700000.0,1454200000.0,1454200000.0,1454200000.0,-453800000.0,0.0,0.168,2056900000.0,1450500000.0,145600000.0,0.604,5.627,25.599,25.498,767500000.0,0.0,77.26,4.31,4.283,1984100000.0,13575100000.0,8638000000.0,8638000000.0,0.0,0.043,0.23,0.67,0.257,29700000.0,2014200000.0,1.0,481825525.0,478900000.0,483000000.0,18.037,32858300000.0,0.0,755700000.0,349200000.0,68.612,1954400000.0
30,ADP,MRT,2013-12-31,2013-12-31,2013-12-31,2021-09-07,10700000.0,38321800000.0,35059375000.0,32301100000.0,6020700000.0,0.254,13.082,-241100000.0,1267100000.0,1267100000.0,5288100000.0,1415300000.0,1.054,5.123,12600000.0,0.0,12600000.0,12600000.0,798500000.0,226600000.0,0.0,0.022,1.785,2155200000.0,2381800000.0,0.267,2381800000.0,2155200000.0,2148300000.0,2.94,2.92,2.94,6258500000.0,6300575000.0,6258500000.0,40581790652.0,19.0,17.038,1425700000.0,2.98,1.0,3634100000.0,0.407,3753100000.0,6900000.0,2669200000.0,3329075000.0,0.0,82400000.0,22500000.0,59900000.0,32063300000.0,30645000000.0,1418300000.0,38898690652.0,-123800000.0,-41300000.0,-578800000.0,-24400000.0,-842000000.0,3881100000.0,-5658400000.0,-5273300000.0,1666800000.0,-13300000.0,1415300000.0,1415300000.0,1415300000.0,-366500000.0,0.0,0.159,2125200000.0,1508900000.0,140600000.0,0.607,6.215,27.484,27.483,739300000.0,0.0,80.799,4.36,4.332,1877900000.0,13285000000.0,8922200000.0,8922200000.0,0.0,0.04,0.225,0.647,0.242,27000000.0,2082500000.0,1.0,481425397.0,478400000.0,482800000.0,18.65,34568700000.0,0.0,733000000.0,301000000.0,72.259,1656100000.0
31,ADP,MRT,2013-09-30,2013-09-30,2013-09-30,2021-09-07,70500000.0,29481300000.0,33811425000.0,21035800000.0,8445500000.0,0.271,12.899,-226500000.0,1149000000.0,1149000000.0,5433800000.0,1429200000.0,0.961,3.761,2832100000.0,2817900000.0,14200000.0,2832100000.0,793600000.0,236900000.0,0.0,0.024,1.74,2186200000.0,2423100000.0,0.264,2423100000.0,2186200000.0,2178300000.0,2.96,2.94,2.96,6192800000.0,6334775000.0,6192800000.0,33508234241.0,15.0,13.829,1497100000.0,3.118,1.0,3742500000.0,0.408,3734800000.0,7900000.0,5530200000.0,3351425000.0,0.0,3090900000.0,541900000.0,2549000000.0,23288500000.0,21899400000.0,1389100000.0,34946734241.0,31600000.0,120100000.0,-575400000.0,2370000000.0,-824000000.0,-1893200000.0,209800000.0,387400000.0,1723600000.0,-8600000.0,1429200000.0,1429200000.0,1429200000.0,-342600000.0,0.0,0.156,2171100000.0,1571400000.0,148900000.0,0.588,5.643,24.452,24.453,735200000.0,0.0,72.38,3.808,3.787,1725800000.0,13139300000.0,9176300000.0,9176300000.0,0.0,0.042,0.226,0.652,0.238,33300000.0,2128400000.0,1.0,482823076.0,480100000.0,484300000.0,19.113,25746500000.0,0.0,749100000.0,369900000.0,53.627,-863600000.0
32,ADP,MRT,2013-06-30,2013-06-30,2013-06-30,2021-09-07,15400000.0,32268100000.0,33977125000.0,26214500000.0,6053600000.0,0.278,12.823,-225200000.0,1699100000.0,1699100000.0,5574100000.0,1405800000.0,1.06,4.213,260600000.0,245900000.0,14700000.0,260600000.0,807800000.0,251200000.0,0.0,0.025,1.7,2160200000.0,2411400000.0,0.255,2411400000.0,2160200000.0,2151100000.0,2.91,2.89,2.91,6189900000.0,6359750000.0,6189900000.0,31780015635.0,15.0,13.179,1352000000.0,2.801,1.0,3867900000.0,0.41,3682400000.0,9100000.0,2414400000.0,2809375000.0,0.0,342000000.0,28000000.0,314000000.0,26078200000.0,24732800000.0,1345400000.0,33412415635.0,151000000.0,119400000.0,-441600000.0,228400000.0,-805500000.0,151000000.0,-1578400000.0,-1425000000.0,1577200000.0,1200000.0,1405800000.0,1405800000.0,1405800000.0,-283600000.0,0.0,0.149,2243100000.0,1624800000.0,156500000.0,0.584,5.398,23.768,23.663,728600000.0,0.0,68.86,3.539,3.52,1734000000.0,13020300000.0,9442000000.0,9442000000.0,0.0,0.041,0.221,0.769,0.229,65800000.0,2200400000.0,1.0,485222417.0,482700000.0,487100000.0,19.561,28585700000.0,0.0,745300000.0,273400000.0,59.22,1481700000.0
33,ADP,MRT,2013-03-31,2013-03-31,2013-03-31,2021-09-07,209300000.0,40166300000.0,33614450000.0,34433200000.0,5733100000.0,0.33,13.593,-250800000.0,1647700000.0,1647700000.0,6525600000.0,1437300000.0,1.072,5.122,15300000.0,0.0,15300000.0,15300000.0,813400000.0,318400000.0,0.0,0.026,1.66,2193100000.0,2511500000.0,0.226,2511500000.0,2193100000.0,2183500000.0,2.97,2.95,2.97,6561100000.0,6340775000.0,6561100000.0,30179066825.0,14.0,12.016,1250000000.0,2.59,1.0,4572000000.0,0.412,3712900000.0,9600000.0,2702500000.0,2776550000.0,0.0,109600000.0,32600000.0,77000000.0,33605200000.0,32118500000.0,1486700000.0,31540666825.0,-17400000.0,80200000.0,-494400000.0,-17500000.0,-788000000.0,-843900000.0,-661000000.0,-489900000.0,1500800000.0,-13300000.0,1437300000.0,1437300000.0,1437300000.0,-49400000.0,0.0,0.13,2560900000.0,2011100000.0,149700000.0,0.559,4.807,21.944,21.896,716700000.0,0.0,65.03,2.842,2.829,1860300000.0,13003600000.0,11097600000.0,11097600000.0,0.0,0.043,0.227,0.79,0.198,106400000.0,2560900000.0,1.0,485017174.0,482700000.0,486500000.0,22.991,36453400000.0,0.0,746200000.0,468700000.0,75.52,2314700000.0
34,ADP,MRT,2012-12-31,2012-12-31,2012-12-31,2021-09-07,314200000.0,33330000000.0,33416900000.0,27552400000.0,5777600000.0,0.326,13.266,-250500000.0,1390900000.0,1390900000.0,6400600000.0,1407000000.0,1.083,4.212,29300000.0,13500000.0,15800000.0,29300000.0,783000000.0,317800000.0,0.0,0.028,1.62,2153900000.0,2471700000.0,0.227,2471700000.0,2153900000.0,2144300000.0,2.9,2.88,2.9,6395300000.0,6314650000.0,6395300000.0,26979630664.0,13.0,10.915,1295200000.0,2.687,1.0,4498600000.0,0.413,3771300000.0,9600000.0,2758600000.0,2705325000.0,0.0,126300000.0,43900000.0,82400000.0,26934700000.0,25438500000.0,1496200000.0,27638030664.0,59600000.0,71300000.0,-489000000.0,3800000.0,-770100000.0,-1027100000.0,-468300000.0,-272100000.0,1545700000.0,9300000.0,1407000000.0,1407000000.0,1407000000.0,-50500000.0,0.0,0.129,2527200000.0,1971400000.0,141400000.0,0.559,4.322,19.643,19.631,712900000.0,0.0,56.93,2.536,2.518,1739700000.0,12732000000.0,10899200000.0,10899200000.0,0.0,0.042,0.223,0.796,0.198,99100000.0,2527200000.0,1.0,485473927.0,482100000.0,486800000.0,22.608,29558700000.0,0.0,737300000.0,411600000.0,61.312,2113900000.0
35,ADP,MRT,2012-09-30,2012-09-30,2012-09-30,2021-09-07,349400000.0,30144100000.0,33205500000.0,23972600000.0,6171500000.0,0.323,13.015,-184600000.0,1117400000.0,1117400000.0,6290000000.0,1391100000.0,1.073,3.79,459000000.0,442700000.0,16300000.0,459000000.0,764900000.0,318700000.0,0.0,0.027,1.58,2141600000.0,2460300000.0,0.229,2460300000.0,2141600000.0,2132900000.0,2.86,2.84,2.86,6292700000.0,6261425000.0,6292700000.0,26889752565.0,13.0,10.929,1344200000.0,2.78,1.0,4432100000.0,0.413,3772600000.0,8700000.0,3362000000.0,2645575000.0,0.0,558100000.0,35700000.0,522400000.0,23851400000.0,22351100000.0,1500300000.0,28421052565.0,-131500000.0,-264500000.0,-405300000.0,432000000.0,-754100000.0,268200000.0,-1922600000.0,-1457100000.0,1528800000.0,-5900000.0,1391100000.0,1391100000.0,1391100000.0,-13800000.0,0.0,0.13,2477400000.0,1954700000.0,138800000.0,0.552,4.517,20.431,20.51,703900000.0,0.0,58.66,2.651,2.645,1594100000.0,12552000000.0,10722100000.0,10722100000.0,0.0,0.042,0.222,0.81,0.2,96600000.0,2477400000.0,1.0,484504817.0,483500000.0,488400000.0,22.176,26371500000.0,0.0,741800000.0,506200000.0,54.543,1621500000.0
36,ADP,MRT,2012-06-30,2012-06-30,2012-06-30,2021-09-07,230200000.0,30817400000.0,32674525000.0,25272600000.0,5544800000.0,0.324,12.547,-178000000.0,1548100000.0,1548100000.0,6203900000.0,1388500000.0,1.087,4.04,16800000.0,0.0,16800000.0,16800000.0,779400000.0,319300000.0,0.0,0.028,1.545,2129800000.0,2449100000.0,0.231,2449100000.0,2129800000.0,2122100000.0,2.85,2.82,2.85,6114000000.0,6193050000.0,6114000000.0,25574677223.0,12.0,10.442,1732200000.0,3.555,1.0,4391500000.0,0.414,3750300000.0,7700000.0,2283100000.0,2455400000.0,0.0,117300000.0,30400000.0,86900000.0,24703400000.0,23252700000.0,1450700000.0,27222477223.0,158700000.0,-265700000.0,-491300000.0,-2000000.0,-739700000.0,-4953900000.0,3243600000.0,3703700000.0,1910200000.0,-41200000.0,1388500000.0,1388500000.0,1388500000.0,-13300000.0,0.0,0.131,2452900000.0,1938600000.0,167400000.0,0.542,4.452,19.606,19.53,706300000.0,0.0,55.66,2.569,2.56,1521500000.0,12438300000.0,10595400000.0,10595400000.0,0.0,0.042,0.224,0.867,0.201,94100000.0,2452900000.0,1.0,489085110.0,487300000.0,492200000.0,21.743,27067100000.0,0.0,733600000.0,420800000.0,55.545,2019900000.0
37,ADP,MRT,2012-03-31,2012-03-31,2012-03-31,2021-09-07,359700000.0,39376100000.0,33529750000.0,33553500000.0,5822600000.0,0.312,13.217,-217600000.0,1665100000.0,1665100000.0,6127900000.0,1371900000.0,1.068,5.099,17300000.0,0.0,17300000.0,17300000.0,818200000.0,312700000.0,0.0,0.027,1.51,2089100000.0,2401800000.0,0.23,2401800000.0,2089100000.0,2082000000.0,2.81,2.78,2.81,6456600000.0,6167150000.0,6456600000.0,25769082872.0,12.0,10.729,1679000000.0,3.437,1.0,4325200000.0,0.414,3886800000.0,7100000.0,2417600000.0,2461375000.0,0.0,124800000.0,28000000.0,96800000.0,32919500000.0,31423900000.0,1495600000.0,27074882872.0,64200000.0,-201100000.0,-634900000.0,-1900000.0,-725600000.0,-4092900000.0,2279400000.0,2715800000.0,1896600000.0,-18900000.0,1371900000.0,1371900000.0,1371900000.0,-15900000.0,0.0,0.131,2433300000.0,1891900000.0,137700000.0,0.537,4.193,19.735,19.641,710200000.0,0.0,55.19,2.59,2.579,1499800000.0,12371500000.0,10453100000.0,10453100000.0,0.0,0.041,0.222,0.849,0.2,97600000.0,2433300000.0,1.0,490575881.0,488500000.0,493200000.0,21.398,35489300000.0,0.0,710100000.0,515700000.0,72.65,2129600000.0
38,ADP,MRT,2011-12-31,2011-12-31,2011-12-31,2021-09-07,339500000.0,32484400000.0,34084825000.0,26727100000.0,5757300000.0,0.302,12.703,-213000000.0,1331300000.0,1331300000.0,6030300000.0,1343300000.0,1.078,4.254,25500000.0,0.0,25500000.0,25500000.0,789700000.0,313500000.0,0.0,0.027,1.475,2056700000.0,2370200000.0,0.231,2370200000.0,2056700000.0,2049400000.0,2.73,2.71,2.73,6182400000.0,6101625000.0,6182400000.0,25171680438.0,12.0,10.62,1593400000.0,3.274,1.0,4249200000.0,0.413,3861500000.0,7300000.0,2519600000.0,2423300000.0,0.0,122600000.0,23900000.0,98700000.0,26302000000.0,24797500000.0,1504500000.0,26394580438.0,25600000.0,-363500000.0,-460800000.0,-2000000.0,-710700000.0,-2130900000.0,365600000.0,946100000.0,1806400000.0,-15500000.0,1343300000.0,1343300000.0,1343300000.0,-13700000.0,0.0,0.131,2390700000.0,1858500000.0,137300000.0,0.54,4.269,19.649,19.784,707900000.0,0.0,54.01,2.568,2.557,1479100000.0,12112600000.0,10279500000.0,10279500000.0,0.0,0.039,0.22,0.849,0.2,99100000.0,2390700000.0,1.0,488698027.0,486700000.0,492400000.0,21.121,28622900000.0,0.0,706100000.0,454400000.0,58.81,1929600000.0
39,ADP,MRT,2011-09-30,2011-09-30,2011-09-30,2021-09-07,406500000.0,28020200000.0,34128800000.0,22454000000.0,5566200000.0,0.296,12.337,-277000000.0,1248900000.0,1248900000.0,5896900000.0,1278400000.0,1.095,3.655,26000000.0,0.0,26000000.0,26000000.0,791200000.0,318000000.0,0.0,0.031,1.44,1962300000.0,2280300000.0,0.225,2280300000.0,1962300000.0,1954300000.0,2.59,2.57,2.59,6019200000.0,5999925000.0,6019200000.0,21733100396.0,11.0,9.531,1522800000.0,3.121,1.0,4217600000.0,0.417,3684200000.0,8000000.0,2601300000.0,2377200000.0,0.0,118800000.0,19100000.0,99700000.0,22001000000.0,20511800000.0,1489200000.0,23088300396.0,72200000.0,-302600000.0,-426900000.0,-1900000.0,-702100000.0,-4415000000.0,2697200000.0,-103100000.0,1799800000.0,-9800000.0,1278400000.0,1278400000.0,1278400000.0,-11500000.0,0.0,0.126,2385900000.0,1831700000.0,123000000.0,0.556,3.836,18.06,18.205,708300000.0,0.0,47.15,2.283,2.274,1361700000.0,11930700000.0,10114500000.0,10114500000.0,0.0,0.037,0.213,0.825,0.194,94900000.0,2385900000.0,1.0,489677633.0,487900000.0,493300000.0,20.731,24336000000.0,0.0,675900000.0,499500000.0,49.879,1942200000.0
40,ADP,MRT,2011-06-30,2011-06-30,2011-06-30,2021-09-07,367100000.0,34238300000.0,34843475000.0,28583500000.0,5654800000.0,0.282,12.179,-264600000.0,1389400000.0,1389400000.0,5708400000.0,1254200000.0,1.067,4.697,34200000.0,0.0,34200000.0,34200000.0,828100000.0,314600000.0,0.0,0.027,1.42,1941300000.0,2255900000.0,0.229,2255900000.0,1941300000.0,1932700000.0,2.54,2.52,2.54,6010400000.0,5934300000.0,6010400000.0,24758148969.0,13.0,10.975,1441200000.0,2.92,1.0,4124600000.0,0.419,3789300000.0,8600000.0,2307000000.0,2373700000.0,0.0,134300000.0,36300000.0,98000000.0,28227900000.0,26786800000.0,1441100000.0,26324448969.0,-253900000.0,-776000000.0,-254600000.0,-5700000.0,-692400000.0,5339200000.0,-7340600000.0,-6302900000.0,1705800000.0,41700000.0,1254200000.0,1254200000.0,1254200000.0,-9200000.0,0.0,0.128,2314600000.0,1810000000.0,153300000.0,0.559,4.38,20.989,20.74,716200000.0,0.0,52.68,2.677,2.644,1493500000.0,11803900000.0,9833000000.0,9833000000.0,0.0,0.036,0.211,0.818,0.197,90300000.0,2314600000.0,1.0,499704802.0,493500000.0,498300000.0,19.925,30449000000.0,0.0,678500000.0,402100000.0,61.7,1796700000.0
41,ADP,MRT,2011-03-31,2011-03-31,2011-03-31,2021-09-07,198900000.0,41596400000.0,32999450000.0,36083300000.0,5513100000.0,0.29,12.484,-230600000.0,1600900000.0,1600900000.0,5495100000.0,1220300000.0,1.062,5.715,34600000.0,0.0,34600000.0,34600000.0,838500000.0,315600000.0,0.0,0.027,1.4,1888500000.0,2204100000.0,0.23,2204100000.0,1888500000.0,1879800000.0,2.47,2.44,2.47,6194500000.0,5801425000.0,6194500000.0,24200539235.0,13.0,10.98,1385200000.0,2.792,1.0,4067600000.0,0.425,3790700000.0,8700000.0,2265300000.0,2367150000.0,0.0,140200000.0,43600000.0,96600000.0,35401900000.0,33974100000.0,1427800000.0,25471139235.0,-364100000.0,-775800000.0,-276700000.0,-6900000.0,-688500000.0,4932400000.0,-6933000000.0,-5926900000.0,1615800000.0,20700000.0,1220300000.0,1220300000.0,1220300000.0,-300000.0,0.0,0.128,2274900000.0,1792700000.0,131800000.0,0.567,4.112,20.873,20.773,685400000.0,0.0,51.31,2.664,2.662,1419100000.0,11739500000.0,9562700000.0,9562700000.0,0.0,0.037,0.21,0.798,0.197,70900000.0,2274900000.0,1.0,496416668.0,496200000.0,501300000.0,19.272,37805700000.0,0.0,659500000.0,421800000.0,76.19,2109200000.0
42,ADP,MRT,2010-12-31,2010-12-31,2010-12-31,2021-09-07,197500000.0,32660300000.0,31346900000.0,27371500000.0,5288800000.0,0.296,11.739,-208000000.0,1305700000.0,1305700000.0,5305200000.0,1200100000.0,1.074,4.655,35100000.0,0.0,35100000.0,35100000.0,802500000.0,312600000.0,0.0,0.03,1.38,1870300000.0,2182900000.0,0.236,2182900000.0,1870300000.0,1861800000.0,2.42,2.39,2.42,5775600000.0,5737375000.0,5775600000.0,21684744649.0,12.0,9.934,1448500000.0,2.944,1.0,3963400000.0,0.428,3561600000.0,8500000.0,2335200000.0,2384600000.0,0.0,135600000.0,36300000.0,99300000.0,26884700000.0,25492900000.0,1391800000.0,22825844649.0,-435400000.0,-663400000.0,-498300000.0,-6700000.0,-678200000.0,1593900000.0,-3675400000.0,-2804400000.0,1656500000.0,-10400000.0,1200100000.0,1200100000.0,1200100000.0,-2300000.0,0.0,0.129,2202500000.0,1760900000.0,116200000.0,0.57,3.952,19.02,19.124,676900000.0,0.0,46.28,2.463,2.457,1264300000.0,11495000000.0,9268600000.0,9268600000.0,0.0,0.038,0.209,0.784,0.202,67400000.0,2202500000.0,1.0,493211855.0,492000000.0,496900000.0,18.839,29098700000.0,0.0,661700000.0,393800000.0,59.144,1878600000.0
43,ADP,MRT,2010-09-30,2010-09-30,2010-09-30,2021-09-07,382500000.0,30878900000.0,30581550000.0,25679200000.0,5199700000.0,0.296,11.715,-220700000.0,1176700000.0,1176700000.0,5152100000.0,1205800000.0,1.085,4.364,35600000.0,0.0,35600000.0,35600000.0,796200000.0,307200000.0,0.0,0.032,1.36,1865200000.0,2172400000.0,0.24,2172400000.0,1865200000.0,1857000000.0,2.42,2.39,2.42,5756700000.0,5730450000.0,5756700000.0,19076206726.0,10.0,8.781,1440000000.0,2.93,1.0,3908800000.0,0.431,3473200000.0,8200000.0,2587300000.0,2392700000.0,0.0,139500000.0,40400000.0,99100000.0,25122200000.0,23677300000.0,1444900000.0,20679706726.0,-406100000.0,-553400000.0,-584100000.0,-6800000.0,-675800000.0,4834200000.0,-6902900000.0,-2752400000.0,1660700000.0,1900000.0,1205800000.0,1205800000.0,1205800000.0,-3100000.0,0.0,0.133,2151300000.0,1757500000.0,132300000.0,0.562,3.592,17.15,17.368,664900000.0,0.0,42.03,2.282,2.279,1288400000.0,11362900000.0,9060900000.0,9060900000.0,0.0,0.039,0.21,0.78,0.206,63800000.0,2151300000.0,1.0,492022525.0,491400000.0,494900000.0,18.439,27405700000.0,0.0,651200000.0,574300000.0,55.771,2001900000.0
44,ADP,MRT,2010-06-30,2010-06-30,2010-06-30,2021-09-07,209500000.0,26862200000.0,28970850000.0,22316700000.0,4545500000.0,0.308,10.947,-223600000.0,1643300000.0,1643300000.0,5029700000.0,1211400000.0,1.113,3.903,39800000.0,0.0,39800000.0,39800000.0,778400000.0,309200000.0,0.0,0.034,1.35,1875900000.0,2185100000.0,0.245,2185100000.0,1875900000.0,1867300000.0,2.42,2.4,2.42,5478900000.0,5704775000.0,5478900000.0,18326583232.0,10.0,8.387,1458500000.0,2.914,1.0,3898000000.0,0.437,2925700000.0,8600000.0,2280800000.0,2366950000.0,0.0,132200000.0,27900000.0,104300000.0,21383300000.0,20052200000.0,1331100000.0,20250283232.0,-622000000.0,-78400000.0,-525300000.0,-732900000.0,-673400000.0,89000000.0,-2379500000.0,-2079200000.0,1682100000.0,-13600000.0,1211400000.0,1211400000.0,1211400000.0,-4100000.0,0.0,0.136,2127400000.0,1770600000.0,150000000.0,0.558,3.696,16.716,16.636,673800000.0,0.0,40.26,2.268,2.257,1257100000.0,11252000000.0,8927700000.0,8927700000.0,0.0,0.042,0.212,0.793,0.21,67400000.0,2127400000.0,1.0,502987661.0,500500000.0,503700000.0,17.838,23936500000.0,0.0,655900000.0,366400000.0,47.825,2264500000.0
45,ADP,MRT,2010-03-31,2010-03-31,2010-03-31,2021-09-07,266700000.0,34986200000.0,28593225000.0,30315000000.0,4671200000.0,0.309,11.82,-232700000.0,1965000000.0,1965000000.0,4940600000.0,1356100000.0,1.093,4.892,41300000.0,0.0,41300000.0,41300000.0,807800000.0,312100000.0,0.0,0.03,1.34,1938200000.0,2250300000.0,0.255,2250300000.0,1938200000.0,1927800000.0,2.71,2.68,2.71,5938300000.0,5665700000.0,5938300000.0,20750588334.0,11.0,9.221,1481400000.0,2.949,1.0,3897600000.0,0.441,2985400000.0,10400000.0,2335100000.0,2332125000.0,0.0,142600000.0,38500000.0,104100000.0,29047900000.0,27742000000.0,1305900000.0,22449888334.0,601600000.0,-118000000.0,-70300000.0,-1700000.0,-663600000.0,3937900000.0,-5087800000.0,-4746700000.0,1714100000.0,37400000.0,1356100000.0,1356100000.0,1356100000.0,-9400000.0,0.0,0.153,2089600000.0,1808000000.0,96200000.0,0.494,3.781,16.555,16.41,690000000.0,0.0,44.47,2.54,2.528,1264800000.0,11211600000.0,8838200000.0,8838200000.0,0.0,0.047,0.239,0.831,0.219,64000000.0,2089600000.0,1.0,504832209.0,502400000.0,505500000.0,17.592,32000800000.0,0.0,571700000.0,438800000.0,63.696,2573000000.0
46,ADP,MRT,2009-12-31,2009-12-31,2009-12-31,2021-09-07,311100000.0,29598900000.0,27140275000.0,24926400000.0,4672500000.0,0.323,11.45,-247500000.0,1741100000.0,1741100000.0,4824600000.0,1355000000.0,1.105,4.15,41800000.0,0.0,41800000.0,41800000.0,802400000.0,311300000.0,0.0,0.031,1.33,1933400000.0,2244700000.0,0.256,2244700000.0,1933400000.0,1921700000.0,2.71,2.68,2.71,5747900000.0,5429250000.0,5747900000.0,20067687773.0,10.0,8.94,1306400000.0,2.602,1.0,3939100000.0,0.449,2971500000.0,11700000.0,2367600000.0,2283550000.0,0.0,131200000.0,40600000.0,90600000.0,23851000000.0,22560500000.0,1290500000.0,21608287773.0,436200000.0,-63700000.0,-146100000.0,-9400000.0,-663000000.0,-5403700000.0,4229100000.0,4526400000.0,1553900000.0,56900000.0,1355000000.0,1355000000.0,1355000000.0,-7800000.0,0.0,0.155,2103600000.0,1835500000.0,101400000.0,0.491,3.759,15.947,15.801,707400000.0,0.0,42.82,2.466,2.453,1231400000.0,10979200000.0,8763700000.0,8763700000.0,0.0,0.05,0.25,0.847,0.221,68600000.0,2103600000.0,1.0,504630728.0,502000000.0,506200000.0,17.458,26627400000.0,0.0,566700000.0,368700000.0,53.043,2365900000.0
47,ADP,MRT,2009-09-30,2009-09-30,2009-09-30,2021-09-07,339900000.0,24436100000.0,28080800000.0,19718400000.0,4717700000.0,0.312,11.276,-234400000.0,1582800000.0,1582800000.0,4784900000.0,1339700000.0,1.13,3.322,42200000.0,0.0,42200000.0,42200000.0,807400000.0,307900000.0,0.0,0.034,1.32,1932500000.0,2240400000.0,0.255,2240400000.0,1932500000.0,1915200000.0,2.68,2.65,2.68,5654000000.0,5201700000.0,5654000000.0,18241970456.0,9.0,8.142,1173700000.0,2.341,1.0,3984100000.0,0.454,2967200000.0,17300000.0,2484300000.0,2197825000.0,0.0,135800000.0,36600000.0,99200000.0,18782100000.0,17444000000.0,1338100000.0,19734570456.0,186400000.0,-63200000.0,-298200000.0,-1359800000.0,-646100000.0,-1452100000.0,224500000.0,514400000.0,1408100000.0,5900000.0,1339700000.0,1339700000.0,1339700000.0,-7100000.0,0.0,0.153,2157800000.0,1826300000.0,94600000.0,0.493,3.49,14.731,14.664,723500000.0,0.0,39.3,2.25,2.247,1142000000.0,10835000000.0,8769000000.0,8769000000.0,0.0,0.048,0.258,0.879,0.22,84100000.0,2157800000.0,1.0,502151920.0,501400000.0,503700000.0,17.489,21468900000.0,0.0,575500000.0,493100000.0,42.818,2274400000.0
48,ADP,MRT,2009-06-30,2009-06-30,2009-06-30,2021-09-07,156000000.0,25351700000.0,28016000000.0,20705500000.0,4646200000.0,0.315,10.578,-228100000.0,2265300000.0,2265300000.0,4822700000.0,1332600000.0,1.104,3.763,772700000.0,730000000.0,42700000.0,772700000.0,821600000.0,307700000.0,0.0,0.036,1.28,1940900000.0,2248600000.0,0.254,2248600000.0,1940900000.0,1907600000.0,2.65,2.63,2.65,5322600000.0,5003525000.0,5322600000.0,16457898363.0,8.0,7.319,1334500000.0,2.652,1.0,4015700000.0,0.454,2954200000.0,33300000.0,2141500000.0,2358825000.0,0.0,123200000.0,30800000.0,92400000.0,20029100000.0,18763400000.0,1265700000.0,17778198363.0,1347800000.0,-67100000.0,-497700000.0,708800000.0,-629400000.0,468400000.0,-644100000.0,-358900000.0,1562600000.0,-39100000.0,1332600000.0,1332600000.0,1332600000.0,-7500000.0,0.0,0.151,2190300000.0,1825400000.0,130300000.0,0.483,3.34,13.341,13.374,734300000.0,0.0,35.44,2.011,2.018,1213300000.0,10716600000.0,8838400000.0,8838400000.0,0.0,0.048,0.266,0.823,0.22,94500000.0,2190300000.0,1.0,501642166.0,503200000.0,505800000.0,17.564,22397500000.0,0.0,575000000.0,484800000.0,44.51,1942100000.0
49,ADP,MRT,2009-03-31,2009-03-31,2009-03-31,2021-09-07,25000000.0,29174400000.0,27611675000.0,24482200000.0,4692200000.0,0.323,9.961,-238500000.0,1363400000.0,1363400000.0,4811500000.0,1213400000.0,1.071,4.844,43100000.0,0.0,43100000.0,43100000.0,813600000.0,300500000.0,0.0,0.035,1.24,1944100000.0,2244600000.0,0.252,2244600000.0,1944100000.0,1901800000.0,2.41,2.38,2.41,4992500000.0,4944675000.0,4992500000.0,16498185813.0,8.0,7.35,1370200000.0,2.734,1.0,4106400000.0,0.46,2848600000.0,42300000.0,2140800000.0,2442300000.0,0.0,110200000.0,32500000.0,77700000.0,24181900000.0,22864700000.0,1317200000.0,17751885813.0,-281300000.0,-33300000.0,-829000000.0,-9400000.0,-611400000.0,-4091700000.0,2268400000.0,2528500000.0,1608700000.0,-66700000.0,1213400000.0,1213400000.0,1213400000.0,-12900000.0,0.0,0.136,2304400000.0,1802000000.0,99200000.0,0.515,3.556,14.63,14.589,715500000.0,0.0,35.16,1.991,1.976,1228400000.0,10529400000.0,8917900000.0,8917900000.0,0.0,0.044,0.245,0.796,0.218,113600000.0,2304400000.0,1.0,504888675.0,501200000.0,502400000.0,17.793,26325800000.0,0.0,688400000.0,413500000.0,52.526,1617500000.0
50,ADP,MRT,2008-12-31,2008-12-31,2008-12-31,2021-09-07,43900000.0,33361000000.0,28511950000.0,28657400000.0,4703600000.0,0.315,9.61,-239100000.0,1304900000.0,1304900000.0,4821200000.0,1224500000.0,1.053,5.896,51200000.0,0.0,51200000.0,51200000.0,807500000.0,301900000.0,0.0,0.031,1.2,1966100000.0,2268000000.0,0.253,2268000000.0,1966100000.0,1918400000.0,2.41,2.37,2.41,4837700000.0,5071250000.0,4837700000.0,19985655808.0,10.0,8.812,1617400000.0,3.213,1.0,4155200000.0,0.463,2855000000.0,47700000.0,2024700000.0,2467250000.0,0.0,147700000.0,66700000.0,81000000.0,28523300000.0,27227600000.0,1295700000.0,19979955808.0,-15600000.0,-14400000.0,-866300000.0,17300000.0,-595800000.0,4696200000.0,-6492200000.0,-6256700000.0,1856500000.0,-76100000.0,1224500000.0,1224500000.0,1224500000.0,-22500000.0,0.0,0.136,2370800000.0,1784400000.0,96400000.0,0.498,4.13,16.317,16.324,721000000.0,0.0,39.34,2.226,2.206,1414900000.0,10292400000.0,8976400000.0,8976400000.0,0.0,0.043,0.241,0.797,0.219,122100000.0,2370800000.0,1.0,507878897.0,503400000.0,506100000.0,17.832,30506000000.0,0.0,693900000.0,367800000.0,60.6,1429800000.0
51,ADP,MRT,2008-09-30,2008-09-30,2008-09-30,2021-09-07,50000000.0,24176900000.0,27058125000.0,19349200000.0,4827700000.0,0.33,9.579,-259400000.0,1396400000.0,1396400000.0,4801900000.0,1215200000.0,1.07,3.973,1402100000.0,1362900000.0,39200000.0,1402100000.0,807400000.0,319800000.0,0.0,0.027,1.16,1955600000.0,2275400000.0,0.255,2275400000.0,1955600000.0,1885300000.0,2.37,2.33,2.37,4861300000.0,5156225000.0,4861300000.0,20900348782.0,11.0,9.185,1634500000.0,3.221,1.0,4121300000.0,0.462,2973900000.0,70300000.0,3128300000.0,7314675000.0,0.0,1588800000.0,1522700000.0,66100000.0,19315600000.0,18080400000.0,1235200000.0,21753948782.0,-32200000.0,-34900000.0,-926000000.0,1015300000.0,-570500000.0,-3073800000.0,1145500000.0,1420600000.0,1893900000.0,2200000.0,1215200000.0,1215200000.0,1215200000.0,-22000000.0,0.0,0.136,2352200000.0,1769100000.0,103800000.0,0.489,4.475,17.902,18.038,730800000.0,0.0,42.75,2.438,2.431,1250800000.0,10158800000.0,8923200000.0,8923200000.0,0.0,0.045,0.236,0.267,0.219,121900000.0,2352200000.0,1.0,508864299.0,507500000.0,513500000.0,17.583,21203000000.0,0.0,670100000.0,361200000.0,41.779,1268800000.0
52,ADP,MRT,2008-06-30,2008-06-30,2008-06-30,2021-09-07,276200000.0,23734400000.0,27439725000.0,18808900000.0,4925500000.0,0.318,9.755,-276900000.0,917500000.0,917500000.0,4657200000.0,1235700000.0,1.085,3.666,63900000.0,11800000.0,52100000.0,63900000.0,851700000.0,318300000.0,0.0,0.026,1.1,1963900000.0,2282200000.0,0.261,2282200000.0,1963900000.0,1883400000.0,2.37,2.34,2.37,5087200000.0,5190375000.0,5087200000.0,20129517803.0,10.0,8.82,1495300000.0,2.867,1.0,4076500000.0,0.467,3063800000.0,80500000.0,2475400000.0,11443300000.0,0.0,742800000.0,666300000.0,76500000.0,18647200000.0,17341600000.0,1305600000.0,21721717803.0,-843300000.0,15100000.0,-1265100000.0,22900000.0,-548900000.0,-5270700000.0,2613900000.0,2853000000.0,1772200000.0,41300000.0,1235700000.0,1235700000.0,1235700000.0,-80000000.0,0.0,0.141,2359100000.0,1717400000.0,126900000.0,0.464,4.27,17.578,17.679,742900000.0,0.0,41.9,2.487,2.502,1268600000.0,10029800000.0,8733700000.0,8733700000.0,0.0,0.045,0.238,0.172,0.225,122900000.0,2359100000.0,1.0,518418086.0,521500000.0,527200000.0,16.747,20670600000.0,0.0,647700000.0,428900000.0,39.637,1467300000.0
53,ADP,MRT,2008-03-31,2008-03-31,2008-03-31,2021-09-07,478100000.0,32775500000.0,28168350000.0,27820000000.0,4955500000.0,0.304,10.579,-257800000.0,1644700000.0,1644700000.0,4545500000.0,1196900000.0,1.076,4.96,52500000.0,0.0,52500000.0,52500000.0,502900000.0,322000000.0,0.0,0.025,1.04,1920500000.0,2242500000.0,0.262,2242500000.0,1920500000.0,1832300000.0,2.28,2.24,2.28,5498800000.0,5205550000.0,5498800000.0,20875697339.0,11.0,9.309,1226800000.0,2.36,1.0,4023700000.0,0.47,3079900000.0,88200000.0,2240600000.0,11184675000.0,0.0,90700000.0,31600000.0,59100000.0,27276700000.0,25862800000.0,1413900000.0,22159497339.0,-828800000.0,8100000.0,-1815800000.0,11500000.0,-528700000.0,-2675300000.0,320200000.0,554500000.0,1484600000.0,41700000.0,1196900000.0,1196900000.0,1196900000.0,-67300000.0,0.0,0.14,2322600000.0,1701100000.0,99400000.0,0.456,4.03,18.514,18.592,732600000.0,0.0,42.39,2.586,2.571,1419100000.0,9952900000.0,8569200000.0,8569200000.0,0.0,0.042,0.23,0.172,0.224,121500000.0,2322600000.0,1.0,522752945.0,519800000.0,523200000.0,16.486,29695600000.0,0.0,635400000.0,489200000.0,57.129,1957200000.0
54,ADP,MRT,2007-12-31,2007-12-31,2007-12-31,2021-09-07,317100000.0,27545700000.0,28205200000.0,3091200000.0,24454500000.0,0.295,9.898,-281300000.0,1320500000.0,1320500000.0,4388200000.0,1172200000.0,1.763,4.32,36700000.0,0.0,36700000.0,36700000.0,487800000.0,309600000.0,0.0,0.022,0.98,1874300000.0,2183900000.0,0.263,2183900000.0,1874300000.0,1787000000.0,2.18,2.15,2.18,5177600000.0,5328025000.0,5177600000.0,22392014338.0,12.0,10.253,1116600000.0,2.135,1.0,3924800000.0,0.472,3094600000.0,87300000.0,21414400000.0,17047825000.0,0.0,89000000.0,20800000.0,68200000.0,22368100000.0,1752900000.0,20615200000.0,23431214338.0,25700000.0,608700000.0,-1583000000.0,-7400000.0,-503700000.0,-743900000.0,-676900000.0,-1000100000.0,1397900000.0,48600000.0,1172200000.0,1172200000.0,1172200000.0,-86100000.0,0.0,0.141,2287100000.0,1637700000.0,96000000.0,0.45,4.525,19.989,20.427,731000000.0,0.0,44.53,2.819,2.802,1301300000.0,9684500000.0,8313000000.0,8313000000.0,0.0,0.042,0.22,0.11,0.225,123400000.0,2287100000.0,1.0,526189408.0,523100000.0,530400000.0,15.892,24451100000.0,0.0,614800000.0,347600000.0,46.743,1338300000.0
55,ADP,MRT,2007-09-30,2007-09-30,2007-09-30,2021-09-07,80800000.0,25703300000.0,29221825000.0,3078300000.0,22625000000.0,0.275,9.442,-324300000.0,1428600000.0,1428600000.0,4211800000.0,1178700000.0,1.572,4.143,389400000.0,345900000.0,43500000.0,389400000.0,485300000.0,296500000.0,0.0,0.02,0.92,1880900000.0,2177400000.0,0.271,2177400000.0,1880900000.0,1792000000.0,2.16,2.14,2.16,4997900000.0,5510250000.0,4997900000.0,22688991312.0,12.0,10.42,1082900000.0,2.046,1.0,3825400000.0,0.476,3063200000.0,88900000.0,19642800000.0,17781250000.0,0.0,448000000.0,146400000.0,301600000.0,20705400000.0,1958100000.0,18747300000.0,24391591312.0,27300000.0,301000000.0,-1519800000.0,344700000.0,-483600000.0,-2123200000.0,721700000.0,752300000.0,1407200000.0,21600000.0,1178700000.0,1178700000.0,1178700000.0,-136200000.0,0.0,0.147,2247200000.0,1578200000.0,91400000.0,0.426,4.88,20.694,21.264,722200000.0,0.0,45.93,3.035,3.025,1192200000.0,9556100000.0,8037200000.0,8037200000.0,0.0,0.04,0.214,0.106,0.234,126600000.0,2247200000.0,1.0,531060120.0,529300000.0,536200000.0,15.185,22640100000.0,0.0,613300000.0,245000000.0,42.774,1120200000.0
56,ADP,MRT,2007-06-30,2007-06-30,2007-06-30,2021-09-07,-33400000.0,26648900000.0,29348325000.0,21853400000.0,4795500000.0,0.266,9.365,-322800000.0,1746100000.0,1746100000.0,4087300000.0,1138700000.0,1.068,4.177,43500000.0,0.0,43500000.0,43500000.0,774600000.0,288800000.0,0.0,0.018,0.875,1835900000.0,2124700000.0,0.272,2124700000.0,1835900000.0,1741000000.0,2.07,2.04,2.07,5147900000.0,5722750000.0,5147900000.0,24385553809.0,13.0,11.477,975200000.0,1.774,1.0,3712700000.0,0.476,3041600000.0,94900000.0,1440900000.0,17671325000.0,0.0,138500000.0,70400000.0,68100000.0,21501000000.0,20463800000.0,1037200000.0,26815453809.0,-139900000.0,230400000.0,-1556200000.0,-1200000.0,-461300000.0,-1176700000.0,-276900000.0,-168500000.0,1298000000.0,15700000.0,1138700000.0,1138700000.0,1138700000.0,-117500000.0,0.0,0.146,2206200000.0,1506500000.0,125900000.0,0.423,5.209,23.549,23.415,723800000.0,0.0,48.47,3.438,3.416,1268400000.0,9378500000.0,7800000000.0,7800000000.0,0.0,0.039,0.199,0.104,0.235,130300000.0,2206200000.0,1.0,553238164.0,549700000.0,557900000.0,14.19,23607300000.0,0.0,602300000.0,246400000.0,42.946,1389600000.0
57,ADP,MRT,2007-03-31,2007-03-31,2007-03-31,2021-09-07,25400000.0,32922900000.0,29558625000.0,4056400000.0,28866500000.0,0.254,10.847,-370700000.0,2473500000.0,2473500000.0,4003600000.0,1647800000.0,2.298,4.498,43600000.0,0.0,43600000.0,43600000.0,479900000.0,277100000.0,0.0,0.017,0.83,2322000000.0,2599100000.0,0.346,2599100000.0,2322000000.0,2225800000.0,2.93,2.92,2.93,5988700000.0,5938675000.0,5988700000.0,25413058850.0,11.0,9.778,1079700000.0,1.956,1.0,3510000000.0,0.467,3034500000.0,96200000.0,25693200000.0,22458025000.0,0.0,313700000.0,207800000.0,105900000.0,26934200000.0,1765300000.0,25168900000.0,26633958850.0,1136300000.0,1136900000.0,-1394400000.0,-1300000.0,-441000000.0,4420700000.0,-4756800000.0,-761000000.0,1450400000.0,22000000.0,1647800000.0,1647800000.0,1647800000.0,-694900000.0,0.0,0.219,2192900000.0,1317100000.0,105900000.0,0.283,4.447,16.163,16.519,710100000.0,0.0,48.4,3.545,3.556,1120100000.0,9220200000.0,7513600000.0,7513600000.0,0.0,0.056,0.277,0.103,0.309,131800000.0,2114300000.0,1.0,550288406.0,552100000.0,558700000.0,13.609,29888400000.0,0.0,578000000.0,410800000.0,54.136,2291100000.0
58,ADP,MRT,2006-12-31,2006-12-31,2006-12-31,2021-09-07,16700000.0,31612200000.0,29488700000.0,4292100000.0,27320100000.0,0.247,10.768,-345900000.0,1294700000.0,1294700000.0,3881100000.0,1629500000.0,1.682,4.352,73800000.0,0.0,73800000.0,73800000.0,534300000.0,250300000.0,0.0,0.016,0.785,2280900000.0,2531200000.0,0.348,2531200000.0,2280900000.0,2184700000.0,2.87,2.86,2.87,5906500000.0,5952450000.0,5906500000.0,25790603270.0,11.0,10.189,1063800000.0,1.939,1.0,3388500000.0,0.466,3491700000.0,96200000.0,24348100000.0,22417525000.0,0.0,405000000.0,249400000.0,155600000.0,25705700000.0,2551500000.0,23154200000.0,27117403270.0,232200000.0,493200000.0,-1614200000.0,-1000000.0,-420700000.0,-2056600000.0,854300000.0,2743500000.0,1409700000.0,24800000.0,1629500000.0,1629500000.0,1629500000.0,-722100000.0,0.0,0.224,2115400000.0,1273100000.0,962300000.0,0.274,4.591,16.642,17.16,780600000.0,0.0,49.25,3.73,3.716,2401100000.0,9438000000.0,7269600000.0,7269600000.0,0.0,0.055,0.274,0.102,0.314,121600000.0,2059800000.0,1.0,550607173.0,548500000.0,555300000.0,13.254,28120500000.0,0.0,555200000.0,277900000.0,51.268,1740600000.0
59,ADP,MRT,2006-09-30,2006-09-30,2006-09-30,2021-09-07,16400000.0,26209300000.0,28996450000.0,4591300000.0,21618000000.0,0.256,10.552,-349600000.0,1401200000.0,1401200000.0,4033900000.0,1591500000.0,1.775,3.482,74400000.0,0.0,74400000.0,74400000.0,523800000.0,244000000.0,0.0,0.016,0.74,2219900000.0,2463900000.0,0.332,2463900000.0,2219900000.0,2156000000.0,2.78,2.77,2.78,5847900000.0,5967775000.0,5847900000.0,24474403683.0,11.0,9.933,1228400000.0,2.217,1.0,3391800000.0,0.457,3092300000.0,63900000.0,19203100000.0,21949550000.0,0.0,679400000.0,468700000.0,210700000.0,20361400000.0,2587100000.0,17774300000.0,26300703683.0,342600000.0,539200000.0,-1444400000.0,-200000.0,-407900000.0,-1887000000.0,642200000.0,-1956800000.0,1578000000.0,9400000.0,1591500000.0,1591500000.0,1591500000.0,-675100000.0,0.0,0.214,2072800000.0,1319000000.0,961600000.0,0.266,4.497,16.526,17.029,773500000.0,0.0,47.34,3.542,3.533,2413500000.0,9266600000.0,7425700000.0,7425700000.0,0.0,0.055,0.267,0.101,0.299,124300000.0,2026200000.0,1.0,555570420.0,554200000.0,559500000.0,13.399,23117000000.0,0.0,564500000.0,384000000.0,41.712,2004200000.0
60,ADP,MRT,2006-06-30,2006-06-30,2006-06-30,2021-09-07,-126300000.0,27490100000.0,28650725000.0,5482800000.0,22007300000.0,0.239,10.459,-374000000.0,1800100000.0,1800100000.0,3603700000.0,1554000000.0,2.05,3.573,74300000.0,0.0,74300000.0,74300000.0,725800000.0,246000000.0,0.0,0.016,0.71,2146100000.0,2392100000.0,0.35,2392100000.0,2146100000.0,2073300000.0,2.7,2.68,2.7,6011600000.0,5937975000.0,6011600000.0,24998805615.0,12.0,10.451,1438500000.0,2.503,1.0,3231900000.0,0.473,2502400000.0,72800000.0,20587700000.0,21696025000.0,0.0,661200000.0,327500000.0,333700000.0,21478500000.0,2674200000.0,18804300000.0,26138605615.0,925300000.0,563300000.0,-1081900000.0,-200000.0,-393900000.0,-1523100000.0,626500000.0,472600000.0,1812500000.0,9400000.0,1554000000.0,1554000000.0,1554000000.0,-712100000.0,0.0,0.227,1933700000.0,1298200000.0,125200000.0,0.263,4.348,16.82,16.796,700000000.0,0.0,45.35,3.824,3.813,967600000.0,9111400000.0,6835600000.0,6835600000.0,0.0,0.054,0.262,0.099,0.314,134800000.0,1933700000.0,1.0,576374986.0,574800000.0,580300000.0,11.892,24987700000.0,0.0,519300000.0,296800000.0,43.472,2808600000.0
61,ADP,MRT,2006-03-31,2006-03-31,2006-03-31,2021-09-07,-151300000.0,32643200000.0,28682050000.0,5024600000.0,27618600000.0,0.216,10.465,-310900000.0,1214100000.0,1214100000.0,3477900000.0,1109000000.0,1.745,4.401,74300000.0,0.0,74300000.0,74300000.0,535900000.0,203300000.0,0.0,0.015,0.68,1630200000.0,1833500000.0,0.296,1833500000.0,1630200000.0,1590900000.0,1.91,1.91,1.91,6043800000.0,5881050000.0,6043800000.0,25486731210.0,16.0,13.901,1580200000.0,2.736,1.0,2715900000.0,0.438,3092800000.0,39300000.0,25531200000.0,21852650000.0,0.0,760100000.0,406700000.0,353400000.0,26599400000.0,2879400000.0,23720000000.0,26474531210.0,268000000.0,-417500000.0,-517800000.0,-200000.0,-377200000.0,-810600000.0,-789900000.0,5537400000.0,1891100000.0,-22600000.0,1109000000.0,1109000000.0,1109000000.0,-299300000.0,0.0,0.179,1705500000.0,1010400000.0,936000000.0,0.356,4.38,23.872,23.916,742800000.0,0.0,45.68,4.274,4.259,2397800000.0,8512900000.0,6193800000.0,6193800000.0,0.0,0.039,0.189,0.075,0.263,107600000.0,1849800000.0,1.0,579565044.0,577500000.0,582800000.0,10.725,29550400000.0,0.0,481900000.0,398300000.0,51.17,2145200000.0
62,ADP,MRT,2005-12-31,2005-12-31,2005-12-31,2021-09-07,0.0,29643200000.0,28714431750.0,4431200000.0,25212000000.0,0.226,10.357,-325800000.0,1062200000.0,1062200000.0,3548800000.0,1076800000.0,1.585,3.986,74400000.0,0.0,74400000.0,74400000.0,476100000.0,217500000.0,0.0,0.014,0.65,1592700000.0,1810200000.0,0.279,1810200000.0,1592700000.0,1560400000.0,1.85,1.84,1.85,5967800000.0,5812510500.0,5967800000.0,25483334538.0,16.0,14.078,1345300000.0,2.335,1.0,2933000000.0,0.452,3382700000.0,32300000.0,22476200000.0,21935203250.0,0.0,835300000.0,508900000.0,326400000.0,23787300000.0,2796500000.0,20990800000.0,26465934538.0,-68600000.0,-394600000.0,-456700000.0,-48900000.0,-361900000.0,-826000000.0,-890500000.0,3765700000.0,1671100000.0,-23200000.0,1076800000.0,1076800000.0,1076800000.0,-262700000.0,0.0,0.166,1787000000.0,1146000000.0,1034700000.0,0.351,4.435,24.578,24.811,761900000.0,0.0,45.9,4.083,4.08,2457400000.0,8249300000.0,6481800000.0,6481800000.0,0.0,0.038,0.185,0.073,0.246,88000000.0,1840000000.0,1.0,576599881.0,576200000.0,582300000.0,11.249,26260500000.0,0.0,483600000.0,395600000.0,45.575,1634700000.0
63,ADP,MRT,2005-09-30,2005-09-30,2005-09-30,2021-09-07,-42900000.0,24826400000.0,28350976500.0,4233100000.0,20593300000.0,0.226,9.923,-263000000.0,1058700000.0,1058700000.0,3299400000.0,1067200000.0,1.672,3.334,76100000.0,0.0,76100000.0,76100000.0,467500000.0,221300000.0,0.0,0.014,0.62,1573800000.0,1795100000.0,0.28,1795100000.0,1573800000.0,1541500000.0,1.83,1.81,1.83,5728700000.0,5734691250.0,5728700000.0,23995841870.0,15.0,13.367,1309800000.0,2.269,1.0,3121900000.0,0.486,3122600000.0,32300000.0,18189000000.0,21661534250.0,0.0,876900000.0,479700000.0,397200000.0,19097700000.0,2532200000.0,16565500000.0,24895441870.0,-44800000.0,-417100000.0,-427500000.0,-600000.0,-353400000.0,-743900000.0,-884000000.0,4998700000.0,1572800000.0,10300000.0,1067200000.0,1067200000.0,1067200000.0,-260000000.0,0.0,0.166,1842500000.0,1279400000.0,862900000.0,0.339,4.346,23.328,23.519,728800000.0,0.0,43.04,3.877,3.869,2256700000.0,8096500000.0,6421300000.0,6421300000.0,0.0,0.038,0.186,0.073,0.245,51400000.0,1822400000.0,1.0,578425694.0,577300000.0,582800000.0,11.123,21703800000.0,0.0,474300000.0,518300000.0,37.595,1700900000.0
64,ADP,MRT,2005-06-30,2005-06-30,2005-06-30,2021-09-07,14100000.0,27615400000.0,28091246000.0,4869900000.0,22745500000.0,0.218,9.918,-244100000.0,853600000.0,853600000.0,3165300000.0,1055400000.0,1.702,3.775,75700000.0,0.0,75700000.0,75700000.0,462700000.0,225600000.0,0.0,0.014,0.605,1544900000.0,1770500000.0,0.289,1770500000.0,1544900000.0,1512600000.0,1.81,1.79,1.81,5783900000.0,5655899750.0,5783900000.0,23489681551.0,15.0,13.267,1189400000.0,2.039,1.0,2966000000.0,0.484,2761500000.0,32300000.0,21214200000.0,21654923000.0,0.0,1143700000.0,695800000.0,447900000.0,21831500000.0,2861800000.0,18969700000.0,24482935551.0,262400000.0,-417200000.0,-438100000.0,-700000.0,-344900000.0,-746500000.0,-437900000.0,283000000.0,1433500000.0,13300000.0,1055400000.0,1055400000.0,1055400000.0,-274800000.0,0.0,0.172,1758600000.0,1207400000.0,937900000.0,0.334,4.233,23.198,23.188,637900000.0,0.0,41.97,3.993,3.992,2273800000.0,7966000000.0,6131300000.0,6131300000.0,0.0,0.038,0.187,0.071,0.252,11800000.0,1758600000.0,1.0,583343711.0,583200000.0,590000000.0,10.513,24853900000.0,0.0,457200000.0,431200000.0,42.616,2008100000.0
65,ADP,MRT,2005-03-31,2005-03-31,2005-03-31,2021-09-07,14028000.0,32772727000.0,26467546000.0,4489340000.0,28283387000.0,0.289,9.88,-293336000.0,1069191000.0,1069191000.0,3537486000.0,1008620000.0,1.63,4.68,75937000.0,0.0,75937000.0,75937000.0,463574000.0,255780000.0,0.0,0.013,0.59,1573950000.0,1829730000.0,0.239,1829730000.0,1573950000.0,1573950000.0,1.73,1.69,1.73,5769642000.0,5564349750.0,5769642000.0,25155017667.0,16.0,13.748,976598000.0,1.672,1.0,4112402000.0,0.538,3163783000.0,0.0,25861413000.0,20297273000.0,0.0,915775000.0,492825000.0,422950000.0,27003085000.0,2754277000.0,24248808000.0,26210208667.0,213290000.0,-256371000.0,-439803000.0,-724000.0,-337740000.0,-762167000.0,-331777000.0,-15143935000.0,1269934000.0,37300000.0,1008620000.0,1008620000.0,1008620000.0,-57300000.0,0.0,0.132,2101655000.0,2010747000.0,996108000.0,0.341,4.543,25.986,25.983,658203000.0,0.0,44.95,3.426,3.432,2560746000.0,7821010000.0,7649888000.0,7649888000.0,0.0,0.038,0.181,0.078,0.206,23100000.0,1811219000.0,1.0,583096967.0,584000000.0,590500000.0,13.099,29608944000.0,0.0,565330000.0,469599000.0,50.7,1735063000.0
66,ADP,MRT,2004-12-31,2004-12-31,2004-12-31,2021-09-07,111184000.0,28189379000.0,24630734500.0,4193873000.0,23995506000.0,0.307,9.699,-335236000.0,1131117000.0,1131117000.0,3466359000.0,970470000.0,1.613,3.984,75926000.0,0.0,75926000.0,75926000.0,472263000.0,279365000.0,0.0,0.013,0.575,1524990000.0,1804355000.0,0.239,1804355000.0,1524990000.0,1524990000.0,1.66,1.62,1.66,5656523000.0,5528113750.0,5656523000.0,24808526757.0,16.0,13.749,1156222000.0,1.983,1.0,4089964000.0,0.541,3152024000.0,0.0,21381524000.0,18815049000.0,0.0,868345000.0,425354000.0,442991000.0,22532856000.0,2600640000.0,19932216000.0,25835543757.0,295588000.0,-459086000.0,-447057000.0,47868000.0,-329694000.0,-720383000.0,-511287000.0,-6835557000.0,1491458000.0,35800000.0,970470000.0,970470000.0,970470000.0,-37900000.0,0.0,0.128,2100453000.0,1989511000.0,916038000.0,0.346,4.567,26.622,26.717,650058000.0,0.0,44.35,3.419,3.423,2258151000.0,7613142000.0,7556323000.0,7556323000.0,0.0,0.039,0.176,0.081,0.202,19600000.0,1813129000.0,1.0,582537627.0,583200000.0,591100000.0,12.957,25037355000.0,0.0,554520000.0,497736000.0,42.931,1593233000.0
67,ADP,MRT,2004-09-30,2004-09-30,2004-09-30,2021-09-07,38909000.0,23787478000.0,23758420500.0,3028533000.0,20758945000.0,0.312,9.276,-338522000.0,1103525000.0,1103525000.0,3381459000.0,948950000.0,1.824,3.394,76508000.0,0.0,76508000.0,76508000.0,439065000.0,276774000.0,0.0,0.014,0.56,1492530000.0,1769304000.0,0.239,1769304000.0,1492530000.0,1492530000.0,1.62,1.58,1.62,5413534000.0,5457586250.0,5413534000.0,23500445156.0,16.0,13.282,1145058000.0,1.962,1.0,4032364000.0,0.544,2937973000.0,0.0,18162555000.0,18381941500.0,0.0,921222000.0,333335000.0,587887000.0,18373944000.0,1659933000.0,16714011000.0,24137243156.0,-248193000.0,-151055000.0,-635940000.0,-868000.0,-319792000.0,-948100000.0,-793873000.0,-4246194000.0,1483580000.0,10200000.0,948950000.0,948950000.0,948950000.0,-37900000.0,0.0,0.128,2091788000.0,1940576000.0,128514000.0,0.346,4.459,25.436,25.506,645204000.0,0.0,41.32,3.256,3.253,1186959000.0,7453521000.0,7413823000.0,7413823000.0,0.0,0.04,0.174,0.081,0.201,15800000.0,1809022000.0,1.0,584153997.0,583600000.0,590000000.0,12.704,20849505000.0,0.0,543580000.0,500893000.0,35.726,1368600000.0
68,ADP,MRT,2004-06-30,2004-06-30,2004-06-30,2021-09-07,-19500000.0,21120600000.0,22490147500.0,2761600000.0,18359000000.0,0.324,9.156,-333200000.0,713000000.0,713000000.0,3308700000.0,935600000.0,1.562,2.898,76200000.0,0.0,76200000.0,76200000.0,414800000.0,277100000.0,0.0,0.013,0.54,1472800000.0,1749900000.0,0.24,1749900000.0,1472800000.0,1472800000.0,1.58,1.56,1.58,5417700000.0,5441611000.0,5417700000.0,23954922222.0,16.0,13.689,1052200000.0,1.778,1.0,3970700000.0,0.545,2931800000.0,0.0,15783600000.0,17128529500.0,0.0,1379500000.0,416000000.0,963500000.0,15702900000.0,1768400000.0,13934500000.0,24728801222.0,-697200000.0,-150900000.0,-469200000.0,-1000000.0,-308600000.0,-770300000.0,-1318800000.0,-2084100000.0,1385400000.0,6500000.0,935600000.0,935600000.0,935600000.0,-37900000.0,0.0,0.129,2066800000.0,1903900000.0,175200000.0,0.342,4.564,26.431,26.506,642400000.0,0.0,41.88,3.397,3.404,1254800000.0,7326900000.0,7279400000.0,7279400000.0,0.0,0.042,0.172,0.086,0.202,12300000.0,1789700000.0,1.0,590468033.0,591700000.0,598700000.0,12.303,18188800000.0,0.0,537200000.0,394300000.0,30.74,993200000.0
69,ADP,MRT,2004-03-31,2004-03-31,2004-03-31,2021-09-07,157465000.0,25425481000.0,22168415250.0,2836571000.0,22588910000.0,0.33,9.514,-364484000.0,855928000.0,855928000.0,3437850000.0,940400000.0,1.553,3.52,82049000.0,0.0,82049000.0,82049000.0,426482000.0,500220000.0,0.0,0.012,0.52,1504400000.0,2004620000.0,0.274,2004620000.0,1504400000.0,1504400000.0,1.6,1.56,1.6,5624698000.0,5430054250.0,5624698000.0,24025201964.0,16.0,11.985,1106090000.0,1.871,1.0,3875355000.0,0.53,2892004000.0,0.0,19932517000.0,16647210000.0,0.0,1440901000.0,369930000.0,1070971000.0,19800783000.0,1827081000.0,17973702000.0,24776246964.0,-332740000.0,-770970000.0,-419342000.0,-886000.0,-296832000.0,-717060000.0,-1146354000.0,3503943000.0,1470574000.0,60100000.0,940400000.0,940400000.0,940400000.0,0.0,0.0,0.129,2221280000.0,1654075000.0,165001000.0,0.325,4.405,26.346,26.25,615314000.0,0.0,42.0,3.388,3.395,1256528000.0,7197543000.0,7313205000.0,7313205000.0,0.0,0.042,0.173,0.09,0.206,0.0,1869130000.0,1.0,589910642.0,591210000.0,599479000.0,12.37,22533477000.0,0.0,564000000.0,545368000.0,38.114,1009490000.0
70,ADP,MRT,2003-12-31,2003-12-31,2003-12-31,2021-09-07,101794000.0,24700123000.0,20894394750.0,2946252000.0,21753871000.0,0.345,9.083,-300432000.0,835630000.0,835630000.0,3290057000.0,969540000.0,1.769,3.596,84585000.0,0.0,84585000.0,84585000.0,420098000.0,423035000.0,0.0,0.013,0.5,1557760000.0,1980795000.0,0.275,1980795000.0,1557760000.0,1557760000.0,1.64,1.6,1.64,5374413000.0,5330843750.0,5374413000.0,22278697914.0,14.0,11.247,1144698000.0,1.935,1.0,3909707000.0,0.543,2634688000.0,0.0,19649094000.0,15582276000.0,0.0,1413642000.0,559161000.0,854481000.0,19325710000.0,1665296000.0,17660414000.0,23545695914.0,-135860000.0,-608586000.0,-385722000.0,-1108000.0,-286170000.0,-673000000.0,-968090000.0,281602000.0,1445130000.0,60100000.0,969540000.0,969540000.0,969540000.0,0.0,0.0,0.135,2121479000.0,1788228000.0,137802000.0,0.305,4.381,24.285,24.152,607336000.0,0.0,39.61,3.27,3.255,1155601000.0,6982368000.0,7199764000.0,7199764000.0,0.0,0.046,0.182,0.1,0.216,0.0,1794513000.0,1.0,594438170.0,591685000.0,597624000.0,12.168,22065435000.0,0.0,588220000.0,480155000.0,37.293,1280956000.0
71,ADP,MRT,2003-09-30,2003-09-30,2003-09-30,2021-09-07,48119000.0,18714386000.0,19470099750.0,3325867000.0,15388519000.0,0.367,8.993,-277737000.0,1351711000.0,1351711000.0,3182473000.0,1002650000.0,1.948,2.498,84713000.0,0.0,84713000.0,84713000.0,401702000.0,349426000.0,0.0,0.013,0.48,1616070000.0,1965496000.0,0.275,1965496000.0,1616070000.0,1616070000.0,1.69,1.65,1.69,5349633000.0,5232017750.0,5349633000.0,20001019796.0,12.0,10.176,1154795000.0,1.941,1.0,3957723000.0,0.554,2590947000.0,0.0,13148907000.0,14375780500.0,0.0,965459000.0,507716000.0,457743000.0,13364753000.0,1707534000.0,11657219000.0,21326563796.0,805924000.0,-618819000.0,-264135000.0,-735000.0,-286546000.0,-551416000.0,-135292000.0,1719289000.0,1432532000.0,60100000.0,1002650000.0,1002650000.0,1002650000.0,0.0,0.0,0.14,2038093000.0,1919630000.0,149354000.0,0.284,3.987,21.27,21.213,604504000.0,0.0,35.85,2.987,2.987,1104983000.0,6834299000.0,7140196000.0,7140196000.0,0.0,0.051,0.192,0.112,0.226,0.0,1737225000.0,1.0,594883230.0,594843000.0,600849000.0,12.003,16123439000.0,0.0,613420000.0,524878000.0,27.105,1618333000.0
72,ADP,MRT,2003-06-30,2003-06-30,2003-06-30,2021-09-07,158819000.0,19833671000.0,18715502000.0,3675501000.0,16158170000.0,0.382,8.951,-278500000.0,1410218000.0,1410218000.0,3096700000.0,1018200000.0,1.839,2.692,84674000.0,0.0,84674000.0,84674000.0,338763000.0,274700000.0,0.0,0.014,0.475,1645200000.0,1919900000.0,0.269,1919900000.0,1645200000.0,1645200000.0,1.7,1.68,1.7,5371473000.0,5081841000.0,5371473000.0,19142543723.0,12.0,9.971,1226500000.0,2.044,1.0,4050300000.0,0.567,2651022000.0,0.0,13858322000.0,14072786500.0,0.0,934125000.0,595166000.0,338959000.0,14462198000.0,1998783000.0,12463415000.0,20249273723.0,611400000.0,-647200000.0,-845800000.0,-400000.0,-284600000.0,-1130800000.0,177100000.0,2064000000.0,1505000000.0,60100000.0,1018200000.0,1018200000.0,1018200000.0,0.0,0.0,0.142,2033000000.0,2017300000.0,173988000.0,0.279,3.77,19.887,19.918,614701000.0,0.0,33.86,2.833,2.843,1186187000.0,6710863000.0,7147000000.0,7147000000.0,0.0,0.054,0.2,0.117,0.23,0.0,1758300000.0,1.0,598029348.0,600100000.0,605900000.0,11.91,17182649000.0,0.0,627000000.0,535926000.0,28.633,1676718000.0
73,ADP,MRT,2003-03-31,2003-03-31,2003-03-31,2021-09-07,56237000.0,20329399000.0,18326214750.0,3493566000.0,16835833000.0,0.386,8.71,-226634000.0,1188660000.0,1188660000.0,3037595000.0,1088790000.0,2.314,2.889,81930000.0,0.0,81930000.0,81930000.0,334890000.0,279077000.0,0.0,0.015,0.47,1761870000.0,2040947000.0,0.289,2040947000.0,1761870000.0,1761870000.0,1.81,1.77,1.81,5227856000.0,5017524000.0,5227856000.0,17572494204.0,10.0,8.61,1286534000.0,2.143,1.0,4036084000.0,0.571,2039848000.0,0.0,15672781000.0,14178221000.0,0.0,1535542000.0,933670000.0,601872000.0,15101543000.0,1510040000.0,13591503000.0,18461530204.0,-15306000.0,-164082000.0,-974125000.0,-451000.0,-284233000.0,-1258809000.0,-269665000.0,1433564000.0,1513168000.0,0.0,1088790000.0,1088790000.0,1088790000.0,0.0,0.0,0.154,1905505000.0,2130579000.0,148663000.0,0.26,3.531,16.956,17.011,561644000.0,0.0,30.79,2.61,2.613,1199118000.0,6565569000.0,7073679000.0,7073679000.0,0.0,0.059,0.217,0.124,0.249,0.0,1650105000.0,1.0,599595005.0,600217000.0,605340000.0,11.785,18289551000.0,0.0,673080000.0,528723000.0,30.472,1983526000.0
74,ADP,MRT,2002-12-31,2002-12-31,2002-12-31,2021-09-07,17728000.0,19002943000.0,18050923000.0,2893354000.0,16109589000.0,0.388,8.325,-243636000.0,971482000.0,971482000.0,3013507000.0,1111660000.0,2.164,2.817,82446000.0,0.0,82446000.0,82446000.0,243975000.0,279077000.0,0.0,0.012,0.465,1800720000.0,2079797000.0,0.297,2079797000.0,1800720000.0,1800720000.0,1.83,1.79,1.83,4979109000.0,4959805250.0,4979109000.0,23043738265.0,13.0,11.08,1192183000.0,1.993,1.0,3993109000.0,0.57,1953915000.0,0.0,14823112000.0,14008342250.0,0.0,1490425000.0,593023000.0,897402000.0,14023834000.0,1336880000.0,12686954000.0,23505737265.0,-355485000.0,-129237000.0,-951275000.0,-50125000.0,-283762000.0,-1285162000.0,-506142000.0,482044000.0,1435819000.0,0.0,1111660000.0,1111660000.0,1111660000.0,0.0,0.0,0.159,1862015000.0,2131094000.0,126505000.0,0.254,4.721,21.145,21.448,569108000.0,0.0,39.25,3.355,3.35,1163902000.0,6307973000.0,7006616000.0,7006616000.0,0.0,0.062,0.224,0.129,0.257,0.0,1606529000.0,1.0,598872287.0,598064000.0,604791000.0,11.715,17049028000.0,0.0,689060000.0,507869000.0,28.507,1556474000.0
75,ADP,MRT,2002-09-30,2002-09-30,2002-09-30,2021-09-07,-7657000.0,15695995000.0,17705507750.0,2501783000.0,13194212000.0,0.394,7.826,-258091000.0,545779000.0,545779000.0,3002761000.0,1114570000.0,1.817,2.305,83780000.0,0.0,83780000.0,83780000.0,137666000.0,279077000.0,0.0,0.013,0.46,1807170000.0,2086247000.0,0.299,2086247000.0,1807170000.0,1807170000.0,1.82,1.78,1.82,4748926000.0,4931795250.0,4748926000.0,20295273494.0,11.0,9.728,1129558000.0,1.861,1.0,3979085000.0,0.57,1920510000.0,0.0,11936931000.0,13647933750.0,0.0,1704882000.0,623988000.0,1080894000.0,10947069000.0,1376555000.0,9570514000.0,21003435494.0,-869328000.0,-162673000.0,-864146000.0,-3081000.0,-282251000.0,-1149478000.0,-1107499000.0,-696609000.0,1387649000.0,0.0,1114570000.0,1114570000.0,1114570000.0,0.0,0.0,0.16,1868184000.0,2110901000.0,134726000.0,0.253,4.423,18.844,19.104,582328000.0,0.0,34.77,3.008,3.022,1156090000.0,6118356000.0,6981846000.0,6981846000.0,0.0,0.063,0.226,0.132,0.259,0.0,1598082000.0,1.0,604067745.0,606814000.0,,11.506,13775485000.0,0.0,692600000.0,550069000.0,22.701,1125228000.0
76,ADP,MRT,2002-06-30,2002-06-30,2002-06-30,2021-09-07,-118313000.0,18276522000.0,17947525750.0,2817257000.0,15459265000.0,0.39,8.264,-255420000.0,798810000.0,798810000.0,2970645000.0,1100770000.0,1.996,2.574,90648000.0,0.0,90648000.0,90648000.0,138893000.0,279077000.0,0.0,0.008,0.345,1786970000.0,2066047000.0,0.295,2066047000.0,1786970000.0,1786970000.0,1.78,1.75,1.78,5114205000.0,4887108750.0,5114205000.0,25894185960.0,14.0,12.533,1276284000.0,2.062,1.0,4033618000.0,0.576,1877198000.0,0.0,14280060000.0,13737974250.0,0.0,1950773000.0,677005000.0,1273768000.0,13162317000.0,1411102000.0,11751215000.0,27007151960.0,-476546000.0,-212583000.0,-647336000.0,-3561000.0,-276860000.0,-927757000.0,-1080493000.0,-618776000.0,1531704000.0,0.0,1100770000.0,1100770000.0,1100770000.0,0.0,0.0,0.157,1885767000.0,2147851000.0,148694000.0,0.194,5.281,24.535,24.466,596451000.0,0.0,43.55,3.856,3.848,1237939000.0,5977318000.0,7004263000.0,7004263000.0,0.0,0.061,0.225,0.13,0.255,0.0,1606690000.0,1.0,620141262.0,618857000.0,630579000.0,11.318,16399324000.0,0.0,686200000.0,464652000.0,26.499,1406155000.0
77,ADP,MRT,2002-03-31,2002-03-31,2002-03-31,2021-09-07,-234859000.0,19228232000.0,17850667750.0,2989461000.0,16238771000.0,0.388,8.058,-269611000.0,1203966000.0,1203966000.0,2949578000.0,1068460000.0,2.185,2.848,91000000.0,0.0,91000000.0,91000000.0,93720000.0,320856000.0,0.0,0.006,0.333,1742050000.0,2062906000.0,0.298,2062906000.0,1742050000.0,1742050000.0,1.73,1.69,1.73,4996981000.0,4783806750.0,4996981000.0,34911176624.0,20.0,16.923,1385021000.0,2.233,1.0,3983121000.0,0.575,1754115000.0,0.0,14993266000.0,13614528750.0,0.0,1627467000.0,511120000.0,1116347000.0,14231251000.0,1367885000.0,12863366000.0,36143248624.0,38222000.0,-169334000.0,-554025000.0,-3599000.0,-269881000.0,-827505000.0,-788905000.0,-342228000.0,1654632000.0,0.0,1068460000.0,1068460000.0,1068460000.0,0.0,0.0,0.154,1859108000.0,2124013000.0,155105000.0,0.192,7.233,33.827,33.682,590338000.0,0.0,58.27,5.213,5.212,1256985000.0,5761014000.0,6932699000.0,6932699000.0,0.0,0.06,0.223,0.128,0.251,0.0,1620621000.0,1.0,620271986.0,620118000.0,,11.18,17474117000.0,0.0,673590000.0,382777000.0,28.179,1621576000.0
78,ADP,MRT,2001-12-31,2001-12-31,2001-12-31,2021-09-07,-150604000.0,17621282000.0,18003905500.0,2939165000.0,14682117000.0,0.384,7.893,-261512000.0,1326967000.0,1326967000.0,2931386000.0,1005080000.0,2.322,2.621,94895000.0,0.0,94895000.0,94895000.0,83921000.0,320856000.0,0.0,0.005,0.32,1645600000.0,1966456000.0,0.285,1966456000.0,1645600000.0,1645600000.0,1.62,1.58,1.62,4867069000.0,4693173750.0,4867069000.0,35008902780.0,21.0,17.803,1396702000.0,2.265,1.0,3974337000.0,0.576,1742199000.0,0.0,13381478000.0,13834916750.0,0.0,1304279000.0,407802000.0,896477000.0,12754213000.0,1265533000.0,11488680000.0,36317751780.0,32753000.0,-149727000.0,-1168909000.0,41436000.0,-262984000.0,-1390457000.0,-235004000.0,191860000.0,1658214000.0,0.0,1005080000.0,1005080000.0,1005080000.0,0.0,0.0,0.146,1947816000.0,2026521000.0,150115000.0,0.198,7.462,36.134,36.358,603088000.0,0.0,58.9,5.259,5.259,1143094000.0,5480074000.0,6905723000.0,6905723000.0,0.0,0.056,0.214,0.119,0.238,0.0,1669505000.0,1.0,616600200.0,616600200.0,,11.2,15879083000.0,0.0,640520000.0,369686000.0,25.753,1673632000.0
79,ADP,MRT,2001-09-30,2001-09-30,2001-09-30,2021-09-07,-118178000.0,16664067000.0,18862954750.0,2946481000.0,13717586000.0,0.364,7.37,-268008000.0,1415107000.0,1415107000.0,2916518000.0,947920000.0,2.193,2.646,106258000.0,0.0,106258000.0,106258000.0,86518000.0,320856000.0,0.0,0.007,0.307,1558600000.0,1879456000.0,0.274,1879456000.0,1558600000.0,1558600000.0,1.52,1.48,1.52,4570180000.0,4744723750.0,4570180000.0,28006263985.0,18.0,14.901,1268062000.0,2.045,1.0,3945236000.0,0.575,1714603000.0,0.0,12297093000.0,14754515500.0,0.0,964368000.0,333524000.0,630844000.0,12093887000.0,1343522000.0,10750365000.0,29171392985.0,89734000.0,-128076000.0,-1153178000.0,-21288000.0,-257264000.0,-1431730000.0,-14606000.0,409680000.0,1536070000.0,0.0,947920000.0,947920000.0,947920000.0,0.0,0.0,0.138,1995349000.0,1949887000.0,156260000.0,0.202,6.383,30.774,30.947,609431000.0,0.0,47.04,4.251,4.251,1156091000.0,5286034000.0,6861754000.0,6861754000.0,0.0,0.05,0.2,0.106,0.227,0.0,1686574000.0,1.0,620140157.0,620140157.0,,11.065,14949464000.0,0.0,610680000.0,469973000.0,24.107,1602959000.0
80,ADP,MRT,2001-06-30,2001-06-30,2001-06-30,2021-09-07,-232964000.0,17889090000.0,18867256750.0,3083460000.0,14805630000.0,0.363,7.473,-282854000.0,1275356000.0,1275356000.0,2900124000.0,924720000.0,2.308,2.805,110227000.0,0.0,110227000.0,110227000.0,85931000.0,320856000.0,0.0,0.008,0.395,1525010000.0,1845866000.0,0.269,1845866000.0,1525010000.0,1525010000.0,1.47,1.44,1.47,4700997000.0,4782154000.0,4700997000.0,29972020302.0,20.0,16.237,1208170000.0,1.921,1.0,3953528000.0,0.577,1601410000.0,0.0,13786278000.0,14842273500.0,0.0,1321608000.0,515245000.0,806363000.0,13188093000.0,1336273000.0,11851820000.0,31024628302.0,47719000.0,-72767000.0,-716886000.0,-22132000.0,-248453000.0,-987471000.0,-455834000.0,-67946000.0,1491024000.0,0.0,924720000.0,924720000.0,924720000.0,0.0,0.0,0.135,1986303000.0,1967225000.0,156324000.0,0.269,6.6,33.55,33.81,614650000.0,0.0,49.7,4.527,4.562,1201602000.0,5153408000.0,6853652000.0,6853652000.0,0.0,0.049,0.193,0.103,0.223,0.0,1665447000.0,1.0,624237994.0,629035000.0,645989000.0,10.896,16287680000.0,0.0,600290000.0,355604000.0,25.893,1747187000.0
81,ADP,MRT,2001-03-31,2001-03-31,2001-03-31,2021-09-07,-192878000.0,19841183000.0,18607688250.0,2941306000.0,16899877000.0,0.356,7.294,-253565000.0,1165744000.0,1165744000.0,2829054000.0,893510000.0,2.243,3.281,113136000.0,0.0,113136000.0,113136000.0,93099000.0,284282000.0,0.0,0.007,0.38,1443677000.0,1727959000.0,0.261,1727959000.0,1443677000.0,1453670000.0,1.42,1.39,1.42,4634449000.0,4752609250.0,4634449000.0,33385440894.0,23.0,19.321,948172000.0,1.492,1.0,3786975000.0,0.572,1602310000.0,-9993000.0,15874818000.0,14609791500.0,0.0,1308983000.0,467281000.0,841702000.0,15206734000.0,1311447000.0,13895287000.0,34550612894.0,-262874000.0,-181704000.0,-526086000.0,-88751000.0,-239433000.0,-854270000.0,-610341000.0,-164225000.0,1201737000.0,0.0,893510000.0,893510000.0,893510000.0,0.0,0.0,0.135,2000464000.0,1786511000.0,134076000.0,0.268,7.455,38.668,38.296,604991000.0,0.0,54.38,5.222,5.222,1188501000.0,4962435000.0,6616029000.0,6616029000.0,0.0,0.048,0.188,0.099,0.218,0.0,1682232000.0,1.0,635355147.0,635355147.0,,10.413,18238873000.0,0.0,560160000.0,348123000.0,28.707,1629859000.0
82,ADP,MRT,2000-12-31,2000-12-31,2000-12-31,2021-09-07,-218889000.0,21057479000.0,15198140500.0,3191235000.0,17866244000.0,0.426,8.038,-279512000.0,1294214000.0,1294214000.0,2736689000.0,875940000.0,2.636,3.151,129042000.0,4411000.0,124631000.0,129042000.0,95197000.0,284282000.0,0.0,0.006,0.365,1386543000.0,1670825000.0,0.258,1670825000.0,1386543000.0,1393720000.0,1.39,1.36,1.39,5073269000.0,4680139000.0,5073269000.0,38786919792.0,28.0,23.214,872111000.0,1.382,1.0,3739466000.0,0.577,1621888000.0,-7177000.0,17059873000.0,11180005750.0,0.0,1503928000.0,595135000.0,908793000.0,15984210000.0,1210546000.0,14773664000.0,39958534792.0,194665000.0,-209037000.0,-3406000.0,-93445000.0,-230200000.0,-327051000.0,-629907000.0,-130609000.0,1151623000.0,0.0,875940000.0,875940000.0,875940000.0,0.0,0.0,0.135,2000378000.0,1739088000.0,130932000.0,0.263,7.876,45.618,45.547,611933000.0,0.0,63.31,6.17,6.17,1173831000.0,4737978000.0,6476155000.0,6476155000.0,0.0,0.058,0.187,0.124,0.214,0.0,1689209000.0,1.0,631156765.0,631156765.0,,10.261,19435591000.0,0.0,517780000.0,297087000.0,30.794,1980689000.0
83,ADP,MRT,2000-09-30,2000-09-30,2000-09-30,2021-09-07,-281868000.0,16681275000.0,11466979750.0,2996924000.0,13684351000.0,0.547,7.49,-268466000.0,1325373000.0,1325373000.0,2673365000.0,868000000.0,2.339,2.534,153758000.0,20228000.0,133530000.0,153758000.0,90555000.0,284282000.0,0.0,0.005,0.35,1350485000.0,1634767000.0,0.261,1634767000.0,1350485000.0,1354020000.0,1.38,1.35,1.38,4719901000.0,4492449000.0,4719901000.0,41068792145.0,30.0,25.122,897422000.0,1.424,1.0,3596183000.0,0.574,1580189000.0,-3535000.0,12648125000.0,7537519750.0,0.0,1360222000.0,540641000.0,819581000.0,11961374000.0,1281346000.0,10680028000.0,42142889145.0,371573000.0,-183355000.0,-10200000.0,-87551000.0,-220114000.0,-317865000.0,-476450000.0,-18069000.0,1165888000.0,0.0,868000000.0,868000000.0,868000000.0,0.0,0.0,0.138,1973599000.0,1622584000.0,124830000.0,0.254,8.929,48.552,48.464,613048000.0,0.0,66.88,6.722,6.722,1084295000.0,4595381000.0,6269548000.0,6269548000.0,0.0,0.076,0.193,0.179,0.215,0.0,1673407000.0,1.0,630126931.0,630126931.0,,9.95,15101086000.0,0.0,486020000.0,319806000.0,23.965,1715578000.0
84,ADP,MRT,2000-06-30,2000-06-30,2000-06-30,2021-09-07,-229434000.0,16850816000.0,8783342250.0,3064452000.0,13786364000.0,0.702,7.312,-233315000.0,1227637000.0,1227637000.0,2564496000.0,840800000.0,2.363,2.677,153540000.0,21523000.0,132017000.0,153540000.0,95361000.0,284282000.0,0.0,0.006,0.339,1289600000.0,1573882000.0,0.255,1573882000.0,1289600000.0,1289600000.0,1.34,1.31,1.34,4582818000.0,4336059000.0,4582818000.0,32344614136.0,25.0,20.551,836786000.0,1.335,1.0,3603936000.0,0.584,1623701000.0,0.0,12856350000.0,4971657500.0,0.0,1224912000.0,596792000.0,628120000.0,12267998000.0,1296668000.0,10971330000.0,33593283136.0,366357000.0,-160614000.0,-28418000.0,-92150000.0,-212578000.0,-333146000.0,-370598000.0,34995000.0,1070101000.0,0.0,840800000.0,840800000.0,840800000.0,0.0,0.0,0.136,1927642000.0,1676294000.0,129436000.0,0.253,7.33,39.954,39.97,597269000.0,0.0,53.56,5.446,5.442,1144563000.0,4477141000.0,6168432000.0,6168432000.0,0.0,0.096,0.194,0.259,0.209,0.0,1643360000.0,1.0,627208423.0,626766000.0,646098000.0,9.842,15227115000.0,0.0,448800000.0,253044000.0,24.295,1767784000.0
85,ADP,MRT,2000-03-31,2000-03-31,2000-03-31,2021-09-07,-223941000.0,6202992000.0,7780526500.0,3027912000.0,3175080000.0,0.798,6.893,-223621000.0,1428618000.0,1428618000.0,2477639000.0,808799000.0,2.269,0.428,179949000.0,41474000.0,138475000.0,179949000.0,102844000.0,272807000.0,0.0,0.007,0.327,1247353000.0,1520160000.0,0.245,1520160000.0,1247353000.0,1233523000.0,1.29,1.26,1.29,4344568000.0,4192339750.0,4344568000.0,29501975601.0,24.0,19.407,828597000.0,1.315,1.0,3727844000.0,0.601,1464042000.0,13830000.0,2155675000.0,4100625750.0,0.0,1117206000.0,498288000.0,618918000.0,1858424000.0,1334606000.0,523818000.0,30410287601.0,456013000.0,23217000.0,-57636000.0,-39786000.0,-204842000.0,-302264000.0,-293941000.0,-77882000.0,1052218000.0,0.0,808799000.0,808799000.0,808799000.0,0.0,0.0,0.13,1855443000.0,1872401000.0,103155000.0,0.253,7.0,37.599,37.403,579425000.0,0.0,48.25,4.901,4.901,1139483000.0,4308357000.0,6205483000.0,6205483000.0,0.0,0.104,0.193,0.304,0.201,0.0,1580478000.0,1.0,630265028.0,630265028.0,,9.846,4738950000.0,0.0,424724000.0,267559000.0,7.519,1693306000.0
86,ADP,MRT,1999-12-31,1999-12-31,1999-12-31,2021-09-07,-196388000.0,6132836000.0,7671013250.0,2650699000.0,3482137000.0,0.769,6.915,-218168000.0,1099549000.0,1099549000.0,2426938000.0,763139000.0,2.075,0.419,191237000.0,50446000.0,140791000.0,191237000.0,100914000.0,272807000.0,0.0,0.006,0.316,1184567000.0,1457374000.0,0.247,1457374000.0,1184567000.0,1169673000.0,1.23,1.2,1.23,4322509000.0,4083947500.0,4322509000.0,32928140980.0,28.0,22.594,703486000.0,1.125,1.0,3474367000.0,0.589,1457119000.0,14894000.0,2489929000.0,4091197250.0,0.0,1381457000.0,430171000.0,951286000.0,1810327000.0,1277476000.0,532851000.0,33680820980.0,389443000.0,154156000.0,126948000.0,-43816000.0,-196787000.0,-113655000.0,-418556000.0,-353958000.0,921654000.0,0.0,763139000.0,763139000.0,763139000.0,0.0,0.0,0.129,1802389000.0,1671978000.0,124667000.0,0.257,7.792,44.135,43.805,559828000.0,0.0,53.88,5.707,5.707,1111451000.0,4092238000.0,5901305000.0,5901305000.0,0.0,0.099,0.187,0.29,0.201,0.0,1534876000.0,1.0,625108036.0,625108036.0,,9.44,4675717000.0,0.0,406534000.0,248977000.0,7.48,1373223000.0
87,ADP,MRT,1999-09-30,1999-09-30,1999-09-30,2021-09-07,-172832000.0,5946725000.0,7462605000.0,2443872000.0,3502853000.0,0.766,6.555,-228423000.0,953800000.0,953800000.0,2373954000.0,717616000.0,1.847,0.452,201120000.0,60185000.0,140935000.0,201120000.0,106951000.0,272807000.0,0.0,0.007,0.305,1137819000.0,1410626000.0,0.247,1410626000.0,1137819000.0,1120915000.0,1.16,1.13,1.16,4094341000.0,3933918750.0,4094341000.0,27226923110.0,24.0,19.301,614657000.0,0.984,1.0,3345061000.0,0.585,1486310000.0,16904000.0,2384676000.0,4013004750.0,0.0,1365029000.0,419082000.0,945947000.0,1852384000.0,1323059000.0,529325000.0,27875486110.0,55575000.0,175852000.0,26117000.0,-233087000.0,-188619000.0,-395589000.0,-391916000.0,-340449000.0,843080000.0,0.0,717616000.0,717616000.0,717616000.0,0.0,0.0,0.125,1723603000.0,1621458000.0,103026000.0,0.263,6.808,38.845,38.474,564378000.0,0.0,44.63,4.874,4.874,1043832000.0,3947496000.0,5719015000.0,5719015000.0,0.0,0.096,0.182,0.284,0.199,0.0,1454824000.0,1.0,624590771.0,624590771.0,,9.156,4460415000.0,0.0,403299000.0,283341000.0,7.141,1120813000.0
88,ADP,MRT,1999-06-30,1999-06-30,1999-06-30,2021-09-07,-135467000.0,12839553000.0,7326083250.0,2194257000.0,10645296000.0,0.756,6.51,-240060000.0,861280000.0,861280000.0,2376172000.0,696840000.0,1.706,2.204,212717000.0,66952000.0,145765000.0,212717000.0,114404000.0,272807000.0,0.0,0.007,0.295,1103590000.0,1376397000.0,0.248,1376397000.0,1103590000.0,1084500000.0,1.13,1.1,1.13,4007941000.0,3796675000.0,4007941000.0,26478771732.0,24.0,19.238,613801000.0,0.997,1.0,3163969000.0,0.571,1532374000.0,19090000.0,9372223000.0,3913290750.0,0.0,1307760000.0,231214000.0,1076546000.0,8831612000.0,1286393000.0,7545219000.0,27224841732.0,98217000.0,168718000.0,14994000.0,-197445000.0,-181133000.0,-363584000.0,-392060000.0,-331308000.0,853861000.0,0.0,696840000.0,696840000.0,696840000.0,0.0,0.0,0.126,1651833000.0,1512136000.0,130456000.0,0.261,6.793,39.069,38.938,579294000.0,0.0,44.0,4.914,4.889,1074249000.0,3848421000.0,5540141000.0,5540141000.0,0.0,0.095,0.184,0.282,0.199,0.0,1379026000.0,1.0,618746403.0,615630000.0,636892000.0,8.999,11307179000.0,0.0,387660000.0,274895000.0,18.367,907864000.0
89,ADP,MRT,1999-03-31,1999-03-31,1999-03-31,2021-09-07,-87756000.0,5764939000.0,5426911750.0,2311122000.0,3453817000.0,0.988,6.422,-280859000.0,972605000.0,972605000.0,2342159000.0,668899000.0,1.747,0.474,226535000.0,80227000.0,146308000.0,226535000.0,106691000.0,247625000.0,0.0,0.007,0.285,1051937000.0,1299562000.0,0.242,1299562000.0,1051937000.0,1031993000.0,1.09,1.06,1.09,3910999000.0,3654551500.0,3910999000.0,24758141885.0,24.0,19.051,512659000.0,0.842,1.0,3019376000.0,0.563,1577657000.0,19944000.0,2117961000.0,2069488750.0,0.0,1008669000.0,194316000.0,814353000.0,1853940000.0,1323251000.0,530689000.0,25202198885.0,97242000.0,15248000.0,44818000.0,-117828000.0,-174499000.0,-246311000.0,-449965000.0,-210563000.0,793518000.0,0.0,668899000.0,668899000.0,668899000.0,0.0,0.0,0.125,1601162000.0,1418214000.0,91659000.0,0.261,6.444,37.677,37.963,575490000.0,0.0,41.38,4.701,4.701,1091697000.0,3743435000.0,5361535000.0,5361535000.0,0.0,0.123,0.183,0.508,0.196,0.0,1329074000.0,1.0,609042989.0,609042989.0,,8.803,4187282000.0,0.0,363094000.0,341287000.0,6.875,987871000.0
90,ADP,MRT,1998-12-31,1998-12-31,1998-12-31,2021-09-07,-45608000.0,5299203000.0,5222819500.0,1853102000.0,3446101000.0,1.002,6.161,-292266000.0,699283000.0,699283000.0,2288671000.0,635262000.0,1.832,0.424,255226000.0,89430000.0,165796000.0,255226000.0,107612000.0,247625000.0,0.0,0.007,0.276,982660000.0,1230285000.0,0.235,1230285000.0,982660000.0,961872000.0,1.04,1.01,1.04,3722394000.0,3487356250.0,3722394000.0,23806751715.0,24.0,19.351,444296000.0,0.735,1.0,2944211000.0,0.563,1666729000.0,20788000.0,2177159000.0,1995089250.0,0.0,978586000.0,196712000.0,781874000.0,1576809000.0,1011258000.0,565551000.0,24225582715.0,6158000.0,-84988000.0,14445000.0,-97190000.0,-166896000.0,-251486000.0,-478918000.0,-124071000.0,736562000.0,0.0,635262000.0,635262000.0,635262000.0,0.0,0.0,0.121,1559632000.0,1384579000.0,71298000.0,0.265,6.508,38.135,38.553,562205000.0,0.0,40.095,4.629,4.629,953828000.0,3579591000.0,5232882000.0,5232882000.0,0.0,0.122,0.182,0.493,0.188,0.0,1290707000.0,1.0,604204582.0,604204582.0,,8.661,3632474000.0,0.0,326610000.0,249196000.0,6.012,841844000.0
91,ADP,MRT,1998-09-30,1998-09-30,1998-09-30,2021-09-07,-70683000.0,5400638000.0,5071768750.0,1982889000.0,3417749000.0,1.0,5.847,-304544000.0,893800000.0,893800000.0,2218079000.0,628675000.0,1.523,0.523,474969000.0,298084000.0,176885000.0,474969000.0,107865000.0,247625000.0,0.0,0.007,0.266,944409000.0,1192034000.0,0.235,1192034000.0,944409000.0,921970000.0,1.04,1.01,1.04,3545366000.0,3315062750.0,3545366000.0,22343875412.0,24.0,18.744,466112000.0,0.769,1.0,2852633000.0,0.563,1693886000.0,22439000.0,1985820000.0,1919912000.0,0.0,980222000.0,173823000.0,806399000.0,1855272000.0,1302101000.0,553171000.0,22664241412.0,215676000.0,-132492000.0,82226000.0,79507000.0,-159320000.0,568000.0,-555548000.0,-138375000.0,770656000.0,0.0,628675000.0,628675000.0,628675000.0,0.0,0.0,0.124,1520666000.0,1331967000.0,117102000.0,0.256,6.393,36.051,35.938,581305000.0,0.0,37.375,4.47,4.47,913644000.0,3457791000.0,5070712000.0,5070712000.0,0.0,0.124,0.19,0.492,0.186,0.0,1262361000.0,1.0,606401108.0,606401108.0,,8.362,3706752000.0,0.0,293295000.0,232307000.0,6.113,680788000.0
92,ADP,MRT,1998-06-30,1998-06-30,1998-06-30,2021-09-07,-101620000.0,5242867000.0,4855630750.0,1880534000.0,3362333000.0,1.014,5.725,-297966000.0,763063000.0,763063000.0,2149343000.0,608262000.0,1.499,0.524,431874000.0,239811000.0,192063000.0,431874000.0,105347000.0,247625000.0,0.0,0.007,0.257,915100000.0,1162725000.0,0.236,1162725000.0,915100000.0,890717000.0,1.01,0.98,1.01,3439447000.0,3103356000.0,3439447000.0,21476524120.0,23.0,18.471,485387000.0,0.808,1.0,2776613000.0,0.564,1660192000.0,24383000.0,1997015000.0,1898649500.0,0.0,910208000.0,144936000.0,765272000.0,1803420000.0,1254471000.0,548949000.0,21938733120.0,151268000.0,-279265000.0,40204000.0,113305000.0,-152888000.0,-1224000.0,-630861000.0,-67264000.0,783353000.0,0.0,608262000.0,608262000.0,608262000.0,0.0,0.0,0.123,1487089000.0,1289524000.0,126207000.0,0.254,6.379,36.068,36.079,590314000.0,0.0,36.44,4.454,4.444,929555000.0,3372247000.0,4925956000.0,4925956000.0,0.0,0.125,0.196,0.482,0.186,0.0,1239464000.0,1.0,602050854.0,600803000.0,628196000.0,8.199,3582675000.0,0.0,282455000.0,201663000.0,5.963,626063000.0
93,ADP,MRT,1998-03-31,1998-03-31,1998-03-31,2021-09-07,-99873000.0,4948570000.0,4640607000.0,2046274000.0,2902296000.0,1.01,5.423,-260527000.0,871040000.0,871040000.0,2007426000.0,574267000.0,1.667,0.526,408831000.0,185235000.0,223596000.0,408831000.0,105646000.0,224910000.0,0.0,0.007,0.248,852809000.0,1077719000.0,0.23,1077719000.0,852809000.0,826458000.0,0.965,0.93,0.965,3242218000.0,2908635500.0,3242218000.0,20102223246.0,24.0,18.653,462567000.0,0.774,1.0,2681206000.0,0.572,1438204000.0,26351000.0,1820363000.0,1896362000.0,0.0,833839000.0,233651000.0,600188000.0,1706352000.0,1227794000.0,478558000.0,20345028246.0,338091000.0,-166071000.0,-6641000.0,77012000.0,-145755000.0,-82347000.0,-302656000.0,75741000.0,723094000.0,0.0,574267000.0,574267000.0,574267000.0,0.0,0.0,0.122,1257997000.0,1423209000.0,110127000.0,0.257,6.275,35.428,35.264,539112000.0,0.0,34.03,4.339,4.339,912518000.0,3253465000.0,4688632000.0,4688632000.0,0.0,0.124,0.197,0.45,0.182,0.0,1236720000.0,1.0,597855664.0,597855664.0,,7.842,3510366000.0,0.0,252191000.0,142070000.0,5.872,818480000.0
94,ADP,MRT,1997-12-31,1997-12-31,1997-12-31,2021-09-07,-90397000.0,4695000000.0,4474295750.0,1901062000.0,2793938000.0,1.0,5.185,-205103000.0,686049000.0,686049000.0,1890009000.0,547184000.0,1.661,0.548,443244000.0,184657000.0,258587000.0,443244000.0,99728000.0,224910000.0,0.0,0.008,0.239,810486000.0,1035396000.0,0.231,1035396000.0,810486000.0,781609000.0,0.925,0.895,0.925,3033220000.0,2744043750.0,3033220000.0,17901762673.0,22.0,17.29,545449000.0,0.932,1.0,2583657000.0,0.578,1431042000.0,28877000.0,1876450000.0,1927866500.0,0.0,913553000.0,340215000.0,573338000.0,1661780000.0,1144703000.0,517077000.0,17953174673.0,242193000.0,-190806000.0,-42030000.0,67434000.0,-140086000.0,-118602000.0,-389757000.0,-32281000.0,750552000.0,0.0,547184000.0,547184000.0,547184000.0,0.0,0.0,0.122,1296727000.0,1286930000.0,110532000.0,0.258,5.919,32.81,33.178,527143000.0,0.0,30.69,4.013,4.013,840905000.0,3102398000.0,4473666000.0,4473666000.0,0.0,0.122,0.199,0.42,0.181,0.0,1203674000.0,1.0,584984512.0,584984512.0,,7.647,3263958000.0,0.0,234425000.0,122544000.0,5.58,756359000.0
95,ADP,MRT,1997-09-30,1997-09-30,1997-09-30,2021-09-07,-82176000.0,4536086000.0,4331493000.0,1820536000.0,2715550000.0,0.998,4.615,-201573000.0,664650000.0,664650000.0,1817822000.0,527374000.0,1.545,0.681,613238000.0,207721000.0,405517000.0,613238000.0,99665000.0,224910000.0,0.0,0.009,0.23,776323000.0,1001233000.0,0.232,1001233000.0,776323000.0,747779000.0,0.895,0.87,0.895,2698539000.0,2617393500.0,2698539000.0,14558510450.0,19.0,14.541,512135000.0,0.876,1.0,2503393000.0,0.579,1405298000.0,28544000.0,1900770000.0,1957319750.0,0.0,899532000.0,376643000.0,522889000.0,1837547000.0,1178606000.0,658941000.0,14617667450.0,280379000.0,-211041000.0,-47164000.0,131203000.0,-134502000.0,-55105000.0,-378224000.0,-4043000.0,713708000.0,0.0,527374000.0,527374000.0,527374000.0,0.0,0.0,0.122,1341987000.0,1161406000.0,112918000.0,0.257,5.417,27.718,27.933,525027000.0,0.0,25.0,3.383,3.383,771019000.0,2994021000.0,4321215000.0,4321215000.0,0.0,0.122,0.201,0.397,0.18,0.0,1178778000.0,1.0,584706698.0,584706698.0,,7.39,3130788000.0,0.0,220405000.0,159537000.0,5.354,641930000.0
96,ADP,MRT,1997-06-30,1997-06-30,1997-06-30,2021-09-07,-75786000.0,4382772000.0,4382772000.0,1805322000.0,2577450000.0,0.957,4.524,-193182000.0,590578000.0,590578000.0,1765959000.0,515244000.0,1.77,0.647,530330000.0,129168000.0,401162000.0,530330000.0,106737000.0,224910000.0,0.0,0.009,0.223,754663000.0,979573000.0,0.234,979573000.0,754663000.0,726439000.0,0.88,0.85,0.88,2660565000.0,2660565000.0,2660565000.0,13755695719.0,18.0,14.043,486365000.0,0.827,1.0,2427488000.0,0.579,1314787000.0,28224000.0,1987865000.0,1988410500.0,0.0,904505000.0,434341000.0,470164000.0,1722207000.0,1019872000.0,702335000.0,13763121719.0,294606000.0,-78694000.0,-29465000.0,44360000.0,-129814000.0,-118839000.0,-266102000.0,-32659000.0,679547000.0,0.0,515244000.0,515244000.0,515244000.0,0.0,0.0,0.123,1375031000.0,1052457000.0,110266000.0,0.253,5.173,26.712,26.705,519345000.0,0.0,23.5,3.282,3.296,781839000.0,2922317000.0,4193447000.0,4193447000.0,0.0,0.118,0.194,0.38,0.18,0.0,1150121000.0,1.0,585664754.0,588112000.0,620117000.0,7.13,3067985000.0,0.0,211195000.0,164230000.0,5.217,785450000.0
97,ADP,MRT,1997-03-31,1997-03-31,1997-03-31,2021-09-07,0.0,4283325000.0,,1849328000.0,2433997000.0,,4.423,-298183000.0,537817000.0,537817000.0,1678443000.0,505790000.0,1.858,0.658,530391000.0,127719000.0,402672000.0,530391000.0,105826000.0,201629000.0,0.0,0.01,0.215,752407000.0,954036000.0,0.238,954036000.0,752407000.0,723520000.0,0.865,,0.865,2583851000.0,,2583851000.0,12321539800.0,16.0,12.915,496355000.0,0.85,1.0,2322062000.0,0.58,1334160000.0,28887000.0,1946381000.0,,0.0,841075000.0,445992000.0,395083000.0,1699474000.0,995358000.0,704116000.0,12231472800.0,164981000.0,-98916000.0,-211129000.0,45293000.0,-125246000.0,-260482000.0,-369075000.0,22461000.0,794538000.0,0.0,505790000.0,505790000.0,505790000.0,0.0,0.0,0.126,1253957000.0,1068105000.0,96986000.0,0.249,4.734,24.183,24.208,500755000.0,0.0,20.94,3.057,3.057,810678000.0,2828111000.0,4000505000.0,4000505000.0,0.0,,,,0.188,0.0,1062093000.0,1.0,584120000.0,584120000.0,,6.849,2949165000.0,0.0,217730000.0,173628000.0,5.049,853970000.0
98,ADP,MRT,1996-12-31,1996-12-31,1996-12-31,2021-09-07,0.0,4123789000.0,,1659673000.0,2464116000.0,,4.326,-309418000.0,462300000.0,462300000.0,1666474000.0,484760000.0,1.877,0.632,552367000.0,134067000.0,418300000.0,552367000.0,100650000.0,201629000.0,0.0,0.01,0.208,716241000.0,917870000.0,0.235,917870000.0,716241000.0,686800000.0,0.83,,0.83,2526619000.0,,2526619000.0,,,,403863000.0,0.691,1.0,2239611000.0,0.573,1335555000.0,29441000.0,1994263000.0,,0.0,791805000.0,372687000.0,419118000.0,1597170000.0,884038000.0,713132000.0,12520612200.0,224036000.0,-55362000.0,-139394000.0,87734000.0,-120538000.0,-155102000.0,-334143000.0,25074000.0,713281000.0,0.0,484760000.0,484760000.0,484760000.0,0.0,0.0,0.124,1207672000.0,1031939000.0,93377000.0,0.251,4.955,25.828,25.825,509387000.0,0.0,21.435,3.205,3.205,756294000.0,2697043000.0,3906085000.0,3906085000.0,0.0,,,,0.183,0.0,1030760000.0,1.0,584120000.0,584120000.0,,6.687,2788234000.0,0.0,202040000.0,151715000.0,4.773,775635000.0
99,ADP,MRT,1996-09-30,1996-09-30,1996-09-30,2021-09-07,,,,,,,,,,,1591149000.0,466080000.0,,,,,,,,,,0.008,0.175,687766000.0,,,,687766000.0,656690000.0,0.8,,0.8,,,,,,,,,1.0,2139084000.0,0.573,,31076000.0,,,,,,,,,,,,,,,,,,,,,466080000.0,466080000.0,466080000.0,0.0,0.0,0.125,1076753000.0,1062331000.0,,0.219,,,27.262,,0.0,21.81,,,,,3730233000.0,3730233000.0,0.0,,,,0.184,,979572000.0,1.0,,,,,,,190610000.0,,,
100,ADP,MRT,1996-06-30,1996-06-30,1996-06-30,2021-09-07,-75786000.0,4382772000.0,,1805322000.0,2577450000.0,,4.604,-274579000.0,590578000.0,590578000.0,1516407000.0,454700000.0,1.77,0.647,531421000.0,130259000.0,401162000.0,531421000.0,106737000.0,201629000.0,0.0,0.009,0.169,665121000.0,866750000.0,0.243,866750000.0,665121000.0,635390000.0,0.785,0.765,0.785,2660565000.0,,2660565000.0,,,,399688000.0,0.692,1.0,2050190000.0,0.575,1314787000.0,29731000.0,1988956000.0,,0.0,904505000.0,434341000.0,470164000.0,1722207000.0,1019872000.0,702335000.0,,804000.0,-472783000.0,-119607000.0,90746000.0,-112116000.0,-125737000.0,-547726000.0,194073000.0,674267000.0,0.0,454700000.0,454700000.0,454700000.0,0.0,0.0,0.127,1135434000.0,914756000.0,110266000.0,0.215,,,24.599,519345000.0,0.0,19.31,,3.129,781839000.0,2922317000.0,3566597000.0,3566597000.0,0.0,,,,0.186,0.0,933805000.0,1.0,,577934000.0,610018000.0,6.171,3067985000.0,0.0,180690000.0,164230000.0,5.309,785450000.0
101,ADP,MRT,1996-03-31,1996-03-31,1996-03-31,2021-09-07,,,,,,,,,,,,,,,,,,,,,,0.008,0.163,,,,,,,,,,,,,,,,,,1.0,,,,,,,,,,,,,,,,,,,,,,,,,,,,,,,,,,,,,,,,19.685,,,,,,,,,,,,,,1.0,,,,,,,,,,
102,ADP,MRT,1995-12-31,1995-12-31,1995-12-31,2021-09-07,,,,,,,,,,,,,,,,,,,,,,0.008,0.15,,,,,,,,,,,,,,,,,,1.0,,,,,,,,,,,,,,,,,,,,,,,,,,,,,,,,,,,,,,,,18.562,,,,,,,,,,,,,,1.0,,,,,,,,,,
103,ADP,MRT,1995-06-30,1995-06-30,1995-06-30,2021-09-07,,,,,,,,-156310000.0,,,1177292000.0,394830000.0,,,,,,,,172536000.0,,0.01,0.156,558620000.0,731156000.0,0.253,731156000.0,558620000.0,534280000.0,0.69,,0.69,,,,,,,337147000.0,0.591,1.0,1716450000.0,0.593,,24340000.0,,,,,,,,,,,74986000.0,-107457000.0,86266000.0,0.0,-89224000.0,-3747000.0,-414724000.0,-154713000.0,493457000.0,0.0,394830000.0,394830000.0,394830000.0,0.0,0.0,0.136,964657000.0,751793000.0,,0.226,,,22.783,,0.0,15.72,,3.098,,,2893742000.0,2893742000.0,0.0,,,,0.193,0.0,792121000.0,1.0,,570224000.0,,5.075,,,139450000.0,,,
