None,ticker,dimension,calendardate,datekey,reportperiod,lastupdated,accoci,assets,assetsavg,assetsc,assetsnc,assetturnover,bvps,capex,cashneq,cashnequsd,cor,consolinc,currentratio,de,debt,debtc,debtnc,debtusd,deferredrev,depamor,deposits,divyield,dps,ebit,ebitda,ebitdamargin,ebitdausd,ebitusd,ebt,eps,epsdil,epsusd,equity,equityavg,equityusd,ev,evebit,evebitda,fcf,fcfps,fxusd,gp,grossmargin,intangibles,intexp,invcap,invcapavg,inventory,investments,investmentsc,investmentsnc,liabilities,liabilitiesc,liabilitiesnc,marketcap,ncf,ncfbus,ncfcommon,ncfdebt,ncfdiv,ncff,ncfi,ncfinv,ncfo,ncfx,netinc,netinccmn,netinccmnusd,netincdis,netincnci,netmargin,opex,opinc,payables,payoutratio,pb,pe,pe1,ppnenet,prefdivis,price,ps,ps1,receivables,retearn,revenue,revenueusd,rnd,roa,roe,roic,ros,sbcomp,sgna,sharefactor,sharesbas,shareswa,shareswadil,sps,tangibles,taxassets,taxexp,taxliabilities,tbvps,workingcapital
0,XRAY,MRY,2020-12-31,2020-12-31,2020-12-31,2021-08-05,-464000000.0,9342000000.0,8725125000.0,1791000000.0,7551000000.0,0.383,22.66,-86000000.0,438000000.0,438000000.0,1685000000.0,-83000000.0,1.36,0.88,2407000000.0,299000000.0,2108000000.0,2407000000.0,0.0,334000000.0,0.0,0.008,0.4,-12000000.0,322000000.0,0.096,322000000.0,-12000000.0,-60000000.0,-0.38,-0.38,-0.38,4967000000.0,4764525000.0,4967000000.0,12503053361.0,-1042.0,38.829,549000000.0,2.505,1.0,1657000000.0,0.496,6490000000.0,48000000.0,3504000000.0,3486500000.0,466000000.0,0.0,0.0,0.0,4372000000.0,1317000000.0,3055000000.0,11443553361.0,33000000.0,-1077000000.0,-129000000.0,749000000.0,-88000000.0,490000000.0,-1106000000.0,57000000.0,635000000.0,14000000.0,-83000000.0,-83000000.0,-83000000.0,0.0,0.0,-0.025,1669000000.0,-12000000.0,305000000.0,-1.053,2.304,-137.874,-137.789,967000000.0,0.0,52.36,3.424,3.434,673000000.0,1233000000.0,3342000000.0,3342000000.0,0.0,-0.01,-0.017,-0.003,-0.004,47000000.0,1435000000.0,1.0,218555259.0,219200000,219200000.0,15.246,2852000000.0,0.0,23000000.0,453000000.0,13.011,474000000.0
1,XRAY,MRY,2019-12-31,2019-12-31,2019-12-31,2021-08-05,-600000000.0,8603000000.0,8537400000.0,2000000000.0,6603000000.0,0.472,22.828,-118000000.0,405000000.0,405000000.0,1864000000.0,263000000.0,2.01,0.689,1555000000.0,2000000.0,1553000000.0,1555000000.0,0.0,323000000.0,0.0,0.007,0.375,375000000.0,698000000.0,0.173,698000000.0,375000000.0,345000000.0,1.18,1.17,1.18,5093000000.0,5109775000.0,5093000000.0,13894390264.0,37.0,19.906,515000000.0,2.308,1.0,2165000000.0,0.537,5573000000.0,30000000.0,3185000000.0,3324025000.0,562000000.0,0.0,0.0,0.0,3508000000.0,995000000.0,2513000000.0,12586390264.0,95000000.0,8000000.0,-151000000.0,-200000000.0,-81000000.0,-466000000.0,-69000000.0,41000000.0,633000000.0,-3000000.0,263000000.0,263000000.0,263000000.0,0.0,0.0,0.065,1804000000.0,361000000.0,308000000.0,0.318,2.471,47.857,47.958,961000000.0,0.0,56.59,3.124,3.134,782000000.0,1404000000.0,4029000000.0,4029000000.0,0.0,0.031,0.051,0.113,0.093,66000000.0,1723000000.0,1.0,222413682.0,223100000,224400000.0,18.059,3030000000.0,0.0,82000000.0,536000000.0,13.581,1005000000.0
2,XRAY,MRY,2018-12-31,2018-12-31,2018-12-31,2021-08-05,-478700000.0,8687000000.0,9162750000.0,1888000000.0,6799000000.0,0.435,22.831,-174000000.0,309600000.0,309600000.0,1918000000.0,-1011000000.0,1.863,0.694,1657300000.0,92400000.0,1564900000.0,1657300000.0,0.0,331000000.0,0.0,0.009,0.35,-921000000.0,-590000000.0,-0.148,-590000000.0,-921000000.0,-958000000.0,-4.51,-4.51,-4.51,5121100000.0,5520850000.0,5121100000.0,9777497126.0,-11.0,-16.572,326000000.0,1.453,1.0,2068000000.0,0.519,5851600000.0,37000000.0,3169800000.0,3283175000.0,598900000.0,0.0,0.0,0.0,3554000000.0,1013300000.0,2540700000.0,8280997126.0,-11000000.0,-130000000.0,-222000000.0,51000000.0,-79000000.0,-250000000.0,-253000000.0,56000000.0,500000000.0,-8000000.0,-1011000000.0,-1011000000.0,-1011000000.0,0.0,0.0,-0.254,3026000000.0,-958000000.0,283900000.0,-0.078,1.617,-8.191,-8.251,870600000.0,0.0,37.21,2.078,2.094,701900000.0,1225900000.0,3986000000.0,3986000000.0,0.0,-0.11,-0.183,-0.281,-0.231,21000000.0,1719000000.0,1.0,222547625.0,224300000,224300000.0,17.771,2835400000.0,0.0,53000000.0,610900000.0,12.641,874700000.0
3,XRAY,MRY,2017-12-31,2017-12-31,2017-12-31,2021-08-05,-291000000.0,10374500000.0,11004375000.0,2002500000.0,8372000000.0,0.363,28.842,-136900000.0,320600000.0,320600000.0,1804900000.0,-1550300000.0,2.098,0.566,1641700000.0,30100000.0,1611600000.0,1641700000.0,0.0,316400000.0,0.0,0.005,0.35,-1564900000.0,-1248500000.0,-0.313,-1248500000.0,-1564900000.0,-1603200000.0,-6.76,-6.76,-6.76,6616300000.0,7377200000.0,6616300000.0,16372125768.0,-10.0,-13.113,465000000.0,2.027,1.0,2188500000.0,0.548,7339900000.0,38300000.0,3401200000.0,3323575000.0,623100000.0,0.0,0.0,0.0,3746600000.0,954500000.0,2792100000.0,15120025768.0,-63300000.0,-145900000.0,-319100000.0,-3400000.0,-78300000.0,-400800000.0,-286400000.0,4000000.0,601900000.0,22000000.0,-1550000000.0,-1550000000.0,-1550000000.0,0.0,-300000.0,-0.388,3750800000.0,-1562300000.0,284400000.0,-0.052,2.285,-9.755,-9.738,876000000.0,0.0,65.83,3.786,3.782,746200000.0,2316200000.0,3993400000.0,3993400000.0,0.0,-0.141,-0.21,-0.471,-0.392,48000000.0,1674700000.0,1.0,229682907.0,229400000,229400000.0,17.408,3034600000.0,0.0,-53200000.0,772200000.0,13.228,1048000000.0
4,XRAY,MRY,2016-12-31,2016-12-31,2016-12-31,2021-08-05,-705700000.0,11555800000.0,11660500000.0,1743500000.0,9812300000.0,0.321,37.222,-120000000.0,383900000.0,383900000.0,1744400000.0,431400000.0,2.271,0.423,1532200000.0,21100000.0,1511100000.0,1532200000.0,0.0,271700000.0,0.0,0.005,0.31,475300000.0,747000000.0,0.199,747000000.0,475300000.0,439400000.0,1.97,1.94,1.97,8114300000.0,8287925000.0,8114300000.0,14584229533.0,31.0,19.524,443400000.0,2.034,1.0,2000900000.0,0.534,8909600000.0,35900000.0,3026900000.0,2939750000.0,517100000.0,0.0,0.0,0.0,3429900000.0,767600000.0,2662300000.0,13328729533.0,99300000.0,186600000.0,-772900000.0,299000000.0,-64600000.0,-526200000.0,60000000.0,-3800000.0,563400000.0,2100000.0,429900000.0,429900000.0,429900000.0,0.0,1500000.0,0.115,1546200000.0,454700000.0,223000000.0,0.157,1.643,31.004,29.305,799800000.0,0.0,57.73,3.559,3.36,636000000.0,3948000000.0,3745300000.0,3745300000.0,0.0,0.037,0.052,0.162,0.127,28600000.0,1523000000.0,1.0,230880470.0,218000000,221600000.0,17.18,2646200000.0,0.0,9500000.0,812500000.0,12.139,975900000.0
5,XRAY,MRY,2015-12-31,2015-12-31,2015-12-31,2021-08-05,-594000000.0,4402900000.0,4421671500.0,1196700000.0,3206200000.0,0.605,16.7,-71600000.0,284600000.0,284600000.0,1157100000.0,251100000.0,2.514,0.883,1153100000.0,12100000.0,1141000000.0,1153100000.0,0.0,122900000.0,0.0,0.005,0.289,384100000.0,507000000.0,0.19,507000000.0,384100000.0,328200000.0,1.79,1.76,1.79,2338000000.0,2276440750.0,2338000000.0,9429576099.0,25.0,18.599,425800000.0,3.041,1.0,1517200000.0,0.567,2588300000.0,55900000.0,2207100000.0,2190380250.0,340400000.0,0.0,0.0,0.0,2063500000.0,476000000.0,1587500000.0,8510876099.0,133000000.0,-54000000.0,-77200000.0,-116800000.0,-40000000.0,-302900000.0,-54900000.0,72100000.0,497400000.0,-6600000.0,251200000.0,251200000.0,251200000.0,0.0,-100000.0,0.094,1142000000.0,375200000.0,133600000.0,0.161,3.64,33.881,33.994,558800000.0,0.0,60.85,3.182,3.186,399900000.0,3591000000.0,2674300000.0,2674300000.0,0.0,0.057,0.11,0.175,0.144,14000000.0,1077300000.0,1.0,139866493.0,140000000,142500000.0,19.102,1814600000.0,0.0,77000000.0,180500000.0,12.961,720700000.0
6,XRAY,MRY,2014-12-31,2014-12-31,2014-12-31,2021-08-05,-441100000.0,4646500000.0,4923091750.0,1207000000.0,3439500000.0,0.594,16.382,-99000000.0,151600000.0,151600000.0,1322800000.0,322900000.0,1.85,1.001,1261900000.0,111800000.0,1150100000.0,1261900000.0,0.0,129100000.0,0.0,0.005,0.265,450900000.0,580000000.0,0.198,580000000.0,450900000.0,404000000.0,2.28,2.24,2.28,2321300000.0,2480726000.0,2321300000.0,8722456303.0,19.0,15.039,461400000.0,3.256,1.0,1599800000.0,0.547,2760100000.0,46900000.0,2344100000.0,2425104500.0,387100000.0,0.0,0.0,0.0,2324300000.0,652600000.0,1671700000.0,7539289303.0,76600000.0,-2100000.0,-114200000.0,-186800000.0,-37300000.0,-336200000.0,-138700000.0,-30500000.0,560400000.0,-8900000.0,322900000.0,322900000.0,322900000.0,0.0,0.0,0.11,1154200000.0,445600000.0,132600000.0,0.116,3.248,23.349,23.364,588800000.0,0.0,53.27,2.58,2.583,426600000.0,3380700000.0,2922600000.0,2922600000.0,0.0,0.066,0.13,0.186,0.154,23300000.0,1143100000.0,1.0,141529741.0,141700000,144200000.0,20.625,1886400000.0,0.0,81100000.0,194600000.0,13.313,554400000.0
7,XRAY,MRY,2013-12-31,2013-12-31,2013-12-31,2021-08-05,-69062000.0,5078047000.0,4966209250.0,1143802000.0,3934245000.0,0.594,17.765,-97300000.0,74954000.0,74954000.0,1373400000.0,318200000.0,1.436,0.986,1476040000.0,309862000.0,1166178000.0,1476040000.0,0.0,127900000.0,0.0,0.005,0.25,415000000.0,542900000.0,0.184,542900000.0,415000000.0,365400000.0,2.2,2.16,2.2,2535053000.0,2364295250.0,2535053000.0,8300864401.0,20.0,15.29,320500000.0,2.246,1.0,1577400000.0,0.535,3076919000.0,49600000.0,2605809000.0,2574360000.0,438559000.0,0.0,0.0,0.0,2500073000.0,796405000.0,1703668000.0,6915780401.0,-5100000.0,-66200000.0,-51100000.0,-19500000.0,-34800000.0,-161700000.0,-260200000.0,-94100000.0,417800000.0,-1000000.0,313200000.0,313200000.0,313200000.0,0.0,5000000.0,0.106,1158200000.0,419200000.0,132789000.0,0.114,2.728,22.081,22.036,637172000.0,0.0,48.48,2.344,2.344,472802000.0,3095721000.0,2950800000.0,2950800000.0,0.0,0.063,0.132,0.161,0.141,22700000.0,1144800000.0,1.0,142652236.0,142700000,145000000.0,20.678,2001128000.0,0.0,52200000.0,252840000.0,14.023,347397000.0
8,XRAY,MRY,2012-12-31,2012-12-31,2012-12-31,2021-08-05,-144200000.0,4972297000.0,4958884000.0,1111096000.0,3861201000.0,0.591,15.571,-91033000.0,80132000.0,80132000.0,1372042000.0,318489000.0,1.198,1.233,1520998000.0,298963000.0,1222035000.0,1520998000.0,0.0,129199000.0,0.0,0.006,0.22,379984000.0,509183000.0,0.174,509183000.0,379984000.0,323133000.0,2.22,2.18,2.22,2208698000.0,2072738750.0,2208698000.0,7214803658.0,19.0,14.169,278652000.0,1.964,1.0,1556387000.0,0.531,3041595000.0,56851000.0,2443788000.0,2662232000.0,402940000.0,0.0,0.0,0.0,2722854000.0,927780000.0,1795074000.0,5621794658.0,3004000.0,-4861000.0,-4654000.0,-228912000.0,-31425000.0,-255609000.0,-115021000.0,-14221000.0,369685000.0,3949000.0,314213000.0,314213000.0,314213000.0,0.0,4276000.0,0.107,1174448000.0,381939000.0,165290000.0,0.099,2.545,17.892,17.842,614705000.0,0.0,39.61,1.92,1.919,442412000.0,2818461000.0,2928429000.0,2928429000.0,0.0,0.063,0.152,0.143,0.13,9178000.0,1148731000.0,1.0,141928671.0,141850000,143945000.0,20.645,1930702000.0,0.0,8920000.0,271832000.0,13.611,183316000.0
9,XRAY,MRY,2011-12-31,2011-12-31,2011-12-31,2021-08-05,-190970000.0,4755398000.0,4170700250.0,1012903000.0,3742495000.0,0.608,13.071,-70689000.0,77128000.0,77128000.0,1264278000.0,247446000.0,1.399,1.554,1766711000.0,276701000.0,1490010000.0,1766711000.0,0.0,85035000.0,0.0,0.006,0.205,299350000.0,384385000.0,0.151,384385000.0,299350000.0,255536000.0,1.73,1.7,1.73,1848077000.0,1922334250.0,1848077000.0,6710734044.0,22.0,17.458,322780000.0,2.283,1.0,1273440000.0,0.502,2981163000.0,43814000.0,2739745000.0,2318649750.0,361762000.0,0.0,0.0,0.0,2871247000.0,724073000.0,2147174000.0,4953048044.0,-462910000.0,-1787516000.0,-37225000.0,1124791000.0,-28632000.0,1002381000.0,-1886842000.0,-25569000.0,393469000.0,28082000.0,244520000.0,244520000.0,244520000.0,0.0,2926000.0,0.096,972712000.0,300728000.0,149117000.0,0.118,2.68,20.256,20.225,591445000.0,0.0,34.99,1.952,1.949,427709000.0,2535709000.0,2537718000.0,2537718000.0,0.0,0.059,0.127,0.129,0.118,19908000.0,936847000.0,1.0,141556103.0,141386000,143553000.0,17.949,1774235000.0,0.0,11016000.0,258876000.0,12.549,288830000.0
10,XRAY,MRY,2010-12-31,2010-12-31,2010-12-31,2021-08-05,24156000.0,3257951000.0,3059280250.0,1315045000.0,1942906000.0,0.726,12.775,-40674000.0,540038000.0,540038000.0,1090856000.0,267335000.0,3.652,0.733,611769000.0,7754000.0,604015000.0,611769000.0,0.0,65912000.0,0.0,0.006,0.2,380022000.0,445934000.0,0.201,445934000.0,380022000.0,354933000.0,1.85,1.82,1.85,1839386000.0,1782442250.0,1839386000.0,4920952972.0,13.0,11.035,336787000.0,2.339,1.0,1130158000.0,0.509,1381798000.0,25089000.0,1587793000.0,1450923750.0,308738000.0,0.0,0.0,0.0,1348039000.0,360091000.0,987948000.0,4855529972.0,89690000.0,-35556000.0,-193804000.0,116817000.0,-29077000.0,-103036000.0,-164468000.0,-84632000.0,377461000.0,-20267000.0,265708000.0,265708000.0,265708000.0,0.0,1627000.0,0.12,749885000.0,380273000.0,114479000.0,0.108,2.64,18.274,18.47,423105000.0,0.0,34.17,2.186,2.215,344796000.0,2320350000.0,2221014000.0,2221014000.0,0.0,0.087,0.149,0.262,0.171,14140000.0,738901000.0,1.0,142099209.0,143980000,145985000.0,15.426,1876153000.0,0.0,89225000.0,85602000.0,13.031,954954000.0
11,XRAY,MRY,2009-12-31,2009-12-31,2009-12-31,2021-08-05,83542000.0,3087932000.0,2953577250.0,1217796000.0,1870136000.0,0.731,12.352,-50621000.0,450348000.0,450348000.0,1053015000.0,274412000.0,2.739,0.645,469325000.0,82174000.0,387151000.0,469325000.0,0.0,64730000.0,0.0,0.006,0.2,385098000.0,449828000.0,0.208,449828000.0,385098000.0,363202000.0,1.85,1.83,1.85,1832105000.0,1751531000.0,1832105000.0,5284697966.0,14.0,11.748,311868000.0,2.103,1.0,1106363000.0,0.512,1401682000.0,21896000.0,1260671000.0,1197363000.0,291640000.0,0.0,0.0,0.0,1180974000.0,444556000.0,736418000.0,5222857966.0,246357000.0,-2986000.0,-65312000.0,20223000.0,-29836000.0,-71420000.0,-53399000.0,222000.0,362489000.0,8687000.0,274258000.0,274258000.0,274258000.0,0.0,154000.0,0.127,725120000.0,381243000.0,100847000.0,0.108,2.851,19.044,19.011,439619000.0,0.0,35.17,2.419,2.416,348684000.0,2083459000.0,2159378000.0,2159378000.0,0.0,0.093,0.157,0.322,0.178,12771000.0,718230000.0,1.0,148503212.0,148319000,150102000.0,14.559,1686250000.0,0.0,88944000.0,84890000.0,11.369,773240000.0
12,XRAY,MRY,2008-12-31,2008-12-31,2008-12-31,2021-08-05,39612000.0,2830400000.0,2849981000.0,949862000.0,1880538000.0,0.769,10.651,-75844000.0,203991000.0,203991000.0,1043565000.0,283270000.0,2.639,0.738,449474000.0,25795000.0,423679000.0,449474000.0,0.0,56929000.0,0.0,0.007,0.185,387999000.0,444928000.0,0.203,444928000.0,387999000.0,355472000.0,1.9,1.87,1.9,1587722000.0,1575818000.0,1587722000.0,4556725499.0,12.0,10.241,260137000.0,1.745,1.0,1147900000.0,0.524,1380744000.0,32527000.0,1335177000.0,1634460000.0,306125000.0,258000.0,258000.0,0.0,1170987000.0,359962000.0,811025000.0,4206417499.0,34607000.0,-117300000.0,-99908000.0,-106136000.0,-26952000.0,-229086000.0,-47804000.0,147817000.0,335981000.0,-24484000.0,283869000.0,283869000.0,283869000.0,0.0,-599000.0,0.13,767439000.0,380461000.0,104329000.0,0.097,2.649,14.818,14.863,432276000.0,0.0,28.24,1.919,1.921,319260000.0,1838958000.0,2191465000.0,2191465000.0,0.0,0.1,0.18,0.237,0.177,13380000.0,735084000.0,1.0,148952461.0,149069000,151679000.0,14.701,1449656000.0,0.0,71603000.0,105227000.0,9.725,589900000.0
13,XRAY,MRY,2007-12-31,2007-12-31,2007-12-31,2021-08-05,145819000.0,2675569000.0,2565203250.0,982022000.0,1693547000.0,0.783,9.994,-57836000.0,169384000.0,169384000.0,969050000.0,259711000.0,3.143,0.765,483307000.0,1244000.0,482063000.0,483307000.0,0.0,50289000.0,0.0,0.004,0.165,381918000.0,432207000.0,0.215,432207000.0,381918000.0,358135000.0,1.71,1.68,1.71,1516106000.0,1455969000.0,1516106000.0,7179235185.0,19.0,16.611,329861000.0,2.174,1.0,1040783000.0,0.518,1203587000.0,23783000.0,1473494000.0,1422482750.0,258032000.0,146939000.0,146939000.0,0.0,1159167000.0,312411000.0,846756000.0,6818368185.0,104320000.0,-101492000.0,-79828000.0,96791000.0,-25134000.0,3207000.0,-299391000.0,-138398000.0,387697000.0,12807000.0,259654000.0,259654000.0,259654000.0,0.0,57000.0,0.129,685892000.0,354891000.0,82321000.0,0.096,4.497,26.259,26.327,371409000.0,0.0,45.02,3.393,3.398,307622000.0,1582683000.0,2009833000.0,2009833000.0,0.0,0.101,0.178,0.268,0.19,2674000.0,675365000.0,1.0,151451981.0,151707000,154721000.0,13.248,1471982000.0,0.0,98481000.0,99988000.0,9.703,669611000.0
14,XRAY,MRY,2006-12-31,2006-12-31,2006-12-31,2021-08-05,79914000.0,2181350000.0,2439288000.0,718191000.0,1463159000.0,0.742,8.206,-42436000.0,65064000.0,65064000.0,881485000.0,223718000.0,2.306,0.712,370156000.0,2995000.0,367161000.0,370156000.0,0.0,47434000.0,0.0,0.005,0.145,349734000.0,397168000.0,0.219,397168000.0,349734000.0,314837000.0,1.44,1.41,1.44,1273835000.0,1279838250.0,1273835000.0,4973223992.0,14.0,12.522,229419000.0,1.478,1.0,929011000.0,0.513,1063030000.0,34897000.0,1111978000.0,1174983500.0,232441000.0,79000.0,79000.0,0.0,907293000.0,311434000.0,595859000.0,4532733992.0,-368920000.0,-32083000.0,-240161000.0,-362006000.0,-21863000.0,-612569000.0,-76291000.0,226000.0,271855000.0,48085000.0,223718000.0,223718000.0,223718000.0,0.0,0.0,0.124,614217000.0,314794000.0,79951000.0,0.101,3.558,20.261,20.729,329616000.0,0.0,29.85,2.504,2.559,290791000.0,1352342000.0,1810496000.0,1810496000.0,0.0,0.092,0.175,0.298,0.193,8162000.0,606410000.0,1.0,151850385.0,155229000,158271000.0,11.663,1118320000.0,0.0,91119000.0,100483000.0,7.204,406757000.0
15,XRAY,MRY,2005-12-31,2005-12-31,2005-12-31,2021-08-05,56454000.0,2410373000.0,2536232500.0,1033088000.0,1377285000.0,0.676,7.831,-44738000.0,433984000.0,433984000.0,846117000.0,45413000.0,1.388,0.933,682316000.0,412212000.0,270104000.0,682316000.0,0.0,50560000.0,0.0,0.005,0.125,98950000.0,149510000.0,0.087,149510000.0,98950000.0,71038000.0,0.29,0.28,0.29,1246596000.0,1325980000.0,1246596000.0,4573930230.0,46.0,30.593,188031000.0,1.181,1.0,869018000.0,0.507,1001827000.0,27912000.0,912600000.0,1273242500.0,208179000.0,541000.0,541000.0,0.0,1163589000.0,744278000.0,419311000.0,4221634230.0,30443000.0,-18097000.0,-132984000.0,-60246000.0,-19141000.0,-212371000.0,50246000.0,92718000.0,232769000.0,-40201000.0,45413000.0,45413000.0,45413000.0,0.0,0.0,0.026,796096000.0,72922000.0,82317000.0,0.431,3.387,92.961,92.569,316218000.0,0.0,26.845,2.461,2.492,254822000.0,1151856000.0,1715135000.0,1715135000.0,0.0,0.018,0.034,0.078,0.058,990000.0,563341000.0,1.0,157259610.0,159191000,162017000.0,10.774,1408546000.0,0.0,25625000.0,129771000.0,8.848,288810000.0
16,XRAY,MRY,2004-12-31,2004-12-31,2004-12-31,2021-08-05,164100000.0,2798145000.0,2616666250.0,1056409000.0,1741736000.0,0.647,8.981,-50248000.0,403541000.0,403541000.0,847714000.0,253165000.0,2.611,0.937,852819000.0,72879000.0,779940000.0,852819000.0,0.0,49296000.0,0.0,0.004,0.109,342132000.0,391428000.0,0.231,391428000.0,342132000.0,317034000.0,1.58,1.54,1.58,1443973000.0,1306727500.0,1443973000.0,4931748823.0,14.0,12.599,256011000.0,1.592,1.0,846518000.0,0.5,1261993000.0,25098000.0,1580823000.0,1523622000.0,213709000.0,102828000.0,102828000.0,0.0,1353572000.0,404607000.0,948965000.0,4534660823.0,239786000.0,85335000.0,7615000.0,-21527000.0,-15823000.0,-29735000.0,-55490000.0,-94764000.0,306259000.0,18752000.0,253165000.0,253165000.0,253165000.0,-42879000.0,0.0,0.149,551388000.0,295130000.0,91576000.0,0.069,3.14,17.912,17.785,399880000.0,0.0,28.1,2.677,2.667,238873000.0,1126262000.0,1694232000.0,1694232000.0,0.0,0.097,0.194,0.225,0.202,1469000.0,544264000.0,1.0,161375830.0,160775000,164028000.0,10.538,1536152000.0,0.0,63869000.0,118583000.0,9.555,651802000.0
17,XRAY,MRY,2003-12-31,2003-12-31,2003-12-31,2021-08-05,104920000.0,2445587000.0,2317774750.0,727452000.0,1718135000.0,0.677,7.118,-70198000.0,163755000.0,163755000.0,797461000.0,174183000.0,1.978,1.179,812175000.0,21973000.0,790202000.0,812175000.0,0.0,45661000.0,0.0,0.004,0.099,281605000.0,327266000.0,0.209,327266000.0,281605000.0,255526000.0,1.105,1.08,1.105,1122069000.0,1007729750.0,1122069000.0,4290168232.0,15.0,13.109,187794000.0,1.191,1.0,770533000.0,0.491,1209739000.0,26079000.0,1516453000.0,1469732500.0,205587000.0,0.0,0.0,0.0,1323100000.0,367815000.0,955285000.0,3575089232.0,138103000.0,8468000.0,16871000.0,-73381000.0,-14999000.0,-71509000.0,-58641000.0,0.0,257992000.0,10261000.0,174183000.0,174183000.0,174183000.0,-4330000.0,0.0,0.111,502550000.0,267983000.0,86338000.0,0.09,3.186,20.525,20.439,376211000.0,0.0,22.585,2.28,2.271,241385000.0,889601000.0,1567994000.0,1567994000.0,0.0,0.075,0.173,0.192,0.18,1519000.0,498850000.0,1.0,158294852.0,157646000,161294000.0,9.946,1235848000.0,0.0,81343000.0,133475000.0,7.839,359637000.0
18,XRAY,MRY,2002-12-31,2002-12-31,2002-12-31,2021-08-05,1624000.0,2087033000.0,1967547500.0,541001000.0,1546032000.0,0.72,5.346,-53699000.0,25652000.0,25652000.0,712179000.0,147952000.0,1.816,1.495,774373000.0,4550000.0,769823000.0,774373000.0,0.0,41352000.0,0.0,0.005,0.092,247643000.0,288995000.0,0.204,288995000.0,247643000.0,218401000.0,0.945,0.925,0.945,835928000.0,740953500.0,835928000.0,3671226447.0,15.0,12.703,119284000.0,0.763,1.0,703714000.0,0.497,1134506000.0,29242000.0,1403383000.0,1298459750.0,214492000.0,0.0,0.0,0.0,1249846000.0,297865000.0,951981000.0,2914468447.0,-8058000.0,-34805000.0,-53000.0,-94011000.0,-14358000.0,-99369000.0,-84502000.0,0.0,172983000.0,2830000.0,147952000.0,147952000.0,147952000.0,-4311000.0,0.0,0.104,454262000.0,249452000.0,66625000.0,0.097,3.487,19.699,19.683,313178000.0,0.0,18.6,2.058,2.054,221262000.0,730971000.0,1415893000.0,1415893000.0,0.0,0.075,0.2,0.191,0.175,1520000.0,456994000.0,1.0,156691852.0,156360000,159988000.0,9.055,952527000.0,0.0,70449000.0,62946000.0,6.092,243136000.0
19,XRAY,MRY,2001-12-31,2001-12-31,2001-12-31,2021-08-05,-77388000.0,1798151000.0,1313988000.0,484243000.0,1313908000.0,0.795,3.924,-46884000.0,33710000.0,33710000.0,502437000.0,121496000.0,1.351,1.949,731158000.0,7634000.0,723524000.0,731158000.0,0.0,51512000.0,0.0,0.005,0.092,202662000.0,254174000.0,0.243,254174000.0,202662000.0,183304000.0,0.78,0.77,0.78,609519000.0,575554000.0,609519000.0,2937663844.0,14.0,11.558,164184000.0,1.057,1.0,542838000.0,0.519,1012160000.0,19358000.0,1124922000.0,808751250.0,197454000.0,0.0,0.0,0.0,1188195000.0,358517000.0,829678000.0,2605340844.0,18277000.0,-812523000.0,-875000.0,623500000.0,-14228000.0,624900000.0,-814686000.0,0.0,211068000.0,-3005000.0,121496000.0,121496000.0,121496000.0,-3782000.0,0.0,0.116,372629000.0,170209000.0,69904000.0,0.118,4.274,21.444,21.453,240890000.0,0.0,16.733,2.492,2.487,191534000.0,597414000.0,1045275000.0,1045275000.0,0.0,0.092,0.211,0.251,0.194,1519000.0,367556000.0,1.0,155697660.0,155342000,157950000.0,6.729,785991000.0,0.0,61808000.0,119148000.0,5.06,125726000.0
20,XRAY,MRY,2000-12-31,2000-12-31,2000-12-31,2021-08-05,-49296000.0,866615000.0,851441500.0,325454000.0,541161000.0,1.045,3.345,-28210000.0,15433000.0,15433000.0,427025000.0,101016000.0,1.936,0.657,110294000.0,794000.0,109500000.0,110294000.0,0.0,41359000.0,0.0,0.007,0.085,159455000.0,200814000.0,0.226,200814000.0,159455000.0,151796000.0,0.65,0.645,0.65,520370000.0,487112750.0,520370000.0,2133279408.0,13.0,10.623,117412000.0,0.755,1.0,462771000.0,0.52,344753000.0,7659000.0,448585000.0,456504500.0,133304000.0,0.0,0.0,0.0,341684000.0,168138000.0,173546000.0,2015232408.0,4015000.0,-14995000.0,-40092000.0,-53438000.0,-13004000.0,-99109000.0,-44628000.0,0.0,145622000.0,2130000.0,101016000.0,101016000.0,101016000.0,0.0,0.0,0.114,301349000.0,161422000.0,45764000.0,0.131,3.873,19.95,20.067,181341000.0,0.0,13.043,2.265,2.28,133643000.0,490167000.0,889796000.0,889796000.0,0.0,0.119,0.207,0.349,0.179,1520000.0,301405000.0,1.0,154502868.0,155570000,157120000.0,5.72,521862000.0,0.0,50780000.0,50342000.0,3.355,157316000.0
21,XRAY,MRY,1999-12-31,1999-12-31,1999-12-31,2021-08-05,-43209000.0,863730000.0,875749000.0,318810000.0,544920000.0,0.955,2.963,-31561000.0,11418000.0,11418000.0,404627000.0,89863000.0,1.768,0.837,165467000.0,20155000.0,145312000.0,165467000.0,0.0,39624000.0,0.0,0.01,0.077,153777000.0,193401000.0,0.231,193401000.0,153777000.0,138019000.0,0.57,0.565,0.57,468872000.0,443324750.0,468872000.0,1432441485.0,9.0,7.407,94316000.0,0.596,1.0,431811000.0,0.516,349421000.0,15758000.0,487996000.0,520537000.0,135480000.0,0.0,0.0,0.0,392359000.0,180362000.0,211997000.0,1247653485.0,945000.0,-673000.0,-3890000.0,-73630000.0,-11859000.0,-85204000.0,-35490000.0,0.0,125877000.0,-4238000.0,89863000.0,89863000.0,89863000.0,0.0,0.0,0.107,282194000.0,149617000.0,44609000.0,0.135,2.661,13.884,13.819,180536000.0,0.0,7.877,1.492,1.49,127911000.0,402408000.0,836438000.0,836438000.0,0.0,0.103,0.203,0.295,0.184,1519000.0,282194000.0,1.0,158398665.0,158262000,158734000.0,5.285,514309000.0,0.0,48156000.0,54916000.0,3.25,138448000.0
22,XRAY,MRY,1998-12-31,1998-12-31,1998-12-31,2021-08-05,-14730000.0,895322000.0,864318500.0,322452000.0,572870000.0,0.926,2.586,-30316000.0,8690000.0,8690000.0,384152000.0,34825000.0,1.659,1.157,233761000.0,16270000.0,217491000.0,233761000.0,0.0,37474000.0,0.0,0.01,0.087,70468000.0,107942000.0,0.135,107942000.0,70468000.0,55101000.0,0.217,0.217,0.217,413801000.0,421095000.0,413801000.0,1550658129.0,22.0,14.366,66007000.0,0.413,1.0,416304000.0,0.52,346073000.0,15367000.0,579944000.0,502029750.0,139235000.0,0.0,0.0,0.0,478783000.0,194376000.0,284407000.0,1351760129.0,-1003000.0,-106835000.0,-42049000.0,98151000.0,-10954000.0,48963000.0,-142398000.0,0.0,96323000.0,-3891000.0,34825000.0,34825000.0,34825000.0,0.0,0.0,0.044,346452000.0,69852000.0,42654000.0,0.401,3.267,38.816,39.555,158998000.0,0.0,8.583,1.689,1.716,134218000.0,324745000.0,800456000.0,800456000.0,0.0,0.04,0.083,0.14,0.088,1520000.0,274952000.0,1.0,157486617.0,159990000,160791000.0,5.003,549249000.0,0.0,20276000.0,54828000.0,3.433,128076000.0
23,XRAY,MRY,1997-12-31,1997-12-31,1997-12-31,2021-08-05,-16720000.0,774376000.0,721019000.0,277027000.0,497349000.0,1.0,2.62,-26403000.0,9848000.0,9848000.0,352034000.0,74554000.0,1.636,0.817,129510000.0,24005000.0,105505000.0,129510000.0,0.0,32405000.0,0.0,0.006,0.065,134666000.0,167071000.0,0.232,167071000.0,134666000.0,122006000.0,0.46,0.457,0.46,423933000.0,394761500.0,423933000.0,,,,67885000.0,0.42,1.0,368726000.0,0.512,336905000.0,12660000.0,387784000.0,376124500.0,124748000.0,0.0,0.0,0.0,346455000.0,169349000.0,177106000.0,1651130188.0,4229000.0,-78822000.0,5237000.0,27206000.0,-10238000.0,23724000.0,-111157000.0,0.0,94288000.0,-2626000.0,74554000.0,74554000.0,74554000.0,0.0,0.0,0.103,236270000.0,132456000.0,38942000.0,0.141,3.895,22.147,22.101,147130000.0,0.0,10.167,2.291,2.282,114366000.0,301058000.0,720760000.0,720760000.0,0.0,0.103,0.189,0.358,0.187,0.0,236270000.0,1.0,162406248.0,161811000,162687000.0,4.454,437471000.0,0.0,47452000.0,62486000.0,2.704,107678000.0
24,XRAY,MRY,1996-12-31,1996-12-31,1996-12-31,2021-08-05,-4278000.0,667662000.0,,256746000.0,410916000.0,,2.263,-20453000.0,5619000.0,5619000.0,331887000.0,67222000.0,1.793,0.815,101820000.0,26711000.0,75109000.0,101820000.0,0.0,28108000.0,0.0,0.007,0.057,122055000.0,150163000.0,0.229,150163000.0,122055000.0,110960000.0,0.417,0.417,0.417,365590000.0,,365590000.0,,,,62736000.0,0.388,1.0,324670000.0,0.495,256199000.0,11095000.0,364465000.0,,125398000.0,0.0,0.0,0.0,297775000.0,143199000.0,154576000.0,,1645000.0,-74681000.0,-2369000.0,29034000.0,-8893000.0,19292000.0,-98748000.0,0.0,83189000.0,-2088000.0,67222000.0,67222000.0,67222000.0,0.0,0.0,0.102,205206000.0,119464000.0,33720000.0,0.137,,,18.985,141458000.0,0.0,7.917,,1.948,101977000.0,237300000.0,656557000.0,656557000.0,0.0,,,,0.186,0.0,205206000.0,1.0,,161520000,161982000.0,4.065,411463000.0,0.0,43738000.0,60264000.0,2.547,113547000.0
25,XRAY,MRY,1995-12-31,1995-12-31,1995-12-31,2021-08-05,,,,,,,,-15190000.0,,,291176000.0,53963000.0,,,,,,,,21488000.0,,0.008,0.051,99161000.0,120649000.0,0.211,120649000.0,99161000.0,90017000.0,0.333,0.33,0.333,,,,,,,52326000.0,0.323,1.0,280852000.0,0.491,,9144000.0,,,,,,,,,,,,-70147000.0,,,,,-85909000.0,0.0,67516000.0,,53963000.0,53963000.0,53963000.0,0.0,0.0,0.094,180117000.0,100735000.0,,0.153,,,20.02,,0.0,6.667,,1.889,,,572028000.0,572028000.0,0.0,,,,0.173,0.0,180117000.0,1.0,,162072000,162765000.0,3.529,,,36054000.0,,,
0,XRAY,MRQ,2021-06-30,2021-06-30,2021-06-30,2021-08-05,-511000000.0,9378000000.0,,1785000000.0,7593000000.0,,23.233,-35000000.0,332000000.0,332000000.0,469000000.0,99000000.0,1.427,0.848,2390000000.0,305000000.0,2085000000.0,2390000000.0,0.0,88000000.0,0.0,0.006,0.11,150000000.0,238000000.0,0.223,238000000.0,150000000.0,134000000.0,0.45,0.45,0.45,5074000000.0,,5074000000.0,15868804334.0,30.0,17.976,179000000.0,0.82,1.0,598000000.0,0.56,6521000000.0,16000000.0,3664000000.0,,539000000.0,0.0,0.0,0.0,4301000000.0,1251000000.0,3050000000.0,13810804334.0,14000000.0,-141000000.0,12000000.0,-15000000.0,-22000000.0,-25000000.0,-176000000.0,0.0,214000000.0,1000000.0,99000000.0,99000000.0,99000000.0,0.0,0.0,0.093,443000000.0,155000000.0,281000000.0,0.244,2.722,37.499,37.655,953000000.0,0.0,63.26,3.392,3.394,678000000.0,1402000000.0,1067000000.0,1067000000.0,40000000.0,,,,,19000000.0,398000000.0,1.0,218318121.0,218400000,220700000.0,4.886,2857000000.0,0.0,35000000.0,459000000.0,13.082,534000000.0
1,XRAY,MRQ,2021-03-31,2021-03-31,2021-03-31,2021-08-05,-554000000.0,9137000000.0,,1696000000.0,7441000000.0,,22.518,-30000000.0,318000000.0,318000000.0,448000000.0,117000000.0,1.399,0.854,2376000000.0,328000000.0,2048000000.0,2376000000.0,0.0,88000000.0,0.0,0.006,0.1,163000000.0,251000000.0,0.244,251000000.0,163000000.0,149000000.0,0.53,0.53,0.53,4927000000.0,,4927000000.0,15946484657.0,58.0,25.854,19000000.0,0.087,1.0,579000000.0,0.564,6413000000.0,14000000.0,3570000000.0,,500000000.0,0.0,0.0,0.0,4207000000.0,1212000000.0,2995000000.0,13977484657.0,-120000000.0,-73000000.0,-57000000.0,34000000.0,-22000000.0,-53000000.0,-103000000.0,0.0,49000000.0,-13000000.0,117000000.0,117000000.0,117000000.0,0.0,0.0,0.114,425000000.0,154000000.0,283000000.0,0.189,2.837,80.192,80.772,926000000.0,0.0,63.81,3.999,3.995,643000000.0,1328000000.0,1027000000.0,1027000000.0,37000000.0,,,,,13000000.0,385000000.0,1.0,219048498.0,218800000,219900000.0,4.694,2724000000.0,0.0,32000000.0,455000000.0,12.45,484000000.0
2,XRAY,MRQ,2020-12-31,2020-12-31,2020-12-31,2021-08-05,-464000000.0,9342000000.0,,1791000000.0,7551000000.0,,22.722,-26700000.0,438000000.0,438000000.0,511500000.0,98600000.0,1.36,0.88,2407000000.0,299000000.0,2108000000.0,2407000000.0,0.0,87600000.0,0.0,0.008,0.1,137300000.0,224900000.0,0.208,224900000.0,137300000.0,122800000.0,0.45,0.45,0.45,4967000000.0,,4967000000.0,12503053361.0,-1042.0,38.829,236800000.0,1.083,1.0,570800000.0,0.527,6490000000.0,14500000.0,3504000000.0,,466000000.0,0.0,0.0,0.0,4372000000.0,1317000000.0,3055000000.0,11443553361.0,-834100000.0,-1075000000.0,5000000.0,2700000.0,-22100000.0,-14300000.0,-1101600000.0,100000.0,263500000.0,18300000.0,98500000.0,98500000.0,98500000.0,0.0,100000.0,0.091,435400000.0,135400000.0,305000000.0,0.222,2.304,-137.874,-137.789,967000000.0,0.0,52.36,3.424,3.434,673000000.0,1233000000.0,1082300000.0,1082300000.0,0.0,,,,,10800000.0,420500000.0,1.0,218555259.0,218600000,218600000.0,4.951,2852000000.0,0.0,24300000.0,453000000.0,13.047,474000000.0
3,XRAY,MRQ,2020-09-30,2020-09-30,2020-09-30,2021-08-05,-577600000.0,8895900000.0,,2579600000.0,6316300000.0,,21.787,-21200000.0,1272000000.0,1272000000.0,452500000.0,54200000.0,2.189,0.868,2331500000.0,296100000.0,2035400000.0,2331500000.0,0.0,88100000.0,0.0,0.009,0.1,80800000.0,168900000.0,0.189,168900000.0,80800000.0,66300000.0,0.25,0.25,0.25,4760500000.0,,4760500000.0,10729747222.0,-1759.0,33.583,185900000.0,0.851,1.0,442300000.0,0.494,5340800000.0,14500000.0,3436400000.0,,489100000.0,0.0,0.0,0.0,4133600000.0,1178200000.0,2955400000.0,9554847222.0,162900000.0,-2000000.0,600000.0,0.0,-21900000.0,-23900000.0,-23800000.0,-600000.0,207100000.0,3500000.0,53800000.0,53800000.0,53800000.0,0.0,400000.0,0.06,360600000.0,81700000.0,242800000.0,0.4,2.007,-121.254,-121.472,916500000.0,0.0,43.73,2.834,2.834,628100000.0,1156200000.0,894800000.0,894800000.0,0.0,,,,,16500000.0,341900000.0,1.0,218496392.0,218500000,219200000.0,4.095,3555100000.0,0.0,12500000.0,498300000.0,16.27,1401400000.0
4,XRAY,MRQ,2020-06-30,2020-06-30,2020-06-30,2021-08-05,-644700000.0,8604200000.0,,2362900000.0,6241300000.0,,21.23,-13000000.0,1109100000.0,1109100000.0,315000000.0,-96000000.0,3.097,0.853,2284000000.0,300000.0,2283700000.0,2284000000.0,0.0,80000000.0,0.0,0.009,0.1,-108000000.0,-28000000.0,-0.057,-28000000.0,-108000000.0,-119000000.0,-0.44,-0.44,-0.44,4643100000.0,,4643100000.0,10979284186.0,419.0,32.075,161000000.0,0.736,1.0,176000000.0,0.358,5266800000.0,11000000.0,3749300000.0,,548900000.0,0.0,0.0,0.0,3958800000.0,763000000.0,3195800000.0,9652684186.0,873000000.0,0.0,2000000.0,710000000.0,-22000000.0,658000000.0,36000000.0,49000000.0,174000000.0,5000000.0,-95000000.0,-95000000.0,-95000000.0,0.0,-1000000.0,-0.193,280000000.0,-104000000.0,214100000.0,-0.227,2.079,-202.787,-191.565,910500000.0,0.0,44.06,2.807,2.802,500200000.0,1124700000.0,491000000.0,491000000.0,18000000.0,,,,,9000000.0,261000000.0,1.0,219080440.0,218700000,218700000.0,2.245,3337400000.0,0.0,-24000000.0,500900000.0,15.26,1599900000.0
5,XRAY,MRQ,2020-03-31,2020-03-31,2020-03-31,2021-08-05,-712200000.0,8058400000.0,,1805200000.0,6253200000.0,,21.22,-25000000.0,235900000.0,235900000.0,406000000.0,-140000000.0,2.025,0.719,1562500000.0,33000000.0,1529500000.0,1562500000.0,0.0,79000000.0,0.0,0.01,0.1,-123000000.0,-44000000.0,-0.05,-44000000.0,-123000000.0,-130000000.0,-0.63,-0.63,-0.63,4687500000.0,,4687500000.0,9748475089.0,51.0,19.164,-35000000.0,-0.158,1.0,468000000.0,0.535,5237200000.0,7000000.0,3256300000.0,,590500000.0,0.0,0.0,0.0,3368200000.0,891500000.0,2476700000.0,8598475089.0,-169000000.0,0.0,-136000000.0,30000000.0,-22000000.0,-130000000.0,-16000000.0,9000000.0,-10000000.0,-13000000.0,-140000000.0,-140000000.0,-140000000.0,0.0,0.0,-0.16,593000000.0,-125000000.0,271100000.0,-0.159,1.834,102.607,104.946,923500000.0,0.0,38.83,2.173,2.168,709100000.0,1242200000.0,874000000.0,874000000.0,34000000.0,,,,,10000000.0,359000000.0,1.0,221438967.0,220900000,220900000.0,3.957,2821200000.0,0.0,10000000.0,529200000.0,12.771,913700000.0
6,XRAY,MRQ,2019-12-31,2019-12-31,2019-12-31,2021-08-05,-600000000.0,8603000000.0,,2000000000.0,6603000000.0,,22.952,-35400000.0,405000000.0,405000000.0,500800000.0,102400000.0,2.01,0.689,1555000000.0,2000000.0,1553000000.0,1555000000.0,0.0,78500000.0,0.0,0.007,0.1,144100000.0,222600000.0,0.2,222600000.0,144100000.0,137100000.0,0.46,0.46,0.46,5093000000.0,,5093000000.0,13894390264.0,37.0,19.906,264100000.0,1.19,1.0,610500000.0,0.549,5573000000.0,7000000.0,3185000000.0,,562000000.0,0.0,0.0,0.0,3508000000.0,995000000.0,2513000000.0,12586390264.0,178500000.0,-300000.0,-69800000.0,-1000000.0,-22300000.0,-95700000.0,-29300000.0,6400000.0,299500000.0,4000000.0,102400000.0,102400000.0,102400000.0,0.0,0.0,0.092,473800000.0,136700000.0,308000000.0,0.217,2.471,47.857,47.958,961000000.0,0.0,56.59,3.124,3.134,782000000.0,1404000000.0,1111300000.0,1111300000.0,0.0,,,,,16200000.0,460900000.0,1.0,222413682.0,221900000,222000000.0,5.008,3030000000.0,0.0,34700000.0,536000000.0,13.655,1005000000.0
7,XRAY,MRQ,2019-09-30,2019-09-30,2019-09-30,2021-08-05,-609100000.0,8366800000.0,,1811300000.0,6555500000.0,,22.668,-19800000.0,226100000.0,226100000.0,448100000.0,85000000.0,2.085,0.654,1534100000.0,11700000.0,1522400000.0,1534100000.0,0.0,78600000.0,0.0,0.007,0.1,113100000.0,191700000.0,0.199,191700000.0,113100000.0,106500000.0,0.38,0.38,0.38,5057300000.0,,5057300000.0,13318020466.0,42.0,20.79,139300000.0,0.624,1.0,514000000.0,0.534,5523400000.0,6600000.0,3282500000.0,,605100000.0,0.0,0.0,0.0,3307700000.0,868900000.0,2438800000.0,11951220466.0,-24000000.0,-3300000.0,-97600000.0,-42800000.0,-19600000.0,-160800000.0,-15200000.0,7900000.0,159100000.0,-7100000.0,85000000.0,85000000.0,85000000.0,0.0,0.0,0.088,404500000.0,109500000.0,246300000.0,0.263,2.363,73.591,75.085,939200000.0,0.0,53.31,3.005,2.99,698400000.0,1324300000.0,962100000.0,962100000.0,0.0,,,,,15400000.0,399300000.0,1.0,224183464.0,223100000,224900000.0,4.312,2843400000.0,0.0,21500000.0,570600000.0,12.745,942400000.0
8,XRAY,MRQ,2019-06-30,2019-06-30,2019-06-30,2021-08-05,-502600000.0,8575300000.0,,1828300000.0,6747000000.0,,23.109,-29200000.0,250100000.0,250100000.0,468600000.0,36400000.0,2.076,0.655,1616900000.0,56300000.0,1560600000.0,1616900000.0,0.0,82800000.0,0.0,0.006,0.087,55600000.0,138400000.0,0.137,138400000.0,55600000.0,47600000.0,0.16,0.16,0.16,5181100000.0,,5181100000.0,14537226667.0,59.0,25.282,115900000.0,0.517,1.0,540800000.0,0.536,5708600000.0,8000000.0,3352700000.0,,608300000.0,0.0,0.0,0.0,3392400000.0,880800000.0,2511600000.0,13071326667.0,24700000.0,12600000.0,-3400000.0,-87300000.0,-19600000.0,-110300000.0,-11800000.0,4800000.0,145100000.0,1700000.0,36400000.0,36400000.0,36400000.0,0.0,0.0,0.036,473300000.0,67500000.0,248100000.0,0.544,2.523,124.016,126.87,975400000.0,0.0,58.36,3.315,3.318,700100000.0,1261800000.0,1009400000.0,1009400000.0,0.0,,,,,25200000.0,430900000.0,1.0,223977496.0,224200000,225700000.0,4.502,2866700000.0,0.0,11200000.0,571800000.0,12.786,947500000.0
9,XRAY,MRQ,2019-03-31,2019-03-31,2019-03-31,2021-08-05,-537400000.0,8604500000.0,,1795600000.0,6808900000.0,,22.874,-33600000.0,225400000.0,225400000.0,446500000.0,39200000.0,2.062,0.684,1691300000.0,20700000.0,1670600000.0,1691300000.0,0.0,83100000.0,0.0,0.007,0.088,62200000.0,145300000.0,0.154,145300000.0,62200000.0,53800000.0,0.18,0.17,0.18,5107700000.0,,5107700000.0,12417087463.0,-13.0,-19.666,-4300000.0,-0.019,1.0,499700000.0,0.528,5723900000.0,8400000.0,3475900000.0,,618200000.0,0.0,0.0,0.0,3495000000.0,870600000.0,2624400000.0,11069387463.0,-84200000.0,-1000000.0,19800000.0,-68900000.0,-19500000.0,-99200000.0,-12700000.0,21900000.0,29300000.0,-1600000.0,39200000.0,39200000.0,39200000.0,0.0,0.0,0.041,452400000.0,47300000.0,269000000.0,0.489,2.167,-10.512,-10.596,1017800000.0,0.0,49.59,2.784,2.785,658500000.0,1245000000.0,946200000.0,946200000.0,0.0,,,,,9200000.0,431900000.0,1.0,223218138.0,223300000,225000000.0,4.237,2880600000.0,0.0,14600000.0,604900000.0,12.9,925000000.0
10,XRAY,MRQ,2018-12-31,2018-12-31,2018-12-31,2021-08-05,-478700000.0,8687000000.0,,1888000000.0,6799000000.0,,23.016,-49700000.0,309600000.0,309600000.0,534400000.0,1400000.0,1.863,0.694,1657300000.0,92400000.0,1564900000.0,1657300000.0,0.0,77900000.0,0.0,0.009,0.087,87300000.0,165200000.0,0.156,165200000.0,87300000.0,78200000.0,-0.01,-0.01,-0.01,5121100000.0,,5121100000.0,9777497126.0,-11.0,-16.572,152700000.0,0.686,1.0,525000000.0,0.496,5851600000.0,9100000.0,3169800000.0,,598900000.0,0.0,0.0,0.0,3554000000.0,1013300000.0,2540700000.0,8280997126.0,76500000.0,500000.0,5400000.0,-64300000.0,-19900000.0,-78800000.0,-48000000.0,700000.0,202400000.0,900000.0,1800000.0,1800000.0,1800000.0,0.0,-400000.0,0.002,443100000.0,81900000.0,283900000.0,-8.7,1.617,-8.191,-8.251,870600000.0,0.0,37.21,2.078,2.094,701900000.0,1225900000.0,1059400000.0,1059400000.0,0.0,,,,,5900000.0,433100000.0,1.0,222547625.0,222500000,222500000.0,4.761,2835400000.0,0.0,76400000.0,610900000.0,12.743,874700000.0
11,XRAY,MRQ,2018-09-30,2018-09-30,2018-09-30,2021-08-05,-466500000.0,8769200000.0,,1902800000.0,6866400000.0,,23.121,-47000000.0,233100000.0,233100000.0,452300000.0,27500000.0,1.762,0.703,1729600000.0,154800000.0,1574800000.0,1729600000.0,0.0,84200000.0,0.0,0.009,0.087,41900000.0,126100000.0,0.136,126100000.0,41900000.0,32200000.0,0.13,0.13,0.13,5142000000.0,,5142000000.0,9956695545.0,-6.0,-7.232,78600000.0,0.353,1.0,476100000.0,0.513,5931600000.0,9700000.0,3254000000.0,,672000000.0,0.0,0.0,0.0,3614900000.0,1080100000.0,2534800000.0,8391295545.0,-6200000.0,0.0,8900000.0,-71900000.0,-19400000.0,-82400000.0,-45500000.0,1700000.0,125600000.0,-3900000.0,28000000.0,28000000.0,28000000.0,0.0,-500000.0,0.03,430600000.0,45500000.0,287800000.0,0.669,1.632,-5.045,-5.149,865700000.0,0.0,37.74,2.089,2.089,702000000.0,1243600000.0,928400000.0,928400000.0,0.0,,,,,5300000.0,418500000.0,1.0,222344874.0,222400000,223700000.0,4.174,2837600000.0,0.0,4200000.0,582700000.0,12.759,822700000.0
12,XRAY,MRQ,2018-06-30,2018-06-30,2018-06-30,2021-08-05,-440800000.0,8822000000.0,,1892400000.0,6929600000.0,,22.767,-44500000.0,239300000.0,239300000.0,489300000.0,-1121000000.0,1.693,0.718,1804700000.0,218100000.0,1586600000.0,1804700000.0,0.0,85700000.0,0.0,0.008,0.087,-1153700000.0,-1068000000.0,-1.025,-1068000000.0,-1153700000.0,-1163300000.0,-4.98,-4.98,-4.98,5127200000.0,,5127200000.0,11305983189.0,-7.0,-8.599,72400000.0,0.321,1.0,552800000.0,0.53,6004600000.0,9600000.0,3265100000.0,,666300000.0,0.0,0.0,0.0,3681900000.0,1117700000.0,2564200000.0,9954983189.0,-77800000.0,-123800000.0,-244600000.0,195100000.0,-19900000.0,-69400000.0,-114300000.0,56000000.0,116900000.0,-11000000.0,-1122000000.0,-1122000000.0,-1122000000.0,0.0,1000000.0,-1.077,1706900000.0,-1154100000.0,292400000.0,-0.017,1.942,-6.22,-6.191,857600000.0,0.0,43.77,2.429,2.405,710300000.0,1216200000.0,1042100000.0,1042100000.0,0.0,,,,,500000.0,432200000.0,1.0,227438501.0,225200000,225200000.0,4.627,2817400000.0,0.0,-41300000.0,569900000.0,12.511,774700000.0
13,XRAY,MRQ,2018-03-31,2018-03-31,2018-03-31,2021-08-05,-281000000.0,10372800000.0,,2000500000.0,8372300000.0,,29.459,-32800000.0,317100000.0,317100000.0,442000000.0,81100000.0,2.234,0.548,1668100000.0,22600000.0,1645500000.0,1668100000.0,0.0,83200000.0,0.0,0.007,0.087,103500000.0,186700000.0,0.195,186700000.0,103500000.0,94900000.0,0.36,0.35,0.36,6693100000.0,,6693100000.0,12760341231.0,-8.0,-10.426,22300000.0,0.098,1.0,514100000.0,0.538,7384600000.0,8600000.0,3443800000.0,,696600000.0,0.0,0.0,0.0,3667600000.0,895400000.0,2772200000.0,11439241231.0,-3500000.0,-6700000.0,8300000.0,-7900000.0,-19800000.0,-19400000.0,-45200000.0,-2400000.0,55100000.0,6000000.0,81200000.0,81200000.0,81200000.0,0.0,-100000.0,0.085,445400000.0,68700000.0,286800000.0,0.242,1.709,-7.483,-7.543,888200000.0,0.0,50.31,2.825,2.823,670400000.0,2375900000.0,956100000.0,956100000.0,0.0,,,,,9300000.0,435200000.0,1.0,227375099.0,227200000,229900000.0,4.208,2988200000.0,0.0,13700000.0,695700000.0,13.152,1105100000.0
14,XRAY,MRQ,2017-12-31,2017-12-31,2017-12-31,2021-08-05,-291000000.0,10374500000.0,,2002500000.0,8372000000.0,,28.917,-40400000.0,320600000.0,320600000.0,497700000.0,-650200000.0,2.098,0.566,1641700000.0,30100000.0,1611600000.0,1641700000.0,0.0,82000000.0,0.0,0.005,0.087,-703500000.0,-621500000.0,-0.57,-621500000.0,-703500000.0,-713100000.0,-2.84,-2.84,-2.84,6616300000.0,,6616300000.0,16372125768.0,-10.0,-13.113,188500000.0,0.824,1.0,593300000.0,0.544,7339900000.0,9600000.0,3401200000.0,,623100000.0,0.0,0.0,0.0,3746600000.0,954500000.0,2792100000.0,15120025768.0,-49400000.0,-10000000.0,-220600000.0,8500000.0,-20100000.0,-232200000.0,-50600000.0,-200000.0,228900000.0,4500000.0,-650400000.0,-650400000.0,-650400000.0,0.0,200000.0,-0.596,1299700000.0,-706400000.0,284400000.0,-0.031,2.285,-9.755,-9.738,876000000.0,0.0,65.83,3.786,3.782,746200000.0,2316200000.0,1091000000.0,1091000000.0,0.0,,,,,7200000.0,421900000.0,1.0,229682907.0,228800000,228800000.0,4.768,3034600000.0,0.0,-62700000.0,772200000.0,13.263,1048000000.0
15,XRAY,MRQ,2017-09-30,2017-09-30,2017-09-30,2021-08-05,-318600000.0,11199000000.0,,1972400000.0,9226600000.0,,32.583,-33600000.0,370000000.0,370000000.0,450200000.0,90500000.0,2.325,0.496,1622100000.0,21400000.0,1600700000.0,1622100000.0,0.0,80500000.0,0.0,0.006,0.087,107500000.0,188000000.0,0.186,188000000.0,107500000.0,97700000.0,0.39,0.39,0.39,7477800000.0,,7477800000.0,15067005409.0,-21.0,-36.615,130700000.0,0.569,1.0,559000000.0,0.554,8184100000.0,9800000.0,3418600000.0,,624400000.0,0.0,0.0,0.0,3709200000.0,848400000.0,2860800000.0,13726505409.0,101600000.0,-10700000.0,7600000.0,-9600000.0,-20100000.0,-22100000.0,-43900000.0,1200000.0,164300000.0,3300000.0,90600000.0,90600000.0,90600000.0,0.0,-100000.0,0.09,451100000.0,107900000.0,249000000.0,0.223,1.836,-17.318,-17.236,859900000.0,0.0,59.81,3.521,3.521,734400000.0,2986000000.0,1009200000.0,1009200000.0,0.0,,,,,18900000.0,430500000.0,1.0,229501846.0,229500000,233100000.0,4.397,3014900000.0,0.0,7100000.0,857900000.0,13.137,1124000000.0
16,XRAY,MRQ,2017-06-30,2017-06-30,2017-06-30,2021-08-05,-438000000.0,10850000000.0,,1765700000.0,9084300000.0,,31.659,-33400000.0,268400000.0,268400000.0,448500000.0,-1050300000.0,2.343,0.492,1608900000.0,21600000.0,1587300000.0,1608900000.0,0.0,77800000.0,0.0,0.005,0.087,-1054900000.0,-977100000.0,-0.984,-977100000.0,-1054900000.0,-1064500000.0,-4.58,-4.58,-4.58,7262500000.0,,7262500000.0,16050767235.0,-23.0,-40.369,92800000.0,0.405,1.0,544200000.0,0.548,8083000000.0,9600000.0,3353800000.0,,596800000.0,0.0,0.0,0.0,3575800000.0,753700000.0,2822100000.0,14863267235.0,-94900000.0,-116100000.0,-57600000.0,-1200000.0,-20100000.0,-78900000.0,-150800000.0,700000.0,126200000.0,8600000.0,-1050000000.0,-1050000000.0,-1050000000.0,0.0,-300000.0,-1.058,1592200000.0,-1048000000.0,245600000.0,-0.019,2.047,-18.798,-18.74,841000000.0,0.0,64.84,3.867,3.87,664200000.0,2915600000.0,992700000.0,992700000.0,0.0,,,,,11100000.0,417600000.0,1.0,229229908.0,229400000,229400000.0,4.327,2767000000.0,0.0,-14500000.0,833800000.0,12.062,1012000000.0
17,XRAY,MRQ,2017-03-31,2017-03-31,2017-03-31,2021-08-05,-658000000.0,11594000000.0,,1720600000.0,9873400000.0,,35.429,-29500000.0,363300000.0,363300000.0,408500000.0,59700000.0,2.302,0.421,1550800000.0,22700000.0,1528100000.0,1550800000.0,0.0,76100000.0,0.0,0.005,0.087,86000000.0,162100000.0,0.18,162100000.0,86000000.0,76700000.0,0.26,0.26,0.26,8152200000.0,,8152200000.0,15489570276.0,32.0,19.669,53000000.0,0.23,1.0,492000000.0,0.546,8913300000.0,9300000.0,3120700000.0,,565100000.0,0.0,0.0,0.0,3430400000.0,747500000.0,2682900000.0,14341270276.0,-20600000.0,-9100000.0,-48500000.0,-1100000.0,-18000000.0,-67600000.0,-41100000.0,2300000.0,82500000.0,5600000.0,59800000.0,59800000.0,59800000.0,0.0,-100000.0,0.066,407800000.0,84200000.0,258400000.0,0.335,1.759,39.323,39.771,807100000.0,0.0,62.44,3.703,3.709,598600000.0,3986400000.0,900500000.0,900500000.0,0.0,,,,,10800000.0,404700000.0,1.0,229680818.0,230100000,234000000.0,3.914,2680700000.0,0.0,16900000.0,795300000.0,11.65,973100000.0
18,XRAY,MRQ,2016-12-31,2016-12-31,2016-12-31,2021-08-05,-705700000.0,11555800000.0,,1743500000.0,9812300000.0,,35.188,-45900000.0,383900000.0,383900000.0,455000000.0,107900000.0,2.271,0.423,1532200000.0,21100000.0,1511100000.0,1532200000.0,0.0,74800000.0,0.0,0.005,0.077,140700000.0,215500000.0,0.216,215500000.0,140700000.0,131700000.0,0.46,0.46,0.46,8114300000.0,,8114300000.0,14584229533.0,31.0,19.524,176500000.0,0.765,1.0,541500000.0,0.543,8909600000.0,9000000.0,3026900000.0,,517100000.0,0.0,0.0,0.0,3429900000.0,767600000.0,2662300000.0,13328729533.0,53200000.0,100000.0,-105000000.0,9200000.0,-17900000.0,-112700000.0,-46600000.0,-800000.0,222400000.0,-9900000.0,107000000.0,107000000.0,107000000.0,0.0,900000.0,0.107,407300000.0,134200000.0,223000000.0,0.167,1.643,31.004,29.305,799800000.0,0.0,57.73,3.559,3.36,636000000.0,3948000000.0,996500000.0,996500000.0,0.0,,,,,10500000.0,399700000.0,1.0,230880470.0,230600000,234200000.0,4.321,2646200000.0,0.0,24700000.0,812500000.0,11.475,975900000.0
19,XRAY,MRQ,2016-09-30,2016-09-30,2016-09-30,2021-08-05,-479400000.0,11952400000.0,,1841600000.0,10110800000.0,,35.873,-30700000.0,330700000.0,330700000.0,440600000.0,92300000.0,2.391,0.431,1586200000.0,16400000.0,1569800000.0,1586200000.0,0.0,76200000.0,0.0,0.005,0.077,125700000.0,201900000.0,0.212,201900000.0,125700000.0,117300000.0,0.4,0.39,0.4,8344100000.0,,8344100000.0,14717922831.0,34.0,22.361,122200000.0,0.525,1.0,513600000.0,0.538,9192300000.0,8400000.0,3245400000.0,,556400000.0,0.0,0.0,0.0,3595300000.0,770200000.0,2825100000.0,13847922831.0,19100000.0,-337800000.0,-88300000.0,341000000.0,-18100000.0,237100000.0,-379700000.0,-10100000.0,152900000.0,8800000.0,92500000.0,92500000.0,92500000.0,0.0,-200000.0,0.097,387000000.0,126600000.0,224000000.0,0.193,1.66,36.299,30.015,822900000.0,0.0,59.43,4.049,4.042,672100000.0,3859000000.0,954200000.0,954200000.0,0.0,,,,,9500000.0,379100000.0,1.0,233012331.0,232600000,236300000.0,4.102,2760100000.0,0.0,24800000.0,901500000.0,11.866,1071400000.0
20,XRAY,MRQ,2016-06-30,2016-06-30,2016-06-30,2021-08-05,-514600000.0,11451400000.0,,1738400000.0,9713000000.0,,35.565,-23000000.0,311600000.0,311600000.0,495100000.0,105900000.0,2.406,0.377,1181600000.0,9800000.0,1171800000.0,1181600000.0,0.0,75400000.0,0.0,0.005,0.077,132600000.0,208000000.0,0.204,208000000.0,132600000.0,123300000.0,0.45,0.44,0.45,8311500000.0,,8311500000.0,15388587580.0,37.0,25.486,164400000.0,0.703,1.0,526900000.0,0.516,8823200000.0,9300000.0,2775700000.0,,523100000.0,0.0,0.0,0.0,3135800000.0,722500000.0,2413300000.0,14531687580.0,-11500000.0,0.0,-158200000.0,-1500000.0,-18500000.0,-177800000.0,-18100000.0,4900000.0,187400000.0,-3000000.0,105400000.0,105400000.0,105400000.0,0.0,500000.0,0.103,405700000.0,121200000.0,227100000.0,0.171,1.748,38.907,28.459,794100000.0,0.0,62.04,4.666,4.655,637200000.0,3784700000.0,1022000000.0,1022000000.0,0.0,,,,,12200000.0,402100000.0,1.0,234230941.0,233700000,237400000.0,4.373,2628200000.0,0.0,17900000.0,869300000.0,11.246,1015900000.0
21,XRAY,MRQ,2016-03-31,2016-03-31,2016-03-31,2021-08-05,-431200000.0,11682400000.0,,1805500000.0,9876900000.0,,47.951,-20400000.0,323100000.0,323100000.0,353700000.0,125300000.0,2.114,0.393,1180000000.0,10900000.0,1169100000.0,1180000000.0,0.0,45300000.0,0.0,0.005,0.077,76300000.0,121600000.0,0.157,121600000.0,76300000.0,67100000.0,0.72,0.7,0.72,8381800000.0,,8381800000.0,9504220955.0,26.0,18.824,-19700000.0,-0.113,1.0,418900000.0,0.542,8974100000.0,9200000.0,2711000000.0,,562100000.0,0.0,0.0,0.0,3297000000.0,854200000.0,2442800000.0,8635720955.0,38500000.0,524300000.0,-421400000.0,-49700000.0,-10100000.0,-472800000.0,504400000.0,2200000.0,700000.0,6200000.0,125000000.0,125000000.0,125000000.0,0.0,300000.0,0.162,346200000.0,72700000.0,287400000.0,0.107,1.03,27.661,30.063,816500000.0,0.0,61.63,3.095,3.86,625200000.0,3697500000.0,772600000.0,772600000.0,0.0,,,,,-3600000.0,342100000.0,1.0,140122034.0,174800000,178400000.0,4.42,2708300000.0,0.0,-57900000.0,931200000.0,15.494,951300000.0
22,XRAY,MRQ,2015-12-31,2015-12-31,2015-12-31,2021-08-05,-594000000.0,4402900000.0,,1196700000.0,3206200000.0,,16.7,-20200000.0,284600000.0,284600000.0,296400000.0,58600000.0,2.514,0.883,1153100000.0,12100000.0,1141000000.0,1153100000.0,0.0,28500000.0,0.0,0.005,0.072,98200000.0,126700000.0,0.189,126700000.0,98200000.0,72400000.0,0.41,0.41,0.41,2338000000.0,,2338000000.0,9429576099.0,25.0,18.599,106200000.0,0.759,1.0,374700000.0,0.558,2588300000.0,25800000.0,2207100000.0,,340400000.0,0.0,0.0,0.0,2063500000.0,476000000.0,1587500000.0,8510876099.0,48200000.0,-50700000.0,8300000.0,-8600000.0,-10100000.0,-8900000.0,-68100000.0,2800000.0,126400000.0,-1200000.0,58600000.0,58600000.0,58600000.0,0.0,0.0,0.087,281600000.0,93100000.0,133600000.0,0.176,3.64,33.881,33.994,558800000.0,0.0,60.85,3.182,3.186,399900000.0,3591000000.0,671100000.0,671100000.0,0.0,,,,,4500000.0,267800000.0,1.0,139866493.0,140000000,142500000.0,4.794,1814600000.0,0.0,13800000.0,180500000.0,12.961,720700000.0
23,XRAY,MRQ,2015-09-30,2015-09-30,2015-09-30,2021-08-05,-587500000.0,4402200000.0,,1208100000.0,3194100000.0,,16.31,-18200000.0,236400000.0,236400000.0,279400000.0,84400000.0,1.294,0.93,1155100000.0,453200000.0,701900000.0,1155100000.0,0.0,33800000.0,0.0,0.006,0.072,113700000.0,147500000.0,0.227,147500000.0,113700000.0,104100000.0,0.6,0.59,0.6,2280100000.0,,2280100000.0,8171113545.0,21.0,15.79,141600000.0,1.013,1.0,369500000.0,0.569,2584700000.0,9600000.0,1802800000.0,,361300000.0,0.0,0.0,0.0,2120700000.0,933400000.0,1187300000.0,7070102545.0,139900000.0,0.0,-5100000.0,-41400000.0,-10300000.0,-55500000.0,36200000.0,55800000.0,159800000.0,-600000.0,84500000.0,84500000.0,84500000.0,0.0,-100000.0,0.13,270900000.0,98600000.0,137500000.0,0.12,3.101,25.487,25.54,555200000.0,0.0,50.57,2.597,2.597,429800000.0,3542700000.0,648900000.0,648900000.0,0.0,,,,,6500000.0,264300000.0,1.0,139808237.0,139800000,142400000.0,4.642,1817500000.0,0.0,19600000.0,186500000.0,13.001,274700000.0
24,XRAY,MRQ,2015-06-30,2015-06-30,2015-06-30,2021-08-05,-475006000.0,4496756000.0,,1270330000.0,3226426000.0,,16.558,-17100000.0,96472000.0,96472000.0,298300000.0,44100000.0,2.072,0.942,1197483000.0,119704000.0,1077779000.0,1197483000.0,0.0,30400000.0,0.0,0.005,0.072,78700000.0,109100000.0,0.156,109100000.0,78700000.0,68900000.0,0.32,0.31,0.32,2314870000.0,,2314870000.0,8433299642.0,22.0,16.475,128500000.0,0.919,1.0,399700000.0,0.573,2615277000.0,9800000.0,2369517000.0,,374820000.0,0.0,0.0,0.0,2180467000.0,612973000.0,1567494000.0,7207464642.0,-4100000.0,-3300000.0,-9500000.0,-126800000.0,-10100000.0,-138000000.0,-14500000.0,5700000.0,145600000.0,2800000.0,44100000.0,44100000.0,44100000.0,0.0,0.0,0.063,313900000.0,85800000.0,132966000.0,0.225,3.114,26.873,26.99,568036000.0,0.0,51.55,2.591,2.591,447500000.0,3468364000.0,698000000.0,698000000.0,0.0,,,,,-1500000.0,275000000.0,1.0,139815027.0,139800000,142300000.0,4.993,1881479000.0,0.0,24800000.0,219610000.0,13.458,657357000.0
25,XRAY,MRQ,2015-03-31,2015-03-31,2015-03-31,2021-08-05,-573567000.0,4384830000.0,,1200082000.0,3184748000.0,,15.487,-16100000.0,100619000.0,100619000.0,282900000.0,64000000.0,1.813,1.017,1326454000.0,247631000.0,1078823000.0,1326454000.0,0.0,30200000.0,0.0,0.005,0.072,93600000.0,123800000.0,0.189,123800000.0,93600000.0,82900000.0,0.46,0.45,0.46,2172793000.0,,2172793000.0,8256553642.0,19.0,14.651,49500000.0,0.353,1.0,373400000.0,0.569,2566728000.0,10700000.0,2382104000.0,,380098000.0,0.0,0.0,0.0,2210578000.0,661833000.0,1548745000.0,7142479642.0,-51000000.0,0.0,-70900000.0,60000000.0,-9500000.0,-100500000.0,-8500000.0,7800000.0,65600000.0,-7600000.0,64000000.0,64000000.0,64000000.0,0.0,0.0,0.098,275700000.0,97700000.0,134090000.0,0.157,3.287,22.74,22.923,556766000.0,0.0,50.89,2.507,2.506,409865000.0,3434484000.0,656300000.0,656300000.0,0.0,,,,,4500000.0,270300000.0,1.0,140351339.0,140300000,142800000.0,4.678,1818102000.0,0.0,18900000.0,190542000.0,12.959,538249000.0
26,XRAY,MRQ,2014-12-31,2014-12-31,2014-12-31,2021-08-05,-441100000.0,4646500000.0,,1207000000.0,3439500000.0,,16.451,-26600000.0,151600000.0,151600000.0,325900000.0,84700000.0,1.85,1.001,1261900000.0,111800000.0,1150100000.0,1261900000.0,0.0,29600000.0,0.0,0.005,0.066,107500000.0,137100000.0,0.191,137100000.0,107500000.0,96000000.0,0.6,0.59,0.6,2321300000.0,,2321300000.0,8722456303.0,19.0,15.039,166100000.0,1.177,1.0,393100000.0,0.547,2760100000.0,11500000.0,2344100000.0,,387100000.0,0.0,0.0,0.0,2324300000.0,652600000.0,1671700000.0,7539289303.0,53900000.0,-1500000.0,-62100000.0,-2100000.0,-9400000.0,-71900000.0,-62300000.0,-29300000.0,192700000.0,-4600000.0,84800000.0,84800000.0,84800000.0,0.0,-100000.0,0.118,289800000.0,103300000.0,132600000.0,0.11,3.248,23.349,23.364,588800000.0,0.0,53.27,2.58,2.583,426600000.0,3380700000.0,719000000.0,719000000.0,0.0,,,,,3800000.0,283200000.0,1.0,141529741.0,141100000,143900000.0,5.096,1886400000.0,0.0,11200000.0,194600000.0,13.369,554400000.0
27,XRAY,MRQ,2014-09-30,2014-09-30,2014-09-30,2021-08-05,-253055000.0,4884061000.0,,1257701000.0,3626360000.0,,17.596,-23846000.0,97652000.0,97652000.0,320100000.0,75300000.0,1.712,0.957,1280819000.0,115253000.0,1165566000.0,1280819000.0,0.0,32682000.0,0.0,0.006,0.066,109200000.0,141882000.0,0.2,141882000.0,109200000.0,96500000.0,0.53,0.52,0.53,2495108000.0,,2495108000.0,7765306202.0,18.0,13.552,123609000.0,0.872,1.0,388100000.0,0.548,2870808000.0,12700000.0,2461851000.0,,422485000.0,0.0,0.0,0.0,2387817000.0,734569000.0,1653248000.0,6465060202.0,30725000.0,1409000.0,-10250000.0,-71242000.0,-9447000.0,-90855000.0,-21054000.0,2267000.0,147455000.0,-4821000.0,75300000.0,75300000.0,75300000.0,0.0,0.0,0.106,278500000.0,109600000.0,128233000.0,0.125,2.591,20.681,20.727,606924000.0,0.0,45.6,2.186,2.187,476856000.0,3305448000.0,708200000.0,708200000.0,0.0,,,,,6491000.0,276000000.0,1.0,141777636.0,141800000,144300000.0,4.994,2013253000.0,0.0,21200000.0,263049000.0,14.198,523132000.0
28,XRAY,MRQ,2014-06-30,2014-06-30,2014-06-30,2021-08-05,-97999000.0,5072373000.0,,1231274000.0,3841099000.0,,18.22,-23400000.0,66929000.0,66929000.0,340756000.0,90014000.0,1.374,0.963,1367175000.0,301294000.0,1065881000.0,1367175000.0,0.0,32879000.0,0.0,0.005,0.066,127887000.0,160766000.0,0.21,160766000.0,127887000.0,116089000.0,0.63,0.62,0.63,2583463000.0,,2583463000.0,8126646996.0,19.0,14.341,132280000.0,0.933,1.0,424469000.0,0.555,3043903000.0,11798000.0,2432407000.0,,461203000.0,0.0,0.0,0.0,2487599000.0,896309000.0,1591290000.0,6713861996.0,11106000.0,-2009000.0,-5604000.0,-103170000.0,-9474000.0,-117968000.0,-26504000.0,-1084000.0,155680000.0,-102000.0,89993000.0,89993000.0,89993000.0,0.0,21000.0,0.118,297363000.0,127106000.0,143562000.0,0.105,2.599,21.169,21.233,639212000.0,0.0,47.35,2.274,2.274,503972000.0,3239641000.0,765225000.0,765225000.0,0.0,,,,,7292000.0,296121000.0,1.0,141792228.0,141790000,144164000.0,5.397,2028470000.0,0.0,26096000.0,269609000.0,14.306,334965000.0
29,XRAY,MRQ,2014-03-31,2014-03-31,2014-03-31,2021-08-05,-75665000.0,5089433000.0,,1202323000.0,3887110000.0,,17.761,-25154000.0,55823000.0,55823000.0,335909000.0,72920000.0,1.243,1.017,1468608000.0,403145000.0,1065463000.0,1468608000.0,0.0,33939000.0,0.0,0.006,0.066,106285000.0,140224000.0,0.192,140224000.0,106285000.0,95330000.0,0.51,0.5,0.51,2523033000.0,,2523033000.0,7930179770.0,18.0,14.153,39411000.0,0.277,1.0,394205000.0,0.54,3072712000.0,10955000.0,2462060000.0,,455074000.0,0.0,0.0,0.0,2564835000.0,967446000.0,1597389000.0,6529093770.0,-19131000.0,0.0,-36246000.0,-10288000.0,-8979000.0,-55477000.0,-28842000.0,-2383000.0,64565000.0,623000.0,72878000.0,72878000.0,72878000.0,0.0,42000.0,0.1,288635000.0,105570000.0,141591000.0,0.129,2.588,20.767,20.833,642318000.0,0.0,46.04,2.214,2.218,496221000.0,3159123000.0,730114000.0,730114000.0,0.0,,,,,5717000.0,287842000.0,1.0,141813505.0,142053000,144453000.0,5.14,2016721000.0,0.0,22452000.0,260098000.0,14.197,234877000.0
30,XRAY,MRQ,2013-12-31,2013-12-31,2013-12-31,2021-08-05,-69062000.0,5078047000.0,,1143802000.0,3934245000.0,,17.767,-26892000.0,74954000.0,74954000.0,355861000.0,76071000.0,1.436,0.986,1476040000.0,309862000.0,1166178000.0,1476040000.0,0.0,31655000.0,0.0,0.005,0.062,98468000.0,130123000.0,0.173,130123000.0,98468000.0,87038000.0,0.53,0.51,0.53,2535053000.0,,2535053000.0,8300864401.0,20.0,15.29,132642000.0,0.93,1.0,397827000.0,0.528,3076919000.0,11430000.0,2605809000.0,,438559000.0,0.0,0.0,0.0,2500073000.0,796405000.0,1703668000.0,6915780401.0,24374000.0,-62261000.0,-27069000.0,48418000.0,-8905000.0,-37050000.0,-98309000.0,-7605000.0,159534000.0,199000.0,74437000.0,74437000.0,74437000.0,0.0,1634000.0,0.099,300372000.0,97455000.0,132789000.0,0.117,2.728,22.081,22.036,637172000.0,0.0,48.48,2.344,2.344,472802000.0,3095721000.0,753688000.0,753688000.0,0.0,,,,,6935000.0,292037000.0,1.0,142652236.0,142685000,145144000.0,5.282,2001128000.0,0.0,12601000.0,252840000.0,14.025,347397000.0
31,XRAY,MRQ,2013-09-30,2013-09-30,2013-09-30,2021-08-05,-120104000.0,5009979000.0,,1153145000.0,3856834000.0,,17.121,-26466000.0,50658000.0,50658000.0,327601000.0,80866000.0,1.483,1.038,1435742000.0,270948000.0,1164794000.0,1435742000.0,0.0,31068000.0,0.0,0.006,0.062,104480000.0,135548000.0,0.193,135548000.0,104480000.0,93038000.0,0.56,0.55,0.56,2438441000.0,,2438441000.0,7661276197.0,18.0,14.054,99932000.0,0.702,1.0,376417000.0,0.535,3018606000.0,11442000.0,2598896000.0,,448277000.0,0.0,0.0,0.0,2530961000.0,777561000.0,1753400000.0,6177446197.0,-6369000.0,0.0,7034000.0,-108368000.0,-8967000.0,-109214000.0,-25703000.0,849000.0,126398000.0,2150000.0,79851000.0,79851000.0,79851000.0,0.0,1015000.0,0.113,271396000.0,105021000.0,136945000.0,0.111,2.533,16.898,16.893,628509000.0,0.0,43.415,2.094,2.096,502370000.0,3030252000.0,704018000.0,704018000.0,0.0,,,,,4864000.0,269165000.0,1.0,142288292.0,142421000,144698000.0,4.943,1991373000.0,0.0,13187000.0,260591000.0,13.982,375584000.0
32,XRAY,MRQ,2013-06-30,2013-06-30,2013-06-30,2021-08-05,-223222000.0,4874683000.0,,1170033000.0,3704650000.0,,15.744,-21128000.0,57027000.0,57027000.0,346054000.0,88691000.0,1.314,1.149,1540857000.0,417065000.0,1123792000.0,1540857000.0,0.0,32826000.0,0.0,0.006,0.062,121605000.0,154431000.0,0.203,154431000.0,121605000.0,110098000.0,0.61,0.6,0.61,2250185000.0,,2250185000.0,7335810862.0,18.0,13.992,74654000.0,0.522,1.0,414956000.0,0.545,2945196000.0,11507000.0,2522702000.0,,433189000.0,0.0,0.0,0.0,2586587000.0,890615000.0,1695972000.0,5868853862.0,824000.0,0.0,-44643000.0,24317000.0,-9019000.0,-29039000.0,-63465000.0,-41579000.0,95782000.0,-2454000.0,87228000.0,87228000.0,87228000.0,0.0,1463000.0,0.115,292090000.0,122866000.0,147455000.0,0.102,2.608,17.308,17.138,605028000.0,0.0,40.96,1.995,1.99,499006000.0,2959391000.0,761010000.0,761010000.0,0.0,,,,,6070000.0,289921000.0,1.0,143282565.0,142922000,145133000.0,5.325,1929487000.0,0.0,22870000.0,236571000.0,13.5,279418000.0
33,XRAY,MRQ,2013-03-31,2013-03-31,2013-03-31,2021-08-05,-199101000.0,4902128000.0,,1160519000.0,3741609000.0,,15.644,-22814000.0,56203000.0,56203000.0,343884000.0,72573000.0,1.405,1.179,1523160000.0,315438000.0,1207722000.0,1523160000.0,0.0,32351000.0,0.0,0.005,0.062,90448000.0,122799000.0,0.168,122799000.0,90448000.0,75227000.0,0.5,0.49,0.5,2233502000.0,,2233502000.0,7503415756.0,19.0,14.637,13272000.0,0.093,1.0,388200000.0,0.53,2972887000.0,15221000.0,2570033000.0,,417094000.0,0.0,0.0,0.0,2632734000.0,826165000.0,1806569000.0,6062549756.0,-23929000.0,-3939000.0,13578000.0,16133000.0,-7909000.0,13603000.0,-72723000.0,-45765000.0,36086000.0,-895000.0,71685000.0,71685000.0,71685000.0,0.0,888000.0,0.098,294342000.0,93858000.0,148715000.0,0.124,2.714,18.227,18.06,608850000.0,0.0,42.44,2.059,2.058,468537000.0,2881126000.0,732084000.0,732084000.0,0.0,,,,,4831000.0,293677000.0,1.0,142849900.0,142775000,145099000.0,5.128,1929241000.0,0.0,3542000.0,240715000.0,13.512,334354000.0
34,XRAY,MRQ,2012-12-31,2012-12-31,2012-12-31,2021-08-05,-144200000.0,4972297000.0,,1111096000.0,3861201000.0,,15.543,-26727000.0,80132000.0,80132000.0,361235000.0,127928000.0,1.198,1.233,1520998000.0,298963000.0,1222035000.0,1520998000.0,0.0,32401000.0,0.0,0.006,0.055,99968000.0,132369000.0,0.176,132369000.0,99968000.0,87170000.0,0.9,0.88,0.9,2208698000.0,,2208698000.0,7214803658.0,19.0,14.169,140893000.0,0.992,1.0,392053000.0,0.52,3041595000.0,12798000.0,2443788000.0,,402940000.0,0.0,0.0,0.0,2722854000.0,927780000.0,1795074000.0,5621794658.0,24057000.0,-4861000.0,9355000.0,-113444000.0,-7864000.0,-110024000.0,-34721000.0,0.0,167620000.0,1182000.0,126800000.0,126800000.0,126800000.0,0.0,1128000.0,0.168,294846000.0,97207000.0,165290000.0,0.061,2.545,17.892,17.842,614705000.0,0.0,39.61,1.92,1.919,442412000.0,2818461000.0,753288000.0,753288000.0,0.0,,,,,3131000.0,287991000.0,1.0,141928671.0,142099000,144125000.0,5.301,1930702000.0,0.0,-39630000.0,271832000.0,13.587,183316000.0
35,XRAY,MRQ,2012-09-30,2012-09-30,2012-09-30,2021-08-05,-95779000.0,4977422000.0,,1128978000.0,3848444000.0,,14.961,-21785000.0,56075000.0,56075000.0,331619000.0,54292000.0,1.2,1.327,1649084000.0,411840000.0,1237244000.0,1649084000.0,0.0,28427000.0,0.0,0.006,0.055,86272000.0,114699000.0,0.165,114699000.0,86272000.0,72324000.0,0.38,0.37,0.38,2122071000.0,,2122071000.0,7079052374.0,20.0,15.244,76885000.0,0.542,1.0,364115000.0,0.523,3049164000.0,13948000.0,2580547000.0,,415922000.0,0.0,0.0,0.0,2816555000.0,940720000.0,1875835000.0,5407678374.0,2865000.0,0.0,4765000.0,-80287000.0,-7855000.0,-78171000.0,-21793000.0,0.0,98670000.0,4159000.0,53364000.0,53364000.0,53364000.0,0.0,928000.0,0.077,275449000.0,88666000.0,137669000.0,0.145,2.548,23.716,23.543,602670000.0,0.0,38.14,1.856,1.857,467296000.0,2699546000.0,695734000.0,695734000.0,0.0,,,,,181000.0,260352000.0,1.0,141784960.0,141843000,143884000.0,4.905,1928258000.0,0.0,18960000.0,338040000.0,13.594,188258000.0
36,XRAY,MRQ,2012-06-30,2012-06-30,2012-06-30,2021-08-05,-203712000.0,4870756000.0,,1105182000.0,3765574000.0,,13.769,-24045000.0,53210000.0,53210000.0,355525000.0,82040000.0,1.477,1.477,1724584000.0,241801000.0,1482783000.0,1724584000.0,0.0,32802000.0,0.0,0.006,0.055,109962000.0,142764000.0,0.187,142764000.0,109962000.0,95639000.0,0.57,0.56,0.57,1951569000.0,,1951569000.0,7061447634.0,24.0,17.119,59397000.0,0.419,1.0,407469000.0,0.534,2983831000.0,14323000.0,2810096000.0,,403195000.0,0.0,0.0,0.0,2881757000.0,748203000.0,2133554000.0,5359539634.0,-14136000.0,0.0,-2388000.0,-45736000.0,-7859000.0,-55034000.0,-38308000.0,-14221000.0,83442000.0,-4236000.0,80764000.0,80764000.0,80764000.0,0.0,1276000.0,0.106,298562000.0,108907000.0,145850000.0,0.096,2.746,22.783,22.641,587285000.0,0.0,37.81,1.889,1.889,462233000.0,2654044000.0,762994000.0,762994000.0,0.0,,,,,5523000.0,296034000.0,1.0,141749263.0,141737000,143863000.0,5.383,1886925000.0,0.0,14875000.0,347319000.0,13.313,356979000.0
37,XRAY,MRQ,2012-03-31,2012-03-31,2012-03-31,2021-08-05,-68031000.0,5015061000.0,,1119185000.0,3895876000.0,,14.173,-18476000.0,67346000.0,67346000.0,323663000.0,54228000.0,1.409,1.478,1769254000.0,288037000.0,1481217000.0,1769254000.0,0.0,35569000.0,0.0,0.005,0.055,83781000.0,119350000.0,0.167,119350000.0,83781000.0,67999000.0,0.38,0.37,0.38,2008617000.0,,2008617000.0,7389679742.0,26.0,19.094,1477000.0,0.01,1.0,392750000.0,0.548,3107989000.0,15782000.0,2814497000.0,,403052000.0,0.0,0.0,0.0,2968086000.0,794483000.0,2173603000.0,5700096742.0,-9782000.0,0.0,-16386000.0,10555000.0,-7847000.0,-12380000.0,-20199000.0,0.0,19953000.0,2844000.0,53284000.0,53284000.0,53284000.0,0.0,944000.0,0.074,305590000.0,87160000.0,163419000.0,0.145,2.838,24.922,24.62,604160000.0,0.0,40.13,2.124,2.119,461352000.0,2581134000.0,716413000.0,716413000.0,0.0,,,,,343000.0,304353000.0,1.0,142040786.0,141721000,143984000.0,5.055,1907072000.0,0.0,14715000.0,340544000.0,13.457,324702000.0
38,XRAY,MRQ,2011-12-31,2011-12-31,2011-12-31,2021-08-05,-190970000.0,4755398000.0,,1012903000.0,3742495000.0,,13.058,-25824000.0,77128000.0,77128000.0,377056000.0,41393000.0,1.399,1.554,1766711000.0,276701000.0,1490010000.0,1766711000.0,0.0,21147000.0,0.0,0.006,0.055,66416000.0,87563000.0,0.119,87563000.0,66416000.0,50577000.0,0.29,0.28,0.29,1848077000.0,,1848077000.0,6710734044.0,22.0,17.458,112813000.0,0.797,1.0,360957000.0,0.489,2981163000.0,15839000.0,2739745000.0,,361762000.0,0.0,0.0,0.0,2871247000.0,724073000.0,2147174000.0,4953048044.0,-4738000.0,10403000.0,5982000.0,-70700000.0,-7120000.0,-79569000.0,-41259000.0,-23107000.0,138637000.0,-22547000.0,40603000.0,40603000.0,40603000.0,0.0,790000.0,0.055,295619000.0,65338000.0,149117000.0,0.19,2.68,20.256,20.225,591445000.0,0.0,34.99,1.952,1.949,427709000.0,2535709000.0,738013000.0,738013000.0,0.0,,,,,10953000.0,293603000.0,1.0,141556103.0,141533000,143478000.0,5.214,1774235000.0,0.0,9974000.0,258876000.0,12.536,288830000.0
39,XRAY,MRQ,2011-09-30,2011-09-30,2011-09-30,2021-08-05,-146683000.0,4833711000.0,,1089605000.0,3744106000.0,,13.114,-19702000.0,81866000.0,81866000.0,322111000.0,61200000.0,2.125,1.588,1839552000.0,45573000.0,1793979000.0,1839552000.0,0.0,26793000.0,0.0,0.007,0.05,36032000.0,62825000.0,0.101,62825000.0,36032000.0,19970000.0,0.43,0.42,0.43,1853692000.0,,1853692000.0,4329094541.0,13.0,10.591,68621000.0,0.485,1.0,297648000.0,0.48,3016944000.0,16062000.0,3061764000.0,,391528000.0,0.0,0.0,0.0,2943297000.0,512689000.0,2430608000.0,4337431541.0,-589844000.0,-1777832000.0,2300000.0,1159817000.0,-7200000.0,1119634000.0,-1800001000.0,-2462000.0,88323000.0,2200000.0,60597000.0,60597000.0,60597000.0,0.0,603000.0,0.098,257846000.0,39802000.0,133200000.0,0.116,2.34,15.961,15.902,569853000.0,0.0,30.69,1.832,1.832,475947000.0,2502945000.0,619759000.0,619759000.0,0.0,,,,,4856000.0,231493000.0,1.0,141330451.0,141349000,143395000.0,4.385,1816767000.0,0.0,-40627000.0,252937000.0,12.853,576916000.0
40,XRAY,MRQ,2011-06-30,2011-06-30,2011-06-30,2021-08-05,103513000.0,3656643000.0,,1552413000.0,2104230000.0,,14.479,-13441000.0,671710000.0,671710000.0,294592000.0,75390000.0,3.607,0.771,663373000.0,8500000.0,654873000.0,663373000.0,0.0,19516000.0,0.0,0.005,0.05,97763000.0,117279000.0,0.192,117279000.0,97763000.0,92193000.0,0.53,0.52,0.53,2042230000.0,,2042230000.0,5449208821.0,14.0,12.035,108340000.0,0.768,1.0,314851000.0,0.517,1478059000.0,5570000.0,1739821000.0,,337200000.0,0.0,0.0,0.0,1575410000.0,430426000.0,1144984000.0,5360729821.0,96446000.0,-14505000.0,6001000.0,-16878000.0,-7181000.0,-19700000.0,-28024000.0,0.0,121781000.0,22389000.0,74236000.0,74236000.0,74236000.0,0.0,1154000.0,0.122,217847000.0,97004000.0,113870000.0,0.094,2.625,19.508,19.528,442957000.0,0.0,38.08,2.341,2.346,404661000.0,2449463000.0,609443000.0,609443000.0,0.0,,,,,3802000.0,210984000.0,1.0,140775468.0,141052000,143373000.0,4.321,2178584000.0,0.0,17957000.0,105764000.0,15.445,1121987000.0
41,XRAY,MRQ,2011-03-31,2011-03-31,2011-03-31,2021-08-05,88265000.0,3437049000.0,,1412068000.0,2024981000.0,,13.737,-11722000.0,575264000.0,575264000.0,270519000.0,69463000.0,3.901,0.748,663743000.0,11453000.0,652290000.0,663743000.0,0.0,17579000.0,0.0,0.005,0.05,99139000.0,116718000.0,0.205,116718000.0,99139000.0,92796000.0,0.49,0.48,0.49,1945338000.0,,1945338000.0,5329686128.0,14.0,11.687,33006000.0,0.233,1.0,299984000.0,0.526,1430248000.0,6343000.0,1733269000.0,,332282000.0,0.0,0.0,0.0,1454550000.0,362011000.0,1092539000.0,5257955128.0,35226000.0,-5582000.0,-51508000.0,52552000.0,-7131000.0,-17984000.0,-17558000.0,0.0,44728000.0,26040000.0,69084000.0,69084000.0,69084000.0,0.0,379000.0,0.121,201400000.0,98584000.0,111943000.0,0.102,2.703,19.263,19.266,432716000.0,0.0,36.99,2.341,2.333,385357000.0,2382336000.0,570503000.0,570503000.0,0.0,,,,,297000.0,200767000.0,1.0,142145313.0,141614000,144044000.0,4.029,2006801000.0,0.0,23712000.0,103606000.0,14.171,1050057000.0
42,XRAY,MRQ,2010-12-31,2010-12-31,2010-12-31,2021-08-05,24156000.0,3257951000.0,,1315045000.0,1942906000.0,,12.962,-11617000.0,540038000.0,540038000.0,280457000.0,67984000.0,3.652,0.733,611769000.0,7754000.0,604015000.0,611769000.0,0.0,15793000.0,0.0,0.006,0.05,96150000.0,111943000.0,0.197,111943000.0,96150000.0,89467000.0,0.48,0.47,0.48,1839386000.0,,1839386000.0,4920952972.0,13.0,11.035,109786000.0,0.774,1.0,287712000.0,0.506,1381798000.0,6683000.0,1587793000.0,,308738000.0,0.0,0.0,0.0,1348039000.0,360091000.0,987948000.0,4855529972.0,5795000.0,-13559000.0,-12201000.0,3869000.0,-6025000.0,-16113000.0,-94554000.0,-66063000.0,121403000.0,-4941000.0,67827000.0,67827000.0,67827000.0,0.0,157000.0,0.119,192150000.0,95562000.0,114479000.0,0.104,2.64,18.274,18.47,423105000.0,0.0,34.17,2.186,2.215,344796000.0,2320350000.0,568169000.0,568169000.0,0.0,,,,,4155000.0,186427000.0,1.0,142099209.0,141910000,143903000.0,4.004,1876153000.0,0.0,21640000.0,85602000.0,13.221,954954000.0
43,XRAY,MRQ,2010-09-30,2010-09-30,2010-09-30,2021-08-05,41820000.0,3195156000.0,,1331557000.0,1863599000.0,,12.656,-10439000.0,534243000.0,534243000.0,269001000.0,63815000.0,3.784,0.731,599666000.0,7290000.0,592376000.0,599666000.0,0.0,15910000.0,0.0,0.006,0.05,90940000.0,106850000.0,0.197,106850000.0,90940000.0,84941000.0,0.45,0.44,0.45,1803481000.0,,1803481000.0,4700573326.0,12.0,10.386,95151000.0,0.668,1.0,272814000.0,0.504,1384639000.0,5999000.0,1524028000.0,,318071000.0,0.0,0.0,0.0,1318600000.0,351912000.0,966688000.0,4566017326.0,193896000.0,-13688000.0,-30818000.0,108293000.0,-7311000.0,70282000.0,-42732000.0,-18569000.0,105590000.0,60756000.0,63653000.0,63653000.0,63653000.0,0.0,162000.0,0.117,182395000.0,90419000.0,100663000.0,0.111,2.532,16.743,17.005,423802000.0,0.0,31.97,2.056,2.051,366789000.0,2258531000.0,541815000.0,541815000.0,0.0,,,,,4413000.0,182057000.0,1.0,142821937.0,142501000,144063000.0,3.802,1810517000.0,0.0,21288000.0,93573000.0,12.705,979645000.0
44,XRAY,MRQ,2010-06-30,2010-06-30,2010-06-30,2021-08-05,-55678000.0,2797267000.0,,1089242000.0,1708025000.0,,11.574,-10701000.0,340347000.0,340347000.0,277491000.0,73346000.0,3.379,0.63,474903000.0,11927000.0,462976000.0,474903000.0,0.0,16420000.0,0.0,0.007,0.05,104114000.0,120534000.0,0.213,120534000.0,104114000.0,97428000.0,0.5,0.49,0.5,1675714000.0,,1675714000.0,4448897125.0,11.0,9.776,103223000.0,0.713,1.0,287595000.0,0.509,1285763000.0,6686000.0,1323686000.0,,284394000.0,0.0,0.0,0.0,1055857000.0,322374000.0,733483000.0,4377403125.0,-64670000.0,-622000.0,-116765000.0,-5840000.0,-8332000.0,-128169000.0,-11471000.0,0.0,113924000.0,-38954000.0,72386000.0,72386000.0,72386000.0,0.0,960000.0,0.128,182626000.0,104969000.0,106864000.0,0.1,2.612,15.829,15.91,399077000.0,0.0,29.91,1.98,1.959,351304000.0,2202130000.0,565086000.0,565086000.0,0.0,,,,,2247000.0,182383000.0,1.0,146352495.0,144779000,146939000.0,3.903,1511504000.0,0.0,25042000.0,85159000.0,10.44,766868000.0
45,XRAY,MRQ,2010-03-31,2010-03-31,2010-03-31,2021-08-05,34607000.0,2986747000.0,,1178454000.0,1808293000.0,,12.34,-7917000.0,405017000.0,405017000.0,263906000.0,62191000.0,3.599,0.61,476511000.0,18946000.0,457565000.0,476511000.0,0.0,17789000.0,0.0,0.006,0.05,88818000.0,106607000.0,0.195,106607000.0,88818000.0,83098000.0,0.42,0.41,0.42,1811188000.0,,1811188000.0,5152373298.0,13.0,11.423,28627000.0,0.195,1.0,282038000.0,0.517,1362618000.0,5720000.0,1368188000.0,,301198000.0,0.0,0.0,0.0,1104129000.0,327435000.0,776694000.0,5133396298.0,-45331000.0,-7687000.0,-34020000.0,10495000.0,-7409000.0,-29036000.0,-15711000.0,0.0,36544000.0,-37128000.0,61843000.0,61843000.0,61843000.0,0.0,348000.0,0.113,192714000.0,89324000.0,108118000.0,0.119,2.834,18.711,18.854,420779000.0,0.0,34.88,2.335,2.329,355030000.0,2137952000.0,545944000.0,545944000.0,0.0,,,,,3325000.0,188034000.0,1.0,147173059.0,146776000,149294000.0,3.72,1624129000.0,0.0,21255000.0,73647000.0,11.065,851019000.0
46,XRAY,MRQ,2009-12-31,2009-12-31,2009-12-31,2021-08-05,83542000.0,3087932000.0,,1217796000.0,1870136000.0,,12.409,-9482000.0,450348000.0,450348000.0,285161000.0,76050000.0,2.739,0.645,469325000.0,82174000.0,387151000.0,469325000.0,0.0,15385000.0,0.0,0.006,0.05,103227000.0,118612000.0,0.209,118612000.0,103227000.0,98208000.0,0.51,0.5,0.51,1832105000.0,,1832105000.0,5284697966.0,14.0,11.748,107643000.0,0.729,1.0,283233000.0,0.498,1401682000.0,5019000.0,1260671000.0,,291640000.0,0.0,0.0,0.0,1180974000.0,444556000.0,736418000.0,5222857966.0,116980000.0,0.0,-53510000.0,78855000.0,-7453000.0,18476000.0,-9365000.0,3000.0,117125000.0,-9256000.0,74834000.0,74834000.0,74834000.0,0.0,1216000.0,0.132,179832000.0,103401000.0,100847000.0,0.098,2.851,19.044,19.011,439619000.0,0.0,35.17,2.419,2.416,348684000.0,2083459000.0,568394000.0,568394000.0,0.0,,,,,914000.0,178847000.0,1.0,148503212.0,147638000,150177000.0,3.85,1686250000.0,0.0,23374000.0,84890000.0,11.422,773240000.0
47,XRAY,MRQ,2009-09-30,2009-09-30,2009-09-30,2021-08-05,95139000.0,3067109000.0,,1127103000.0,1940006000.0,,12.301,-17180000.0,333368000.0,333368000.0,259473000.0,67853000.0,1.867,0.637,395208000.0,240366000.0,154842000.0,395208000.0,0.0,16398000.0,0.0,0.006,0.05,92938000.0,109336000.0,0.206,109336000.0,92938000.0,87482000.0,0.45,0.45,0.45,1827255000.0,,1827255000.0,5300357172.0,15.0,12.407,112825000.0,0.76,1.0,271730000.0,0.512,1428168000.0,5456000.0,1097129000.0,,311666000.0,37000.0,37000.0,0.0,1164658000.0,603652000.0,561006000.0,5132373172.0,81497000.0,0.0,-7874000.0,-39834000.0,-7464000.0,-54254000.0,-16045000.0,5000.0,130005000.0,21791000.0,67483000.0,67483000.0,67483000.0,0.0,370000.0,0.127,178789000.0,92941000.0,98125000.0,0.111,2.809,18.979,19.083,445365000.0,0.0,34.54,2.448,2.447,356976000.0,2016007000.0,531203000.0,531203000.0,0.0,,,,,4137000.0,177579000.0,1.0,148592159.0,148547000,150638000.0,3.576,1638941000.0,0.0,19999000.0,112734000.0,11.033,523451000.0
48,XRAY,MRQ,2009-06-30,2009-06-30,2009-06-30,2021-08-05,58277000.0,2898479000.0,,1032505000.0,1865974000.0,,11.661,-9793000.0,251871000.0,251871000.0,267164000.0,70580000.0,1.749,0.632,419855000.0,273906000.0,145949000.0,419855000.0,0.0,16576000.0,0.0,0.006,0.05,99907000.0,116483000.0,0.211,116483000.0,99907000.0,94639000.0,0.47,0.47,0.47,1732618000.0,,1732618000.0,4800678752.0,13.0,11.498,94927000.0,0.639,1.0,285668000.0,0.517,1390594000.0,5268000.0,1085376000.0,,309431000.0,36000.0,36000.0,0.0,1094357000.0,590493000.0,503864000.0,4540518752.0,25572000.0,-2412000.0,-624000.0,-75236000.0,-7459000.0,-81908000.0,-13307000.0,156000.0,104720000.0,16067000.0,70199000.0,70199000.0,70199000.0,0.0,381000.0,0.127,186942000.0,98726000.0,93420000.0,0.106,2.621,16.88,16.983,429935000.0,0.0,30.57,2.167,2.167,357546000.0,1955977000.0,552832000.0,552832000.0,0.0,,,,,3523000.0,183817000.0,1.0,148528582.0,148577000,150057000.0,3.721,1507885000.0,0.0,24440000.0,86245000.0,10.149,442012000.0
49,XRAY,MRQ,2009-03-31,2009-03-31,2009-03-31,2021-08-05,8303000.0,2760789000.0,,984889000.0,1775900000.0,,10.869,-14166000.0,226299000.0,226299000.0,241217000.0,59930000.0,2.865,0.67,486459000.0,25617000.0,460842000.0,486459000.0,0.0,16371000.0,0.0,0.007,0.05,89027000.0,105398000.0,0.208,105398000.0,89027000.0,82874000.0,0.42,0.41,0.42,1614146000.0,,1614146000.0,4235420817.0,11.0,9.782,-3527000.0,-0.024,1.0,265732000.0,0.524,1330966000.0,6153000.0,1346276000.0,,314089000.0,187000.0,187000.0,0.0,1081192000.0,343707000.0,737485000.0,3989937817.0,22308000.0,-574000.0,-3304000.0,56438000.0,-7460000.0,46266000.0,-14682000.0,58000.0,10639000.0,-19915000.0,61743000.0,61743000.0,61743000.0,0.0,-1813000.0,0.122,179557000.0,86175000.0,98313000.0,0.119,2.472,14.382,14.435,416393000.0,0.0,26.85,1.867,1.865,327514000.0,1893242000.0,506949000.0,506949000.0,0.0,,,,,4197000.0,177987000.0,1.0,148601036.0,148514000,149705000.0,3.413,1429823000.0,0.0,21131000.0,90150000.0,9.628,641182000.0
50,XRAY,MRQ,2008-12-31,2008-12-31,2008-12-31,2021-08-05,39612000.0,2830400000.0,,949862000.0,1880538000.0,,10.676,-21260000.0,203991000.0,203991000.0,238895000.0,70351000.0,2.639,0.738,449474000.0,25795000.0,423679000.0,449474000.0,0.0,13529000.0,0.0,0.007,0.05,82469000.0,95998000.0,0.19,95998000.0,82469000.0,75379000.0,0.47,0.47,0.47,1587722000.0,,1587722000.0,4556725499.0,12.0,10.241,77878000.0,0.524,1.0,266988000.0,0.528,1380744000.0,7090000.0,1335177000.0,,306125000.0,258000.0,258000.0,0.0,1170987000.0,359962000.0,811025000.0,4206417499.0,149786000.0,-73363000.0,-12127000.0,-19456000.0,-6721000.0,-37969000.0,105395000.0,200294000.0,99138000.0,-16778000.0,70995000.0,70995000.0,70995000.0,0.0,-644000.0,0.14,181638000.0,85350000.0,104329000.0,0.106,2.649,14.818,14.863,432276000.0,0.0,28.24,1.919,1.921,319260000.0,1838958000.0,505883000.0,505883000.0,0.0,,,,,4207000.0,169485000.0,1.0,148952461.0,148718000,150305000.0,3.402,1449656000.0,0.0,4384000.0,105227000.0,9.748,589900000.0
51,XRAY,MRQ,2008-09-30,2008-09-30,2008-09-30,2021-08-05,91827000.0,2661311000.0,,972096000.0,1689215000.0,,10.663,-18809000.0,54205000.0,54205000.0,249770000.0,66066000.0,2.876,0.677,404513000.0,2828000.0,401685000.0,404513000.0,0.0,15094000.0,0.0,0.005,0.045,84535000.0,99629000.0,0.188,99629000.0,84535000.0,75251000.0,0.44,0.44,0.44,1586419000.0,,1586419000.0,6048733688.0,15.0,12.992,79009000.0,0.531,1.0,280183000.0,0.529,1213678000.0,9284000.0,1459894000.0,,278761000.0,190545000.0,190545000.0,0.0,1074537000.0,338047000.0,736490000.0,5580684688.0,-59249000.0,-41522000.0,1945000.0,-167967000.0,-6714000.0,-171169000.0,34604000.0,94945000.0,97818000.0,-20502000.0,66047000.0,66047000.0,66047000.0,0.0,19000.0,0.125,199268000.0,80915000.0,90782000.0,0.102,3.518,19.726,19.968,386885000.0,0.0,37.54,2.506,2.508,345477000.0,1775410000.0,529953000.0,529953000.0,0.0,,,,,2777000.0,180729000.0,1.0,148659688.0,148775000,151697000.0,3.562,1447633000.0,0.0,9204000.0,94512000.0,9.73,634049000.0
52,XRAY,MRQ,2008-06-30,2008-06-30,2008-06-30,2021-08-05,184615000.0,2993208000.0,,1182087000.0,1811121000.0,,10.811,-17579000.0,113454000.0,113454000.0,279361000.0,78699000.0,3.631,0.86,581503000.0,4854000.0,576649000.0,581503000.0,0.0,14096000.0,0.0,0.005,0.045,117846000.0,131942000.0,0.222,131942000.0,117846000.0,109945000.0,0.53,0.52,0.53,1609190000.0,,1609190000.0,5979224139.0,14.0,12.793,91275000.0,0.613,1.0,315486000.0,0.53,1254974000.0,7901000.0,1880722000.0,,282795000.0,309797000.0,309797000.0,0.0,1383681000.0,325561000.0,1058120000.0,5477250139.0,22794000.0,0.0,-4918000.0,-1404000.0,-6714000.0,-12167000.0,-76551000.0,-56781000.0,108854000.0,2658000.0,78648000.0,78648000.0,78648000.0,0.0,51000.0,0.132,202325000.0,113161000.0,94413000.0,0.085,3.404,19.383,19.679,405603000.0,0.0,36.8,2.506,2.507,371489000.0,1716083000.0,594847000.0,594847000.0,0.0,,,,,3442000.0,200867000.0,1.0,148838319.0,148851000,151790000.0,3.996,1738234000.0,0.0,31297000.0,100978000.0,11.678,856526000.0
53,XRAY,MRQ,2008-03-31,2008-03-31,2008-03-31,2021-08-05,167379000.0,2915005000.0,,1093331000.0,1821674000.0,,10.137,-18196000.0,90660000.0,90660000.0,275539000.0,68155000.0,3.681,0.918,592634000.0,5823000.0,586811000.0,592634000.0,0.0,14210000.0,0.0,0.004,0.045,103150000.0,117360000.0,0.209,117360000.0,103150000.0,94898000.0,0.45,0.45,0.45,1519941000.0,,1519941000.0,6140364141.0,15.0,13.684,11975000.0,0.08,1.0,285243000.0,0.509,1257892000.0,8252000.0,1862047000.0,,280932000.0,254003000.0,254003000.0,0.0,1394760000.0,297040000.0,1097720000.0,5826441141.0,-78724000.0,-2415000.0,-84808000.0,82691000.0,-6803000.0,-7781000.0,-111252000.0,-90641000.0,30171000.0,10138000.0,68180000.0,68180000.0,68180000.0,0.0,-25000.0,0.122,184206000.0,101037000.0,93642000.0,0.1,3.833,21.631,21.808,402009000.0,0.0,38.6,2.777,2.759,356629000.0,1644149000.0,560782000.0,560782000.0,0.0,,,,,2954000.0,184002000.0,1.0,150944071.0,149945000,152983000.0,3.74,1657113000.0,0.0,26718000.0,97920000.0,11.051,796291000.0
54,XRAY,MRQ,2007-12-31,2007-12-31,2007-12-31,2021-08-05,145819000.0,2675569000.0,,982022000.0,1693547000.0,,10.029,-22877000.0,169384000.0,169384000.0,268773000.0,70087000.0,3.143,0.765,483307000.0,1244000.0,482063000.0,483307000.0,0.0,12469000.0,0.0,0.004,0.045,104178000.0,116647000.0,0.215,116647000.0,104178000.0,97198000.0,0.46,0.45,0.46,1516106000.0,,1516106000.0,7179235185.0,19.0,16.611,107924000.0,0.714,1.0,272731000.0,0.504,1203587000.0,6980000.0,1473494000.0,,258032000.0,146939000.0,146939000.0,0.0,1159167000.0,312411000.0,846756000.0,6818368185.0,27563000.0,-857000.0,-30382000.0,-27258000.0,-6063000.0,-57737000.0,-50314000.0,-25696000.0,130801000.0,4813000.0,70030000.0,70030000.0,70030000.0,0.0,57000.0,0.129,175134000.0,97597000.0,82321000.0,0.098,4.497,26.259,26.327,371409000.0,0.0,45.02,3.393,3.398,307622000.0,1582683000.0,541504000.0,541504000.0,0.0,,,,,-3455000.0,173496000.0,1.0,151451981.0,151170000,154679000.0,3.582,1471982000.0,0.0,27168000.0,99988000.0,9.737,669611000.0
55,XRAY,MRQ,2007-09-30,2007-09-30,2007-09-30,2021-08-05,124136000.0,2614917000.0,,973936000.0,1640981000.0,,9.587,-14036000.0,141821000.0,141821000.0,235113000.0,65719000.0,3.021,0.799,502688000.0,7020000.0,495668000.0,502688000.0,0.0,12468000.0,0.0,0.004,0.04,88983000.0,101451000.0,0.208,101451000.0,88983000.0,81845000.0,0.43,0.42,0.43,1453635000.0,,1453635000.0,6663557134.0,18.0,16.013,87786000.0,0.579,1.0,252990000.0,0.518,1193328000.0,7138000.0,1460038000.0,,277057000.0,118921000.0,118921000.0,0.0,1161002000.0,322418000.0,838584000.0,6330762134.0,72388000.0,-74412000.0,-31536000.0,90026000.0,-6095000.0,54148000.0,-89762000.0,-3536000.0,101822000.0,6180000.0,65719000.0,65719000.0,65719000.0,0.0,0.0,0.135,170400000.0,82590000.0,87154000.0,0.093,4.355,24.868,25.084,351566000.0,0.0,41.64,3.264,3.255,326012000.0,1519461000.0,488103000.0,488103000.0,0.0,,,,,2664000.0,165708000.0,1.0,152035594.0,151632000,154736000.0,3.219,1421589000.0,0.0,16126000.0,86124000.0,9.375,651518000.0
56,XRAY,MRQ,2007-06-30,2007-06-30,2007-06-30,2021-08-05,145819000.0,2675569000.0,,982022000.0,1693547000.0,,9.974,-10270000.0,169384000.0,169384000.0,238578000.0,65433000.0,3.143,0.765,483307000.0,1244000.0,482063000.0,483307000.0,0.0,12418000.0,0.0,0.004,0.04,100835000.0,113253000.0,0.223,113253000.0,100835000.0,95626000.0,0.43,0.42,0.43,1516106000.0,,1516106000.0,6130944179.0,17.0,14.793,102979000.0,0.677,1.0,268784000.0,0.53,1203587000.0,5209000.0,1473494000.0,,258032000.0,146939000.0,146939000.0,0.0,1159167000.0,312411000.0,846756000.0,5811908179.0,-34645000.0,-19073000.0,-19645000.0,-16733000.0,-6074000.0,-39889000.0,-108839000.0,-76829000.0,113249000.0,834000.0,65433000.0,65433000.0,65433000.0,0.0,0.0,0.129,175291000.0,93493000.0,82321000.0,0.093,3.833,24.389,24.684,371409000.0,0.0,38.26,3.08,3.081,307622000.0,1582683000.0,507362000.0,507362000.0,0.0,,,,,29000.0,172084000.0,1.0,151905598.0,152000000,154873000.0,3.338,1471982000.0,0.0,30193000.0,99988000.0,9.684,669611000.0
57,XRAY,MRQ,2007-03-31,2007-03-31,2007-03-31,2021-08-05,87882000.0,2294758000.0,,816401000.0,1478357000.0,,8.801,-10653000.0,104078000.0,104078000.0,226586000.0,58472000.0,3.081,0.715,423114000.0,9759000.0,413355000.0,423114000.0,0.0,12934000.0,0.0,0.005,0.04,87922000.0,100856000.0,0.213,100856000.0,87922000.0,83466000.0,0.38,0.38,0.38,1338029000.0,,1338029000.0,5287330112.0,15.0,12.98,31172000.0,0.205,1.0,246278000.0,0.521,1065909000.0,4456000.0,1282905000.0,,247517000.0,32839000.0,32839000.0,0.0,956494000.0,264980000.0,691514000.0,4982238112.0,39014000.0,-7150000.0,1735000.0,50756000.0,-6902000.0,46685000.0,-50476000.0,-32337000.0,41825000.0,980000.0,58472000.0,58472000.0,58472000.0,0.0,0.0,0.124,165067000.0,81211000.0,85031000.0,0.105,3.724,21.458,21.833,331686000.0,0.0,32.75,2.69,2.688,311005000.0,1400478000.0,472864000.0,472864000.0,0.0,,,,,3436000.0,164077000.0,1.0,152129408.0,152031000,154564000.0,3.11,1228849000.0,0.0,24994000.0,62286000.0,8.083,551421000.0
58,XRAY,MRQ,2006-12-31,2006-12-31,2006-12-31,2021-08-05,79914000.0,2181350000.0,,718191000.0,1463159000.0,,8.371,-7626000.0,65064000.0,65064000.0,230521000.0,64949000.0,2.306,0.712,370156000.0,2995000.0,367161000.0,370156000.0,0.0,11809000.0,0.0,0.005,0.04,88767000.0,100576000.0,0.213,100576000.0,88767000.0,79077000.0,0.42,0.41,0.42,1273835000.0,,1273835000.0,4973223992.0,14.0,12.522,104774000.0,0.688,1.0,240810000.0,0.511,1063030000.0,9690000.0,1111978000.0,,232441000.0,79000.0,79000.0,0.0,907293000.0,311434000.0,595859000.0,4532733992.0,-266761000.0,-109000.0,-99386000.0,-420696000.0,-5388000.0,-519495000.0,113842000.0,125665000.0,112400000.0,26492000.0,64949000.0,64949000.0,64949000.0,0.0,0.0,0.138,161155000.0,79655000.0,79951000.0,0.095,3.558,20.261,20.729,329616000.0,0.0,29.85,2.504,2.559,290791000.0,1352342000.0,471331000.0,471331000.0,0.0,,,,,-4967000.0,159532000.0,1.0,151850385.0,152178000,155052000.0,3.097,1118320000.0,0.0,14128000.0,100483000.0,7.349,406757000.0
59,XRAY,MRQ,2006-09-30,2006-09-30,2006-09-30,2021-08-05,68445000.0,2566935000.0,,1137007000.0,1429928000.0,,8.35,-13029000.0,331825000.0,331825000.0,209814000.0,49449000.0,1.489,0.996,772315000.0,443113000.0,329202000.0,772315000.0,0.0,12228000.0,0.0,0.005,0.035,87547000.0,99775000.0,0.229,99775000.0,87547000.0,78485000.0,0.32,0.31,0.32,1285645000.0,,1285645000.0,4958323035.0,20.0,16.533,53758000.0,0.349,1.0,225911000.0,0.518,1037604000.0,9062000.0,1206459000.0,,236279000.0,128304000.0,128304000.0,0.0,1281078000.0,763362000.0,517716000.0,4631716035.0,49128000.0,-25526000.0,-15069000.0,-19352000.0,-5413000.0,-39281000.0,22992000.0,59888000.0,66787000.0,-1370000.0,49449000.0,49449000.0,49449000.0,0.0,0.0,0.113,147372000.0,78539000.0,74620000.0,0.109,3.603,29.306,29.52,320779000.0,0.0,30.11,2.593,2.595,296066000.0,1294281000.0,435725000.0,435725000.0,0.0,,,,,4653000.0,148521000.0,1.0,153826504.0,153968000,157153000.0,2.83,1529331000.0,0.0,29036000.0,120069000.0,9.933,373645000.0
60,XRAY,MRQ,2006-06-30,2006-06-30,2006-06-30,2021-08-05,67746000.0,2566713000.0,,1159072000.0,1407641000.0,,7.974,-12642000.0,282697000.0,282697000.0,230290000.0,59316000.0,1.618,1.053,802024000.0,388717000.0,413307000.0,802024000.0,0.0,11302000.0,0.0,0.004,0.035,94831000.0,106133000.0,0.225,106133000.0,94831000.0,86066000.0,0.38,0.37,0.38,1250397000.0,,1250397000.0,5036224098.0,45.0,31.934,68647000.0,0.438,1.0,242154000.0,0.513,1043139000.0,8765000.0,1326725000.0,,229373000.0,192720000.0,192720000.0,0.0,1316103000.0,716176000.0,599927000.0,4784295098.0,22102000.0,-3139000.0,-131097000.0,105819000.0,-5542000.0,-27017000.0,-50578000.0,-35156000.0,81289000.0,18408000.0,59316000.0,59316000.0,59316000.0,0.0,0.0,0.126,155562000.0,86592000.0,76665000.0,0.092,3.826,100.109,97.742,321910000.0,0.0,30.3,2.708,2.689,299048000.0,1250222000.0,472444000.0,472444000.0,0.0,,,,,4181000.0,152926000.0,1.0,157897528.0,156814000,159834000.0,3.013,1523574000.0,0.0,26750000.0,124073000.0,9.716,442896000.0
61,XRAY,MRQ,2006-03-31,2006-03-31,2006-03-31,2021-08-05,63794000.0,2442154000.0,,1064126000.0,1378028000.0,,8.288,-9139000.0,260595000.0,260595000.0,210860000.0,50004000.0,1.367,0.865,664648000.0,477787000.0,186861000.0,664648000.0,0.0,12095000.0,0.0,0.004,0.035,78589000.0,90684000.0,0.21,90684000.0,78589000.0,71209000.0,0.32,0.31,0.32,1309476000.0,,1309476000.0,4842818712.0,48.0,32.267,2240000.0,0.014,1.0,220136000.0,0.511,1013168000.0,7380000.0,1054772000.0,,226442000.0,152124000.0,152124000.0,0.0,1132495000.0,778267000.0,354228000.0,4595027712.0,-173389000.0,-3309000.0,5391000.0,-27777000.0,-5520000.0,-26776000.0,-162547000.0,-150171000.0,11379000.0,4555000.0,50004000.0,50004000.0,50004000.0,0.0,0.0,0.116,150128000.0,70008000.0,88408000.0,0.109,3.509,99.099,100.259,309825000.0,0.0,29.075,2.642,2.641,275106000.0,1196318000.0,430996000.0,430996000.0,0.0,,,,,4295000.0,145431000.0,1.0,158040506.0,157998000,161060000.0,2.728,1428986000.0,0.0,21205000.0,112234000.0,9.044,285859000.0
62,XRAY,MRQ,2005-12-31,2005-12-31,2005-12-31,2021-08-05,56454000.0,2410373000.0,,1033088000.0,1377285000.0,,7.923,-14427000.0,433984000.0,433984000.0,223570000.0,-724000.0,1.388,0.933,682316000.0,412212000.0,270104000.0,682316000.0,0.0,10995000.0,0.0,0.005,0.035,-7682000.0,3313000.0,0.007,3313000.0,-7682000.0,-20269000.0,0.0,-0.005,0.0,1246596000.0,,1246596000.0,4573930230.0,46.0,30.593,86526000.0,0.55,1.0,223792000.0,0.5,1001827000.0,12587000.0,912600000.0,,208179000.0,541000.0,541000.0,0.0,1163589000.0,744278000.0,419311000.0,4221634230.0,206436000.0,-778000.0,11733000.0,-48837000.0,-4704000.0,-41808000.0,157888000.0,176275000.0,100953000.0,-10597000.0,-724000.0,-724000.0,-724000.0,0.0,0.0,-0.002,245497000.0,-21705000.0,82317000.0,,3.387,92.961,92.569,316218000.0,0.0,26.845,2.461,2.492,254822000.0,1151856000.0,447362000.0,447362000.0,0.0,,,,,990000.0,144093000.0,1.0,157259610.0,157334000,159926000.0,2.843,1408546000.0,0.0,-19545000.0,129771000.0,8.953,288810000.0
63,XRAY,MRQ,2005-09-30,2005-09-30,2005-09-30,2021-08-05,80317000.0,2465818000.0,,986994000.0,1478824000.0,,7.959,-9654000.0,398581000.0,398581000.0,206962000.0,-60805000.0,2.712,0.963,750877000.0,66276000.0,684601000.0,750877000.0,0.0,12522000.0,0.0,0.004,0.03,-54944000.0,-42422000.0,-0.102,-42422000.0,-54944000.0,-59496000.0,-0.39,-0.39,-0.39,1255799000.0,,1255799000.0,4645047214.0,25.0,19.35,57034000.0,0.361,1.0,209002000.0,0.502,1053839000.0,4552000.0,1400387000.0,,228960000.0,0.0,0.0,0.0,1209409000.0,363888000.0,845521000.0,4283360214.0,21946000.0,-1386000.0,-47041000.0,31803000.0,-4763000.0,-20001000.0,-22025000.0,-10861000.0,66688000.0,-2716000.0,-60805000.0,-60805000.0,-60805000.0,0.0,0.0,-0.146,265635000.0,-56633000.0,78829000.0,-0.077,3.411,37.33,38.312,376340000.0,0.0,27.01,2.471,2.459,259920000.0,1158097000.0,415964000.0,415964000.0,0.0,,,,,0.0,134324000.0,1.0,158584236.0,157789000,157789000.0,2.636,1411979000.0,0.0,1309000.0,113446000.0,8.949,623106000.0
64,XRAY,MRQ,2005-06-30,2005-06-30,2005-06-30,2021-08-05,80104000.0,2572322000.0,,947128000.0,1625194000.0,,8.534,-12109000.0,365675000.0,365675000.0,217551000.0,57893000.0,2.536,0.88,727362000.0,69285000.0,658077000.0,727362000.0,0.0,13611000.0,0.0,0.004,0.03,84899000.0,98510000.0,0.221,98510000.0,84899000.0,80453000.0,0.36,0.35,0.36,1367707000.0,,1367707000.0,4674201390.0,15.0,12.847,28051000.0,0.175,1.0,227283000.0,0.511,1193854000.0,4446000.0,1366746000.0,,224224000.0,0.0,0.0,0.0,1204012000.0,373409000.0,830603000.0,4340265390.0,-65075000.0,-10079000.0,-79487000.0,2441000.0,-4835000.0,-81881000.0,-8552000.0,-3817000.0,40160000.0,-14802000.0,57893000.0,57893000.0,57893000.0,0.0,0.0,0.13,146148000.0,81135000.0,87847000.0,0.083,3.173,19.53,19.495,378114000.0,0.0,27.0,2.542,2.535,264637000.0,1223593000.0,444834000.0,444834000.0,0.0,,,,,0.0,146376000.0,1.0,160750570.0,160274000,163216000.0,2.775,1378468000.0,0.0,22560000.0,125856000.0,8.601,573719000.0
65,XRAY,MRQ,2005-03-31,2005-03-31,2005-03-31,2021-08-05,122280000.0,2696417000.0,,1025692000.0,1670725000.0,,8.712,-8548000.0,436702000.0,436702000.0,198034000.0,49049000.0,2.607,0.88,770638000.0,69738000.0,700900000.0,770638000.0,0.0,13432000.0,0.0,0.004,0.03,76677000.0,90109000.0,0.221,90109000.0,76677000.0,70350000.0,0.305,0.3,0.305,1433818000.0,,1433818000.0,4739215124.0,16.0,13.354,16420000.0,0.1,1.0,208941000.0,0.513,1223698000.0,6327000.0,1413237000.0,,224091000.0,0.0,0.0,0.0,1262012000.0,393418000.0,868594000.0,4392765124.0,-132864000.0,-5854000.0,-18189000.0,-45653000.0,-4839000.0,-68681000.0,-77065000.0,-68879000.0,24968000.0,-12086000.0,49049000.0,49049000.0,49049000.0,0.0,0.0,0.121,138816000.0,70125000.0,105005000.0,0.098,3.064,20.586,20.455,396790000.0,0.0,27.205,2.604,2.654,251259000.0,1170479000.0,406975000.0,406975000.0,0.0,,,,,0.0,138548000.0,1.0,161469036.0,164578000,164578000.0,2.473,1472719000.0,0.0,21301000.0,121884000.0,8.948,632274000.0
66,XRAY,MRQ,2004-12-31,2004-12-31,2004-12-31,2021-08-05,164100000.0,2798145000.0,,1056409000.0,1741736000.0,,8.953,-13346000.0,403541000.0,403541000.0,233446000.0,68606000.0,2.611,0.937,852819000.0,72879000.0,779940000.0,852819000.0,0.0,12713000.0,0.0,0.004,0.03,81145000.0,93858000.0,0.202,93858000.0,81145000.0,74279000.0,0.43,0.415,0.43,1443973000.0,,1443973000.0,4931748823.0,14.0,12.599,108413000.0,0.672,1.0,232054000.0,0.499,1261993000.0,6866000.0,1580823000.0,,213709000.0,102828000.0,102828000.0,0.0,1353572000.0,404607000.0,948965000.0,4534660823.0,-3809000.0,-609000.0,-3417000.0,-21706000.0,-3228000.0,-38599000.0,-103369000.0,-94764000.0,121759000.0,16400000.0,68606000.0,68606000.0,68606000.0,346000.0,0.0,0.147,152707000.0,79347000.0,91576000.0,0.07,3.14,17.912,17.785,399880000.0,0.0,28.1,2.677,2.667,238873000.0,1126262000.0,465500000.0,465500000.0,0.0,,,,,1469000.0,148748000.0,1.0,161375830.0,161276000,164652000.0,2.886,1536152000.0,0.0,5673000.0,118583000.0,9.525,651802000.0
67,XRAY,MRQ,2004-09-30,2004-09-30,2004-09-30,2021-08-05,96373000.0,2618037000.0,,954958000.0,1663079000.0,,8.154,-11434000.0,407350000.0,407350000.0,191449000.0,46684000.0,3.026,0.994,804438000.0,22478000.0,781960000.0,804438000.0,0.0,12019000.0,0.0,0.004,0.026,69340000.0,81359000.0,0.209,81359000.0,69340000.0,62909000.0,0.29,0.285,0.29,1312735000.0,,1312735000.0,4631881334.0,14.0,11.887,61564000.0,0.382,1.0,198516000.0,0.509,1195828000.0,6431000.0,1503753000.0,,212052000.0,0.0,0.0,0.0,1305223000.0,315544000.0,989679000.0,4181615334.0,62949000.0,-314000.0,-2261000.0,-947000.0,-4221000.0,-4013000.0,-11409000.0,0.0,72998000.0,5373000.0,46684000.0,46684000.0,46684000.0,-340000.0,0.0,0.12,130404000.0,68112000.0,73953000.0,0.09,3.185,17.798,17.667,381091000.0,0.0,25.97,2.526,2.525,241869000.0,1061497000.0,389965000.0,389965000.0,0.0,,,,,0.0,128296000.0,1.0,161017148.0,160990000,164220000.0,2.422,1422209000.0,0.0,16225000.0,122511000.0,8.834,639414000.0
68,XRAY,MRQ,2004-06-30,2004-06-30,2004-06-30,2021-08-05,81766000.0,2535200000.0,,882595000.0,1652605000.0,,7.806,-14306000.0,344401000.0,344401000.0,212352000.0,49043000.0,2.894,1.017,794667000.0,23322000.0,771345000.0,794667000.0,0.0,11541000.0,0.0,0.004,0.026,78026000.0,89567000.0,0.211,89567000.0,78026000.0,72172000.0,0.305,0.3,0.305,1256587000.0,,1256587000.0,4718560480.0,14.0,12.217,49855000.0,0.31,1.0,212056000.0,0.5,1186739000.0,5854000.0,1493767000.0,,203179000.0,0.0,0.0,0.0,1278432000.0,304960000.0,973472000.0,4196040480.0,56691000.0,-242000.0,3322000.0,1395000.0,-4215000.0,7334000.0,-14094000.0,0.0,64161000.0,-710000.0,49043000.0,49043000.0,49043000.0,179000.0,0.0,0.116,134491000.0,77565000.0,84719000.0,0.085,3.339,18.278,18.09,376225000.0,0.0,26.05,2.557,2.555,245439000.0,1019033000.0,424408000.0,424408000.0,0.0,,,,,0.0,134158000.0,1.0,161076410.0,160986000,164178000.0,2.636,1348461000.0,0.0,23129000.0,114005000.0,8.376,577635000.0
69,XRAY,MRQ,2004-03-31,2004-03-31,2004-03-31,2021-08-05,91020000.0,2515283000.0,,833644000.0,1681639000.0,,7.592,-11162000.0,287710000.0,287710000.0,210467000.0,88832000.0,2.583,1.072,810230000.0,22763000.0,787467000.0,810230000.0,0.0,13023000.0,0.0,0.005,0.026,113621000.0,126644000.0,0.306,126644000.0,113621000.0,107674000.0,0.555,0.545,0.555,1213615000.0,,1213615000.0,4205426085.0,13.0,11.057,36179000.0,0.226,1.0,203892000.0,0.492,1198956000.0,5947000.0,1516145000.0,,207836000.0,0.0,0.0,0.0,1301355000.0,322702000.0,978653000.0,3557006085.0,123955000.0,86500000.0,9971000.0,-269000.0,-4159000.0,5543000.0,73382000.0,0.0,47341000.0,-2311000.0,88832000.0,88832000.0,88832000.0,-43064000.0,0.0,0.214,133786000.0,70106000.0,78276000.0,0.047,2.931,15.827,15.664,374567000.0,0.0,22.165,2.208,2.199,248387000.0,974211000.0,414359000.0,414359000.0,0.0,,,,,0.0,133062000.0,1.0,160478506.0,159844000,163002000.0,2.592,1316327000.0,0.0,18842000.0,111338000.0,8.235,510942000.0
70,XRAY,MRQ,2003-12-31,2003-12-31,2003-12-31,2021-08-05,104920000.0,2445587000.0,,727452000.0,1718135000.0,,7.088,-15918000.0,163755000.0,163755000.0,220882000.0,50384000.0,1.978,1.179,812175000.0,21973000.0,790202000.0,812175000.0,0.0,10847000.0,0.0,0.004,0.052,81233000.0,92080000.0,0.216,92080000.0,81233000.0,73804000.0,0.32,0.31,0.32,1122069000.0,,1122069000.0,4290168232.0,15.0,13.109,75271000.0,0.475,1.0,205895000.0,0.482,1209739000.0,7429000.0,1516453000.0,,205587000.0,0.0,0.0,0.0,1323100000.0,367815000.0,955285000.0,3575089232.0,72745000.0,14081000.0,3539000.0,-21605000.0,-4153000.0,-29539000.0,4335000.0,0.0,91189000.0,6760000.0,50384000.0,50384000.0,50384000.0,-1707000.0,0.0,0.118,132057000.0,73838000.0,86338000.0,0.163,3.186,20.525,20.439,376211000.0,0.0,22.585,2.28,2.271,241385000.0,889601000.0,426777000.0,426777000.0,0.0,,,,,1519000.0,128357000.0,1.0,158294852.0,158312000,162428000.0,2.696,1235848000.0,0.0,23420000.0,133475000.0,7.806,359637000.0
71,XRAY,MRQ,2003-09-30,2003-09-30,2003-09-30,2021-08-05,68851000.0,2332405000.0,,643814000.0,1688591000.0,,6.547,-15485000.0,91010000.0,91010000.0,191702000.0,41314000.0,1.579,1.254,806089000.0,22697000.0,783392000.0,806089000.0,0.0,11236000.0,0.0,0.003,0.0,66711000.0,77947000.0,0.208,77947000.0,66711000.0,60609000.0,0.26,0.255,0.26,1034355000.0,,1034355000.0,4290789205.0,16.0,13.723,55779000.0,0.353,1.0,183801000.0,0.489,1189262000.0,6102000.0,1450518000.0,,230054000.0,0.0,0.0,0.0,1297443000.0,407704000.0,889739000.0,3541854205.0,9609000.0,-3259000.0,3890000.0,-47613000.0,-3629000.0,-43823000.0,-19262000.0,0.0,71264000.0,1430000.0,41314000.0,41314000.0,41314000.0,-1027000.0,0.0,0.11,120020000.0,63781000.0,81312000.0,0.0,3.424,21.328,21.251,359425000.0,0.0,22.42,2.434,2.434,242937000.0,843378000.0,375503000.0,375503000.0,0.0,,,,,0.0,120020000.0,1.0,157977440.0,157998000,162014000.0,2.377,1143143000.0,0.0,19295000.0,146329000.0,7.235,236110000.0
72,XRAY,MRQ,2003-06-30,2003-06-30,2003-06-30,2021-08-05,55199000.0,2304209000.0,,637295000.0,1666914000.0,,6.214,-20827000.0,81401000.0,81401000.0,196403000.0,44218000.0,1.679,1.355,830336000.0,5365000.0,824971000.0,830336000.0,0.0,12125000.0,0.0,0.004,0.023,71533000.0,83658000.0,0.212,83658000.0,71533000.0,65079000.0,0.28,0.275,0.28,977982000.0,,977982000.0,3977407546.0,15.0,13.122,31672000.0,0.201,1.0,198075000.0,0.502,1178571000.0,6454000.0,1494996000.0,,229592000.0,0.0,0.0,0.0,1324907000.0,379577000.0,945330000.0,3221537546.0,35223000.0,0.0,7286000.0,-2487000.0,-3611000.0,4979000.0,-23158000.0,0.0,52499000.0,903000.0,44218000.0,44218000.0,44218000.0,-768000.0,0.0,0.112,128235000.0,69840000.0,79512000.0,0.082,3.294,20.069,19.98,348971000.0,0.0,20.48,2.228,2.229,243813000.0,806216000.0,394478000.0,394478000.0,0.0,,,,,0.0,128235000.0,1.0,157301638.0,157376000,160654000.0,2.507,1125638000.0,0.0,20861000.0,147268000.0,7.153,257718000.0
73,XRAY,MRQ,2003-03-31,2003-03-31,2003-03-31,2021-08-05,24727000.0,2188898000.0,,577852000.0,1611046000.0,,5.714,-17968000.0,46178000.0,46178000.0,188474000.0,38267000.0,1.558,1.44,802048000.0,4421000.0,797627000.0,802048000.0,0.0,11453000.0,0.0,0.005,0.023,62128000.0,73581000.0,0.198,73581000.0,62128000.0,56034000.0,0.245,0.24,0.245,896513000.0,,896513000.0,3478307905.0,14.0,11.794,25072000.0,0.16,1.0,182762000.0,0.492,1156934000.0,6094000.0,1416963000.0,,228903000.0,0.0,0.0,0.0,1291050000.0,370871000.0,920179000.0,2729586905.0,20526000.0,-2354000.0,2156000.0,-1676000.0,-3606000.0,-3126000.0,-20556000.0,0.0,43040000.0,1168000.0,38267000.0,38267000.0,38267000.0,-828000.0,0.0,0.103,122238000.0,60524000.0,77059000.0,0.094,3.045,17.826,17.75,329014000.0,0.0,17.395,1.906,1.905,228857000.0,765627000.0,371236000.0,371236000.0,0.0,,,,,0.0,122238000.0,1.0,156917902.0,156884000,160014000.0,2.366,1031964000.0,0.0,17767000.0,145096000.0,6.578,206981000.0
74,XRAY,MRQ,2002-12-31,2002-12-31,2002-12-31,2021-08-05,1624000.0,2087033000.0,,541001000.0,1546032000.0,,5.334,-13934000.0,25652000.0,25652000.0,143105000.0,42270000.0,1.816,1.495,774373000.0,4550000.0,769823000.0,774373000.0,0.0,9211000.0,0.0,0.005,0.023,68272000.0,77483000.0,0.247,77483000.0,68272000.0,60506000.0,0.27,0.265,0.27,835928000.0,,835928000.0,3671226447.0,15.0,12.703,57974000.0,0.37,1.0,170870000.0,0.544,1134506000.0,7766000.0,1403383000.0,,214492000.0,0.0,0.0,0.0,1249846000.0,297865000.0,951981000.0,2914468447.0,1757000.0,15585000.0,-6622000.0,-59038000.0,-3601000.0,-60155000.0,-18895000.0,-15000000.0,71908000.0,8899000.0,42270000.0,42270000.0,42270000.0,-4311000.0,0.0,0.135,104288000.0,66582000.0,66625000.0,0.085,3.487,19.699,19.683,313178000.0,0.0,18.6,2.058,2.054,221262000.0,730971000.0,313975000.0,313975000.0,0.0,,,,,1520000.0,104241000.0,1.0,156691852.0,156720000,160258000.0,2.003,952527000.0,0.0,18236000.0,62946000.0,6.078,243136000.0
75,XRAY,MRQ,2002-09-30,2002-09-30,2002-09-30,2021-08-05,-37355000.0,1996099000.0,,512079000.0,1484020000.0,,4.82,-17988000.0,23895000.0,23895000.0,187105000.0,35766000.0,1.369,1.645,780653000.0,7694000.0,772959000.0,780653000.0,0.0,9692000.0,0.0,0.005,0.023,58706000.0,68398000.0,0.187,68398000.0,58706000.0,51895000.0,0.23,0.225,0.23,754318000.0,,754318000.0,3920856191.0,17.0,14.071,28692000.0,0.183,1.0,178932000.0,0.489,1104338000.0,6811000.0,1274393000.0,,219786000.0,0.0,0.0,0.0,1240549000.0,374126000.0,866423000.0,3142511191.0,6209000.0,-962000.0,1226000.0,-24093000.0,-3597000.0,-26464000.0,-15824000.0,0.0,46680000.0,1817000.0,35766000.0,35766000.0,35766000.0,0.0,0.0,0.098,117776000.0,61156000.0,62122000.0,0.1,4.166,22.522,22.567,294418000.0,0.0,20.085,2.255,2.256,208355000.0,692308000.0,366037000.0,366037000.0,0.0,,,,,0.0,118554000.0,1.0,156460602.0,156494000,160254000.0,2.339,891761000.0,0.0,16129000.0,133197000.0,5.698,137953000.0
76,XRAY,MRQ,2002-06-30,2002-06-30,2002-06-30,2021-08-05,-22999000.0,1970753000.0,,522163000.0,1448590000.0,,4.697,-11962000.0,17686000.0,17686000.0,196473000.0,36820000.0,1.448,1.683,796031000.0,9852000.0,786179000.0,796031000.0,0.0,12077000.0,0.0,0.005,0.023,63395000.0,75472000.0,0.198,75472000.0,63395000.0,55784000.0,0.235,0.23,0.235,734319000.0,,734319000.0,3601821336.0,16.0,13.47,30034000.0,0.192,1.0,184540000.0,0.484,1075679000.0,7611000.0,1312744000.0,,222911000.0,0.0,0.0,0.0,1235861000.0,360675000.0,875186000.0,2884865336.0,-2151000.0,-11870000.0,5343000.0,-26649000.0,-3591000.0,-27927000.0,-9511000.0,15000000.0,41996000.0,-6709000.0,36820000.0,36820000.0,36820000.0,0.0,0.0,0.097,119739000.0,64801000.0,65292000.0,0.098,3.929,22.246,22.37,286730000.0,0.0,18.455,2.252,2.252,221316000.0,660142000.0,381013000.0,381013000.0,0.0,,,,,0.0,119783000.0,1.0,156318902.0,156326000,160152000.0,2.437,895074000.0,0.0,18964000.0,118709000.0,5.726,161488000.0
77,XRAY,MRQ,2002-03-31,2002-03-31,2002-03-31,2021-08-05,-81355000.0,1816305000.0,,490081000.0,1326224000.0,,4.101,-9815000.0,19837000.0,19837000.0,185496000.0,33096000.0,1.469,1.841,736793000.0,10664000.0,726129000.0,736793000.0,0.0,10372000.0,0.0,0.005,0.023,57270000.0,67642000.0,0.191,67642000.0,57270000.0,50216000.0,0.21,0.21,0.21,639249000.0,,639249000.0,3585329414.0,18.0,14.277,2584000.0,0.017,1.0,169372000.0,0.477,996390000.0,7054000.0,1203319000.0,,204173000.0,0.0,0.0,0.0,1176593000.0,333552000.0,843041000.0,2887881414.0,-13873000.0,-37558000.0,0.0,15769000.0,-3569000.0,15177000.0,-40272000.0,0.0,12399000.0,-1177000.0,33096000.0,33096000.0,33096000.0,0.0,0.0,0.093,112459000.0,56913000.0,62593000.0,0.11,4.518,24.012,24.222,266332000.0,0.0,18.53,2.501,2.502,205958000.0,626920000.0,354868000.0,354868000.0,0.0,,,,,0.0,114416000.0,1.0,155848970.0,155894000,159242000.0,2.276,819915000.0,0.0,17120000.0,129604000.0,5.259,156529000.0
78,XRAY,MRQ,2001-12-31,2001-12-31,2001-12-31,2021-08-05,-77388000.0,1798151000.0,,484243000.0,1313908000.0,,3.915,-11966000.0,33710000.0,33710000.0,144558000.0,33847000.0,1.351,1.949,731158000.0,7634000.0,723524000.0,731158000.0,0.0,10863000.0,0.0,0.005,0.023,56274000.0,67137000.0,0.23,67137000.0,56274000.0,49665000.0,0.215,0.215,0.215,609519000.0,,609519000.0,2937663844.0,14.0,11.558,81143000.0,0.521,1.0,146912000.0,0.504,1012160000.0,6609000.0,1124922000.0,,197454000.0,0.0,0.0,0.0,1188195000.0,358517000.0,829678000.0,2605340844.0,21831000.0,-504262000.0,0.0,395414000.0,-3566000.0,401519000.0,-474695000.0,0.0,93109000.0,1898000.0,33847000.0,33847000.0,33847000.0,-3782000.0,0.0,0.116,100370000.0,46542000.0,69904000.0,0.107,4.274,21.444,21.453,240890000.0,0.0,16.733,2.492,2.487,191534000.0,597414000.0,291470000.0,291470000.0,0.0,,,,,1519000.0,100797000.0,1.0,155697660.0,155690000,158670000.0,1.872,785991000.0,0.0,15818000.0,119148000.0,5.048,125726000.0
79,XRAY,MRQ,2001-09-30,2001-09-30,2001-09-30,2021-08-05,-61362000.0,1219171000.0,,363739000.0,855432000.0,,3.817,-10542000.0,11879000.0,11879000.0,121116000.0,25919000.0,1.74,1.05,344202000.0,1049000.0,343153000.0,344202000.0,0.0,14222000.0,0.0,0.006,0.023,42927000.0,57149000.0,0.225,57149000.0,42927000.0,38055000.0,0.165,0.165,0.165,593521000.0,,593521000.0,2705221625.0,17.0,12.925,35871000.0,0.231,1.0,132385000.0,0.522,606337000.0,4872000.0,736092000.0,,163853000.0,0.0,0.0,0.0,623390000.0,209065000.0,414325000.0,2380585625.0,-5081000.0,-21943000.0,0.0,452000.0,-3561000.0,-1345000.0,-30382000.0,0.0,46413000.0,-19767000.0,25919000.0,25919000.0,25919000.0,0.0,0.0,0.102,87975000.0,44410000.0,47515000.0,0.139,4.011,23.566,23.668,195217000.0,0.0,15.313,2.675,2.676,146568000.0,567136000.0,253501000.0,253501000.0,0.0,,,,,0.0,87975000.0,1.0,155458356.0,155502000,158300000.0,1.63,612834000.0,0.0,12136000.0,69599000.0,3.941,154674000.0
80,XRAY,MRQ,2001-06-30,2001-06-30,2001-06-30,2021-08-05,-67519000.0,1162823000.0,,349955000.0,812868000.0,,3.624,-16092000.0,16960000.0,16960000.0,120908000.0,27404000.0,1.904,1.059,341596000.0,1480000.0,340116000.0,341596000.0,0.0,13732000.0,0.0,0.006,0.023,45464000.0,59196000.0,0.232,59196000.0,45464000.0,41168000.0,0.175,0.175,0.175,562675000.0,,562675000.0,2553565083.0,17.0,12.769,8196000.0,0.053,1.0,133727000.0,0.525,575526000.0,4296000.0,728155000.0,,154672000.0,0.0,0.0,0.0,595793000.0,183778000.0,412015000.0,2295277083.0,1622000.0,-85154000.0,0.0,67963000.0,-3553000.0,67231000.0,-98469000.0,0.0,24288000.0,8572000.0,27404000.0,27404000.0,27404000.0,0.0,0.0,0.108,89391000.0,44336000.0,45063000.0,0.131,4.079,23.318,23.391,185515000.0,0.0,14.783,2.691,2.691,136452000.0,544783000.0,254635000.0,254635000.0,0.0,,,,,0.0,89391000.0,1.0,155261133.0,155244000,157856000.0,1.64,587297000.0,0.0,13764000.0,61272000.0,3.783,166177000.0
81,XRAY,MRQ,2001-03-31,2001-03-31,2001-03-31,2021-08-05,-66150000.0,1075807000.0,,338935000.0,736872000.0,,3.463,-8284000.0,15338000.0,15338000.0,115855000.0,34326000.0,1.828,0.997,273626000.0,1296000.0,272330000.0,273626000.0,0.0,12695000.0,0.0,0.007,0.023,57997000.0,70692000.0,0.288,70692000.0,57997000.0,54416000.0,0.22,0.22,0.22,536501000.0,,536501000.0,1980768076.0,13.0,10.332,38974000.0,0.252,1.0,129814000.0,0.528,502838000.0,3581000.0,645836000.0,,143003000.0,0.0,0.0,0.0,534870000.0,185421000.0,349449000.0,1885907076.0,-95000.0,-201164000.0,-875000.0,159671000.0,-3548000.0,157495000.0,-211140000.0,0.0,47258000.0,6292000.0,34326000.0,34326000.0,34326000.0,0.0,0.0,0.14,94893000.0,34921000.0,47332000.0,0.105,3.515,19.716,19.848,185337000.0,0.0,12.167,2.291,2.29,136358000.0,520940000.0,245669000.0,245669000.0,0.0,,,,,0.0,89393000.0,1.0,155006061.0,154926000,156982000.0,1.586,572969000.0,0.0,20090000.0,71333000.0,3.698,153514000.0
82,XRAY,MRQ,2000-12-31,2000-12-31,2000-12-31,2021-08-05,-49296000.0,866615000.0,,325454000.0,541161000.0,,3.323,-7918000.0,15433000.0,15433000.0,69146000.0,13367000.0,1.936,0.657,110294000.0,794000.0,109500000.0,110294000.0,0.0,9204000.0,0.0,0.007,0.023,13067000.0,22271000.0,0.164,22271000.0,13067000.0,18157000.0,0.087,0.088,0.087,520370000.0,,520370000.0,2133279408.0,13.0,10.623,25360000.0,0.162,1.0,66845000.0,0.492,344753000.0,-5090000.0,448585000.0,,133304000.0,0.0,0.0,0.0,341684000.0,168138000.0,173546000.0,2015232408.0,3131000.0,-2521000.0,-1725000.0,-16616000.0,-3222000.0,-18955000.0,-10525000.0,0.0,33278000.0,-667000.0,13367000.0,13367000.0,13367000.0,0.0,0.0,0.098,29090000.0,37755000.0,45764000.0,0.264,3.873,19.95,20.067,181341000.0,0.0,13.043,2.265,2.28,133643000.0,490167000.0,135991000.0,135991000.0,0.0,,,,,1520000.0,34646000.0,1.0,154502868.0,156602000,155350000.0,0.868,521862000.0,0.0,4790000.0,50342000.0,3.332,157316000.0
83,XRAY,MRQ,2000-09-30,2000-09-30,2000-09-30,2021-08-05,-57900000.0,844586000.0,,311506000.0,533080000.0,,3.114,-6782000.0,8160000.0,8160000.0,104439000.0,23335000.0,1.721,0.74,126207000.0,13301000.0,112906000.0,126207000.0,0.0,10514000.0,0.0,0.007,0.021,37307000.0,47821000.0,0.221,47821000.0,37307000.0,34769000.0,0.15,0.15,0.15,482682000.0,,482682000.0,1941866398.0,12.0,9.506,40914000.0,0.264,1.0,112260000.0,0.518,339040000.0,2538000.0,442639000.0,,138459000.0,0.0,0.0,0.0,357271000.0,180954000.0,176317000.0,1806955398.0,1268000.0,-13748000.0,-11867000.0,-14236000.0,-3241000.0,-26806000.0,-21002000.0,0.0,47696000.0,1380000.0,23335000.0,23335000.0,23335000.0,0.0,0.0,0.108,74123000.0,38137000.0,38015000.0,0.14,3.744,18.324,18.487,171921000.0,0.0,11.647,2.047,2.045,126729000.0,462853000.0,216699000.0,216699000.0,0.0,,,,,0.0,74123000.0,1.0,155147859.0,154995000,156966000.0,1.398,505546000.0,0.0,11434000.0,58268000.0,3.262,130552000.0
84,XRAY,MRQ,2000-06-30,2000-06-30,2000-06-30,2021-08-05,-48294000.0,851007000.0,,318970000.0,532037000.0,,3.088,-6492000.0,6892000.0,6892000.0,106357000.0,24627000.0,1.766,0.765,141803000.0,20569000.0,121234000.0,141803000.0,0.0,10905000.0,0.0,0.008,0.021,40014000.0,50919000.0,0.227,50919000.0,40014000.0,37335000.0,0.157,0.157,0.157,480848000.0,,480848000.0,1744029829.0,11.0,8.647,17013000.0,0.109,1.0,118431000.0,0.527,338714000.0,2679000.0,466611000.0,,139217000.0,0.0,0.0,0.0,367736000.0,180593000.0,187143000.0,1599002829.0,-406000.0,1274000.0,-6527000.0,-10200000.0,-3246000.0,-18248000.0,-5555000.0,0.0,23505000.0,-108000.0,24627000.0,24627000.0,24627000.0,0.0,0.0,0.11,178784000.0,-60353000.0,38956000.0,0.134,3.325,16.662,16.836,177911000.0,0.0,10.27,1.839,1.84,131482000.0,442740000.0,224788000.0,224788000.0,0.0,,,,,0.0,178784000.0,1.0,155696478.0,155736000,157134000.0,1.443,512293000.0,0.0,12708000.0,58199000.0,3.289,138377000.0
85,XRAY,MRQ,2000-03-31,2000-03-31,2000-03-31,2021-08-05,-47483000.0,843558000.0,,307569000.0,535989000.0,,2.96,-7018000.0,7298000.0,7298000.0,103481000.0,22193000.0,1.741,0.811,152325000.0,18163000.0,134162000.0,152325000.0,0.0,10736000.0,0.0,0.008,0.021,37106000.0,47842000.0,0.224,47842000.0,37106000.0,34106000.0,0.14,0.14,0.14,464551000.0,,464551000.0,1638388355.0,11.0,8.374,34125000.0,0.217,1.0,110475000.0,0.516,343700000.0,3000000.0,468183000.0,,136497000.0,0.0,0.0,0.0,376581000.0,176702000.0,199879000.0,1480197355.0,22000.0,0.0,-19973000.0,-12386000.0,-3295000.0,-35100000.0,-7546000.0,0.0,41143000.0,1525000.0,22193000.0,22193000.0,22193000.0,0.0,0.0,0.104,73735000.0,36740000.0,37203000.0,0.15,3.186,15.997,16.116,177461000.0,0.0,9.46,1.734,1.739,124899000.0,421349000.0,213956000.0,213956000.0,0.0,,,,,0.0,73735000.0,1.0,156469065.0,156945000,157608000.0,1.363,499858000.0,0.0,11913000.0,62036000.0,3.185,130867000.0
86,XRAY,MRQ,1999-12-31,1999-12-31,1999-12-31,2021-08-05,-43209000.0,863730000.0,,318810000.0,544920000.0,,2.959,-10944000.0,11418000.0,11418000.0,112716000.0,28459000.0,1.768,0.837,165467000.0,20155000.0,145312000.0,165467000.0,0.0,11358000.0,0.0,0.01,0.021,46348000.0,57706000.0,0.254,57706000.0,46348000.0,43043000.0,0.183,0.178,0.183,468872000.0,,468872000.0,1432441485.0,9.0,7.407,40299000.0,0.254,1.0,114457000.0,0.504,349421000.0,3305000.0,487996000.0,,135480000.0,0.0,0.0,0.0,392359000.0,180362000.0,211997000.0,1247653485.0,209000.0,-2000.0,-3890000.0,-27864000.0,-2975000.0,-36117000.0,-15089000.0,0.0,51243000.0,172000.0,28459000.0,28459000.0,28459000.0,0.0,0.0,0.125,70198000.0,44259000.0,44609000.0,0.115,2.661,13.884,13.819,180536000.0,0.0,7.877,1.492,1.49,127911000.0,402408000.0,227173000.0,227173000.0,0.0,,,,,1519000.0,70198000.0,1.0,158398665.0,158442000,158701000.0,1.434,514309000.0,0.0,14584000.0,54916000.0,3.246,138448000.0
87,XRAY,MRQ,1999-09-30,1999-09-30,1999-09-30,2021-08-05,-34233000.0,882172000.0,,324996000.0,557176000.0,,2.873,-6628000.0,9426000.0,9426000.0,97242000.0,20686000.0,1.726,0.93,194214000.0,23810000.0,170404000.0,194214000.0,0.0,9909000.0,0.0,0.01,0.019,35318000.0,45227000.0,0.222,45227000.0,35318000.0,31732000.0,0.13,0.13,0.13,455713000.0,,455713000.0,1413479626.0,13.0,9.734,27087000.0,0.171,1.0,106310000.0,0.522,355525000.0,3586000.0,523136000.0,,141705000.0,0.0,0.0,0.0,423930000.0,188299000.0,235631000.0,1203123626.0,-1410000.0,883000.0,0.0,-28052000.0,-2972000.0,-30022000.0,-4877000.0,0.0,33715000.0,-226000.0,20686000.0,20686000.0,20686000.0,0.0,0.0,0.102,71656000.0,34654000.0,34816000.0,0.146,2.64,20.385,20.331,180798000.0,0.0,7.583,1.441,1.441,132085000.0,377245000.0,203552000.0,203552000.0,0.0,,,,,0.0,71656000.0,1.0,158653665.0,158619000,159105000.0,1.283,526647000.0,0.0,11046000.0,60203000.0,3.32,136697000.0
88,XRAY,MRQ,1999-06-30,1999-06-30,1999-06-30,2021-08-05,-38061000.0,881270000.0,,326363000.0,554907000.0,,2.737,-7321000.0,10836000.0,10836000.0,99709000.0,21190000.0,1.657,1.028,221192000.0,35132000.0,186060000.0,221192000.0,0.0,7748000.0,0.0,0.008,0.019,37127000.0,44875000.0,0.215,44875000.0,37127000.0,32832000.0,0.133,0.133,0.133,433171000.0,,433171000.0,1747560344.0,17.0,12.395,16347000.0,0.103,1.0,109416000.0,0.523,359925000.0,4295000.0,534735000.0,,137430000.0,0.0,0.0,0.0,445319000.0,196966000.0,248353000.0,1524099344.0,1728000.0,-5000000.0,0.0,-10622000.0,0.0,-7898000.0,-12302000.0,0.0,23668000.0,-1740000.0,21190000.0,21190000.0,21190000.0,0.0,0.0,0.101,73020000.0,36396000.0,35701000.0,0.143,3.518,27.235,27.271,174831000.0,0.0,9.627,1.84,1.839,134562000.0,359533000.0,209125000.0,209125000.0,0.0,,,,,0.0,73020000.0,1.0,158320569.0,158274000,158841000.0,1.321,521345000.0,0.0,11642000.0,57800000.0,3.294,129397000.0
89,XRAY,MRQ,1999-03-31,1999-03-31,1999-03-31,2021-08-05,-31394000.0,875824000.0,,322886000.0,552938000.0,,2.635,-6668000.0,9108000.0,9108000.0,94960000.0,19527000.0,1.641,1.1,232569000.0,34998000.0,197571000.0,232569000.0,0.0,10609000.0,0.0,0.009,0.019,34984000.0,45593000.0,0.232,45593000.0,34984000.0,30411000.0,0.123,0.123,0.123,415543000.0,,415543000.0,1447233708.0,20.0,13.015,10583000.0,0.067,1.0,101629000.0,0.517,366246000.0,4573000.0,536281000.0,,140639000.0,0.0,0.0,0.0,457239000.0,196758000.0,260481000.0,1222162708.0,418000.0,3446000.0,0.0,-7092000.0,-5912000.0,-11167000.0,-3222000.0,0.0,17251000.0,-2444000.0,19527000.0,19527000.0,19527000.0,0.0,0.0,0.099,67320000.0,34309000.0,36176000.0,0.154,2.941,34.568,34.753,167096000.0,0.0,7.75,1.497,1.497,133218000.0,341315000.0,196589000.0,196589000.0,0.0,,,,,0.0,67320000.0,1.0,157698414.0,157698000,158274000.0,1.247,509578000.0,0.0,10884000.0,59308000.0,3.231,126128000.0
90,XRAY,MRQ,1998-12-31,1998-12-31,1998-12-31,2021-08-05,-14730000.0,895322000.0,,322452000.0,572870000.0,,2.628,-5391000.0,8690000.0,8690000.0,111624000.0,-2383000.0,1.659,1.157,233761000.0,16270000.0,217491000.0,233761000.0,0.0,9630000.0,0.0,0.01,0.019,-117000.0,9513000.0,0.042,9513000.0,-117000.0,-4364000.0,-0.013,-0.013,-0.013,413801000.0,,413801000.0,1550658129.0,22.0,14.366,40303000.0,0.256,1.0,114005000.0,0.505,346073000.0,4247000.0,579944000.0,,139235000.0,0.0,0.0,0.0,478783000.0,194376000.0,284407000.0,1351760129.0,-1417000.0,-56892000.0,0.0,24056000.0,-2692000.0,19664000.0,-67034000.0,0.0,45694000.0,259000.0,-2383000.0,-2383000.0,-2383000.0,0.0,0.0,-0.011,113975000.0,30000.0,42654000.0,-1.462,3.267,38.816,39.555,158998000.0,0.0,8.583,1.689,1.716,134218000.0,324745000.0,225629000.0,225629000.0,0.0,,,,,1520000.0,71475000.0,1.0,157486617.0,157470000,158046000.0,1.433,549249000.0,0.0,-1981000.0,54828000.0,3.488,128076000.0
91,XRAY,MRQ,1998-09-30,1998-09-30,1998-09-30,2021-08-05,-11049000.0,889501000.0,,329293000.0,560208000.0,,2.666,-9554000.0,10262000.0,10262000.0,93884000.0,17627000.0,1.652,1.08,209160000.0,30591000.0,178569000.0,209160000.0,0.0,9514000.0,0.0,0.011,0.017,31489000.0,41003000.0,0.208,41003000.0,31489000.0,27132000.0,0.11,0.11,0.11,422094000.0,,422094000.0,1386294483.0,12.0,9.358,19772000.0,0.125,1.0,103111000.0,0.523,380766000.0,4357000.0,508300000.0,,159662000.0,0.0,0.0,0.0,455951000.0,199333000.0,256618000.0,1184115483.0,3490000.0,-115000.0,-10839000.0,-152000.0,-2713000.0,-12944000.0,-9667000.0,0.0,29326000.0,-3225000.0,17627000.0,17627000.0,17627000.0,0.0,0.0,0.089,71162000.0,31949000.0,40091000.0,0.155,2.805,19.495,20.0,159307000.0,0.0,7.46,1.533,1.53,127439000.0,330082000.0,196995000.0,196995000.0,0.0,,,,,0.0,71162000.0,1.0,158728617.0,158340000,158808000.0,1.244,508735000.0,0.0,9505000.0,56177000.0,3.213,129960000.0
92,XRAY,MRQ,1998-06-30,1998-06-30,1998-06-30,2021-08-05,-20379000.0,869264000.0,,321453000.0,547811000.0,,2.521,-8327000.0,6772000.0,6772000.0,93275000.0,584000.0,1.607,1.103,208951000.0,37251000.0,171700000.0,208951000.0,0.0,9234000.0,0.0,0.01,0.017,5854000.0,15088000.0,0.077,15088000.0,5854000.0,2057000.0,0.003,0.003,0.003,407907000.0,,407907000.0,1494960025.0,14.0,10.303,10474000.0,0.065,1.0,103851000.0,0.527,378201000.0,3797000.0,493156000.0,,152557000.0,0.0,0.0,0.0,449788000.0,200086000.0,249702000.0,1355501025.0,1352000.0,-32467000.0,-31210000.0,58595000.0,-5549000.0,25485000.0,-40765000.0,0.0,18801000.0,-2169000.0,584000.0,584000.0,584000.0,0.0,0.0,0.003,97530000.0,6321000.0,42598000.0,5.667,3.323,22.832,22.957,149026000.0,0.0,8.333,1.812,1.803,128243000.0,315146000.0,197126000.0,197126000.0,0.0,,,,,0.0,68530000.0,1.0,162660123.0,161826000,162834000.0,1.218,491063000.0,0.0,1473000.0,53584000.0,3.035,121367000.0
93,XRAY,MRQ,1998-03-31,1998-03-31,1998-03-31,2021-08-05,-20170000.0,803187000.0,,290024000.0,513163000.0,,2.713,-7044000.0,5420000.0,5420000.0,85369000.0,18997000.0,1.712,0.814,144879000.0,25898000.0,118981000.0,144879000.0,0.0,9096000.0,0.0,0.008,0.034,33242000.0,42338000.0,0.234,42338000.0,33242000.0,30276000.0,0.117,0.117,0.117,440578000.0,,440578000.0,1808145625.0,13.0,10.58,-4542000.0,-0.028,1.0,95337000.0,0.528,346564000.0,2966000.0,426719000.0,,130639000.0,0.0,0.0,0.0,358728000.0,169363000.0,189365000.0,1688483625.0,-4428000.0,-17361000.0,0.0,15652000.0,0.0,16758000.0,-24932000.0,0.0,2502000.0,1244000.0,18997000.0,18997000.0,18997000.0,0.0,0.0,0.105,63785000.0,31552000.0,35927000.0,0.291,3.832,22.035,22.121,147336000.0,0.0,10.397,2.316,2.315,120535000.0,317277000.0,180706000.0,180706000.0,0.0,,,,,0.0,63785000.0,1.0,162406248.0,162372000,163422000.0,1.113,456623000.0,0.0,11279000.0,66011000.0,2.812,120661000.0
94,XRAY,MRQ,1997-12-31,1997-12-31,1997-12-31,2021-08-05,-16720000.0,774376000.0,,277027000.0,497349000.0,,2.615,-3386000.0,9848000.0,9848000.0,95317000.0,23531000.0,1.636,0.817,129510000.0,24005000.0,105505000.0,129510000.0,0.0,8206000.0,0.0,0.006,0.017,41501000.0,49707000.0,0.252,49707000.0,41501000.0,38132000.0,0.143,0.143,0.143,423933000.0,,423933000.0,,,,28517000.0,0.176,1.0,102103000.0,0.517,336905000.0,3369000.0,387784000.0,,124748000.0,0.0,0.0,0.0,346455000.0,169349000.0,177106000.0,1651130188.0,2013000.0,-1430000.0,6165000.0,-15538000.0,-10238000.0,-17167000.0,-11161000.0,0.0,31903000.0,-1562000.0,23531000.0,23531000.0,23531000.0,0.0,0.0,0.119,60109000.0,41994000.0,38942000.0,0.119,3.895,22.147,22.101,147130000.0,0.0,10.167,2.291,2.282,114366000.0,301058000.0,197420000.0,197420000.0,0.0,,,,,0.0,60109000.0,1.0,162406248.0,162090000,163101000.0,1.218,437471000.0,0.0,14601000.0,62486000.0,2.699,107678000.0
95,XRAY,MRQ,1997-09-30,1997-09-30,1997-09-30,2021-08-05,,,,,,,,-5921000.0,,,84872000.0,16256000.0,,,,,,,,8178000.0,,0.007,0.017,29795000.0,37973000.0,0.22,37973000.0,29795000.0,26721000.0,0.1,0.1,0.1,,,,,,,22030000.0,0.136,1.0,87802000.0,0.508,,3074000.0,,,,,,,,,,,44000.0,-18882000.0,0.0,-2933000.0,0.0,-2567000.0,-25103000.0,0.0,27951000.0,-237000.0,16256000.0,16256000.0,16256000.0,0.0,0.0,0.094,57914000.0,29888000.0,,0.17,,,,,0.0,9.333,,,,,172674000.0,172674000.0,0.0,,,,,0.0,57914000.0,1.0,,161937000,162846000.0,1.066,,,10465000.0,,,
96,XRAY,MRQ,1997-06-30,1997-06-30,1997-06-30,2021-08-05,,,,,,,,-10968000.0,,,87536000.0,17843000.0,,,,,,,,8081000.0,,0.007,0.015,32805000.0,40886000.0,0.229,40886000.0,32805000.0,29339000.0,0.11,0.11,0.11,,,,,,,13850000.0,0.086,1.0,90771000.0,0.509,,3466000.0,,,,,,,,,,,422000.0,743000.0,-928000.0,-14232000.0,0.0,-16110000.0,-9583000.0,0.0,24818000.0,1297000.0,17843000.0,17843000.0,17843000.0,0.0,0.0,0.1,58252000.0,32519000.0,,0.136,,,,,0.0,8.167,,,,,178307000.0,178307000.0,0.0,,,,,0.0,58252000.0,1.0,,161670000,162372000.0,1.103,,,11496000.0,,,
97,XRAY,MRQ,1997-03-31,1997-03-31,1997-03-31,2021-08-05,,,,,,,,-6128000.0,,,84309000.0,16924000.0,,,,,,,,7940000.0,,0.007,0.015,30565000.0,38505000.0,0.223,38505000.0,30565000.0,27814000.0,0.103,0.103,0.103,,,,,,,3488000.0,0.022,1.0,88050000.0,0.511,,2751000.0,,,,,,,,,,,1750000.0,-59253000.0,0.0,59909000.0,0.0,59568000.0,-65310000.0,0.0,9616000.0,-2124000.0,16924000.0,16924000.0,16924000.0,0.0,0.0,0.098,59995000.0,28055000.0,,0.146,,,,,0.0,8.333,,,,,172359000.0,172359000.0,0.0,,,,,0.0,59995000.0,1.0,,161541000,162402000.0,1.067,,,10890000.0,,,
98,XRAY,MRQ,1996-12-31,1996-12-31,1996-12-31,2021-08-05,-4278000.0,667662000.0,,256746000.0,410916000.0,,2.263,,5619000.0,5619000.0,,,1.793,0.815,101820000.0,26711000.0,75109000.0,101820000.0,0.0,,0.0,0.007,0.015,,,,,,,,,,365590000.0,,365590000.0,,,,,,1.0,,,256199000.0,,364465000.0,,125398000.0,0.0,0.0,0.0,297775000.0,143199000.0,154576000.0,,,,,,,,,,,,,,,,,,,,33720000.0,,,,18.985,141458000.0,,7.917,,1.948,101977000.0,237300000.0,,,,,,,,,,1.0,,161520000,,,411463000.0,0.0,,60264000.0,2.547,113547000.0
0,XRAY,MRT,2021-06-30,2021-06-30,2021-06-30,2021-08-05,-511000000.0,9378000000.0,9188225000.0,1785000000.0,7593000000.0,0.443,23.233,-112900000.0,332000000.0,332000000.0,1881000000.0,368800000.0,1.427,0.848,2390000000.0,305000000.0,2085000000.0,2390000000.0,0.0,351700000.0,0.0,0.006,0.41,531100000.0,882800000.0,0.217,882800000.0,531100000.0,472100000.0,1.68,1.68,1.68,5074000000.0,4932125000.0,5074000000.0,15868804334.0,30.0,17.976,620700000.0,2.842,1.0,2190100000.0,0.538,6521000000.0,59000000.0,3664000000.0,3543600000.0,539000000.0,0.0,0.0,0.0,4301000000.0,1251000000.0,3050000000.0,13810804334.0,-777200000.0,-1291000000.0,-39400000.0,21700000.0,-88000000.0,-116200000.0,-1404400000.0,-500000.0,733600000.0,9800000.0,368300000.0,368300000.0,368300000.0,0.0,500000.0,0.09,1664000000.0,526100000.0,281000000.0,0.244,2.722,37.499,37.655,953000000.0,0.0,63.26,3.392,3.394,678000000.0,1402000000.0,4071100000.0,4071100000.0,77000000.0,0.04,0.075,0.15,0.13,59300000.0,1545400000.0,1.0,218318121.0,218400000,220700000.0,18.641,2857000000.0,0.0,103800000.0,459000000.0,13.082,534000000.0
1,XRAY,MRT,2021-03-31,2021-03-31,2021-03-31,2021-08-05,-554000000.0,9137000000.0,8994775000.0,1696000000.0,7441000000.0,0.389,22.518,-90900000.0,318000000.0,318000000.0,1727000000.0,173800000.0,1.399,0.854,2376000000.0,328000000.0,2048000000.0,2376000000.0,0.0,343700000.0,0.0,0.006,0.4,273100000.0,616800000.0,0.176,616800000.0,273100000.0,219100000.0,0.79,0.79,0.79,4927000000.0,4824400000.0,4927000000.0,15946484657.0,58.0,25.854,602700000.0,2.755,1.0,1768100000.0,0.506,6413000000.0,54000000.0,3570000000.0,3564925000.0,500000000.0,0.0,0.0,0.0,4207000000.0,1212000000.0,2995000000.0,13977484657.0,81800000.0,-1150000000.0,-49400000.0,746700000.0,-88000000.0,566800000.0,-1192400000.0,48500000.0,693600000.0,13800000.0,174300000.0,174300000.0,174300000.0,0.0,-500000.0,0.05,1501000000.0,267100000.0,283000000.0,0.506,2.837,80.192,80.772,926000000.0,0.0,63.81,3.999,3.995,643000000.0,1328000000.0,3495100000.0,3495100000.0,55000000.0,0.019,0.036,0.077,0.078,49300000.0,1408400000.0,1.0,219048498.0,218800000,219900000.0,15.974,2724000000.0,0.0,44800000.0,455000000.0,12.45,484000000.0
2,XRAY,MRT,2020-12-31,2020-12-31,2020-12-31,2021-08-05,-464000000.0,9342000000.0,8725125000.0,1791000000.0,7551000000.0,0.383,22.66,-86000000.0,438000000.0,438000000.0,1685000000.0,-83000000.0,1.36,0.88,2407000000.0,299000000.0,2108000000.0,2407000000.0,0.0,334000000.0,0.0,0.008,0.4,-12000000.0,322000000.0,0.096,322000000.0,-12000000.0,-60000000.0,-0.38,-0.38,-0.38,4967000000.0,4764525000.0,4967000000.0,12503053361.0,-1042.0,38.829,549000000.0,2.505,1.0,1657000000.0,0.496,6490000000.0,48000000.0,3504000000.0,3486500000.0,466000000.0,0.0,0.0,0.0,4372000000.0,1317000000.0,3055000000.0,11443553361.0,33000000.0,-1077000000.0,-129000000.0,749000000.0,-88000000.0,490000000.0,-1106000000.0,57000000.0,635000000.0,14000000.0,-83000000.0,-83000000.0,-83000000.0,0.0,0.0,-0.025,1669000000.0,-12000000.0,305000000.0,-1.053,2.304,-137.874,-137.789,967000000.0,0.0,52.36,3.424,3.434,673000000.0,1233000000.0,3342000000.0,3342000000.0,0.0,-0.01,-0.017,-0.003,-0.004,47000000.0,1435000000.0,1.0,218555259.0,219200000,219200000.0,15.246,2852000000.0,0.0,23000000.0,453000000.0,13.011,474000000.0
3,XRAY,MRT,2020-09-30,2020-09-30,2020-09-30,2021-08-05,-577600000.0,8895900000.0,8540375000.0,2579600000.0,6316300000.0,0.395,21.787,-94600000.0,1272000000.0,1272000000.0,1674300000.0,-79400000.0,2.189,0.868,2331500000.0,296100000.0,2035400000.0,2331500000.0,0.0,325600000.0,0.0,0.009,0.4,-6100000.0,319500000.0,0.095,319500000.0,-6100000.0,-45600000.0,-0.36,-0.36,-0.36,4760500000.0,4796025000.0,4760500000.0,10729747222.0,-1759.0,33.583,576000000.0,2.636,1.0,1696800000.0,0.503,5340800000.0,39500000.0,3436400000.0,3406750000.0,489100000.0,0.0,0.0,0.0,4133600000.0,1178200000.0,2955400000.0,9554847222.0,1045400000.0,-2300000.0,-203200000.0,739000000.0,-88200000.0,408400000.0,-33100000.0,63800000.0,670600000.0,-500000.0,-78800000.0,-78800000.0,-78800000.0,0.0,-600000.0,-0.023,1707400000.0,-10600000.0,242800000.0,-1.111,2.007,-121.254,-121.472,916500000.0,0.0,43.73,2.834,2.834,628100000.0,1156200000.0,3371100000.0,3371100000.0,52000000.0,-0.009,-0.016,-0.002,-0.002,51700000.0,1422800000.0,1.0,218496392.0,218500000,219200000.0,15.428,3555100000.0,0.0,33200000.0,498300000.0,16.27,1401400000.0
4,XRAY,MRT,2020-06-30,2020-06-30,2020-06-30,2021-08-05,-644700000.0,8604200000.0,8408100000.0,2362900000.0,6241300000.0,0.409,21.23,-93200000.0,1109100000.0,1109100000.0,1669900000.0,-48600000.0,3.097,0.853,2284000000.0,300000.0,2283700000.0,2284000000.0,0.0,316100000.0,0.0,0.009,0.4,26200000.0,342300000.0,0.1,342300000.0,26200000.0,-5400000.0,-0.23,-0.23,-0.23,4643100000.0,4870225000.0,4643100000.0,10979284186.0,419.0,32.075,529400000.0,2.421,1.0,1768500000.0,0.514,5266800000.0,31600000.0,3749300000.0,3368275000.0,548900000.0,0.0,0.0,0.0,3958800000.0,763000000.0,3195800000.0,9652684186.0,858500000.0,-3600000.0,-301400000.0,696200000.0,-85900000.0,271500000.0,-24500000.0,72300000.0,622600000.0,-11100000.0,-47600000.0,-47600000.0,-47600000.0,0.0,-1000000.0,-0.014,1751300000.0,17200000.0,214100000.0,-1.739,2.079,-202.787,-191.565,910500000.0,0.0,44.06,2.807,2.802,500200000.0,1124700000.0,3438400000.0,3438400000.0,52000000.0,-0.006,-0.01,0.008,0.008,50600000.0,1480200000.0,1.0,219080440.0,218700000,218700000.0,15.722,3337400000.0,0.0,42200000.0,500900000.0,15.26,1599900000.0
5,XRAY,MRT,2020-03-31,2020-03-31,2020-03-31,2021-08-05,-712200000.0,8058400000.0,8400875000.0,1805200000.0,6253200000.0,0.471,21.22,-109400000.0,235900000.0,235900000.0,1823500000.0,83800000.0,2.025,0.719,1562500000.0,33000000.0,1529500000.0,1562500000.0,0.0,318900000.0,0.0,0.01,0.388,189800000.0,508700000.0,0.129,508700000.0,189800000.0,161200000.0,0.37,0.37,0.37,4687500000.0,5004725000.0,4687500000.0,9748475089.0,51.0,19.164,484300000.0,2.192,1.0,2133300000.0,0.539,5237200000.0,28600000.0,3256300000.0,3269125000.0,590500000.0,0.0,0.0,0.0,3368200000.0,891500000.0,2476700000.0,8598475089.0,10200000.0,9000000.0,-306800000.0,-101100000.0,-83500000.0,-496800000.0,-72300000.0,28100000.0,593700000.0,-14400000.0,83800000.0,83800000.0,83800000.0,0.0,0.0,0.021,1944600000.0,188700000.0,271100000.0,1.049,1.834,102.607,104.946,923500000.0,0.0,38.83,2.173,2.168,709100000.0,1242200000.0,3956800000.0,3956800000.0,34000000.0,0.01,0.017,0.058,0.048,66800000.0,1650100000.0,1.0,221438967.0,220900000,220900000.0,17.912,2821200000.0,0.0,77400000.0,529200000.0,12.771,913700000.0
6,XRAY,MRT,2019-12-31,2019-12-31,2019-12-31,2021-08-05,-600000000.0,8603000000.0,8537400000.0,2000000000.0,6603000000.0,0.472,22.828,-118000000.0,405000000.0,405000000.0,1864000000.0,263000000.0,2.01,0.689,1555000000.0,2000000.0,1553000000.0,1555000000.0,0.0,323000000.0,0.0,0.007,0.375,375000000.0,698000000.0,0.173,698000000.0,375000000.0,345000000.0,1.18,1.17,1.18,5093000000.0,5109775000.0,5093000000.0,13894390264.0,37.0,19.906,515000000.0,2.308,1.0,2165000000.0,0.537,5573000000.0,30000000.0,3185000000.0,3324025000.0,562000000.0,0.0,0.0,0.0,3508000000.0,995000000.0,2513000000.0,12586390264.0,95000000.0,8000000.0,-151000000.0,-200000000.0,-81000000.0,-466000000.0,-69000000.0,41000000.0,633000000.0,-3000000.0,263000000.0,263000000.0,263000000.0,0.0,0.0,0.065,1804000000.0,361000000.0,308000000.0,0.318,2.471,47.857,47.958,961000000.0,0.0,56.59,3.124,3.134,782000000.0,1404000000.0,4029000000.0,4029000000.0,0.0,0.031,0.051,0.113,0.093,66000000.0,1723000000.0,1.0,222413682.0,223100000,224400000.0,18.059,3030000000.0,0.0,82000000.0,536000000.0,13.581,1005000000.0
7,XRAY,MRT,2019-09-30,2019-09-30,2019-09-30,2021-08-05,-609100000.0,8366800000.0,8558400000.0,1811300000.0,6555500000.0,0.465,22.668,-132300000.0,226100000.0,226100000.0,1897600000.0,162000000.0,2.085,0.654,1534100000.0,11700000.0,1522400000.0,1534100000.0,0.0,322400000.0,0.0,0.007,0.363,318200000.0,640600000.0,0.161,640600000.0,318200000.0,286100000.0,0.71,0.7,0.71,5057300000.0,5116800000.0,5057300000.0,13318020466.0,42.0,20.79,403600000.0,1.809,1.0,2079500000.0,0.523,5523400000.0,32100000.0,3282500000.0,3320225000.0,605100000.0,0.0,0.0,0.0,3307700000.0,868900000.0,2438800000.0,11951220466.0,-7000000.0,8800000.0,-75800000.0,-263300000.0,-78600000.0,-449100000.0,-87700000.0,35300000.0,535900000.0,-6100000.0,162400000.0,162400000.0,162400000.0,0.0,-400000.0,0.041,1773300000.0,306200000.0,246300000.0,0.511,2.363,73.591,75.085,939200000.0,0.0,53.31,3.005,2.99,698400000.0,1324300000.0,3977100000.0,3977100000.0,0.0,0.019,0.032,0.096,0.08,55700000.0,1695200000.0,1.0,224183464.0,223100000,224900000.0,17.827,2843400000.0,0.0,123700000.0,570600000.0,12.745,942400000.0
8,XRAY,MRT,2019-06-30,2019-06-30,2019-06-30,2021-08-05,-502600000.0,8575300000.0,8659000000.0,1828300000.0,6747000000.0,0.455,23.109,-159500000.0,250100000.0,250100000.0,1901800000.0,104500000.0,2.076,0.655,1616900000.0,56300000.0,1560600000.0,1616900000.0,0.0,328000000.0,0.0,0.006,0.35,247000000.0,575000000.0,0.146,575000000.0,247000000.0,211800000.0,0.46,0.45,0.46,5181100000.0,5137975000.0,5181100000.0,14537226667.0,59.0,25.282,342900000.0,1.529,1.0,2041600000.0,0.518,5708600000.0,35200000.0,3352700000.0,3313100000.0,608300000.0,0.0,0.0,0.0,3392400000.0,880800000.0,2511600000.0,13071326667.0,10800000.0,12100000.0,30700000.0,-292400000.0,-78400000.0,-370700000.0,-118000000.0,29100000.0,502400000.0,-2900000.0,105400000.0,105400000.0,105400000.0,0.0,-900000.0,0.027,1799400000.0,242200000.0,248100000.0,0.761,2.523,124.016,126.87,975400000.0,0.0,58.36,3.315,3.318,700100000.0,1261800000.0,3943400000.0,3943400000.0,0.0,0.012,0.021,0.075,0.063,45600000.0,1714400000.0,1.0,223977496.0,224200000,225700000.0,17.589,2866700000.0,0.0,106400000.0,571800000.0,12.786,947500000.0
9,XRAY,MRT,2019-03-31,2019-03-31,2019-03-31,2021-08-05,-537400000.0,8604500000.0,8720675000.0,1795600000.0,6808900000.0,0.456,22.874,-174800000.0,225400000.0,225400000.0,1922500000.0,-1052900000.0,2.062,0.684,1691300000.0,20700000.0,1670600000.0,1691300000.0,0.0,330900000.0,0.0,0.007,0.35,-962300000.0,-631400000.0,-0.159,-631400000.0,-962300000.0,-999100000.0,-4.68,-4.69,-4.68,5107700000.0,5124500000.0,5107700000.0,12417087463.0,-13.0,-19.666,299400000.0,1.341,1.0,2053600000.0,0.516,5723900000.0,36800000.0,3475900000.0,3291200000.0,618200000.0,0.0,0.0,0.0,3495000000.0,870600000.0,2624400000.0,11069387463.0,-91700000.0,-124300000.0,-210500000.0,-10000000.0,-78700000.0,-329800000.0,-220500000.0,80300000.0,474200000.0,-15600000.0,-1053000000.0,-1053000000.0,-1053000000.0,0.0,100000.0,-0.265,3033000000.0,-979400000.0,269000000.0,-0.075,2.167,-10.512,-10.596,1017800000.0,0.0,49.59,2.784,2.785,658500000.0,1245000000.0,3976100000.0,3976100000.0,0.0,-0.121,-0.205,-0.292,-0.242,20900000.0,1715700000.0,1.0,223218138.0,223300000,225000000.0,17.806,2880600000.0,0.0,53900000.0,604900000.0,12.9,925000000.0
10,XRAY,MRT,2018-12-31,2018-12-31,2018-12-31,2021-08-05,-478700000.0,8687000000.0,9162750000.0,1888000000.0,6799000000.0,0.435,22.831,-174000000.0,309600000.0,309600000.0,1918000000.0,-1011000000.0,1.863,0.694,1657300000.0,92400000.0,1564900000.0,1657300000.0,0.0,331000000.0,0.0,0.009,0.35,-921000000.0,-590000000.0,-0.148,-590000000.0,-921000000.0,-958000000.0,-4.51,-4.51,-4.51,5121100000.0,5520850000.0,5121100000.0,9777497126.0,-11.0,-16.572,326000000.0,1.453,1.0,2068000000.0,0.519,5851600000.0,37000000.0,3169800000.0,3283175000.0,598900000.0,0.0,0.0,0.0,3554000000.0,1013300000.0,2540700000.0,8280997126.0,-11000000.0,-130000000.0,-222000000.0,51000000.0,-79000000.0,-250000000.0,-253000000.0,56000000.0,500000000.0,-8000000.0,-1011000000.0,-1011000000.0,-1011000000.0,0.0,0.0,-0.254,3026000000.0,-958000000.0,283900000.0,-0.078,1.617,-8.191,-8.251,870600000.0,0.0,37.21,2.078,2.094,701900000.0,1225900000.0,3986000000.0,3986000000.0,0.0,-0.11,-0.183,-0.281,-0.231,21000000.0,1719000000.0,1.0,222547625.0,224300000,224300000.0,17.771,2835400000.0,0.0,53000000.0,610900000.0,12.641,874700000.0
11,XRAY,MRT,2018-09-30,2018-09-30,2018-09-30,2021-08-05,-466500000.0,8769200000.0,9584625000.0,1902800000.0,6866400000.0,0.419,23.121,-164700000.0,233100000.0,233100000.0,1881300000.0,-1662600000.0,1.762,0.703,1729600000.0,154800000.0,1574800000.0,1729600000.0,0.0,335100000.0,0.0,0.009,0.35,-1711800000.0,-1376700000.0,-0.343,-1376700000.0,-1711800000.0,-1749300000.0,-7.33,-7.34,-7.33,5142000000.0,5894650000.0,5142000000.0,9956695545.0,-6.0,-7.232,361800000.0,1.627,1.0,2136300000.0,0.532,5931600000.0,37500000.0,3254000000.0,3341025000.0,672000000.0,0.0,0.0,0.0,3614900000.0,1080100000.0,2534800000.0,8391295545.0,-136900000.0,-140500000.0,-448000000.0,123800000.0,-79200000.0,-403400000.0,-255600000.0,55100000.0,526500000.0,-4400000.0,-1663200000.0,-1663200000.0,-1663200000.0,0.0,600000.0,-0.414,3882600000.0,-1746300000.0,287800000.0,-0.048,1.632,-5.045,-5.149,865700000.0,0.0,37.74,2.089,2.089,702000000.0,1243600000.0,4017600000.0,4017600000.0,0.0,-0.174,-0.282,-0.512,-0.426,22300000.0,1707800000.0,1.0,222344874.0,222400000,223700000.0,18.065,2837600000.0,0.0,-86100000.0,582700000.0,12.759,822700000.0
12,XRAY,MRT,2018-06-30,2018-06-30,2018-06-30,2021-08-05,-440800000.0,8822000000.0,10192075000.0,1892400000.0,6929600000.0,0.402,22.767,-151300000.0,239300000.0,239300000.0,1879200000.0,-1599600000.0,1.693,0.718,1804700000.0,218100000.0,1586600000.0,1804700000.0,0.0,331400000.0,0.0,0.008,0.35,-1646200000.0,-1314800000.0,-0.321,-1314800000.0,-1646200000.0,-1683800000.0,-7.07,-7.08,-7.07,5127200000.0,6478600000.0,5127200000.0,11305983189.0,-7.0,-8.599,413900000.0,1.838,1.0,2219200000.0,0.541,6004600000.0,37600000.0,3265100000.0,3382175000.0,666300000.0,0.0,0.0,0.0,3681900000.0,1117700000.0,2564200000.0,9954983189.0,-29100000.0,-151200000.0,-449300000.0,186100000.0,-79900000.0,-343100000.0,-254000000.0,54600000.0,565200000.0,2800000.0,-1600600000.0,-1600600000.0,-1600600000.0,0.0,1000000.0,-0.391,3903100000.0,-1683900000.0,292400000.0,-0.05,1.942,-6.22,-6.191,857600000.0,0.0,43.77,2.429,2.405,710300000.0,1216200000.0,4098400000.0,4098400000.0,0.0,-0.157,-0.247,-0.487,-0.402,35900000.0,1719800000.0,1.0,227438501.0,225200000,225200000.0,18.199,2817400000.0,0.0,-83200000.0,569900000.0,12.511,774700000.0
13,XRAY,MRT,2018-03-31,2018-03-31,2018-03-31,2021-08-05,-281000000.0,10372800000.0,10699075000.0,2000500000.0,8372300000.0,0.378,29.459,-140200000.0,317100000.0,317100000.0,1838400000.0,-1528900000.0,2.234,0.548,1668100000.0,22600000.0,1645500000.0,1668100000.0,0.0,323500000.0,0.0,0.007,0.35,-1547400000.0,-1223900000.0,-0.302,-1223900000.0,-1547400000.0,-1585000000.0,-6.67,-6.68,-6.67,6693100000.0,7012425000.0,6693100000.0,12760341231.0,-8.0,-10.426,434300000.0,1.912,1.0,2210600000.0,0.546,7384600000.0,37600000.0,3443800000.0,3404350000.0,696600000.0,0.0,0.0,0.0,3667600000.0,895400000.0,2772200000.0,11439241231.0,-46200000.0,-143500000.0,-262300000.0,-10200000.0,-80100000.0,-352600000.0,-290500000.0,-700000.0,574500000.0,22400000.0,-1528600000.0,-1528600000.0,-1528600000.0,0.0,-300000.0,-0.378,3788400000.0,-1577800000.0,286800000.0,-0.052,1.709,-7.483,-7.543,888200000.0,0.0,50.31,2.825,2.823,670400000.0,2375900000.0,4049000000.0,4049000000.0,0.0,-0.143,-0.218,-0.455,-0.382,46500000.0,1705200000.0,1.0,227375099.0,227200000,229900000.0,17.821,2988200000.0,0.0,-56400000.0,695700000.0,13.152,1105100000.0
14,XRAY,MRT,2017-12-31,2017-12-31,2017-12-31,2021-08-05,-291000000.0,10374500000.0,11004375000.0,2002500000.0,8372000000.0,0.363,28.842,-136900000.0,320600000.0,320600000.0,1804900000.0,-1550300000.0,2.098,0.566,1641700000.0,30100000.0,1611600000.0,1641700000.0,0.0,316400000.0,0.0,0.005,0.35,-1564900000.0,-1248500000.0,-0.313,-1248500000.0,-1564900000.0,-1603200000.0,-6.76,-6.76,-6.76,6616300000.0,7377200000.0,6616300000.0,16372125768.0,-10.0,-13.113,465000000.0,2.027,1.0,2188500000.0,0.548,7339900000.0,38300000.0,3401200000.0,3323575000.0,623100000.0,0.0,0.0,0.0,3746600000.0,954500000.0,2792100000.0,15120025768.0,-63300000.0,-145900000.0,-319100000.0,-3400000.0,-78300000.0,-400800000.0,-286400000.0,4000000.0,601900000.0,22000000.0,-1550000000.0,-1550000000.0,-1550000000.0,0.0,-300000.0,-0.388,3750800000.0,-1562300000.0,284400000.0,-0.052,2.285,-9.755,-9.738,876000000.0,0.0,65.83,3.786,3.782,746200000.0,2316200000.0,3993400000.0,3993400000.0,0.0,-0.141,-0.21,-0.471,-0.392,48000000.0,1674700000.0,1.0,229682907.0,229400000,229400000.0,17.408,3034600000.0,0.0,-53200000.0,772200000.0,13.228,1048000000.0
15,XRAY,MRT,2017-09-30,2017-09-30,2017-09-30,2021-08-05,-318600000.0,11199000000.0,11299700000.0,1972400000.0,9226600000.0,0.345,32.583,-142400000.0,370000000.0,370000000.0,1762200000.0,-792200000.0,2.325,0.496,1622100000.0,21400000.0,1600700000.0,1622100000.0,0.0,309200000.0,0.0,0.006,0.34,-720700000.0,-411500000.0,-0.106,-411500000.0,-720700000.0,-758400000.0,-3.47,-3.47,-3.47,7477800000.0,7751700000.0,7477800000.0,15067005409.0,-21.0,-36.615,453000000.0,1.974,1.0,2136700000.0,0.548,8184100000.0,37700000.0,3418600000.0,3230000000.0,624400000.0,0.0,0.0,0.0,3709200000.0,848400000.0,2860800000.0,13726505409.0,39300000.0,-135800000.0,-203500000.0,-2700000.0,-76100000.0,-281300000.0,-282400000.0,3400000.0,595400000.0,7600000.0,-792600000.0,-792600000.0,-792600000.0,0.0,400000.0,-0.203,2858400000.0,-721700000.0,249000000.0,-0.098,1.836,-17.318,-17.236,859900000.0,0.0,59.81,3.521,3.521,734400000.0,2986000000.0,3898900000.0,3898900000.0,0.0,-0.07,-0.102,-0.223,-0.185,51300000.0,1652500000.0,1.0,229501846.0,229500000,233100000.0,16.989,3014900000.0,0.0,34200000.0,857900000.0,13.137,1124000000.0
16,XRAY,MRT,2017-06-30,2017-06-30,2017-06-30,2021-08-05,-438000000.0,10850000000.0,11488050000.0,1765700000.0,9084300000.0,0.335,31.659,-139500000.0,268400000.0,268400000.0,1752600000.0,-790400000.0,2.343,0.492,1608900000.0,21600000.0,1587300000.0,1608900000.0,0.0,304900000.0,0.0,0.005,0.33,-702500000.0,-397600000.0,-0.103,-397600000.0,-702500000.0,-738800000.0,-3.46,-3.47,-3.46,7262500000.0,7968275000.0,7262500000.0,16050767235.0,-23.0,-40.369,444500000.0,1.938,1.0,2091300000.0,0.544,8083000000.0,36300000.0,3353800000.0,3186700000.0,596800000.0,0.0,0.0,0.0,3575800000.0,753700000.0,2822100000.0,14863267235.0,-43200000.0,-462900000.0,-299400000.0,347900000.0,-74100000.0,-22100000.0,-618200000.0,-7900000.0,584000000.0,13100000.0,-790700000.0,-790700000.0,-790700000.0,0.0,300000.0,-0.206,2794300000.0,-703000000.0,245600000.0,-0.095,2.047,-18.798,-18.74,841000000.0,0.0,64.84,3.867,3.87,664200000.0,2915600000.0,3843900000.0,3843900000.0,0.0,-0.069,-0.099,-0.22,-0.183,41900000.0,1601100000.0,1.0,229229908.0,229400000,229400000.0,16.756,2767000000.0,0.0,51900000.0,833800000.0,12.062,1012000000.0
17,XRAY,MRT,2017-03-31,2017-03-31,2017-03-31,2021-08-05,-658000000.0,11594000000.0,11638400000.0,1720600000.0,9873400000.0,0.333,35.429,-129100000.0,363300000.0,363300000.0,1799200000.0,365800000.0,2.302,0.421,1550800000.0,22700000.0,1528100000.0,1550800000.0,0.0,302500000.0,0.0,0.005,0.32,485000000.0,787500000.0,0.203,787500000.0,485000000.0,449000000.0,1.57,1.55,1.57,8152200000.0,8230525000.0,8152200000.0,15489570276.0,32.0,19.669,516100000.0,2.243,1.0,2074000000.0,0.535,8913300000.0,36000000.0,3120700000.0,3042175000.0,565100000.0,0.0,0.0,0.0,3430400000.0,747500000.0,2682900000.0,14341270276.0,40200000.0,-346800000.0,-400000000.0,347600000.0,-72500000.0,-121000000.0,-485500000.0,-3700000.0,645200000.0,1500000.0,364700000.0,364700000.0,364700000.0,0.0,1100000.0,0.094,1607800000.0,466200000.0,258400000.0,0.204,1.759,39.323,39.771,807100000.0,0.0,62.44,3.703,3.709,598600000.0,3986400000.0,3873200000.0,3873200000.0,0.0,0.031,0.044,0.159,0.125,43000000.0,1585600000.0,1.0,229680818.0,230100000,234000000.0,16.833,2680700000.0,0.0,84300000.0,795300000.0,11.65,973100000.0
18,XRAY,MRT,2016-12-31,2016-12-31,2016-12-31,2021-08-05,-705700000.0,11555800000.0,11660500000.0,1743500000.0,9812300000.0,0.321,37.222,-120000000.0,383900000.0,383900000.0,1744400000.0,431400000.0,2.271,0.423,1532200000.0,21100000.0,1511100000.0,1532200000.0,0.0,271700000.0,0.0,0.005,0.31,475300000.0,747000000.0,0.199,747000000.0,475300000.0,439400000.0,1.97,1.94,1.97,8114300000.0,8287925000.0,8114300000.0,14584229533.0,31.0,19.524,443400000.0,2.034,1.0,2000900000.0,0.534,8909600000.0,35900000.0,3026900000.0,2939750000.0,517100000.0,0.0,0.0,0.0,3429900000.0,767600000.0,2662300000.0,13328729533.0,99300000.0,186600000.0,-772900000.0,299000000.0,-64600000.0,-526200000.0,60000000.0,-3800000.0,563400000.0,2100000.0,429900000.0,429900000.0,429900000.0,0.0,1500000.0,0.115,1546200000.0,454700000.0,223000000.0,0.157,1.643,31.004,29.305,799800000.0,0.0,57.73,3.559,3.36,636000000.0,3948000000.0,3745300000.0,3745300000.0,0.0,0.037,0.052,0.162,0.127,28600000.0,1523000000.0,1.0,230880470.0,218000000,221600000.0,17.18,2646200000.0,0.0,9500000.0,812500000.0,12.139,975900000.0
19,XRAY,MRT,2016-09-30,2016-09-30,2016-09-30,2021-08-05,-479400000.0,11952400000.0,9872275000.0,1841600000.0,10110800000.0,0.346,35.873,-94300000.0,330700000.0,330700000.0,1585800000.0,382100000.0,2.391,0.431,1586200000.0,16400000.0,1569800000.0,1586200000.0,0.0,225400000.0,0.0,0.005,0.305,432800000.0,658200000.0,0.192,658200000.0,432800000.0,380100000.0,1.98,1.94,1.98,8344100000.0,6843850000.0,8344100000.0,14717922831.0,34.0,22.361,373100000.0,1.604,1.0,1834100000.0,0.536,9192300000.0,52700000.0,3245400000.0,2734800000.0,556400000.0,0.0,0.0,0.0,3595300000.0,770200000.0,2825100000.0,13847922831.0,94300000.0,135800000.0,-659600000.0,281200000.0,-56800000.0,-422400000.0,38500000.0,-200000.0,467400000.0,10800000.0,381500000.0,381500000.0,381500000.0,0.0,600000.0,0.112,1420500000.0,413600000.0,224000000.0,0.154,1.66,36.299,30.015,822900000.0,0.0,59.43,4.049,4.042,672100000.0,3859000000.0,3419900000.0,3419900000.0,0.0,0.039,0.056,0.158,0.127,22600000.0,1391100000.0,1.0,233012331.0,232600000,236300000.0,14.703,2760100000.0,0.0,-1400000.0,901500000.0,11.866,1071400000.0
20,XRAY,MRT,2016-06-30,2016-06-30,2016-06-30,2021-08-05,-514600000.0,11451400000.0,7984725000.0,1738400000.0,9713000000.0,0.39,35.565,-81800000.0,311600000.0,311600000.0,1424600000.0,374200000.0,2.406,0.377,1181600000.0,9800000.0,1171800000.0,1181600000.0,0.0,183000000.0,0.0,0.005,0.299,420800000.0,603800000.0,0.194,603800000.0,420800000.0,366900000.0,2.18,2.14,2.18,8311500000.0,5327850000.0,8311500000.0,15388587580.0,37.0,25.486,392500000.0,1.68,1.0,1690000000.0,0.543,8823200000.0,53900000.0,2775700000.0,2374150000.0,523100000.0,0.0,0.0,0.0,3135800000.0,722500000.0,2413300000.0,14531687580.0,215100000.0,473600000.0,-576400000.0,-101200000.0,-49000000.0,-715000000.0,454400000.0,65700000.0,474300000.0,1400000.0,373500000.0,373500000.0,373500000.0,0.0,700000.0,0.12,1304400000.0,385600000.0,227100000.0,0.137,1.748,38.907,28.459,794100000.0,0.0,62.04,4.666,4.655,637200000.0,3784700000.0,3114600000.0,3114600000.0,0.0,0.047,0.07,0.177,0.135,19600000.0,1276300000.0,1.0,234230941.0,233700000,237400000.0,13.327,2628200000.0,0.0,-6600000.0,869300000.0,11.246,1015900000.0
21,XRAY,MRT,2016-03-31,2016-03-31,2016-03-31,2021-08-05,-431200000.0,11682400000.0,6246064000.0,1805500000.0,9876900000.0,0.447,47.951,-75900000.0,323100000.0,323100000.0,1227800000.0,312400000.0,2.114,0.393,1180000000.0,10900000.0,1169100000.0,1180000000.0,0.0,138000000.0,0.0,0.005,0.294,366900000.0,504900000.0,0.181,504900000.0,366900000.0,312500000.0,2.05,2.01,2.05,8381800000.0,3828692500.0,8381800000.0,9504220955.0,26.0,18.824,356600000.0,2.04,1.0,1562800000.0,0.56,8974100000.0,54400000.0,2711000000.0,2272604250.0,562100000.0,0.0,0.0,0.0,3297000000.0,854200000.0,2442800000.0,8635720955.0,222500000.0,470300000.0,-427700000.0,-226500000.0,-40600000.0,-675200000.0,458000000.0,66500000.0,432500000.0,7200000.0,312200000.0,312200000.0,312200000.0,0.0,200000.0,0.112,1212600000.0,350200000.0,287400000.0,0.143,1.03,27.661,30.063,816500000.0,0.0,61.63,3.095,3.86,625200000.0,3697500000.0,2790600000.0,2790600000.0,0.0,0.05,0.082,0.161,0.131,5900000.0,1149200000.0,1.0,140122034.0,174800000,178400000.0,15.965,2708300000.0,0.0,300000.0,931200000.0,15.494,951300000.0
22,XRAY,MRT,2015-12-31,2015-12-31,2015-12-31,2021-08-05,-594000000.0,4402900000.0,4421671500.0,1196700000.0,3206200000.0,0.605,16.7,-71600000.0,284600000.0,284600000.0,1157100000.0,251100000.0,2.514,0.883,1153100000.0,12100000.0,1141000000.0,1153100000.0,0.0,122900000.0,0.0,0.005,0.289,384100000.0,507000000.0,0.19,507000000.0,384100000.0,328200000.0,1.79,1.76,1.79,2338000000.0,2276440750.0,2338000000.0,9429576099.0,25.0,18.599,425800000.0,3.041,1.0,1517200000.0,0.567,2588300000.0,55900000.0,2207100000.0,2190380250.0,340400000.0,0.0,0.0,0.0,2063500000.0,476000000.0,1587500000.0,8510876099.0,133000000.0,-54000000.0,-77200000.0,-116800000.0,-40000000.0,-302900000.0,-54900000.0,72100000.0,497400000.0,-6600000.0,251200000.0,251200000.0,251200000.0,0.0,-100000.0,0.094,1142000000.0,375200000.0,133600000.0,0.161,3.64,33.881,33.994,558800000.0,0.0,60.85,3.182,3.186,399900000.0,3591000000.0,2674300000.0,2674300000.0,0.0,0.057,0.11,0.175,0.144,14000000.0,1077300000.0,1.0,139866493.0,140000000,142500000.0,19.102,1814600000.0,0.0,77000000.0,180500000.0,12.961,720700000.0
23,XRAY,MRT,2015-09-30,2015-09-30,2015-09-30,2021-08-05,-587500000.0,4402200000.0,4482571500.0,1208100000.0,3194100000.0,0.607,16.31,-78000000.0,236400000.0,236400000.0,1186500000.0,277200000.0,1.294,0.93,1155100000.0,453200000.0,701900000.0,1155100000.0,0.0,124000000.0,0.0,0.006,0.282,393500000.0,517500000.0,0.19,517500000.0,393500000.0,351900000.0,1.98,1.94,1.98,2280100000.0,2272265750.0,2280100000.0,8171113545.0,21.0,15.79,485700000.0,3.474,1.0,1535700000.0,0.564,2584700000.0,41600000.0,1802800000.0,2224630250.0,361300000.0,0.0,0.0,0.0,2120700000.0,933400000.0,1187300000.0,7070102545.0,138700000.0,-4800000.0,-147600000.0,-110300000.0,-39300000.0,-365900000.0,-49100000.0,40000000.0,563700000.0,-10000000.0,277400000.0,277400000.0,277400000.0,0.0,-200000.0,0.102,1150300000.0,385400000.0,137500000.0,0.142,3.101,25.487,25.54,555200000.0,0.0,50.57,2.597,2.597,429800000.0,3542700000.0,2722200000.0,2722200000.0,0.0,0.062,0.122,0.177,0.145,13300000.0,1092800000.0,1.0,139808237.0,139800000,142400000.0,19.472,1817500000.0,0.0,74500000.0,186500000.0,13.001,274700000.0
24,XRAY,MRT,2015-06-30,2015-06-30,2015-06-30,2021-08-05,-475006000.0,4496756000.0,4603036750.0,1270330000.0,3226426000.0,0.604,16.558,-83646000.0,96472000.0,96472000.0,1227200000.0,268100000.0,2.072,0.942,1197483000.0,119704000.0,1077779000.0,1197483000.0,0.0,122882000.0,0.0,0.005,0.277,389000000.0,511882000.0,0.184,511882000.0,389000000.0,344300000.0,1.91,1.87,1.91,2314870000.0,2326017750.0,2314870000.0,8433299642.0,22.0,16.475,467709000.0,3.346,1.0,1554300000.0,0.559,2615277000.0,44700000.0,2369517000.0,2389393000.0,374820000.0,0.0,0.0,0.0,2180467000.0,612973000.0,1567494000.0,7207464642.0,29525000.0,-3391000.0,-152750000.0,-140142000.0,-38447000.0,-401255000.0,-106354000.0,-13533000.0,551355000.0,-14221000.0,268200000.0,268200000.0,268200000.0,0.0,-100000.0,0.096,1157900000.0,396400000.0,132966000.0,0.145,3.114,26.873,26.99,568036000.0,0.0,51.55,2.591,2.591,447500000.0,3468364000.0,2781500000.0,2781500000.0,0.0,0.058,0.115,0.163,0.14,13291000.0,1104500000.0,1.0,139815027.0,139800000,142300000.0,19.896,1881479000.0,0.0,76100000.0,219610000.0,13.458,657357000.0
25,XRAY,MRT,2015-03-31,2015-03-31,2015-03-31,2021-08-05,-573567000.0,4384830000.0,4746941000.0,1200082000.0,3184748000.0,0.6,15.487,-89946000.0,100619000.0,100619000.0,1269656000.0,314014000.0,1.813,1.017,1326454000.0,247631000.0,1078823000.0,1326454000.0,0.0,125361000.0,0.0,0.005,0.271,438187000.0,563548000.0,0.198,563548000.0,438187000.0,391489000.0,2.22,2.18,2.22,2172793000.0,2393166000.0,2172793000.0,8256553642.0,19.0,14.651,471489000.0,3.361,1.0,1579069000.0,0.554,2566728000.0,46698000.0,2382104000.0,2405115500.0,380098000.0,0.0,0.0,0.0,2210578000.0,661833000.0,1548745000.0,7142479642.0,44731000.0,-2100000.0,-148854000.0,-116512000.0,-37821000.0,-381223000.0,-118358000.0,-20317000.0,561435000.0,-17123000.0,314093000.0,314093000.0,314093000.0,0.0,-79000.0,0.11,1141363000.0,437706000.0,134090000.0,0.122,3.287,22.74,22.923,556766000.0,0.0,50.89,2.507,2.506,409865000.0,3434484000.0,2848725000.0,2848725000.0,0.0,0.066,0.131,0.182,0.154,22083000.0,1125621000.0,1.0,140351339.0,140300000,142800000.0,20.305,1818102000.0,0.0,77396000.0,190542000.0,12.959,538249000.0
26,XRAY,MRT,2014-12-31,2014-12-31,2014-12-31,2021-08-05,-441100000.0,4646500000.0,4923091750.0,1207000000.0,3439500000.0,0.594,16.382,-99000000.0,151600000.0,151600000.0,1322800000.0,322900000.0,1.85,1.001,1261900000.0,111800000.0,1150100000.0,1261900000.0,0.0,129100000.0,0.0,0.005,0.265,450900000.0,580000000.0,0.198,580000000.0,450900000.0,404000000.0,2.28,2.24,2.28,2321300000.0,2480726000.0,2321300000.0,8722456303.0,19.0,15.039,461400000.0,3.256,1.0,1599800000.0,0.547,2760100000.0,46900000.0,2344100000.0,2425104500.0,387100000.0,0.0,0.0,0.0,2324300000.0,652600000.0,1671700000.0,7539289303.0,76600000.0,-2100000.0,-114200000.0,-186800000.0,-37300000.0,-336200000.0,-138700000.0,-30500000.0,560400000.0,-8900000.0,322900000.0,322900000.0,322900000.0,0.0,0.0,0.11,1154200000.0,445600000.0,132600000.0,0.116,3.248,23.349,23.364,588800000.0,0.0,53.27,2.58,2.583,426600000.0,3380700000.0,2922600000.0,2922600000.0,0.0,0.066,0.13,0.186,0.154,23300000.0,1143100000.0,1.0,141529741.0,141700000,144200000.0,20.625,1886400000.0,0.0,81100000.0,194600000.0,13.313,554400000.0
27,XRAY,MRT,2014-09-30,2014-09-30,2014-09-30,2021-08-05,-253055000.0,4884061000.0,5030978500.0,1257701000.0,3626360000.0,0.588,17.596,-99292000.0,97652000.0,97652000.0,1352626000.0,314305000.0,1.712,0.957,1280819000.0,115253000.0,1165566000.0,1280819000.0,0.0,131155000.0,0.0,0.006,0.261,441840000.0,572995000.0,0.194,572995000.0,441840000.0,394957000.0,2.2,2.15,2.2,2495108000.0,2534164250.0,2495108000.0,7765306202.0,18.0,13.552,427942000.0,3.018,1.0,1604601000.0,0.543,2870808000.0,46883000.0,2461851000.0,2490531750.0,422485000.0,0.0,0.0,0.0,2387817000.0,734569000.0,1653248000.0,6465060202.0,47074000.0,-62861000.0,-79169000.0,-136282000.0,-36805000.0,-301350000.0,-174709000.0,-8805000.0,527234000.0,-4101000.0,312608000.0,312608000.0,312608000.0,0.0,1697000.0,0.106,1164870000.0,439731000.0,128233000.0,0.119,2.591,20.681,20.727,606924000.0,0.0,45.6,2.186,2.187,476856000.0,3305448000.0,2957227000.0,2957227000.0,0.0,0.062,0.123,0.177,0.149,26435000.0,1152000000.0,1.0,141777636.0,141800000,144300000.0,20.855,2013253000.0,0.0,82349000.0,263049000.0,14.198,523132000.0
28,XRAY,MRT,2014-06-30,2014-06-30,2014-06-30,2021-08-05,-97999000.0,5072373000.0,5062458000.0,1231274000.0,3841099000.0,0.583,18.22,-101912000.0,66929000.0,66929000.0,1360127000.0,319871000.0,1.374,0.963,1367175000.0,301294000.0,1065881000.0,1367175000.0,0.0,129541000.0,0.0,0.005,0.258,437120000.0,566661000.0,0.192,566661000.0,437120000.0,391495000.0,2.23,2.18,2.23,2583463000.0,2519997500.0,2583463000.0,8126646996.0,19.0,14.341,404265000.0,2.851,1.0,1592918000.0,0.539,3043903000.0,45625000.0,2432407000.0,2524793000.0,461203000.0,0.0,0.0,0.0,2487599000.0,896309000.0,1591290000.0,6713861996.0,9980000.0,-64270000.0,-61885000.0,-173408000.0,-36325000.0,-319709000.0,-179358000.0,-10223000.0,506177000.0,2870000.0,317159000.0,317159000.0,317159000.0,0.0,2712000.0,0.107,1157766000.0,435152000.0,143562000.0,0.116,2.599,21.169,21.233,639212000.0,0.0,47.35,2.274,2.274,503972000.0,3239641000.0,2953045000.0,2953045000.0,0.0,0.063,0.126,0.173,0.148,24808000.0,1145165000.0,1.0,141792228.0,141790000,144164000.0,20.827,2028470000.0,0.0,74336000.0,269609000.0,14.306,334965000.0
29,XRAY,MRT,2014-03-31,2014-03-31,2014-03-31,2021-08-05,-75665000.0,5089433000.0,5013035500.0,1202323000.0,3887110000.0,0.588,17.761,-99640000.0,55823000.0,55823000.0,1365425000.0,318548000.0,1.243,1.017,1468608000.0,403145000.0,1065463000.0,1468608000.0,0.0,129488000.0,0.0,0.006,0.254,430838000.0,560326000.0,0.19,560326000.0,430838000.0,385504000.0,2.21,2.16,2.21,2523033000.0,2436678000.0,2523033000.0,7930179770.0,18.0,14.153,346639000.0,2.44,1.0,1583405000.0,0.537,3072712000.0,45334000.0,2462060000.0,2547366750.0,455074000.0,0.0,0.0,0.0,2564835000.0,967446000.0,1597389000.0,6529093770.0,-302000.0,-62261000.0,-100924000.0,-45921000.0,-35870000.0,-230780000.0,-216319000.0,-50718000.0,446279000.0,518000.0,314394000.0,314394000.0,314394000.0,0.0,4154000.0,0.107,1152493000.0,430912000.0,141591000.0,0.115,2.588,20.767,20.833,642318000.0,0.0,46.04,2.214,2.218,496221000.0,3159123000.0,2948830000.0,2948830000.0,0.0,0.063,0.129,0.169,0.146,23586000.0,1138965000.0,1.0,141813505.0,142053000,144453000.0,20.759,2016721000.0,0.0,71110000.0,260098000.0,14.197,234877000.0
30,XRAY,MRT,2013-12-31,2013-12-31,2013-12-31,2021-08-05,-69062000.0,5078047000.0,4966209250.0,1143802000.0,3934245000.0,0.594,17.765,-97300000.0,74954000.0,74954000.0,1373400000.0,318200000.0,1.436,0.986,1476040000.0,309862000.0,1166178000.0,1476040000.0,0.0,127900000.0,0.0,0.005,0.25,415000000.0,542900000.0,0.184,542900000.0,415000000.0,365400000.0,2.2,2.16,2.2,2535053000.0,2364295250.0,2535053000.0,8300864401.0,20.0,15.29,320500000.0,2.246,1.0,1577400000.0,0.535,3076919000.0,49600000.0,2605809000.0,2574360000.0,438559000.0,0.0,0.0,0.0,2500073000.0,796405000.0,1703668000.0,6915780401.0,-5100000.0,-66200000.0,-51100000.0,-19500000.0,-34800000.0,-161700000.0,-260200000.0,-94100000.0,417800000.0,-1000000.0,313200000.0,313200000.0,313200000.0,0.0,5000000.0,0.106,1158200000.0,419200000.0,132789000.0,0.114,2.728,22.081,22.036,637172000.0,0.0,48.48,2.344,2.344,472802000.0,3095721000.0,2950800000.0,2950800000.0,0.0,0.063,0.132,0.161,0.141,22700000.0,1144800000.0,1.0,142652236.0,142700000,145000000.0,20.678,2001128000.0,0.0,52200000.0,252840000.0,14.023,347397000.0
31,XRAY,MRT,2013-09-30,2013-09-30,2013-09-30,2021-08-05,-120104000.0,5009979000.0,4939771750.0,1153145000.0,3856834000.0,0.597,17.121,-97135000.0,50658000.0,50658000.0,1378774000.0,370058000.0,1.483,1.038,1435742000.0,270948000.0,1164794000.0,1435742000.0,0.0,128646000.0,0.0,0.006,0.242,416501000.0,545147000.0,0.185,545147000.0,416501000.0,365533000.0,2.57,2.52,2.57,2438441000.0,2282706500.0,2438441000.0,7661276197.0,18.0,14.054,328751000.0,2.308,1.0,1571626000.0,0.533,3018606000.0,50968000.0,2598896000.0,2533854750.0,448277000.0,0.0,0.0,0.0,2530961000.0,777561000.0,1753400000.0,6177446197.0,-5417000.0,-8800000.0,-14676000.0,-181362000.0,-33759000.0,-234674000.0,-196612000.0,-86495000.0,425886000.0,-17000.0,365564000.0,365564000.0,365564000.0,0.0,4494000.0,0.124,1152674000.0,418952000.0,136945000.0,0.094,2.533,16.898,16.893,628509000.0,0.0,43.415,2.094,2.096,502370000.0,3030252000.0,2950400000.0,2950400000.0,0.0,0.074,0.16,0.164,0.141,18896000.0,1140754000.0,1.0,142288292.0,142421000,144698000.0,20.716,1991373000.0,0.0,-31000.0,260591000.0,13.982,375584000.0
32,XRAY,MRT,2013-06-30,2013-06-30,2013-06-30,2021-08-05,-223222000.0,4874683000.0,4931632500.0,1170033000.0,3704650000.0,0.597,15.744,-92454000.0,57027000.0,57027000.0,1382792000.0,343484000.0,1.314,1.149,1540857000.0,417065000.0,1123792000.0,1540857000.0,0.0,126005000.0,0.0,0.006,0.235,398293000.0,524298000.0,0.178,524298000.0,398293000.0,344819000.0,2.39,2.34,2.39,2250185000.0,2203614000.0,2250185000.0,7335810862.0,18.0,13.992,305704000.0,2.139,1.0,1559324000.0,0.53,2945196000.0,53474000.0,2522702000.0,2529267500.0,433189000.0,0.0,0.0,0.0,2586587000.0,890615000.0,1695972000.0,5868853862.0,3817000.0,-8800000.0,-16945000.0,-153281000.0,-32647000.0,-203631000.0,-192702000.0,-87344000.0,398158000.0,1992000.0,339077000.0,339077000.0,339077000.0,0.0,4407000.0,0.115,1156727000.0,402597000.0,147455000.0,0.098,2.608,17.308,17.138,605028000.0,0.0,40.96,1.995,1.99,499006000.0,2959391000.0,2942116000.0,2942116000.0,0.0,0.069,0.154,0.157,0.135,14213000.0,1131941000.0,1.0,143282565.0,142922000,145133000.0,20.585,1929487000.0,0.0,5742000.0,236571000.0,13.5,279418000.0
33,XRAY,MRT,2013-03-31,2013-03-31,2013-03-31,2021-08-05,-199101000.0,4902128000.0,4930650750.0,1160519000.0,3741609000.0,0.597,15.644,-95371000.0,56203000.0,56203000.0,1392263000.0,336833000.0,1.405,1.179,1523160000.0,315438000.0,1207722000.0,1523160000.0,0.0,125981000.0,0.0,0.005,0.227,386650000.0,512631000.0,0.174,512631000.0,386650000.0,330360000.0,2.35,2.3,2.35,2233502000.0,2128960000.0,2233502000.0,7503415756.0,19.0,14.637,290447000.0,2.034,1.0,1551837000.0,0.527,2972887000.0,56290000.0,2570033000.0,2601116000.0,417094000.0,0.0,0.0,0.0,2632734000.0,826165000.0,1806569000.0,6062549756.0,-11143000.0,-8800000.0,25310000.0,-223334000.0,-31487000.0,-229626000.0,-167545000.0,-59986000.0,385818000.0,210000.0,332613000.0,332613000.0,332613000.0,0.0,4220000.0,0.113,1163199000.0,388638000.0,148715000.0,0.097,2.714,18.227,18.06,608850000.0,0.0,42.44,2.059,2.058,468537000.0,2881126000.0,2944100000.0,2944100000.0,0.0,0.067,0.156,0.149,0.131,13666000.0,1138054000.0,1.0,142849900.0,142775000,145099000.0,20.621,1929241000.0,0.0,-2253000.0,240715000.0,13.512,334354000.0
34,XRAY,MRT,2012-12-31,2012-12-31,2012-12-31,2021-08-05,-144200000.0,4972297000.0,4958884000.0,1111096000.0,3861201000.0,0.591,15.571,-91033000.0,80132000.0,80132000.0,1372042000.0,318489000.0,1.198,1.233,1520998000.0,298963000.0,1222035000.0,1520998000.0,0.0,129199000.0,0.0,0.006,0.22,379984000.0,509183000.0,0.174,509183000.0,379984000.0,323133000.0,2.22,2.18,2.22,2208698000.0,2072738750.0,2208698000.0,7214803658.0,19.0,14.169,278652000.0,1.964,1.0,1556387000.0,0.531,3041595000.0,56851000.0,2443788000.0,2662232000.0,402940000.0,0.0,0.0,0.0,2722854000.0,927780000.0,1795074000.0,5621794658.0,3004000.0,-4861000.0,-4654000.0,-228912000.0,-31425000.0,-255609000.0,-115021000.0,-14221000.0,369685000.0,3949000.0,314213000.0,314213000.0,314213000.0,0.0,4276000.0,0.107,1174448000.0,381939000.0,165290000.0,0.099,2.545,17.892,17.842,614705000.0,0.0,39.61,1.92,1.919,442412000.0,2818461000.0,2928429000.0,2928429000.0,0.0,0.063,0.152,0.143,0.13,9178000.0,1148731000.0,1.0,141928671.0,141850000,143945000.0,20.645,1930702000.0,0.0,8920000.0,271832000.0,13.611,183316000.0
35,XRAY,MRT,2012-09-30,2012-09-30,2012-09-30,2021-08-05,-95779000.0,4977422000.0,4904659250.0,1128978000.0,3848444000.0,0.594,14.961,-90130000.0,56075000.0,56075000.0,1387863000.0,231953000.0,1.2,1.327,1649084000.0,411840000.0,1237244000.0,1649084000.0,0.0,117945000.0,0.0,0.006,0.22,346431000.0,464376000.0,0.159,464376000.0,346431000.0,286539000.0,1.62,1.58,1.62,2122071000.0,1982583500.0,2122071000.0,7079052374.0,20.0,15.244,250572000.0,1.767,1.0,1525291000.0,0.524,3049164000.0,59892000.0,2580547000.0,2736221250.0,415922000.0,0.0,0.0,0.0,2816555000.0,940720000.0,1875835000.0,5407678374.0,-25791000.0,10403000.0,-8027000.0,-186168000.0,-30681000.0,-225154000.0,-121559000.0,-37328000.0,340702000.0,-19780000.0,228015000.0,228015000.0,228015000.0,0.0,3938000.0,0.078,1175220000.0,350071000.0,137669000.0,0.136,2.548,23.716,23.543,602670000.0,0.0,38.14,1.856,1.857,467296000.0,2699546000.0,2913154000.0,2913154000.0,0.0,0.046,0.115,0.127,0.119,17000000.0,1154342000.0,1.0,141784960.0,141843000,143884000.0,20.538,1928258000.0,0.0,58524000.0,338040000.0,13.594,188258000.0
36,XRAY,MRT,2012-06-30,2012-06-30,2012-06-30,2021-08-05,-203712000.0,4870756000.0,4868731500.0,1105182000.0,3765574000.0,0.583,13.769,-88047000.0,53210000.0,53210000.0,1378355000.0,238861000.0,1.477,1.477,1724584000.0,241801000.0,1482783000.0,1724584000.0,0.0,116311000.0,0.0,0.006,0.215,296191000.0,412502000.0,0.145,412502000.0,296191000.0,234185000.0,1.67,1.63,1.67,1951569000.0,1915488750.0,1951569000.0,7061447634.0,24.0,17.119,242308000.0,1.71,1.0,1458824000.0,0.514,2983831000.0,62006000.0,2810096000.0,2856525500.0,403195000.0,0.0,0.0,0.0,2881757000.0,748203000.0,2133554000.0,5359539634.0,-618500000.0,-1767429000.0,-10492000.0,1053936000.0,-30026000.0,972651000.0,-1899767000.0,-39790000.0,330355000.0,-21739000.0,235248000.0,235248000.0,235248000.0,0.0,3613000.0,0.083,1157617000.0,301207000.0,145850000.0,0.129,2.746,22.783,22.641,587285000.0,0.0,37.81,1.889,1.889,462233000.0,2654044000.0,2837179000.0,2837179000.0,0.0,0.048,0.123,0.104,0.104,21675000.0,1125483000.0,1.0,141749263.0,141737000,143863000.0,20.017,1886925000.0,0.0,-1063000.0,347319000.0,13.313,356979000.0
37,XRAY,MRT,2012-03-31,2012-03-31,2012-03-31,2021-08-05,-68031000.0,5015061000.0,4565203250.0,1119185000.0,3895876000.0,0.588,14.173,-77443000.0,67346000.0,67346000.0,1317422000.0,232211000.0,1.409,1.478,1769254000.0,288037000.0,1481217000.0,1769254000.0,0.0,103025000.0,0.0,0.005,0.21,283992000.0,387017000.0,0.144,387017000.0,283992000.0,230739000.0,1.63,1.59,1.63,2008617000.0,1938154000.0,2008617000.0,7389679742.0,26.0,19.094,291251000.0,2.055,1.0,1366206000.0,0.509,3107989000.0,53253000.0,2814497000.0,2588956750.0,403052000.0,0.0,0.0,0.0,2968086000.0,794483000.0,2173603000.0,5700096742.0,-507918000.0,-1781934000.0,-2103000.0,1082794000.0,-29348000.0,1007985000.0,-1889483000.0,-25569000.0,368694000.0,4886000.0,228720000.0,228720000.0,228720000.0,0.0,3491000.0,0.085,1076902000.0,289304000.0,163419000.0,0.129,2.838,24.922,24.62,604160000.0,0.0,40.13,2.124,2.119,461352000.0,2581134000.0,2683628000.0,2683628000.0,0.0,0.05,0.118,0.11,0.106,19954000.0,1040433000.0,1.0,142040786.0,141721000,143984000.0,18.936,1907072000.0,0.0,2019000.0,340544000.0,13.457,324702000.0
38,XRAY,MRT,2011-12-31,2011-12-31,2011-12-31,2021-08-05,-190970000.0,4755398000.0,4170700250.0,1012903000.0,3742495000.0,0.608,13.071,-70689000.0,77128000.0,77128000.0,1264278000.0,247446000.0,1.399,1.554,1766711000.0,276701000.0,1490010000.0,1766711000.0,0.0,85035000.0,0.0,0.006,0.205,299350000.0,384385000.0,0.151,384385000.0,299350000.0,255536000.0,1.73,1.7,1.73,1848077000.0,1922334250.0,1848077000.0,6710734044.0,22.0,17.458,322780000.0,2.283,1.0,1273440000.0,0.502,2981163000.0,43814000.0,2739745000.0,2318649750.0,361762000.0,0.0,0.0,0.0,2871247000.0,724073000.0,2147174000.0,4953048044.0,-462910000.0,-1787516000.0,-37225000.0,1124791000.0,-28632000.0,1002381000.0,-1886842000.0,-25569000.0,393469000.0,28082000.0,244520000.0,244520000.0,244520000.0,0.0,2926000.0,0.096,972712000.0,300728000.0,149117000.0,0.118,2.68,20.256,20.225,591445000.0,0.0,34.99,1.952,1.949,427709000.0,2535709000.0,2537718000.0,2537718000.0,0.0,0.059,0.127,0.129,0.118,19908000.0,936847000.0,1.0,141556103.0,141386000,143553000.0,17.949,1774235000.0,0.0,11016000.0,258876000.0,12.549,288830000.0
39,XRAY,MRT,2011-09-30,2011-09-30,2011-09-30,2021-08-05,-146683000.0,4833711000.0,3796338500.0,1089605000.0,3744106000.0,0.624,13.114,-56482000.0,81866000.0,81866000.0,1167679000.0,274037000.0,2.125,1.588,1839552000.0,45573000.0,1793979000.0,1839552000.0,0.0,79681000.0,0.0,0.007,0.2,329084000.0,408765000.0,0.173,408765000.0,329084000.0,294426000.0,1.93,1.89,1.93,1853692000.0,1920161500.0,1853692000.0,4329094541.0,13.0,10.591,319753000.0,2.262,1.0,1200195000.0,0.507,3016944000.0,34658000.0,3061764000.0,2030661750.0,391528000.0,0.0,0.0,0.0,2943297000.0,512689000.0,2430608000.0,4337431541.0,-452377000.0,-1811478000.0,-55408000.0,1199360000.0,-27537000.0,1065837000.0,-1940137000.0,-68525000.0,376235000.0,45688000.0,271744000.0,271744000.0,271744000.0,0.0,2293000.0,0.115,869243000.0,330952000.0,133200000.0,0.104,2.34,15.961,15.902,569853000.0,0.0,30.69,1.832,1.832,475947000.0,2502945000.0,2367874000.0,2367874000.0,0.0,0.072,0.142,0.162,0.139,13110000.0,829671000.0,1.0,141330451.0,141349000,143395000.0,16.752,1816767000.0,0.0,22682000.0,252937000.0,12.853,576916000.0
40,XRAY,MRT,2011-06-30,2011-06-30,2011-06-30,2021-08-05,103513000.0,3656643000.0,3386699750.0,1552413000.0,2104230000.0,0.676,14.479,-47219000.0,671710000.0,671710000.0,1114569000.0,276652000.0,3.607,0.771,663373000.0,8500000.0,654873000.0,663373000.0,0.0,68798000.0,0.0,0.005,0.2,383992000.0,452790000.0,0.198,452790000.0,383992000.0,359397000.0,1.95,1.91,1.95,2042230000.0,1907608750.0,2042230000.0,5449208821.0,14.0,12.035,346283000.0,2.455,1.0,1175361000.0,0.513,1478059000.0,24595000.0,1739821000.0,1646227750.0,337200000.0,0.0,0.0,0.0,1575410000.0,430426000.0,1144984000.0,5360729821.0,331363000.0,-47334000.0,-88526000.0,147836000.0,-27648000.0,16485000.0,-182868000.0,-84632000.0,393502000.0,104244000.0,274800000.0,274800000.0,274800000.0,0.0,1852000.0,0.12,793792000.0,381569000.0,113870000.0,0.103,2.625,19.508,19.528,442957000.0,0.0,38.08,2.341,2.346,404661000.0,2449463000.0,2289930000.0,2289930000.0,0.0,0.081,0.144,0.233,0.168,12667000.0,780235000.0,1.0,140775468.0,141052000,143373000.0,16.235,2178584000.0,0.0,84597000.0,105764000.0,15.445,1121987000.0
41,XRAY,MRT,2011-03-31,2011-03-31,2011-03-31,2021-08-05,88265000.0,3437049000.0,3171855750.0,1412068000.0,2024981000.0,0.708,13.737,-44479000.0,575264000.0,575264000.0,1097468000.0,274608000.0,3.901,0.748,663743000.0,11453000.0,652290000.0,663743000.0,0.0,65702000.0,0.0,0.005,0.2,390343000.0,456045000.0,0.203,456045000.0,390343000.0,364632000.0,1.92,1.88,1.92,1945338000.0,1815979750.0,1945338000.0,5329686128.0,14.0,11.687,341166000.0,2.409,1.0,1148105000.0,0.511,1430248000.0,25711000.0,1733269000.0,1542194000.0,332282000.0,0.0,0.0,0.0,1454550000.0,362011000.0,1092539000.0,5257955128.0,170247000.0,-33451000.0,-211292000.0,158874000.0,-28799000.0,-91984000.0,-166315000.0,-84632000.0,385645000.0,42901000.0,272950000.0,272950000.0,272950000.0,0.0,1658000.0,0.122,758571000.0,389534000.0,111943000.0,0.104,2.703,19.263,19.266,432716000.0,0.0,36.99,2.341,2.333,385357000.0,2382336000.0,2245573000.0,2245573000.0,0.0,0.086,0.15,0.253,0.174,11112000.0,751634000.0,1.0,142145313.0,141614000,144044000.0,15.857,2006801000.0,0.0,91682000.0,103606000.0,14.171,1050057000.0
42,XRAY,MRT,2010-12-31,2010-12-31,2010-12-31,2021-08-05,24156000.0,3257951000.0,3059280250.0,1315045000.0,1942906000.0,0.726,12.775,-40674000.0,540038000.0,540038000.0,1090856000.0,267335000.0,3.652,0.733,611769000.0,7754000.0,604015000.0,611769000.0,0.0,65912000.0,0.0,0.006,0.2,380022000.0,445934000.0,0.201,445934000.0,380022000.0,354933000.0,1.85,1.82,1.85,1839386000.0,1782442250.0,1839386000.0,4920952972.0,13.0,11.035,336787000.0,2.339,1.0,1130158000.0,0.509,1381798000.0,25089000.0,1587793000.0,1450923750.0,308738000.0,0.0,0.0,0.0,1348039000.0,360091000.0,987948000.0,4855529972.0,89690000.0,-35556000.0,-193804000.0,116817000.0,-29077000.0,-103036000.0,-164468000.0,-84632000.0,377461000.0,-20267000.0,265708000.0,265708000.0,265708000.0,0.0,1627000.0,0.12,749885000.0,380273000.0,114479000.0,0.108,2.64,18.274,18.47,423105000.0,0.0,34.17,2.186,2.215,344796000.0,2320350000.0,2221014000.0,2221014000.0,0.0,0.087,0.149,0.262,0.171,14140000.0,738901000.0,1.0,142099209.0,143980000,145985000.0,15.426,1876153000.0,0.0,89225000.0,85602000.0,13.031,954954000.0
43,XRAY,MRT,2010-09-30,2010-09-30,2010-09-30,2021-08-05,41820000.0,3195156000.0,3016775500.0,1331557000.0,1863599000.0,0.736,12.656,-38539000.0,534243000.0,534243000.0,1095559000.0,275402000.0,3.784,0.731,599666000.0,7290000.0,592376000.0,599666000.0,0.0,65504000.0,0.0,0.006,0.2,387099000.0,452603000.0,0.204,452603000.0,387099000.0,363675000.0,1.88,1.84,1.88,1803481000.0,1780622000.0,1803481000.0,4700573326.0,12.0,10.386,334644000.0,2.348,1.0,1125680000.0,0.507,1384639000.0,23424000.0,1524028000.0,1369143250.0,318071000.0,0.0,0.0,0.0,1318600000.0,351912000.0,966688000.0,4566017326.0,200875000.0,-21997000.0,-235113000.0,191803000.0,-30505000.0,-68447000.0,-79279000.0,-18566000.0,373183000.0,-24582000.0,272716000.0,272716000.0,272716000.0,0.0,2686000.0,0.123,737567000.0,388113000.0,100663000.0,0.106,2.532,16.743,17.005,423802000.0,0.0,31.97,2.056,2.051,366789000.0,2258531000.0,2221239000.0,2221239000.0,0.0,0.09,0.153,0.283,0.174,10899000.0,731321000.0,1.0,142821937.0,142501000,144063000.0,15.588,1810517000.0,0.0,90959000.0,93573000.0,12.705,979645000.0
44,XRAY,MRT,2010-06-30,2010-06-30,2010-06-30,2021-08-05,-55678000.0,2797267000.0,2984763750.0,1089242000.0,1708025000.0,0.741,11.574,-45280000.0,340347000.0,340347000.0,1086031000.0,279440000.0,3.379,0.63,474903000.0,11927000.0,462976000.0,474903000.0,0.0,65992000.0,0.0,0.007,0.2,389097000.0,455089000.0,0.206,455089000.0,389097000.0,366216000.0,1.88,1.85,1.88,1675714000.0,1786565500.0,1675714000.0,4448897125.0,11.0,9.776,352318000.0,2.433,1.0,1124596000.0,0.509,1285763000.0,22881000.0,1323686000.0,1262418500.0,284394000.0,0.0,0.0,0.0,1055857000.0,322374000.0,733483000.0,4377403125.0,88476000.0,-8309000.0,-212169000.0,43676000.0,-30658000.0,-192983000.0,-52592000.0,8000.0,397598000.0,-63547000.0,276546000.0,276546000.0,276546000.0,0.0,2894000.0,0.125,733961000.0,390635000.0,106864000.0,0.106,2.612,15.829,15.91,399077000.0,0.0,29.91,1.98,1.959,351304000.0,2202130000.0,2210627000.0,2210627000.0,0.0,0.093,0.155,0.308,0.176,10623000.0,726843000.0,1.0,146352495.0,144779000,146939000.0,15.269,1511504000.0,0.0,89670000.0,85159000.0,10.44,766868000.0
45,XRAY,MRT,2010-03-31,2010-03-31,2010-03-31,2021-08-05,34607000.0,2986747000.0,3010066750.0,1178454000.0,1808293000.0,0.73,12.34,-44372000.0,405017000.0,405017000.0,1075704000.0,276674000.0,3.599,0.61,476511000.0,18946000.0,457565000.0,476511000.0,0.0,66148000.0,0.0,0.006,0.2,384890000.0,451038000.0,0.205,451038000.0,384890000.0,363427000.0,1.85,1.83,1.85,1811188000.0,1800791500.0,1811188000.0,5152373298.0,13.0,11.423,344022000.0,2.344,1.0,1122669000.0,0.511,1362618000.0,21463000.0,1368188000.0,1202841000.0,301198000.0,0.0,0.0,0.0,1104129000.0,327435000.0,776694000.0,5133396298.0,178718000.0,-10099000.0,-96028000.0,-25720000.0,-29785000.0,-146722000.0,-54428000.0,164000.0,388394000.0,-8526000.0,274359000.0,274359000.0,274359000.0,0.0,2315000.0,0.125,738277000.0,384392000.0,108118000.0,0.108,2.834,18.711,18.854,420779000.0,0.0,34.88,2.335,2.329,355030000.0,2137952000.0,2198373000.0,2198373000.0,0.0,0.091,0.152,0.32,0.175,11899000.0,728277000.0,1.0,147173059.0,146776000,149294000.0,14.978,1624129000.0,0.0,89068000.0,73647000.0,11.065,851019000.0
46,XRAY,MRT,2009-12-31,2009-12-31,2009-12-31,2021-08-05,83542000.0,3087932000.0,2953577250.0,1217796000.0,1870136000.0,0.731,12.352,-50621000.0,450348000.0,450348000.0,1053015000.0,274412000.0,2.739,0.645,469325000.0,82174000.0,387151000.0,469325000.0,0.0,64730000.0,0.0,0.006,0.2,385098000.0,449828000.0,0.208,449828000.0,385098000.0,363202000.0,1.85,1.83,1.85,1832105000.0,1751531000.0,1832105000.0,5284697966.0,14.0,11.748,311868000.0,2.103,1.0,1106363000.0,0.512,1401682000.0,21896000.0,1260671000.0,1197363000.0,291640000.0,0.0,0.0,0.0,1180974000.0,444556000.0,736418000.0,5222857966.0,246357000.0,-2986000.0,-65312000.0,20223000.0,-29836000.0,-71420000.0,-53399000.0,222000.0,362489000.0,8687000.0,274258000.0,274258000.0,274258000.0,0.0,154000.0,0.127,725120000.0,381243000.0,100847000.0,0.108,2.851,19.044,19.011,439619000.0,0.0,35.17,2.419,2.416,348684000.0,2083459000.0,2159378000.0,2159378000.0,0.0,0.093,0.157,0.322,0.178,12771000.0,718230000.0,1.0,148503212.0,148319000,150102000.0,14.559,1686250000.0,0.0,88944000.0,84890000.0,11.369,773240000.0
47,XRAY,MRT,2009-09-30,2009-09-30,2009-09-30,2021-08-05,95139000.0,3067109000.0,2889194250.0,1127103000.0,1940006000.0,0.726,12.301,-62399000.0,333368000.0,333368000.0,1006749000.0,268714000.0,1.867,0.637,395208000.0,240366000.0,154842000.0,395208000.0,0.0,62874000.0,0.0,0.006,0.2,364341000.0,427215000.0,0.204,427215000.0,364341000.0,340374000.0,1.81,1.8,1.81,1827255000.0,1690435250.0,1827255000.0,5300357172.0,15.0,12.407,282103000.0,1.899,1.0,1090118000.0,0.52,1428168000.0,23967000.0,1097129000.0,1215989500.0,311666000.0,37000.0,37000.0,0.0,1164658000.0,603652000.0,561006000.0,5132373172.0,279163000.0,-76349000.0,-23929000.0,-78088000.0,-29104000.0,-127865000.0,61361000.0,200513000.0,344502000.0,1165000.0,270420000.0,270420000.0,270420000.0,0.0,-1706000.0,0.129,726926000.0,363192000.0,98125000.0,0.11,2.809,18.979,19.083,445365000.0,0.0,34.54,2.448,2.447,356976000.0,2016007000.0,2096867000.0,2096867000.0,0.0,0.094,0.16,0.3,0.174,16064000.0,708868000.0,1.0,148592159.0,148547000,150638000.0,14.116,1638941000.0,0.0,69954000.0,112734000.0,11.033,523451000.0
48,XRAY,MRT,2009-06-30,2009-06-30,2009-06-30,2021-08-05,58277000.0,2898479000.0,2787744750.0,1032505000.0,1865974000.0,0.752,11.661,-64028000.0,251871000.0,251871000.0,997046000.0,266927000.0,1.749,0.632,419855000.0,273906000.0,145949000.0,419855000.0,0.0,61570000.0,0.0,0.006,0.195,355938000.0,417508000.0,0.199,417508000.0,355938000.0,328143000.0,1.8,1.79,1.8,1732618000.0,1630226250.0,1732618000.0,4800678752.0,13.0,11.498,248287000.0,1.671,1.0,1098571000.0,0.524,1390594000.0,27795000.0,1085376000.0,1306680750.0,309431000.0,36000.0,36000.0,0.0,1094357000.0,590493000.0,503864000.0,4540518752.0,138417000.0,-117871000.0,-14110000.0,-206221000.0,-28354000.0,-244780000.0,112010000.0,295453000.0,312315000.0,-41128000.0,268984000.0,268984000.0,268984000.0,0.0,-2057000.0,0.128,747405000.0,351166000.0,93420000.0,0.108,2.621,16.88,16.983,429935000.0,0.0,30.57,2.167,2.167,357546000.0,1955977000.0,2095617000.0,2095617000.0,0.0,0.096,0.165,0.272,0.17,14704000.0,712018000.0,1.0,148528582.0,148577000,150057000.0,14.105,1507885000.0,0.0,59159000.0,86245000.0,10.149,442012000.0
49,XRAY,MRT,2009-03-31,2009-03-31,2009-03-31,2021-08-05,8303000.0,2760789000.0,2811427000.0,984889000.0,1775900000.0,0.76,10.869,-71814000.0,226299000.0,226299000.0,1009243000.0,275046000.0,2.865,0.67,486459000.0,25617000.0,460842000.0,486459000.0,0.0,59090000.0,0.0,0.007,0.19,373877000.0,432967000.0,0.203,432967000.0,373877000.0,343449000.0,1.86,1.84,1.86,1614146000.0,1599369250.0,1614146000.0,4235420817.0,11.0,9.782,244635000.0,1.647,1.0,1128389000.0,0.528,1330966000.0,30428000.0,1346276000.0,1505517250.0,314089000.0,187000.0,187000.0,0.0,1081192000.0,343707000.0,737485000.0,3989937817.0,135639000.0,-115459000.0,-18404000.0,-132389000.0,-27609000.0,-175039000.0,48766000.0,238516000.0,316449000.0,-54537000.0,277433000.0,277433000.0,277433000.0,0.0,-2387000.0,0.13,762788000.0,365601000.0,98313000.0,0.102,2.472,14.382,14.435,416393000.0,0.0,26.85,1.867,1.865,327514000.0,1893242000.0,2137632000.0,2137632000.0,0.0,0.099,0.173,0.248,0.175,14623000.0,729068000.0,1.0,148601036.0,148514000,149705000.0,14.393,1429823000.0,0.0,66016000.0,90150000.0,9.628,641182000.0
50,XRAY,MRT,2008-12-31,2008-12-31,2008-12-31,2021-08-05,39612000.0,2830400000.0,2849981000.0,949862000.0,1880538000.0,0.769,10.651,-75844000.0,203991000.0,203991000.0,1043565000.0,283270000.0,2.639,0.738,449474000.0,25795000.0,423679000.0,449474000.0,0.0,56929000.0,0.0,0.007,0.185,387999000.0,444928000.0,0.203,444928000.0,387999000.0,355472000.0,1.9,1.87,1.9,1587722000.0,1575818000.0,1587722000.0,4556725499.0,12.0,10.241,260137000.0,1.745,1.0,1147900000.0,0.524,1380744000.0,32527000.0,1335177000.0,1634460000.0,306125000.0,258000.0,258000.0,0.0,1170987000.0,359962000.0,811025000.0,4206417499.0,34607000.0,-117300000.0,-99908000.0,-106136000.0,-26952000.0,-229086000.0,-47804000.0,147817000.0,335981000.0,-24484000.0,283869000.0,283869000.0,283869000.0,0.0,-599000.0,0.13,767439000.0,380461000.0,104329000.0,0.097,2.649,14.818,14.863,432276000.0,0.0,28.24,1.919,1.921,319260000.0,1838958000.0,2191465000.0,2191465000.0,0.0,0.1,0.18,0.237,0.177,13380000.0,735084000.0,1.0,148952461.0,149069000,151679000.0,14.701,1449656000.0,0.0,71603000.0,105227000.0,9.725,589900000.0
51,XRAY,MRT,2008-09-30,2008-09-30,2008-09-30,2021-08-05,91827000.0,2661311000.0,2811273250.0,972096000.0,1689215000.0,0.792,10.663,-77461000.0,54205000.0,54205000.0,1073443000.0,283007000.0,2.876,0.677,404513000.0,2828000.0,401685000.0,404513000.0,0.0,55869000.0,0.0,0.005,0.18,409709000.0,465578000.0,0.209,465578000.0,409709000.0,377292000.0,1.88,1.86,1.88,1586419000.0,1557914000.0,1586419000.0,6048733688.0,15.0,12.992,290183000.0,1.95,1.0,1153643000.0,0.518,1213678000.0,32417000.0,1459894000.0,1669039250.0,278761000.0,190545000.0,190545000.0,0.0,1074537000.0,338047000.0,736490000.0,5580684688.0,-87616000.0,-44794000.0,-118163000.0,-113938000.0,-26294000.0,-248854000.0,-203513000.0,-78173000.0,367644000.0,-2893000.0,282905000.0,282905000.0,282905000.0,0.0,102000.0,0.127,760933000.0,392710000.0,90782000.0,0.096,3.518,19.726,19.968,386885000.0,0.0,37.54,2.506,2.508,345477000.0,1775410000.0,2227086000.0,2227086000.0,0.0,0.101,0.182,0.245,0.184,5718000.0,739094000.0,1.0,148659688.0,148775000,151697000.0,14.969,1447633000.0,0.0,94387000.0,94512000.0,9.73,634049000.0
52,XRAY,MRT,2008-06-30,2008-06-30,2008-06-30,2021-08-05,184615000.0,2993208000.0,2799674750.0,1182087000.0,1811121000.0,0.781,10.811,-72688000.0,113454000.0,113454000.0,1058786000.0,282660000.0,3.631,0.86,581503000.0,4854000.0,576649000.0,581503000.0,0.0,53243000.0,0.0,0.005,0.175,414157000.0,467400000.0,0.214,467400000.0,414157000.0,383886000.0,1.87,1.84,1.87,1609190000.0,1524718000.0,1609190000.0,5979224139.0,14.0,12.793,298960000.0,2.008,1.0,1126450000.0,0.515,1254974000.0,30271000.0,1880722000.0,1669075250.0,282795000.0,309797000.0,309797000.0,0.0,1383681000.0,325561000.0,1058120000.0,5477250139.0,44021000.0,-77684000.0,-151644000.0,144055000.0,-25675000.0,-23537000.0,-327879000.0,-176654000.0,371648000.0,23789000.0,282577000.0,282577000.0,282577000.0,0.0,83000.0,0.129,732065000.0,394385000.0,94413000.0,0.094,3.404,19.383,19.679,405603000.0,0.0,36.8,2.506,2.507,371489000.0,1716083000.0,2185236000.0,2185236000.0,0.0,0.101,0.185,0.248,0.19,5605000.0,724073000.0,1.0,148838319.0,148851000,151790000.0,14.681,1738234000.0,0.0,101309000.0,100978000.0,11.678,856526000.0
53,XRAY,MRT,2008-03-31,2008-03-31,2008-03-31,2021-08-05,167379000.0,2915005000.0,2720265000.0,1093331000.0,1821674000.0,0.771,10.137,-65379000.0,90660000.0,90660000.0,1018003000.0,269394000.0,3.681,0.918,592634000.0,5823000.0,586811000.0,592634000.0,0.0,51565000.0,0.0,0.004,0.17,397146000.0,448711000.0,0.214,448711000.0,397146000.0,369567000.0,1.77,1.74,1.77,1519941000.0,1501447000.0,1519941000.0,6140364141.0,15.0,13.684,310664000.0,2.072,1.0,1079748000.0,0.515,1257892000.0,27579000.0,1862047000.0,1567268250.0,280932000.0,254003000.0,254003000.0,0.0,1394760000.0,297040000.0,1097720000.0,5826441141.0,-13418000.0,-96757000.0,-166371000.0,128726000.0,-25035000.0,-51259000.0,-360167000.0,-196702000.0,376043000.0,21965000.0,269362000.0,269362000.0,269362000.0,0.0,32000.0,0.128,705031000.0,374717000.0,93642000.0,0.096,3.833,21.631,21.808,402009000.0,0.0,38.6,2.777,2.759,356629000.0,1644149000.0,2097751000.0,2097751000.0,0.0,0.099,0.179,0.253,0.189,2192000.0,695290000.0,1.0,150944071.0,149945000,152983000.0,13.99,1657113000.0,0.0,100205000.0,97920000.0,11.051,796291000.0
54,XRAY,MRT,2007-12-31,2007-12-31,2007-12-31,2021-08-05,145819000.0,2675569000.0,2565203250.0,982022000.0,1693547000.0,0.783,9.994,-57836000.0,169384000.0,169384000.0,969050000.0,259711000.0,3.143,0.765,483307000.0,1244000.0,482063000.0,483307000.0,0.0,50289000.0,0.0,0.004,0.165,381918000.0,432207000.0,0.215,432207000.0,381918000.0,358135000.0,1.71,1.68,1.71,1516106000.0,1455969000.0,1516106000.0,7179235185.0,19.0,16.611,329861000.0,2.174,1.0,1040783000.0,0.518,1203587000.0,23783000.0,1473494000.0,1422482750.0,258032000.0,146939000.0,146939000.0,0.0,1159167000.0,312411000.0,846756000.0,6818368185.0,104320000.0,-101492000.0,-79828000.0,96791000.0,-25134000.0,3207000.0,-299391000.0,-138398000.0,387697000.0,12807000.0,259654000.0,259654000.0,259654000.0,0.0,57000.0,0.129,685892000.0,354891000.0,82321000.0,0.096,4.497,26.259,26.327,371409000.0,0.0,45.02,3.393,3.398,307622000.0,1582683000.0,2009833000.0,2009833000.0,0.0,0.101,0.178,0.268,0.19,2674000.0,675365000.0,1.0,151451981.0,151707000,154721000.0,13.248,1471982000.0,0.0,98481000.0,99988000.0,9.703,669611000.0
55,XRAY,MRT,2007-09-30,2007-09-30,2007-09-30,2021-08-05,124136000.0,2614917000.0,2441648500.0,973936000.0,1640981000.0,0.794,9.587,-42585000.0,141821000.0,141821000.0,930798000.0,254573000.0,3.021,0.799,502688000.0,7020000.0,495668000.0,502688000.0,0.0,49629000.0,0.0,0.004,0.16,366507000.0,416136000.0,0.215,416136000.0,366507000.0,340014000.0,1.66,1.63,1.66,1453635000.0,1395401250.0,1453635000.0,6663557134.0,18.0,16.013,326711000.0,2.155,1.0,1008862000.0,0.52,1193328000.0,26493000.0,1460038000.0,1332103750.0,277057000.0,118921000.0,118921000.0,0.0,1161002000.0,322418000.0,838584000.0,6330762134.0,-190004000.0,-100744000.0,-148832000.0,-296647000.0,-24459000.0,-458551000.0,-135235000.0,12963000.0,369296000.0,34486000.0,254573000.0,254573000.0,254573000.0,0.0,0.0,0.131,671913000.0,336949000.0,87154000.0,0.096,4.355,24.868,25.084,351566000.0,0.0,41.64,3.264,3.255,326012000.0,1519461000.0,1939660000.0,1939660000.0,0.0,0.104,0.182,0.275,0.189,1162000.0,661401000.0,1.0,152035594.0,151632000,154736000.0,12.792,1421589000.0,0.0,85441000.0,86124000.0,9.375,651518000.0
56,XRAY,MRT,2007-06-30,2007-06-30,2007-06-30,2021-08-05,145819000.0,2675569000.0,2429653000.0,982022000.0,1693547000.0,0.777,9.974,-41578000.0,169384000.0,169384000.0,905499000.0,238303000.0,3.143,0.765,483307000.0,1244000.0,482063000.0,483307000.0,0.0,49389000.0,0.0,0.004,0.155,365071000.0,414460000.0,0.22,414460000.0,365071000.0,336654000.0,1.55,1.52,1.55,1516106000.0,1353403750.0,1516106000.0,6130944179.0,17.0,14.793,292683000.0,1.926,1.0,981783000.0,0.52,1203587000.0,28417000.0,1473494000.0,1268709000.0,258032000.0,146939000.0,146939000.0,0.0,1159167000.0,312411000.0,846756000.0,5811908179.0,-213264000.0,-51858000.0,-132365000.0,-406025000.0,-23777000.0,-551980000.0,-22481000.0,76387000.0,334261000.0,26936000.0,238303000.0,238303000.0,238303000.0,0.0,0.0,0.126,648885000.0,332898000.0,82321000.0,0.1,3.833,24.389,24.684,371409000.0,0.0,38.26,3.08,3.081,307622000.0,1582683000.0,1887282000.0,1887282000.0,0.0,0.098,0.176,0.288,0.193,3151000.0,644214000.0,1.0,151905598.0,152000000,154873000.0,12.416,1471982000.0,0.0,98351000.0,99988000.0,9.684,669611000.0
57,XRAY,MRT,2007-03-31,2007-03-31,2007-03-31,2021-08-05,87882000.0,2294758000.0,2402439000.0,816401000.0,1478357000.0,0.771,8.801,-43950000.0,104078000.0,104078000.0,897211000.0,232186000.0,3.081,0.715,423114000.0,9759000.0,413355000.0,423114000.0,0.0,48273000.0,0.0,0.005,0.15,359067000.0,407340000.0,0.22,407340000.0,359067000.0,327094000.0,1.5,1.47,1.5,1338029000.0,1286976500.0,1338029000.0,5287330112.0,15.0,12.98,258351000.0,1.699,1.0,955153000.0,0.516,1065909000.0,31973000.0,1282905000.0,1232016750.0,247517000.0,32839000.0,32839000.0,0.0,956494000.0,264980000.0,691514000.0,4982238112.0,-156517000.0,-35924000.0,-243817000.0,-283473000.0,-23245000.0,-539108000.0,35780000.0,118060000.0,302301000.0,44510000.0,232186000.0,232186000.0,232186000.0,0.0,0.0,0.125,629156000.0,325997000.0,85031000.0,0.1,3.724,21.458,21.833,331686000.0,0.0,32.75,2.69,2.688,311005000.0,1400478000.0,1852364000.0,1852364000.0,0.0,0.097,0.18,0.291,0.194,7303000.0,625056000.0,1.0,152129408.0,152031000,154564000.0,12.184,1228849000.0,0.0,94908000.0,62286000.0,8.083,551421000.0
58,XRAY,MRT,2006-12-31,2006-12-31,2006-12-31,2021-08-05,79914000.0,2181350000.0,2439288000.0,718191000.0,1463159000.0,0.742,8.206,-42436000.0,65064000.0,65064000.0,881485000.0,223718000.0,2.306,0.712,370156000.0,2995000.0,367161000.0,370156000.0,0.0,47434000.0,0.0,0.005,0.145,349734000.0,397168000.0,0.219,397168000.0,349734000.0,314837000.0,1.44,1.41,1.44,1273835000.0,1279838250.0,1273835000.0,4973223992.0,14.0,12.522,229419000.0,1.478,1.0,929011000.0,0.513,1063030000.0,34897000.0,1111978000.0,1174983500.0,232441000.0,79000.0,79000.0,0.0,907293000.0,311434000.0,595859000.0,4532733992.0,-368920000.0,-32083000.0,-240161000.0,-362006000.0,-21863000.0,-612569000.0,-76291000.0,226000.0,271855000.0,48085000.0,223718000.0,223718000.0,223718000.0,0.0,0.0,0.124,614217000.0,314794000.0,79951000.0,0.101,3.558,20.261,20.729,329616000.0,0.0,29.85,2.504,2.559,290791000.0,1352342000.0,1810496000.0,1810496000.0,0.0,0.092,0.175,0.298,0.193,8162000.0,606410000.0,1.0,151850385.0,155229000,158271000.0,11.663,1118320000.0,0.0,91119000.0,100483000.0,7.204,406757000.0
59,XRAY,MRT,2006-09-30,2006-09-30,2006-09-30,2021-08-05,68445000.0,2566935000.0,2496543750.0,1137007000.0,1429928000.0,0.716,8.35,-49237000.0,331825000.0,331825000.0,874534000.0,158045000.0,1.489,0.996,772315000.0,443113000.0,329202000.0,772315000.0,0.0,46620000.0,0.0,0.005,0.14,253285000.0,299905000.0,0.168,299905000.0,253285000.0,215491000.0,1.02,0.985,1.02,1285645000.0,1273028500.0,1285645000.0,4958323035.0,20.0,16.533,211171000.0,1.372,1.0,911993000.0,0.51,1037604000.0,37794000.0,1206459000.0,1125139000.0,236279000.0,128304000.0,128304000.0,0.0,1281078000.0,763362000.0,517716000.0,4631716035.0,104277000.0,-32752000.0,-129042000.0,9853000.0,-21179000.0,-134882000.0,-32245000.0,50836000.0,260408000.0,10996000.0,158045000.0,158045000.0,158045000.0,0.0,0.0,0.088,698559000.0,213434000.0,74620000.0,0.137,3.603,29.306,29.52,320779000.0,0.0,30.11,2.593,2.595,296066000.0,1294281000.0,1786527000.0,1786527000.0,0.0,0.063,0.124,0.225,0.142,14119000.0,590971000.0,1.0,153826504.0,153968000,157153000.0,11.603,1529331000.0,0.0,57446000.0,120069000.0,9.933,373645000.0
60,XRAY,MRT,2006-06-30,2006-06-30,2006-06-30,2021-08-05,67746000.0,2566713000.0,2471264500.0,1159072000.0,1407641000.0,0.715,7.974,-45862000.0,282697000.0,282697000.0,871682000.0,47791000.0,1.618,1.053,802024000.0,388717000.0,413307000.0,802024000.0,0.0,46914000.0,0.0,0.004,0.135,110794000.0,157708000.0,0.089,157708000.0,110794000.0,77510000.0,0.31,0.285,0.31,1250397000.0,1265567000.0,1250397000.0,5036224098.0,45.0,31.934,214447000.0,1.368,1.0,895084000.0,0.507,1043139000.0,33284000.0,1326725000.0,1173621000.0,229373000.0,192720000.0,192720000.0,0.0,1316103000.0,716176000.0,599927000.0,4784295098.0,77095000.0,-8612000.0,-161014000.0,61008000.0,-20529000.0,-115602000.0,-77262000.0,-19913000.0,260309000.0,9650000.0,47791000.0,47791000.0,47791000.0,0.0,0.0,0.027,816822000.0,78262000.0,76665000.0,0.435,3.826,100.109,97.742,321910000.0,0.0,30.3,2.708,2.689,299048000.0,1250222000.0,1766766000.0,1766766000.0,0.0,0.019,0.038,0.094,0.063,9466000.0,576774000.0,1.0,157897528.0,156814000,159834000.0,11.267,1523574000.0,0.0,29719000.0,124073000.0,9.716,442896000.0
61,XRAY,MRT,2006-03-31,2006-03-31,2006-03-31,2021-08-05,63794000.0,2442154000.0,2472666750.0,1064126000.0,1378028000.0,0.703,8.288,-45329000.0,260595000.0,260595000.0,858943000.0,46368000.0,1.367,0.865,664648000.0,477787000.0,186861000.0,664648000.0,0.0,49223000.0,0.0,0.004,0.13,100862000.0,150085000.0,0.086,150085000.0,100862000.0,71897000.0,0.29,0.265,0.29,1309476000.0,1294894500.0,1309476000.0,4842818712.0,48.0,32.267,173851000.0,1.1,1.0,880213000.0,0.506,1013168000.0,28965000.0,1054772000.0,1183626250.0,226442000.0,152124000.0,152124000.0,0.0,1132495000.0,778267000.0,354228000.0,4595027712.0,-10082000.0,-15552000.0,-109404000.0,-42370000.0,-19822000.0,-170466000.0,-35236000.0,11426000.0,219180000.0,-23560000.0,46368000.0,46368000.0,46368000.0,0.0,0.0,0.027,807408000.0,72805000.0,88408000.0,0.448,3.509,99.099,100.259,309825000.0,0.0,29.075,2.642,2.641,275106000.0,1196318000.0,1739156000.0,1739156000.0,0.0,0.019,0.036,0.085,0.058,5285000.0,570224000.0,1.0,158040506.0,157998000,161060000.0,11.007,1428986000.0,0.0,25529000.0,112234000.0,9.044,285859000.0
62,XRAY,MRT,2005-12-31,2005-12-31,2005-12-31,2021-08-05,56454000.0,2410373000.0,2536232500.0,1033088000.0,1377285000.0,0.676,7.831,-44738000.0,433984000.0,433984000.0,846117000.0,45413000.0,1.388,0.933,682316000.0,412212000.0,270104000.0,682316000.0,0.0,50560000.0,0.0,0.005,0.125,98950000.0,149510000.0,0.087,149510000.0,98950000.0,71038000.0,0.29,0.28,0.29,1246596000.0,1325980000.0,1246596000.0,4573930230.0,46.0,30.593,188031000.0,1.181,1.0,869018000.0,0.507,1001827000.0,27912000.0,912600000.0,1273242500.0,208179000.0,541000.0,541000.0,0.0,1163589000.0,744278000.0,419311000.0,4221634230.0,30443000.0,-18097000.0,-132984000.0,-60246000.0,-19141000.0,-212371000.0,50246000.0,92718000.0,232769000.0,-40201000.0,45413000.0,45413000.0,45413000.0,0.0,0.0,0.026,796096000.0,72922000.0,82317000.0,0.431,3.387,92.961,92.569,316218000.0,0.0,26.845,2.461,2.492,254822000.0,1151856000.0,1715135000.0,1715135000.0,0.0,0.018,0.034,0.078,0.058,990000.0,563341000.0,1.0,157259610.0,159191000,162017000.0,10.774,1408546000.0,0.0,25625000.0,129771000.0,8.848,288810000.0
63,XRAY,MRT,2005-09-30,2005-09-30,2005-09-30,2021-08-05,80317000.0,2465818000.0,2633175500.0,986994000.0,1478824000.0,0.658,7.959,-43657000.0,398581000.0,398581000.0,855993000.0,114743000.0,2.712,0.963,750877000.0,66276000.0,684601000.0,750877000.0,0.0,52278000.0,0.0,0.004,0.12,187777000.0,240055000.0,0.138,240055000.0,187777000.0,165586000.0,0.705,0.675,0.705,1255799000.0,1375324250.0,1255799000.0,4645047214.0,25.0,19.35,209918000.0,1.33,1.0,877280000.0,0.506,1053839000.0,22191000.0,1400387000.0,1440298250.0,228960000.0,0.0,0.0,0.0,1209409000.0,363888000.0,845521000.0,4283360214.0,-179802000.0,-17928000.0,-148134000.0,-33115000.0,-17665000.0,-209162000.0,-211011000.0,-178321000.0,253575000.0,-13204000.0,114743000.0,114743000.0,114743000.0,346000.0,0.0,0.066,703306000.0,173974000.0,78829000.0,0.17,3.411,37.33,38.312,376340000.0,0.0,27.01,2.471,2.459,259920000.0,1158097000.0,1733273000.0,1733273000.0,0.0,0.044,0.083,0.13,0.108,1469000.0,567996000.0,1.0,158584236.0,157789000,157789000.0,10.985,1411979000.0,0.0,50843000.0,113446000.0,8.949,623106000.0
64,XRAY,MRT,2005-06-30,2005-06-30,2005-06-30,2021-08-05,80104000.0,2572322000.0,2671230250.0,947128000.0,1625194000.0,0.639,8.534,-45437000.0,365675000.0,365675000.0,840480000.0,222232000.0,2.536,0.88,727362000.0,69285000.0,658077000.0,727362000.0,0.0,51775000.0,0.0,0.004,0.116,312061000.0,363836000.0,0.213,363836000.0,312061000.0,287991000.0,1.385,1.35,1.385,1367707000.0,1389558250.0,1367707000.0,4674201390.0,15.0,12.847,214448000.0,1.338,1.0,866794000.0,0.508,1193854000.0,24070000.0,1366746000.0,1466139750.0,224224000.0,0.0,0.0,0.0,1204012000.0,373409000.0,830603000.0,4340265390.0,-138799000.0,-16856000.0,-103354000.0,-65865000.0,-17123000.0,-193174000.0,-200395000.0,-167460000.0,259885000.0,-5115000.0,222232000.0,222232000.0,222232000.0,6000.0,0.0,0.13,568075000.0,298719000.0,87847000.0,0.084,3.173,19.53,19.495,378114000.0,0.0,27.0,2.542,2.535,264637000.0,1223593000.0,1707274000.0,1707274000.0,0.0,0.083,0.16,0.213,0.183,1469000.0,561968000.0,1.0,160750570.0,160274000,163216000.0,10.652,1378468000.0,0.0,65759000.0,125856000.0,8.601,573719000.0
65,XRAY,MRT,2005-03-31,2005-03-31,2005-03-31,2021-08-05,122280000.0,2696417000.0,2661949750.0,1025692000.0,1670725000.0,0.634,8.712,-47634000.0,436702000.0,436702000.0,835281000.0,213382000.0,2.607,0.88,770638000.0,69738000.0,700900000.0,770638000.0,0.0,49705000.0,0.0,0.004,0.112,305188000.0,354893000.0,0.21,354893000.0,305188000.0,279710000.0,1.33,1.3,1.33,1433818000.0,1361778250.0,1433818000.0,4739215124.0,16.0,13.354,236252000.0,1.436,1.0,851567000.0,0.505,1223698000.0,25478000.0,1413237000.0,1497895000.0,224091000.0,0.0,0.0,0.0,1262012000.0,393418000.0,868594000.0,4392765124.0,-17033000.0,-7019000.0,-20545000.0,-66911000.0,-16503000.0,-103959000.0,-205937000.0,-163643000.0,283886000.0,8977000.0,213382000.0,213382000.0,213382000.0,185000.0,0.0,0.126,556418000.0,295149000.0,105005000.0,0.084,3.064,20.586,20.455,396790000.0,0.0,27.205,2.604,2.654,251259000.0,1170479000.0,1686848000.0,1686848000.0,0.0,0.08,0.157,0.204,0.181,1469000.0,549750000.0,1.0,161469036.0,164578000,164578000.0,10.25,1472719000.0,0.0,66328000.0,121884000.0,8.948,632274000.0
66,XRAY,MRT,2004-12-31,2004-12-31,2004-12-31,2021-08-05,164100000.0,2798145000.0,2616666250.0,1056409000.0,1741736000.0,0.647,8.981,-50248000.0,403541000.0,403541000.0,847714000.0,253165000.0,2.611,0.937,852819000.0,72879000.0,779940000.0,852819000.0,0.0,49296000.0,0.0,0.004,0.109,342132000.0,391428000.0,0.231,391428000.0,342132000.0,317034000.0,1.58,1.54,1.58,1443973000.0,1306727500.0,1443973000.0,4931748823.0,14.0,12.599,256011000.0,1.592,1.0,846518000.0,0.5,1261993000.0,25098000.0,1580823000.0,1523622000.0,213709000.0,102828000.0,102828000.0,0.0,1353572000.0,404607000.0,948965000.0,4534660823.0,239786000.0,85335000.0,7615000.0,-21527000.0,-15823000.0,-29735000.0,-55490000.0,-94764000.0,306259000.0,18752000.0,253165000.0,253165000.0,253165000.0,-42879000.0,0.0,0.149,551388000.0,295130000.0,91576000.0,0.069,3.14,17.912,17.785,399880000.0,0.0,28.1,2.677,2.667,238873000.0,1126262000.0,1694232000.0,1694232000.0,0.0,0.097,0.194,0.225,0.202,1469000.0,544264000.0,1.0,161375830.0,160775000,164028000.0,10.538,1536152000.0,0.0,63869000.0,118583000.0,9.555,651802000.0
67,XRAY,MRT,2004-09-30,2004-09-30,2004-09-30,2021-08-05,96373000.0,2618037000.0,2528526750.0,954958000.0,1663079000.0,0.655,8.154,-52820000.0,407350000.0,407350000.0,835150000.0,234943000.0,3.026,0.994,804438000.0,22478000.0,781960000.0,804438000.0,0.0,47430000.0,0.0,0.004,0.105,342220000.0,389650000.0,0.235,389650000.0,342220000.0,316559000.0,1.47,1.44,1.47,1312735000.0,1226251500.0,1312735000.0,4631881334.0,14.0,11.887,222869000.0,1.384,1.0,820359000.0,0.496,1195828000.0,25661000.0,1503753000.0,1507529500.0,212052000.0,0.0,0.0,0.0,1305223000.0,315544000.0,989679000.0,4181615334.0,316340000.0,100025000.0,14571000.0,-21426000.0,-16748000.0,-20675000.0,52214000.0,0.0,275689000.0,9112000.0,234943000.0,234943000.0,234943000.0,-44932000.0,0.0,0.142,530738000.0,289621000.0,73953000.0,0.071,3.185,17.798,17.667,381091000.0,0.0,25.97,2.526,2.525,241869000.0,1061497000.0,1655509000.0,1655509000.0,0.0,0.093,0.192,0.227,0.207,1519000.0,523873000.0,1.0,161017148.0,160990000,164220000.0,10.283,1422209000.0,0.0,81616000.0,122511000.0,8.834,639414000.0
68,XRAY,MRT,2004-06-30,2004-06-30,2004-06-30,2021-08-05,81766000.0,2535200000.0,2457118750.0,882595000.0,1652605000.0,0.668,7.806,-56871000.0,344401000.0,344401000.0,835403000.0,229573000.0,2.894,1.017,794667000.0,23322000.0,771345000.0,794667000.0,0.0,46647000.0,0.0,0.004,0.105,339591000.0,386238000.0,0.235,386238000.0,339591000.0,314259000.0,1.44,1.41,1.44,1256587000.0,1156656500.0,1256587000.0,4718560480.0,14.0,12.217,217084000.0,1.348,1.0,805644000.0,0.491,1186739000.0,25332000.0,1493767000.0,1494220750.0,203179000.0,0.0,0.0,0.0,1278432000.0,304960000.0,973472000.0,4196040480.0,263000000.0,97080000.0,20722000.0,-68092000.0,-16156000.0,-60485000.0,44361000.0,0.0,273955000.0,5169000.0,229573000.0,229573000.0,229573000.0,-45619000.0,0.0,0.14,520354000.0,285290000.0,84719000.0,0.073,3.339,18.278,18.09,376225000.0,0.0,26.05,2.557,2.555,245439000.0,1019033000.0,1641047000.0,1641047000.0,0.0,0.093,0.198,0.227,0.207,1519000.0,515597000.0,1.0,161076410.0,160986000,164178000.0,10.194,1348461000.0,0.0,84686000.0,114005000.0,8.376,577635000.0
69,XRAY,MRT,2004-03-31,2004-03-31,2004-03-31,2021-08-05,91020000.0,2515283000.0,2399371000.0,833644000.0,1681639000.0,0.671,7.592,-63392000.0,287710000.0,287710000.0,819454000.0,224748000.0,2.583,1.072,810230000.0,22763000.0,787467000.0,810230000.0,0.0,47231000.0,0.0,0.005,0.102,333098000.0,380329000.0,0.236,380329000.0,333098000.0,307166000.0,1.415,1.385,1.415,1213615000.0,1087005250.0,1213615000.0,4205426085.0,13.0,11.057,198901000.0,1.244,1.0,791663000.0,0.491,1198956000.0,25932000.0,1516145000.0,1494528000.0,207836000.0,0.0,0.0,0.0,1301355000.0,322702000.0,978653000.0,3557006085.0,241532000.0,97322000.0,24686000.0,-71974000.0,-15552000.0,-62840000.0,35297000.0,0.0,262293000.0,6782000.0,224748000.0,224748000.0,224748000.0,-46566000.0,0.0,0.139,514098000.0,277565000.0,78276000.0,0.072,2.931,15.827,15.664,374567000.0,0.0,22.165,2.208,2.199,248387000.0,974211000.0,1611117000.0,1611117000.0,0.0,0.094,0.207,0.223,0.207,1519000.0,509674000.0,1.0,160478506.0,159844000,163002000.0,10.079,1316327000.0,0.0,82418000.0,111338000.0,8.235,510942000.0
70,XRAY,MRT,2003-12-31,2003-12-31,2003-12-31,2021-08-05,104920000.0,2445587000.0,2317774750.0,727452000.0,1718135000.0,0.677,7.118,-70198000.0,163755000.0,163755000.0,797461000.0,174183000.0,1.978,1.179,812175000.0,21973000.0,790202000.0,812175000.0,0.0,45661000.0,0.0,0.004,0.099,281605000.0,327266000.0,0.209,327266000.0,281605000.0,255526000.0,1.105,1.08,1.105,1122069000.0,1007729750.0,1122069000.0,4290168232.0,15.0,13.109,187794000.0,1.191,1.0,770533000.0,0.491,1209739000.0,26079000.0,1516453000.0,1469732500.0,205587000.0,0.0,0.0,0.0,1323100000.0,367815000.0,955285000.0,3575089232.0,138103000.0,8468000.0,16871000.0,-73381000.0,-14999000.0,-71509000.0,-58641000.0,0.0,257992000.0,10261000.0,174183000.0,174183000.0,174183000.0,-4330000.0,0.0,0.111,502550000.0,267983000.0,86338000.0,0.09,3.186,20.525,20.439,376211000.0,0.0,22.585,2.28,2.271,241385000.0,889601000.0,1567994000.0,1567994000.0,0.0,0.075,0.173,0.192,0.18,1519000.0,498850000.0,1.0,158294852.0,157646000,161294000.0,9.946,1235848000.0,0.0,81343000.0,133475000.0,7.839,359637000.0
71,XRAY,MRT,2003-09-30,2003-09-30,2003-09-30,2021-08-05,68851000.0,2332405000.0,2228136250.0,643814000.0,1688591000.0,0.653,6.547,-68214000.0,91010000.0,91010000.0,719684000.0,166069000.0,1.579,1.254,806089000.0,22697000.0,783392000.0,806089000.0,0.0,44025000.0,0.0,0.003,0.069,268644000.0,312669000.0,0.215,312669000.0,268644000.0,242228000.0,1.055,1.035,1.055,1034355000.0,936194500.0,1034355000.0,4290789205.0,16.0,13.723,170497000.0,1.079,1.0,735508000.0,0.505,1189262000.0,26416000.0,1450518000.0,1441465000.0,230054000.0,0.0,0.0,0.0,1297443000.0,407704000.0,889739000.0,3541854205.0,67115000.0,9972000.0,6710000.0,-110814000.0,-14447000.0,-102125000.0,-81871000.0,-15000000.0,238711000.0,12400000.0,166069000.0,166069000.0,166069000.0,-6934000.0,0.0,0.114,474781000.0,260727000.0,81312000.0,0.065,3.424,21.328,21.251,359425000.0,0.0,22.42,2.434,2.434,242937000.0,843378000.0,1455192000.0,1455192000.0,0.0,0.075,0.177,0.186,0.185,1520000.0,474734000.0,1.0,157977440.0,157998000,162014000.0,9.21,1143143000.0,0.0,76159000.0,146329000.0,7.235,236110000.0
72,XRAY,MRT,2003-06-30,2003-06-30,2003-06-30,2021-08-05,55199000.0,2304209000.0,2144059750.0,637295000.0,1666914000.0,0.674,6.214,-70717000.0,81401000.0,81401000.0,715087000.0,160521000.0,1.679,1.355,830336000.0,5365000.0,824971000.0,830336000.0,0.0,42481000.0,0.0,0.004,0.092,260639000.0,303120000.0,0.21,303120000.0,260639000.0,233514000.0,1.025,1.005,1.025,977982000.0,866185250.0,977982000.0,3977407546.0,15.0,13.122,143410000.0,0.911,1.0,730639000.0,0.505,1178571000.0,27125000.0,1494996000.0,1397433750.0,229592000.0,0.0,0.0,0.0,1324907000.0,379577000.0,945330000.0,3221537546.0,63715000.0,12269000.0,4046000.0,-87294000.0,-14415000.0,-84766000.0,-78433000.0,-15000000.0,214127000.0,12787000.0,160521000.0,160521000.0,160521000.0,-5907000.0,0.0,0.111,472537000.0,258102000.0,79512000.0,0.09,3.294,20.069,19.98,348971000.0,0.0,20.48,2.228,2.229,243813000.0,806216000.0,1445726000.0,1445726000.0,0.0,0.075,0.185,0.187,0.18,1520000.0,473268000.0,1.0,157301638.0,157376000,160654000.0,9.186,1125638000.0,0.0,72993000.0,147268000.0,7.153,257718000.0
73,XRAY,MRT,2003-03-31,2003-03-31,2003-03-31,2021-08-05,24727000.0,2188898000.0,2060695750.0,577852000.0,1611046000.0,0.695,5.714,-61852000.0,46178000.0,46178000.0,715157000.0,153123000.0,1.558,1.44,802048000.0,4421000.0,797627000.0,802048000.0,0.0,42433000.0,0.0,0.005,0.092,252501000.0,294934000.0,0.206,294934000.0,252501000.0,224219000.0,0.98,0.96,0.98,896513000.0,805269500.0,896513000.0,3478307905.0,14.0,11.794,141772000.0,0.904,1.0,717104000.0,0.501,1156934000.0,28282000.0,1416963000.0,1351870750.0,228903000.0,0.0,0.0,0.0,1291050000.0,370871000.0,920179000.0,2729586905.0,26341000.0,399000.0,2103000.0,-111456000.0,-14395000.0,-117672000.0,-64786000.0,0.0,203624000.0,5175000.0,153123000.0,153123000.0,153123000.0,-5139000.0,0.0,0.107,464041000.0,253063000.0,77059000.0,0.094,3.045,17.826,17.75,329014000.0,0.0,17.395,1.906,1.905,228857000.0,765627000.0,1432261000.0,1432261000.0,0.0,0.074,0.19,0.187,0.176,1520000.0,464816000.0,1.0,156917902.0,156884000,160014000.0,9.129,1031964000.0,0.0,71096000.0,145096000.0,6.578,206981000.0
74,XRAY,MRT,2002-12-31,2002-12-31,2002-12-31,2021-08-05,1624000.0,2087033000.0,1967547500.0,541001000.0,1546032000.0,0.72,5.346,-53699000.0,25652000.0,25652000.0,712179000.0,147952000.0,1.816,1.495,774373000.0,4550000.0,769823000.0,774373000.0,0.0,41352000.0,0.0,0.005,0.092,247643000.0,288995000.0,0.204,288995000.0,247643000.0,218401000.0,0.945,0.925,0.945,835928000.0,740953500.0,835928000.0,3671226447.0,15.0,12.703,119284000.0,0.763,1.0,703714000.0,0.497,1134506000.0,29242000.0,1403383000.0,1298459750.0,214492000.0,0.0,0.0,0.0,1249846000.0,297865000.0,951981000.0,2914468447.0,-8058000.0,-34805000.0,-53000.0,-94011000.0,-14358000.0,-99369000.0,-84502000.0,0.0,172983000.0,2830000.0,147952000.0,147952000.0,147952000.0,-4311000.0,0.0,0.104,454262000.0,249452000.0,66625000.0,0.097,3.487,19.699,19.683,313178000.0,0.0,18.6,2.058,2.054,221262000.0,730971000.0,1415893000.0,1415893000.0,0.0,0.075,0.2,0.191,0.175,1520000.0,456994000.0,1.0,156691852.0,156360000,159988000.0,9.055,952527000.0,0.0,70449000.0,62946000.0,6.092,243136000.0
75,XRAY,MRT,2002-09-30,2002-09-30,2002-09-30,2021-08-05,-37355000.0,1996099000.0,1895327000.0,512079000.0,1484020000.0,0.735,4.82,-51731000.0,23895000.0,23895000.0,713632000.0,139529000.0,1.369,1.645,780653000.0,7694000.0,772959000.0,780653000.0,0.0,43004000.0,0.0,0.005,0.092,235645000.0,278649000.0,0.2,278649000.0,235645000.0,207560000.0,0.89,0.88,0.89,754318000.0,684351250.0,754318000.0,3920856191.0,17.0,14.071,142453000.0,0.91,1.0,679756000.0,0.488,1104338000.0,28085000.0,1274393000.0,1228844500.0,219786000.0,0.0,0.0,0.0,1240549000.0,374126000.0,866423000.0,3142511191.0,12016000.0,-554652000.0,6569000.0,360441000.0,-14323000.0,362305000.0,-540302000.0,15000000.0,194184000.0,-4171000.0,139529000.0,139529000.0,139529000.0,-3782000.0,0.0,0.1,450344000.0,229412000.0,62122000.0,0.103,4.166,22.522,22.567,294418000.0,0.0,20.085,2.255,2.256,208355000.0,692308000.0,1393388000.0,1393388000.0,0.0,0.074,0.204,0.192,0.169,1519000.0,453550000.0,1.0,156460602.0,156494000,160254000.0,8.904,891761000.0,0.0,68031000.0,133197000.0,5.698,137953000.0
76,XRAY,MRT,2002-06-30,2002-06-30,2002-06-30,2021-08-05,-22999000.0,1970753000.0,1701095000.0,522163000.0,1448590000.0,0.753,4.697,-44285000.0,17686000.0,17686000.0,647643000.0,129682000.0,1.448,1.683,796031000.0,9852000.0,786179000.0,796031000.0,0.0,47534000.0,0.0,0.005,0.092,219866000.0,267400000.0,0.209,267400000.0,219866000.0,193720000.0,0.825,0.82,0.825,734319000.0,644152000.0,734319000.0,3601821336.0,16.0,13.47,149632000.0,0.957,1.0,633209000.0,0.494,1075679000.0,26146000.0,1312744000.0,1094269250.0,222911000.0,0.0,0.0,0.0,1235861000.0,360675000.0,875186000.0,2884865336.0,726000.0,-575633000.0,5343000.0,384986000.0,-14287000.0,387424000.0,-554860000.0,15000000.0,193917000.0,-25755000.0,129682000.0,129682000.0,129682000.0,-3782000.0,0.0,0.101,420543000.0,212666000.0,65292000.0,0.112,3.929,22.246,22.37,286730000.0,0.0,18.455,2.252,2.252,221316000.0,660142000.0,1280852000.0,1280852000.0,0.0,0.076,0.201,0.201,0.172,1519000.0,422971000.0,1.0,156318902.0,156326000,160152000.0,8.193,895074000.0,0.0,64038000.0,118709000.0,5.726,161488000.0
77,XRAY,MRT,2002-03-31,2002-03-31,2002-03-31,2021-08-05,-81355000.0,1816305000.0,1499112500.0,490081000.0,1326224000.0,0.77,4.101,-48415000.0,19837000.0,19837000.0,572078000.0,120266000.0,1.469,1.841,736793000.0,10664000.0,726129000.0,736793000.0,0.0,49189000.0,0.0,0.005,0.092,201935000.0,251124000.0,0.218,251124000.0,201935000.0,179104000.0,0.765,0.765,0.765,639249000.0,601241000.0,639249000.0,3585329414.0,18.0,14.277,127794000.0,0.82,1.0,582396000.0,0.504,996390000.0,22831000.0,1203319000.0,948122000.0,204173000.0,0.0,0.0,0.0,1176593000.0,333552000.0,843041000.0,2887881414.0,4499000.0,-648917000.0,0.0,479598000.0,-14249000.0,482582000.0,-643818000.0,0.0,176209000.0,-10474000.0,120266000.0,120266000.0,120266000.0,-3782000.0,0.0,0.104,390195000.0,192201000.0,62593000.0,0.12,4.518,24.012,24.222,266332000.0,0.0,18.53,2.501,2.502,205958000.0,626920000.0,1154474000.0,1154474000.0,0.0,0.08,0.2,0.213,0.175,1519000.0,392579000.0,1.0,155848970.0,155894000,159242000.0,7.406,819915000.0,0.0,58838000.0,129604000.0,5.259,156529000.0
78,XRAY,MRT,2001-12-31,2001-12-31,2001-12-31,2021-08-05,-77388000.0,1798151000.0,1313988000.0,484243000.0,1313908000.0,0.795,3.924,-46884000.0,33710000.0,33710000.0,502437000.0,121496000.0,1.351,1.949,731158000.0,7634000.0,723524000.0,731158000.0,0.0,51512000.0,0.0,0.005,0.092,202662000.0,254174000.0,0.243,254174000.0,202662000.0,183304000.0,0.78,0.77,0.78,609519000.0,575554000.0,609519000.0,2937663844.0,14.0,11.558,164184000.0,1.057,1.0,542838000.0,0.519,1012160000.0,19358000.0,1124922000.0,808751250.0,197454000.0,0.0,0.0,0.0,1188195000.0,358517000.0,829678000.0,2605340844.0,18277000.0,-812523000.0,-875000.0,623500000.0,-14228000.0,624900000.0,-814686000.0,0.0,211068000.0,-3005000.0,121496000.0,121496000.0,121496000.0,-3782000.0,0.0,0.116,372629000.0,170209000.0,69904000.0,0.118,4.274,21.444,21.453,240890000.0,0.0,16.733,2.492,2.487,191534000.0,597414000.0,1045275000.0,1045275000.0,0.0,0.092,0.211,0.251,0.194,1519000.0,367556000.0,1.0,155697660.0,155342000,157950000.0,6.729,785991000.0,0.0,61808000.0,119148000.0,5.06,125726000.0
79,XRAY,MRT,2001-09-30,2001-09-30,2001-09-30,2021-08-05,-61362000.0,1219171000.0,1081104000.0,363739000.0,855432000.0,0.823,3.817,-42836000.0,11879000.0,11879000.0,427025000.0,101016000.0,1.74,1.05,344202000.0,1049000.0,343153000.0,344202000.0,0.0,49853000.0,0.0,0.006,0.092,159455000.0,209308000.0,0.235,209308000.0,159455000.0,151796000.0,0.647,0.648,0.647,593521000.0,553266750.0,593521000.0,2705221625.0,17.0,12.925,108401000.0,0.697,1.0,462771000.0,0.52,606337000.0,7659000.0,736092000.0,639667000.0,163853000.0,0.0,0.0,0.0,623390000.0,209065000.0,414325000.0,2380585625.0,-423000.0,-310782000.0,-2600000.0,211470000.0,-13884000.0,204426000.0,-350516000.0,0.0,151237000.0,-5570000.0,101016000.0,101016000.0,101016000.0,0.0,0.0,0.114,301349000.0,161422000.0,47515000.0,0.142,4.011,23.566,23.668,195217000.0,0.0,15.313,2.675,2.676,146568000.0,567136000.0,889796000.0,889796000.0,0.0,0.093,0.183,0.249,0.179,1520000.0,301405000.0,1.0,155458356.0,155502000,158300000.0,5.722,612834000.0,0.0,50780000.0,69599000.0,3.941,154674000.0
80,XRAY,MRT,2001-06-30,2001-06-30,2001-06-30,2021-08-05,-67519000.0,1162823000.0,987457750.0,349955000.0,812868000.0,0.864,3.624,-39076000.0,16960000.0,16960000.0,410348000.0,98432000.0,1.904,1.059,341596000.0,1480000.0,340116000.0,341596000.0,0.0,46145000.0,0.0,0.006,0.09,153835000.0,199980000.0,0.234,199980000.0,153835000.0,148510000.0,0.632,0.633,0.632,562675000.0,525557000.0,562675000.0,2553565083.0,17.0,12.769,113444000.0,0.731,1.0,442646000.0,0.519,575526000.0,5325000.0,728155000.0,566303750.0,154672000.0,0.0,0.0,0.0,595793000.0,183778000.0,412015000.0,2295277083.0,5926000.0,-302587000.0,-14467000.0,196782000.0,-13564000.0,178965000.0,-341136000.0,0.0,152520000.0,15577000.0,98432000.0,98432000.0,98432000.0,0.0,0.0,0.115,287497000.0,155149000.0,45063000.0,0.142,4.079,23.318,23.391,185515000.0,0.0,14.783,2.691,2.691,136452000.0,544783000.0,852994000.0,852994000.0,0.0,0.1,0.187,0.272,0.18,1520000.0,287553000.0,1.0,155261133.0,155244000,157856000.0,5.495,587297000.0,0.0,50078000.0,61272000.0,3.783,166177000.0
81,XRAY,MRT,2001-03-31,2001-03-31,2001-03-31,2021-08-05,-66150000.0,1075807000.0,909503750.0,338935000.0,736872000.0,0.905,3.463,-29476000.0,15338000.0,15338000.0,395797000.0,95655000.0,1.828,0.997,273626000.0,1296000.0,272330000.0,273626000.0,0.0,43318000.0,0.0,0.007,0.087,148385000.0,191703000.0,0.233,191703000.0,148385000.0,144677000.0,0.613,0.615,0.613,536501000.0,505100250.0,536501000.0,1980768076.0,13.0,10.332,122261000.0,0.789,1.0,427350000.0,0.519,502838000.0,3708000.0,645836000.0,500917750.0,143003000.0,0.0,0.0,0.0,534870000.0,185421000.0,349449000.0,1885907076.0,3898000.0,-216159000.0,-20994000.0,118619000.0,-13257000.0,93486000.0,-248222000.0,0.0,151737000.0,6897000.0,95655000.0,95655000.0,95655000.0,0.0,0.0,0.116,376890000.0,50460000.0,47332000.0,0.142,3.515,19.716,19.848,185337000.0,0.0,12.167,2.291,2.29,136358000.0,520940000.0,823147000.0,823147000.0,0.0,0.105,0.189,0.296,0.18,1520000.0,376946000.0,1.0,155006061.0,154926000,156982000.0,5.313,572969000.0,0.0,49022000.0,71333000.0,3.698,153514000.0
82,XRAY,MRT,2000-12-31,2000-12-31,2000-12-31,2021-08-05,-49296000.0,866615000.0,851441500.0,325454000.0,541161000.0,1.045,3.345,-28210000.0,15433000.0,15433000.0,427025000.0,101016000.0,1.936,0.657,110294000.0,794000.0,109500000.0,110294000.0,0.0,41359000.0,0.0,0.007,0.085,159455000.0,200814000.0,0.226,200814000.0,159455000.0,151796000.0,0.65,0.645,0.65,520370000.0,487112750.0,520370000.0,2133279408.0,13.0,10.623,117412000.0,0.755,1.0,462771000.0,0.52,344753000.0,7659000.0,448585000.0,456504500.0,133304000.0,0.0,0.0,0.0,341684000.0,168138000.0,173546000.0,2015232408.0,4015000.0,-14995000.0,-40092000.0,-53438000.0,-13004000.0,-99109000.0,-44628000.0,0.0,145622000.0,2130000.0,101016000.0,101016000.0,101016000.0,0.0,0.0,0.114,301349000.0,161422000.0,45764000.0,0.131,3.873,19.95,20.067,181341000.0,0.0,13.043,2.265,2.28,133643000.0,490167000.0,889796000.0,889796000.0,0.0,0.119,0.207,0.349,0.179,1520000.0,301405000.0,1.0,154502868.0,155570000,157120000.0,5.72,521862000.0,0.0,50780000.0,50342000.0,3.355,157316000.0
83,XRAY,MRT,2000-09-30,2000-09-30,2000-09-30,2021-08-05,-57900000.0,844586000.0,850720250.0,311506000.0,533080000.0,1.037,3.114,-31236000.0,8160000.0,8160000.0,426993000.0,98614000.0,1.721,0.74,126207000.0,13301000.0,112906000.0,126207000.0,0.0,43513000.0,0.0,0.007,0.083,160775000.0,204288000.0,0.231,204288000.0,160775000.0,149253000.0,0.63,0.625,0.63,482682000.0,474238250.0,482682000.0,1941866398.0,12.0,9.506,132351000.0,0.854,1.0,455623000.0,0.516,339040000.0,11522000.0,442639000.0,466357250.0,138459000.0,0.0,0.0,0.0,357271000.0,180954000.0,176317000.0,1806955398.0,1093000.0,-12476000.0,-42257000.0,-64686000.0,-12757000.0,-116271000.0,-49192000.0,0.0,163587000.0,2969000.0,98614000.0,98614000.0,98614000.0,0.0,0.0,0.112,396840000.0,58783000.0,38015000.0,0.132,3.744,18.324,18.487,171921000.0,0.0,11.647,2.047,2.045,126729000.0,462853000.0,882616000.0,882616000.0,0.0,0.116,0.208,0.345,0.182,1519000.0,396840000.0,1.0,155147859.0,154995000,156966000.0,5.694,505546000.0,0.0,50639000.0,58268000.0,3.262,130552000.0
84,XRAY,MRT,2000-06-30,2000-06-30,2000-06-30,2021-08-05,-48294000.0,851007000.0,860116750.0,318970000.0,532037000.0,1.011,3.088,-31082000.0,6892000.0,6892000.0,419796000.0,95965000.0,1.766,0.765,141803000.0,20569000.0,121234000.0,141803000.0,0.0,42908000.0,0.0,0.008,0.081,158786000.0,201694000.0,0.232,201694000.0,158786000.0,146216000.0,0.61,0.605,0.61,480848000.0,467496000.0,480848000.0,1744029829.0,11.0,8.647,118524000.0,0.761,1.0,449673000.0,0.517,338714000.0,12570000.0,466611000.0,486481500.0,139217000.0,0.0,0.0,0.0,367736000.0,180593000.0,187143000.0,1599002829.0,-1585000.0,2155000.0,-30390000.0,-78502000.0,-12488000.0,-119487000.0,-33067000.0,0.0,149606000.0,1363000.0,95965000.0,95965000.0,95965000.0,0.0,0.0,0.11,394373000.0,55300000.0,38956000.0,0.133,3.325,16.662,16.836,177911000.0,0.0,10.27,1.839,1.84,131482000.0,442740000.0,869469000.0,869469000.0,0.0,0.112,0.205,0.326,0.183,1519000.0,394373000.0,1.0,155696478.0,155736000,157134000.0,5.583,512293000.0,0.0,50251000.0,58199000.0,3.289,138377000.0
85,XRAY,MRT,2000-03-31,2000-03-31,2000-03-31,2021-08-05,-47483000.0,843558000.0,867682500.0,307569000.0,535989000.0,0.984,2.96,-31911000.0,7298000.0,7298000.0,413148000.0,92528000.0,1.741,0.811,152325000.0,18163000.0,134162000.0,152325000.0,0.0,39751000.0,0.0,0.008,0.079,155899000.0,195650000.0,0.229,195650000.0,155899000.0,141713000.0,0.587,0.582,0.587,464551000.0,455576750.0,464551000.0,1638388355.0,11.0,8.374,117858000.0,0.751,1.0,440658000.0,0.516,343700000.0,14186000.0,468183000.0,503512500.0,136497000.0,0.0,0.0,0.0,376581000.0,176702000.0,199879000.0,1480197355.0,549000.0,-4119000.0,-23863000.0,-78924000.0,-9242000.0,-109137000.0,-39814000.0,0.0,149769000.0,-269000.0,92528000.0,92528000.0,92528000.0,0.0,0.0,0.108,288609000.0,152049000.0,37203000.0,0.135,3.186,15.997,16.116,177461000.0,0.0,9.46,1.734,1.739,124899000.0,421349000.0,853806000.0,853806000.0,0.0,0.107,0.203,0.31,0.183,1519000.0,288609000.0,1.0,156469065.0,156945000,157608000.0,5.44,499858000.0,0.0,49185000.0,62036000.0,3.185,130867000.0
86,XRAY,MRT,1999-12-31,1999-12-31,1999-12-31,2021-08-05,-43209000.0,863730000.0,875749000.0,318810000.0,544920000.0,0.955,2.963,-31561000.0,11418000.0,11418000.0,404627000.0,89863000.0,1.768,0.837,165467000.0,20155000.0,145312000.0,165467000.0,0.0,39624000.0,0.0,0.01,0.077,153777000.0,193401000.0,0.231,193401000.0,153777000.0,138019000.0,0.57,0.565,0.57,468872000.0,443324750.0,468872000.0,1432441485.0,9.0,7.407,94316000.0,0.596,1.0,431811000.0,0.516,349421000.0,15758000.0,487996000.0,520537000.0,135480000.0,0.0,0.0,0.0,392359000.0,180362000.0,211997000.0,1247653485.0,945000.0,-673000.0,-3890000.0,-73630000.0,-11859000.0,-85204000.0,-35490000.0,0.0,125877000.0,-4238000.0,89863000.0,89863000.0,89863000.0,0.0,0.0,0.107,282194000.0,149617000.0,44609000.0,0.135,2.661,13.884,13.819,180536000.0,0.0,7.877,1.492,1.49,127911000.0,402408000.0,836438000.0,836438000.0,0.0,0.103,0.203,0.295,0.184,1519000.0,282194000.0,1.0,158398665.0,158262000,158734000.0,5.285,514309000.0,0.0,48156000.0,54916000.0,3.25,138448000.0
87,XRAY,MRT,1999-09-30,1999-09-30,1999-09-30,2021-08-05,-34233000.0,882172000.0,883647000.0,324996000.0,557176000.0,0.945,2.873,-26008000.0,9426000.0,9426000.0,403535000.0,59020000.0,1.726,0.93,194214000.0,23810000.0,170404000.0,194214000.0,0.0,37896000.0,0.0,0.01,0.075,107312000.0,145208000.0,0.174,145208000.0,107312000.0,90611000.0,0.373,0.373,0.373,455713000.0,429557000.0,455713000.0,1413479626.0,13.0,9.734,94320000.0,0.595,1.0,431360000.0,0.517,355525000.0,16701000.0,523136000.0,543524000.0,141705000.0,0.0,0.0,0.0,423930000.0,188299000.0,235631000.0,1203123626.0,-681000.0,-57563000.0,0.0,-21710000.0,-11576000.0,-29423000.0,-87435000.0,0.0,120328000.0,-4151000.0,59020000.0,59020000.0,59020000.0,0.0,0.0,0.071,325971000.0,105389000.0,34816000.0,0.201,2.64,20.385,20.331,180798000.0,0.0,7.583,1.441,1.441,132085000.0,377245000.0,834895000.0,834895000.0,0.0,0.067,0.137,0.197,0.129,1520000.0,283471000.0,1.0,158653665.0,158619000,159105000.0,5.264,526647000.0,0.0,31591000.0,60203000.0,3.32,136697000.0
88,XRAY,MRT,1999-06-30,1999-06-30,1999-06-30,2021-08-05,-38061000.0,881270000.0,885479250.0,326363000.0,554907000.0,0.935,2.737,-28934000.0,10836000.0,10836000.0,400177000.0,55961000.0,1.657,1.028,221192000.0,35132000.0,186060000.0,221192000.0,0.0,37501000.0,0.0,0.008,0.073,103483000.0,140984000.0,0.17,140984000.0,103483000.0,86011000.0,0.353,0.353,0.353,433171000.0,421152250.0,433171000.0,1747560344.0,17.0,12.395,87005000.0,0.55,1.0,428161000.0,0.517,359925000.0,17472000.0,534735000.0,539815000.0,137430000.0,0.0,0.0,0.0,445319000.0,196966000.0,248353000.0,1524099344.0,4219000.0,-58561000.0,-10839000.0,6190000.0,-11317000.0,-12345000.0,-92225000.0,0.0,115939000.0,-7150000.0,55961000.0,55961000.0,55961000.0,0.0,0.0,0.068,325477000.0,102684000.0,35701000.0,0.207,3.518,27.235,27.271,174831000.0,0.0,9.627,1.84,1.839,134562000.0,359533000.0,828338000.0,828338000.0,0.0,0.063,0.133,0.192,0.125,1520000.0,282977000.0,1.0,158320569.0,158274000,158841000.0,5.234,521345000.0,0.0,30050000.0,57800000.0,3.294,129397000.0
89,XRAY,MRT,1999-03-31,1999-03-31,1999-03-31,2021-08-05,-31394000.0,875824000.0,882477750.0,322886000.0,552938000.0,0.925,2.635,-29940000.0,9108000.0,9108000.0,393743000.0,35355000.0,1.641,1.1,232569000.0,34998000.0,197571000.0,232569000.0,0.0,38987000.0,0.0,0.009,0.072,72210000.0,111197000.0,0.136,111197000.0,72210000.0,55236000.0,0.223,0.223,0.223,415543000.0,414836250.0,415543000.0,1447233708.0,20.0,13.015,81132000.0,0.514,1.0,422596000.0,0.518,366246000.0,16974000.0,536281000.0,529420250.0,140639000.0,0.0,0.0,0.0,457239000.0,196758000.0,260481000.0,1222162708.0,3843000.0,-86028000.0,-42049000.0,75407000.0,-16866000.0,21038000.0,-120688000.0,0.0,111072000.0,-7579000.0,35355000.0,35355000.0,35355000.0,0.0,0.0,0.043,349987000.0,72609000.0,36176000.0,0.323,2.941,34.568,34.753,167096000.0,0.0,7.75,1.497,1.497,133218000.0,341315000.0,816339000.0,816339000.0,0.0,0.04,0.085,0.136,0.088,1520000.0,278487000.0,1.0,157698414.0,157698000,158274000.0,5.177,509578000.0,0.0,19881000.0,59308000.0,3.231,126128000.0
90,XRAY,MRT,1998-12-31,1998-12-31,1998-12-31,2021-08-05,-14730000.0,895322000.0,864318500.0,322452000.0,572870000.0,0.926,2.586,-30316000.0,8690000.0,8690000.0,384152000.0,34825000.0,1.659,1.157,233761000.0,16270000.0,217491000.0,233761000.0,0.0,37474000.0,0.0,0.01,0.087,70468000.0,107942000.0,0.135,107942000.0,70468000.0,55101000.0,0.217,0.217,0.217,413801000.0,421095000.0,413801000.0,1550658129.0,22.0,14.366,66007000.0,0.413,1.0,416304000.0,0.52,346073000.0,15367000.0,579944000.0,502029750.0,139235000.0,0.0,0.0,0.0,478783000.0,194376000.0,284407000.0,1351760129.0,-1003000.0,-106835000.0,-42049000.0,98151000.0,-10954000.0,48963000.0,-142398000.0,0.0,96323000.0,-3891000.0,34825000.0,34825000.0,34825000.0,0.0,0.0,0.044,346452000.0,69852000.0,42654000.0,0.401,3.267,38.816,39.555,158998000.0,0.0,8.583,1.689,1.716,134218000.0,324745000.0,800456000.0,800456000.0,0.0,0.04,0.083,0.14,0.088,1520000.0,274952000.0,1.0,157486617.0,159990000,160791000.0,5.003,549249000.0,0.0,20276000.0,54828000.0,3.433,128076000.0
91,XRAY,MRT,1998-09-30,1998-09-30,1998-09-30,2021-08-05,-11049000.0,889501000.0,834082000.0,329293000.0,560208000.0,0.926,2.666,-28311000.0,10262000.0,10262000.0,367845000.0,60739000.0,1.652,1.08,209160000.0,30591000.0,178569000.0,209160000.0,0.0,36050000.0,0.0,0.011,0.085,112086000.0,148136000.0,0.192,148136000.0,112086000.0,97597000.0,0.373,0.373,0.373,422094000.0,423628000.0,422094000.0,1386294483.0,12.0,9.358,54221000.0,0.342,1.0,404402000.0,0.524,380766000.0,14489000.0,508300000.0,453989750.0,159662000.0,0.0,0.0,0.0,455951000.0,199333000.0,256618000.0,1184115483.0,2427000.0,-51373000.0,-35884000.0,58557000.0,-18500000.0,12132000.0,-86525000.0,0.0,82532000.0,-5712000.0,60739000.0,60739000.0,60739000.0,0.0,0.0,0.079,292586000.0,111816000.0,40091000.0,0.228,2.805,19.495,20.0,159307000.0,0.0,7.46,1.533,1.53,127439000.0,330082000.0,772247000.0,772247000.0,0.0,0.073,0.143,0.247,0.145,0.0,263586000.0,1.0,158728617.0,158340000,158808000.0,4.877,508735000.0,0.0,36858000.0,56177000.0,3.213,129960000.0
92,XRAY,MRT,1998-06-30,1998-06-30,1998-06-30,2021-08-05,-20379000.0,869264000.0,,321453000.0,547811000.0,,2.521,-24678000.0,6772000.0,6772000.0,358833000.0,59368000.0,1.607,1.103,208951000.0,37251000.0,171700000.0,208951000.0,0.0,34714000.0,0.0,0.01,0.085,110392000.0,145106000.0,0.194,145106000.0,110392000.0,97186000.0,0.363,0.363,0.363,407907000.0,,407907000.0,1494960025.0,14.0,10.303,56479000.0,0.349,1.0,389093000.0,0.52,378201000.0,13206000.0,493156000.0,,152557000.0,0.0,0.0,0.0,449788000.0,200086000.0,249702000.0,1355501025.0,-1019000.0,-70140000.0,-25045000.0,55776000.0,-15787000.0,22509000.0,-101961000.0,0.0,81157000.0,-2724000.0,59368000.0,59368000.0,59368000.0,0.0,0.0,0.079,279338000.0,109755000.0,42598000.0,0.234,3.323,22.832,22.957,149026000.0,0.0,8.333,1.812,1.803,128243000.0,315146000.0,747926000.0,747926000.0,0.0,,,,0.148,0.0,250338000.0,1.0,162660123.0,161826000,162834000.0,4.622,491063000.0,0.0,37818000.0,53584000.0,3.035,121367000.0
93,XRAY,MRT,1998-03-31,1998-03-31,1998-03-31,2021-08-05,-20170000.0,803187000.0,,290024000.0,513163000.0,,2.713,-27319000.0,5420000.0,5420000.0,353094000.0,76627000.0,1.712,0.814,144879000.0,25898000.0,118981000.0,144879000.0,0.0,33561000.0,0.0,0.008,0.084,137343000.0,170904000.0,0.234,170904000.0,137343000.0,124468000.0,0.47,0.47,0.47,440578000.0,,440578000.0,1808145625.0,13.0,10.58,59855000.0,0.369,1.0,376013000.0,0.516,346564000.0,12875000.0,426719000.0,,130639000.0,0.0,0.0,0.0,358728000.0,169363000.0,189365000.0,1688483625.0,-1949000.0,-36930000.0,5237000.0,-17051000.0,-10238000.0,-19086000.0,-70779000.0,0.0,87174000.0,742000.0,76627000.0,76627000.0,76627000.0,0.0,0.0,0.105,240060000.0,135953000.0,35927000.0,0.179,3.832,22.035,22.121,147336000.0,0.0,10.397,2.316,2.315,120535000.0,317277000.0,729107000.0,729107000.0,0.0,,,,0.188,0.0,240060000.0,1.0,162406248.0,162372000,163422000.0,4.49,456623000.0,0.0,47841000.0,66011000.0,2.812,120661000.0
94,XRAY,MRT,1997-12-31,1997-12-31,1997-12-31,2021-08-05,-16720000.0,774376000.0,721019000.0,277027000.0,497349000.0,1.0,2.62,-26403000.0,9848000.0,9848000.0,352034000.0,74554000.0,1.636,0.817,129510000.0,24005000.0,105505000.0,129510000.0,0.0,32405000.0,0.0,0.006,0.065,134666000.0,167071000.0,0.232,167071000.0,134666000.0,122006000.0,0.46,0.457,0.46,423933000.0,394761500.0,423933000.0,,,,67885000.0,0.42,1.0,368726000.0,0.512,336905000.0,12660000.0,387784000.0,376124500.0,124748000.0,0.0,0.0,0.0,346455000.0,169349000.0,177106000.0,1651130188.0,4229000.0,-78822000.0,5237000.0,27206000.0,-10238000.0,23724000.0,-111157000.0,0.0,94288000.0,-2626000.0,74554000.0,74554000.0,74554000.0,0.0,0.0,0.103,236270000.0,132456000.0,38942000.0,0.141,3.895,22.147,22.101,147130000.0,0.0,10.167,2.291,2.282,114366000.0,301058000.0,720760000.0,720760000.0,0.0,0.103,0.189,0.358,0.187,0.0,236270000.0,1.0,162406248.0,161811000,162687000.0,4.454,437471000.0,0.0,47452000.0,62486000.0,2.704,107678000.0
95,XRAY,MRT,1997-09-30,1997-09-30,1997-09-30,2021-08-05,,,,,,,,,,,,,,,,,,,,,,0.007,0.063,,,,,,,,,,,,,,,,,,1.0,,,,,,,,,,,,,,,,,,,,,,,,,,,,,,,,,,,,,,,,9.333,,,,,,,,,,,,,,1.0,,161937000,,,,,,,,
96,XRAY,MRT,1997-06-30,1997-06-30,1997-06-30,2021-08-05,,,,,,,,,,,,,,,,,,,,,,0.007,0.06,,,,,,,,,,,,,,,,,,1.0,,,,,,,,,,,,,,,,,,,,,,,,,,,,,,,,,,,,,,,,8.167,,,,,,,,,,,,,,1.0,,161670000,,,,,,,,
97,XRAY,MRT,1997-03-31,1997-03-31,1997-03-31,2021-08-05,,,,,,,,,,,,,,,,,,,,,,0.007,0.058,,,,,,,,,,,,,,,,,,1.0,,,,,,,,,,,,,,,,,,,,,,,,,,,,,,,,,,,,,,,,8.333,,,,,,,,,,,,,,1.0,,161541000,,,,,,,,
98,XRAY,MRT,1996-12-31,1996-12-31,1996-12-31,2021-08-05,-4278000.0,667662000.0,,256746000.0,410916000.0,,2.263,-20453000.0,5619000.0,5619000.0,331887000.0,67222000.0,1.793,0.815,101820000.0,26711000.0,75109000.0,101820000.0,0.0,28108000.0,0.0,0.007,0.057,122055000.0,150163000.0,0.229,150163000.0,122055000.0,110960000.0,0.417,0.417,0.417,365590000.0,,365590000.0,,,,62736000.0,0.388,1.0,324670000.0,0.495,256199000.0,11095000.0,364465000.0,,125398000.0,0.0,0.0,0.0,297775000.0,143199000.0,154576000.0,,1645000.0,-74681000.0,-2369000.0,29034000.0,-8893000.0,19292000.0,-98748000.0,0.0,83189000.0,-2088000.0,67222000.0,67222000.0,67222000.0,0.0,0.0,0.102,205206000.0,119464000.0,33720000.0,0.137,,,18.985,141458000.0,0.0,7.917,,1.948,101977000.0,237300000.0,656557000.0,656557000.0,0.0,,,,0.186,0.0,205206000.0,1.0,,161520000,161982000.0,4.065,411463000.0,0.0,43738000.0,60264000.0,2.547,113547000.0
99,XRAY,MRT,1995-12-31,1995-12-31,1995-12-31,2021-08-05,,,,,,,,-15190000.0,,,291176000.0,53963000.0,,,,,,,,21488000.0,,0.008,0.051,99161000.0,120649000.0,0.211,120649000.0,99161000.0,90017000.0,0.333,0.33,0.333,,,,,,,52326000.0,0.323,1.0,280852000.0,0.491,,9144000.0,,,,,,,,,,,,-70147000.0,,,,,-85909000.0,0.0,67516000.0,,53963000.0,53963000.0,53963000.0,0.0,0.0,0.094,180117000.0,100735000.0,,0.153,,,20.02,,0.0,6.667,,1.889,,,572028000.0,572028000.0,0.0,,,,0.173,0.0,180117000.0,1.0,,162072000,162765000.0,3.529,,,36054000.0,,,
