None,ticker,dimension,calendardate,datekey,reportperiod,lastupdated,accoci,assets,assetsavg,assetsc,assetsnc,assetturnover,bvps,capex,cashneq,cashnequsd,cor,consolinc,currentratio,de,debt,debtc,debtnc,debtusd,deferredrev,depamor,deposits,divyield,dps,ebit,ebitda,ebitdamargin,ebitdausd,ebitusd,ebt,eps,epsdil,epsusd,equity,equityavg,equityusd,ev,evebit,evebitda,fcf,fcfps,fxusd,gp,grossmargin,intangibles,intexp,invcap,invcapavg,inventory,investments,investmentsc,investmentsnc,liabilities,liabilitiesc,liabilitiesnc,marketcap,ncf,ncfbus,ncfcommon,ncfdebt,ncfdiv,ncff,ncfi,ncfinv,ncfo,ncfx,netinc,netinccmn,netinccmnusd,netincdis,netincnci,netmargin,opex,opinc,payables,payoutratio,pb,pe,pe1,ppnenet,prefdivis,price,ps,ps1,receivables,retearn,revenue,revenueusd,rnd,roa,roe,roic,ros,sbcomp,sgna,sharefactor,sharesbas,shareswa,shareswadil,sps,tangibles,taxassets,taxexp,taxliabilities,tbvps,workingcapital
0,ALB,MRY,2020-12-31,2020-12-31,2020-12-31,2021-08-04,-326132000.0,10450946000.0,10175205000.0,2206184000.0,8244762000.0,0.308,40.114,-850477000.0,746724000.0,746724000.0,2134056000.0,446615000.0,1.224,1.402,3572058000.0,804677000.0,2767381000.0,3572058000.0,0.0,231984000.0,0.0,0.01,1.54,503305000.0,735289000.0,0.235,735289000.0,503305000.0,430189000.0,3.53,3.52,3.53,4268227000.0,4073896000.0,4268227000.0,18546812111.0,37.0,25.224,-51563000.0,-0.485,1.0,994853000.0,0.318,2014625000.0,73116000.0,9459806000.0,9498924500.0,750237000.0,656244000.0,0.0,656244000.0,5982352000.0,1801849000.0,4180503000.0,15704565111.0,133614000.0,-11572000.0,40437000.0,339798000.0,-161818000.0,177261000.0,-863573000.0,-1524000.0,798914000.0,21012000.0,375764000.0,375764000.0,375764000.0,0.0,70851000.0,0.12,489041000.0,505812000.0,483221000.0,0.436,3.679,41.794,41.79,5354625000.0,0.0,147.52,5.019,5.017,592796000.0,3155252000.0,3128909000.0,3128909000.0,59214000.0,0.037,0.092,0.053,0.161,22837000.0,429827000.0,1.0,106457193.0,106402000,106808000.0,29.406,8436321000.0,0.0,54425000.0,427103000.0,79.287,404335000.0
1,ALB,MRY,2019-12-31,2019-12-31,2019-12-31,2021-08-04,-395735000.0,9860863000.0,8491985500.0,2225109000.0,7635754000.0,0.423,37.115,-841440000.0,613110000.0,613110000.0,2331649000.0,604357000.0,1.579,1.467,3050257000.0,187336000.0,2862921000.0,3050257000.0,0.0,213484000.0,0.0,0.02,1.47,679084000.0,892568000.0,0.249,892568000.0,679084000.0,621389000.0,5.03,5.02,5.03,3932250000.0,3810471000.0,3932250000.0,9373379730.0,14.0,10.502,-122066000.0,-1.152,1.0,1257778000.0,0.35,1933407000.0,57695000.0,8955607000.0,6925885250.0,768984000.0,579813000.0,0.0,579813000.0,5767283000.0,1408996000.0,4358287000.0,7744652730.0,57790000.0,-820000000.0,4814000.0,1296228000.0,-152204000.0,1042687000.0,-1663625000.0,-2185000.0,719374000.0,-40646000.0,533228000.0,533228000.0,533228000.0,0.0,71129000.0,0.149,591655000.0,666123000.0,574138000.0,0.292,1.97,14.524,14.521,4909473000.0,0.0,73.04,2.158,2.156,680202000.0,2943478000.0,3589427000.0,3589427000.0,58287000.0,0.063,0.14,0.098,0.189,19680000.0,533368000.0,1.0,106033033.0,105949000,106321000.0,33.879,7927456000.0,0.0,88161000.0,430319000.0,74.823,816113000.0
2,ALB,MRY,2018-12-31,2018-12-31,2018-12-31,2021-08-04,-350682000.0,7581674000.0,7540893000.0,1998421000.0,5583253000.0,0.448,33.067,-699991000.0,555320000.0,555320000.0,2157694000.0,739139000.0,1.689,1.066,1705210000.0,307294000.0,1397916000.0,1705210000.0,0.0,200698000.0,0.0,0.017,1.34,890793000.0,1091491000.0,0.323,1091491000.0,890793000.0,838388000.0,6.4,6.34,6.4,3585321000.0,3652012750.0,3585321000.0,9241854557.0,10.0,8.467,-153826000.0,-1.419,1.0,1217256000.0,0.361,1953312000.0,52405000.0,5595079000.0,5408470250.0,700540000.0,528722000.0,0.0,528722000.0,3822566000.0,1183173000.0,2639393000.0,8185287557.0,-581983000.0,402166000.0,-496367000.0,-113567000.0,-144596000.0,-786526000.0,-303695000.0,-5870000.0,546165000.0,-37927000.0,693562000.0,693562000.0,693562000.0,0.0,45577000.0,0.206,516144000.0,701112000.0,522516000.0,0.209,2.283,11.802,12.042,3021084000.0,0.0,77.07,2.425,2.476,657771000.0,2566050000.0,3374950000.0,3374950000.0,70054000.0,0.092,0.19,0.165,0.264,15228000.0,446090000.0,1.0,106205885.0,108427000,109458000.0,31.126,5628362000.0,0.0,144826000.0,443853000.0,51.909,815248000.0
3,ALB,MRY,2017-12-31,2017-12-31,2017-12-31,2021-08-04,-225668000.0,7750772000.0,7483132250.0,2477563000.0,5273209000.0,0.411,33.13,-317703000.0,1137303000.0,1137303000.0,1965700000.0,99468000.0,2.063,1.07,1837372000.0,422012000.0,1415360000.0,1837372000.0,0.0,196928000.0,0.0,0.01,1.28,602017000.0,798945000.0,0.26,798945000.0,602017000.0,486667000.0,0.49,0.49,0.49,3674549000.0,3742966750.0,3674549000.0,14875478806.0,25.0,18.619,-13724000.0,-0.124,1.0,1106276000.0,0.36,2031858000.0,115350000.0,5218058000.0,5009327250.0,592781000.0,534064000.0,0.0,534064000.0,3933076000.0,1200925000.0,2732151000.0,14131288806.0,-1132453000.0,-36260000.0,-241762000.0,-612458000.0,-140557000.0,-1086868000.0,-357803000.0,-3840000.0,303979000.0,8239000.0,54850000.0,54850000.0,54850000.0,0.0,44618000.0,0.018,534616000.0,571660000.0,418537000.0,2.612,3.846,257.635,261.0,2493310000.0,0.0,127.89,4.6,4.617,572263000.0,2035163000.0,3071976000.0,3071976000.0,84330000.0,0.007,0.015,0.12,0.196,19404000.0,450286000.0,1.0,110495651.0,110914000,112380000.0,27.697,5718914000.0,0.0,431817000.0,425326000.0,51.562,1276638000.0
4,ALB,MRY,2016-12-31,2016-12-31,2016-12-31,2021-08-04,-412412000.0,8161207000.0,9077375000.0,3306618000.0,4854589000.0,0.295,33.77,-196654000.0,2269756000.0,2269756000.0,1706897000.0,680769000.0,2.9,1.112,2369262000.0,247544000.0,2121718000.0,2369262000.0,0.0,226169000.0,0.0,0.014,1.22,805119000.0,1031288000.0,0.385,1031288000.0,805119000.0,739938000.0,5.73,5.68,5.73,3795062000.0,3447751000.0,3795062000.0,12897661829.0,16.0,12.506,538870000.0,4.795,1.0,970306000.0,0.362,1894596000.0,65181000.0,5226014000.0,7851420750.0,450263000.0,457533000.0,0.0,457533000.0,4218603000.0,1140103000.0,3078500000.0,9681928829.0,2056022000.0,3116837000.0,9401000.0,-1416023000.0,-135353000.0,-1580024000.0,2920488000.0,305000.0,735524000.0,-19966000.0,643675000.0,643675000.0,643675000.0,-202131000.0,37094000.0,0.24,491624000.0,478682000.0,281874000.0,0.213,2.551,15.042,15.023,2360140000.0,0.0,86.08,3.616,3.613,528020000.0,2121931000.0,2677203000.0,2677203000.0,80475000.0,0.071,0.187,0.103,0.301,17031000.0,353765000.0,1.0,112475939.0,112379000,113239000.0,23.823,6266611000.0,0.0,96263000.0,667155000.0,55.763,2166515000.0
5,ALB,MRY,2015-12-31,2015-12-31,2015-12-31,2021-08-04,-421288000.0,9597954000.0,9709646500.0,1831002000.0,7766952000.0,0.291,29.271,-227649000.0,213734000.0,213734000.0,1966196000.0,360064000.0,1.133,1.904,3817157000.0,674994000.0,3142163000.0,3817157000.0,0.0,260076000.0,0.0,0.021,1.16,427690000.0,687766000.0,0.243,687766000.0,427690000.0,346040000.0,3.01,3.0,3.01,3254392000.0,3171835250.0,3254392000.0,9893340656.0,23.0,14.385,133161000.0,1.198,1.0,860233000.0,0.304,1844420000.0,81650000.0,9740272000.0,7975665500.0,439513000.0,435584000.0,0.0,435584000.0,6196641000.0,1616685000.0,4579956000.0,6284498656.0,-2276034000.0,-2089451000.0,517000.0,-278276000.0,-119302000.0,-478446000.0,-2160552000.0,98998000.0,360810000.0,2154000.0,334906000.0,334906000.0,334906000.0,-32476000.0,25158000.0,0.118,515122000.0,345111000.0,239572000.0,0.385,1.931,18.765,18.608,2321095000.0,0.0,56.01,2.223,2.203,472901000.0,1615407000.0,2826429000.0,2826429000.0,89187000.0,0.034,0.106,0.054,0.151,15188000.0,300440000.0,1.0,112203154.0,111182000,111556000.0,25.422,7753534000.0,0.0,11134000.0,411808000.0,69.737,214317000.0
6,ALB,MRY,2014-12-31,2014-12-31,2014-12-31,2021-08-04,-62413000.0,5223103000.0,3907457250.0,3348850000.0,1874253000.0,0.626,17.275,-110576000.0,2489768000.0,2489768000.0,1674700000.0,160906000.0,2.938,2.747,2934131000.0,711096000.0,2223035000.0,2934131000.0,0.0,103572000.0,0.0,0.018,1.1,193158000.0,296730000.0,0.121,296730000.0,193158000.0,151800000.0,1.69,1.69,1.69,1359465000.0,1480984500.0,1359465000.0,5104650522.0,26.0,17.203,382033000.0,4.855,1.0,770848000.0,0.315,287387000.0,41358000.0,4240193000.0,3278387500.0,358361000.0,194042000.0,0.0,194042000.0,3734468000.0,1139886000.0,2594582000.0,4705395522.0,2012529000.0,97219000.0,-147287000.0,1876355000.0,-84102000.0,1609329000.0,-46133000.0,-32776000.0,492609000.0,-43276000.0,133316000.0,133316000.0,133316000.0,69531000.0,27590000.0,0.055,499550000.0,271298000.0,231705000.0,0.651,3.461,35.295,35.58,1231868000.0,0.0,60.13,1.924,1.935,434635000.0,1410651000.0,2445548000.0,2445548000.0,88310000.0,0.034,0.09,0.059,0.079,14267000.0,355135000.0,1.0,78253709.0,78696000,79102000.0,31.076,4935716000.0,0.0,18484000.0,66337000.0,62.719,2208964000.0
7,ALB,MRY,2013-12-31,2013-12-31,2013-12-31,2021-08-04,116245000.0,3584797000.0,3460314000.0,1482915000.0,2101882000.0,0.692,19.411,-155346000.0,477239000.0,477239000.0,1543799000.0,439834000.0,3.398,1.132,1078864000.0,24554000.0,1054310000.0,1078864000.0,0.0,107370000.0,0.0,0.015,0.96,579175000.0,686545000.0,0.287,686545000.0,579175000.0,547616000.0,4.93,4.9,4.93,1627361000.0,1561361750.0,1627361000.0,5838358056.0,10.0,8.504,277513000.0,3.31,1.0,850471000.0,0.355,372406000.0,31559000.0,3377653000.0,3255271000.0,436049000.0,212178000.0,0.0,212178000.0,1842021000.0,436363000.0,1405658000.0,5159901056.0,-457000.0,-2565000.0,-576745000.0,379811000.0,-78107000.0,-288046000.0,-157742000.0,169000.0,432859000.0,12472000.0,413171000.0,413171000.0,413171000.0,-4108000.0,26663000.0,0.173,273796000.0,576675000.0,208181000.0,0.195,3.171,12.489,12.858,1357069000.0,0.0,63.39,2.155,2.22,491958000.0,1500358000.0,2394270000.0,2394270000.0,82246000.0,0.119,0.265,0.178,0.242,10164000.0,158189000.0,1.0,81399291.0,83839000,84322000.0,28.558,3212391000.0,0.0,134445000.0,137203000.0,38.316,1046552000.0
8,ALB,MRY,2012-12-31,2012-12-31,2012-12-31,2021-08-04,85264000.0,3437291000.0,3366538000.0,1407313000.0,2029978000.0,0.748,20.559,-280873000.0,477696000.0,477696000.0,1620311000.0,330127000.0,3.655,0.821,699288000.0,12700000.0,686588000.0,699288000.0,0.0,99020000.0,0.0,0.013,0.8,424769000.0,523789000.0,0.208,523789000.0,424769000.0,391969000.0,3.49,3.47,3.49,1833598000.0,1767644750.0,1833598000.0,5855915435.0,14.0,11.18,207893000.0,2.331,1.0,898843000.0,0.357,371430000.0,32800000.0,2902444000.0,2851683000.0,428145000.0,207141000.0,0.0,207141000.0,1505283000.0,385009000.0,1120274000.0,5544823435.0,8280000.0,-18673000.0,-42427000.0,-63811000.0,-69113000.0,-177294000.0,-301161000.0,-1615000.0,488766000.0,-2031000.0,311536000.0,311536000.0,311536000.0,-4281000.0,18591000.0,0.124,499060000.0,399783000.0,172866000.0,0.229,3.024,17.798,17.799,1296571000.0,0.0,62.12,2.201,2.199,422817000.0,1744684000.0,2519154000.0,2519154000.0,78919000.0,0.093,0.176,0.149,0.169,15211000.0,308456000.0,1.0,89259875.0,89189000,89884000.0,28.245,3065861000.0,0.0,80433000.0,67794000.0,34.375,1022304000.0
9,ALB,MRY,2011-12-31,2011-12-31,2011-12-31,2021-08-04,60329000.0,3203824000.0,3226276750.0,1355620000.0,1848204000.0,0.889,17.579,-190574000.0,469416000.0,469416000.0,1914058000.0,420197000.0,3.379,0.958,763673000.0,14416000.0,749257000.0,763673000.0,0.0,96753000.0,0.0,0.013,0.67,533822000.0,630575000.0,0.22,630575000.0,533822000.0,496248000.0,4.33,4.28,4.33,1591277000.0,1625246250.0,1591277000.0,4982002634.0,9.0,7.901,296785000.0,3.279,1.0,954947000.0,0.333,403426000.0,37574000.0,2693477000.0,2740668250.0,431495000.0,198427000.0,0.0,198427000.0,1524997000.0,401178000.0,1123819000.0,4572081634.0,-60234000.0,-13164000.0,-175902000.0,-100176000.0,-57759000.0,-329119000.0,-212936000.0,-9198000.0,487359000.0,-5538000.0,392114000.0,392114000.0,392114000.0,0.0,28083000.0,0.137,437153000.0,517794000.0,184472000.0,0.155,2.873,11.66,11.896,1129480000.0,0.0,51.51,1.594,1.625,391571000.0,1514866000.0,2869005000.0,2869005000.0,77083000.0,0.122,0.241,0.195,0.186,27069000.0,360070000.0,1.0,88761049.0,90522000,91522000.0,31.694,2800398000.0,0.0,104134000.0,89699000.0,30.936,954442000.0
10,ALB,MRY,2010-12-31,2010-12-31,2010-12-31,2021-08-04,-164196000.0,3068081000.0,2873174750.0,1348198000.0,1719883000.0,0.822,15.494,-75478000.0,529650000.0,529650000.0,1620854000.0,329417000.0,3.702,1.124,860910000.0,8983000.0,851927000.0,860910000.0,0.0,95578000.0,0.0,0.01,0.56,429067000.0,524645000.0,0.222,524645000.0,429067000.0,403534000.0,3.46,3.43,3.46,1416074000.0,1299086250.0,1416074000.0,5448887029.0,13.0,10.386,255831000.0,2.799,1.0,741910000.0,0.314,407002000.0,25533000.0,2628162000.0,2536990750.0,389210000.0,180690000.0,0.0,180690000.0,1592335000.0,364177000.0,1228158000.0,5107826029.0,220859000.0,-16027000.0,-7810000.0,48527000.0,-49643000.0,-7938000.0,-92191000.0,-686000.0,331309000.0,-10321000.0,315778000.0,315778000.0,315778000.0,0.0,13639000.0,0.134,339967000.0,401943000.0,175183000.0,0.162,3.607,16.175,16.121,1006313000.0,0.0,55.78,2.162,2.158,374660000.0,1560519000.0,2362764000.0,2362764000.0,58394000.0,0.11,0.243,0.169,0.182,15694000.0,274615000.0,1.0,91570922.0,91393000,92184000.0,25.853,2661079000.0,0.0,87756000.0,133350000.0,29.117,984021000.0
11,ALB,MRY,2009-12-31,2009-12-31,2009-12-31,2021-08-04,-91860000.0,2771557000.0,2724425500.0,1032087000.0,1739470000.0,0.736,13.175,-117226000.0,308791000.0,308791000.0,1521532000.0,189623000.0,2.922,1.259,812713000.0,36310000.0,776403000.0,812713000.0,0.0,100513000.0,0.0,0.014,0.5,195924000.0,296437000.0,0.148,296437000.0,195924000.0,171340000.0,1.95,1.94,1.95,1205696000.0,1131923500.0,1205696000.0,3894786818.0,20.0,13.139,241299000.0,2.637,1.0,483862000.0,0.241,443244000.0,24584000.0,2478971000.0,2574898750.0,347506000.0,146084000.0,0.0,146084000.0,1518239000.0,353264000.0,1164975000.0,3334401818.0,55488000.0,-4017000.0,-1659000.0,-120032000.0,-44432000.0,-180783000.0,-121630000.0,-387000.0,358525000.0,-624000.0,178368000.0,178368000.0,178368000.0,0.0,11255000.0,0.089,297582000.0,186280000.0,170287000.0,0.256,2.766,18.694,18.651,1026883000.0,0.0,36.37,1.663,1.66,329215000.0,1287983000.0,2005394000.0,2005394000.0,60918000.0,0.065,0.158,0.076,0.098,307000.0,212628000.0,1.0,91680006.0,91512000,92046000.0,21.914,2328313000.0,0.0,-7028000.0,83834000.0,25.443,678823000.0
12,ALB,MRY,2008-12-31,2008-12-31,2008-12-31,2021-08-04,-100642000.0,2872717000.0,2984716250.0,1178923000.0,1693794000.0,0.827,11.628,-102292000.0,253303000.0,253303000.0,1859441000.0,213008000.0,2.689,1.648,932264000.0,26202000.0,906062000.0,932264000.0,0.0,111685000.0,0.0,0.022,0.48,225838000.0,337523000.0,0.137,337523000.0,225838000.0,187663000.0,2.12,2.09,2.12,1065771000.0,1219383250.0,1065771000.0,2795475845.0,12.0,8.282,224866000.0,2.453,1.0,607674000.0,0.246,445778000.0,38175000.0,2667533000.0,2836805250.0,538857000.0,121951000.0,0.0,121951000.0,1756234000.0,438367000.0,1317867000.0,2034046845.0,122752000.0,-63960000.0,-165021000.0,207070000.0,-42321000.0,-25032000.0,-163704000.0,2548000.0,327158000.0,-15670000.0,194202000.0,194202000.0,194202000.0,0.0,18806000.0,0.079,386757000.0,220917000.0,224333000.0,0.226,1.909,10.474,10.519,1012348000.0,0.0,22.3,0.824,0.828,327758000.0,1165503000.0,2467115000.0,2467115000.0,67292000.0,0.065,0.159,0.08,0.092,18467000.0,255132000.0,1.0,91212863.0,91657000,92741000.0,26.917,2426939000.0,0.0,-6539000.0,82483000.0,26.478,740556000.0
13,ALB,MRY,2007-12-31,2007-12-31,2007-12-31,2021-08-04,99885000.0,2841018000.0,2710203000.0,1064006000.0,1777012000.0,0.862,13.386,-110392000.0,130551000.0,130551000.0,1713696000.0,247322000.0,2.573,1.222,723938000.0,16627000.0,707311000.0,723938000.0,0.0,106855000.0,0.0,0.01,0.42,323100000.0,429955000.0,0.184,429955000.0,323100000.0,284768000.0,2.41,2.36,2.41,1278305000.0,1172584250.0,1278305000.0,4550194950.0,14.0,10.583,135969000.0,1.424,1.0,622491000.0,0.266,441539000.0,38332000.0,2579381000.0,2507910750.0,472826000.0,128170000.0,0.0,128170000.0,1562713000.0,413485000.0,1149228000.0,3952975950.0,-18948000.0,-17929000.0,-79260000.0,-25557000.0,-40031000.0,-143489000.0,-132930000.0,-4609000.0,246361000.0,11110000.0,229690000.0,229690000.0,229690000.0,0.0,17632000.0,0.098,312604000.0,309887000.0,198817000.0,0.174,3.092,17.21,17.116,1038543000.0,0.0,41.25,1.692,1.686,425362000.0,1023022000.0,2336187000.0,2336187000.0,62691000.0,0.085,0.196,0.129,0.138,18110000.0,244969000.0,1.0,95829720.0,95496000,97396000.0,24.464,2399479000.0,0.0,55078000.0,141588000.0,25.126,650521000.0
14,ALB,MRY,2006-12-31,2006-12-31,2006-12-31,2021-08-04,-10058000.0,2530368000.0,2591866500.0,960854000.0,1569514000.0,0.914,10.865,-114574000.0,149499000.0,149499000.0,1817692000.0,142969000.0,1.99,1.461,732590000.0,50731000.0,681859000.0,732590000.0,0.0,112950000.0,0.0,0.01,0.345,189125000.0,302075000.0,0.128,302075000.0,189125000.0,145161000.0,1.51,1.47,1.51,1028098000.0,1014987750.0,1028098000.0,4104754132.0,22.0,13.589,261720000.0,2.766,1.0,550814000.0,0.233,403051000.0,43964000.0,2227459000.0,2447361250.0,378302000.0,111633000.0,0.0,111633000.0,1502270000.0,482949000.0,1019321000.0,3409338132.0,90929000.0,-25970000.0,-10442000.0,-104970000.0,-31582000.0,-143525000.0,-145120000.0,-4576000.0,376294000.0,3280000.0,142969000.0,142969000.0,142969000.0,0.0,0.0,0.06,373330000.0,177484000.0,202488000.0,0.228,3.316,23.847,23.775,980575000.0,0.0,35.9,1.439,1.434,400053000.0,838162000.0,2368506000.0,2368506000.0,46299000.0,0.055,0.141,0.077,0.08,15838000.0,237856000.0,1.0,94967636.0,94624000,97136000.0,25.031,2127317000.0,33000000.0,2192000.0,162643000.0,22.482,477905000.0
15,ALB,MRY,2005-12-31,2005-12-31,2005-12-31,2021-08-04,12047000.0,2555618000.0,2536711000.0,873663000.0,1681955000.0,0.831,10.036,-70080000.0,58570000.0,58570000.0,1684101000.0,114867000.0,2.071,1.747,833453000.0,57564000.0,775889000.0,833453000.0,0.0,117435000.0,0.0,0.016,0.31,184431000.0,301866000.0,0.143,301866000.0,184431000.0,142460000.0,1.24,1.2,1.24,930275000.0,900414750.0,930275000.0,2619968707.0,14.0,8.679,98782000.0,1.066,1.0,423398000.0,0.201,394470000.0,41971000.0,2514114000.0,2509874750.0,411023000.0,92933000.0,0.0,92933000.0,1625343000.0,421917000.0,1203426000.0,1787911707.0,12180000.0,-7473000.0,154208000.0,-191480000.0,-26447000.0,-69229000.0,-78027000.0,-474000.0,168862000.0,-9426000.0,114867000.0,114867000.0,114867000.0,0.0,0.0,0.055,259502000.0,163896000.0,222142000.0,0.25,1.922,15.565,15.464,966817000.0,0.0,19.175,0.848,0.843,387463000.0,727874000.0,2107499000.0,2107499000.0,41675000.0,0.045,0.128,0.073,0.088,9012000.0,219725000.0,1.0,93241810.0,92696000,95495000.0,22.736,2161148000.0,16607000.0,27593000.0,218938000.0,23.314,451746000.0
16,ALB,MRY,2004-12-31,2004-12-31,2004-12-31,2021-08-04,46203000.0,2442745000.0,1909532250.0,747410000.0,1695335000.0,0.793,8.557,-57652000.0,46390000.0,46390000.0,1214788000.0,54839000.0,2.0,2.434,944631000.0,45047000.0,899584000.0,944631000.0,0.0,97268000.0,0.0,0.015,0.292,89194000.0,186462000.0,0.123,186462000.0,89194000.0,71844000.0,0.66,0.64,0.66,711375000.0,667594000.0,711375000.0,2505126645.0,28.0,13.435,133903000.0,1.611,1.0,298949000.0,0.197,404128000.0,17350000.0,2563112000.0,1770473000.0,338757000.0,170957000.0,0.0,170957000.0,1731370000.0,373746000.0,1357624000.0,1612677645.0,11217000.0,-808737000.0,11080000.0,707759000.0,-25275000.0,686332000.0,-868628000.0,-2239000.0,191555000.0,1958000.0,54839000.0,54839000.0,54839000.0,0.0,0.0,0.036,209061000.0,89888000.0,206984000.0,0.442,2.267,29.407,29.326,895984000.0,0.0,19.355,1.065,1.063,341551000.0,641914000.0,1513737000.0,1513737000.0,31273000.0,0.029,0.082,0.05,0.059,7981000.0,157737000.0,1.0,83320984.0,83134000,85054000.0,18.208,2038617000.0,20712000.0,17005000.0,282418000.0,24.522,373664000.0
17,ALB,MRY,2003-12-31,2003-12-31,2003-12-31,2021-08-04,23643000.0,1387291000.0,1297124250.0,481369000.0,905922000.0,0.856,7.711,-41058000.0,35173000.0,35173000.0,871727000.0,71945000.0,2.291,1.181,228579000.0,190000.0,228389000.0,228579000.0,0.0,84014000.0,0.0,0.019,0.283,91211000.0,175225000.0,0.158,175225000.0,91211000.0,85835000.0,0.87,0.855,0.87,636221000.0,600893000.0,636221000.0,1438582100.0,16.0,8.21,109040000.0,1.322,1.0,238510000.0,0.215,118584000.0,5376000.0,1252042000.0,1182574750.0,204703000.0,49375000.0,0.0,49375000.0,751070000.0,210071000.0,540999000.0,1232906100.0,-12611000.0,-129753000.0,-15923000.0,35871000.0,-23194000.0,-6280000.0,-166392000.0,4419000.0,150098000.0,9963000.0,71945000.0,71945000.0,71945000.0,0.0,0.0,0.065,145686000.0,92824000.0,111431000.0,0.325,1.938,17.137,17.224,527005000.0,0.0,14.985,1.11,1.114,226026000.0,611430000.0,1110237000.0,1110237000.0,18411000.0,0.055,0.12,0.077,0.082,0.0,117226000.0,1.0,82276016.0,82510000,84292000.0,13.456,1268707000.0,15467000.0,13890000.0,166011000.0,15.376,271298000.0
18,ALB,MRY,2002-12-31,2002-12-31,2002-12-31,2021-08-04,-4514000.0,1200398000.0,1162191000.0,420506000.0,779892000.0,0.867,6.82,-38382000.0,47784000.0,47784000.0,775388000.0,73021000.0,2.564,1.09,190628000.0,343000.0,190285000.0,190628000.0,0.0,80603000.0,0.0,0.019,0.27,106177000.0,186780000.0,0.185,186780000.0,106177000.0,101107000.0,0.865,0.845,0.865,574337000.0,545693500.0,574337000.0,1327607375.0,13.0,7.108,106389000.0,1.263,1.0,232530000.0,0.231,35171000.0,5070000.0,1144046000.0,1025918750.0,161615000.0,0.0,0.0,0.0,626061000.0,164025000.0,462036000.0,1185748375.0,17199000.0,-4368000.0,-90619000.0,18654000.0,-22979000.0,-94944000.0,-41009000.0,0.0,144771000.0,8381000.0,73021000.0,73021000.0,73021000.0,0.0,0.0,0.072,129711000.0,102819000.0,75092000.0,0.312,2.065,16.238,16.445,519071000.0,0.0,14.225,1.176,1.188,193573000.0,576148000.0,1007918000.0,1007918000.0,16485000.0,0.063,0.134,0.103,0.105,0.0,111676000.0,1.0,83356652.0,84208000,86274000.0,11.969,1165227000.0,17534000.0,28086000.0,140641000.0,13.837,256481000.0
19,ALB,MRY,2001-12-31,2001-12-31,2001-12-31,2021-08-04,-18453000.0,1138272000.0,1068887250.0,383661000.0,754611000.0,0.882,6.482,-49903000.0,30585000.0,30585000.0,721417000.0,68167000.0,1.263,0.919,170215000.0,157862000.0,12353000.0,170215000.0,0.0,77610000.0,0.0,0.016,0.195,102732000.0,180342000.0,0.191,180342000.0,102732000.0,97196000.0,0.745,0.735,0.745,593302000.0,582986000.0,593302000.0,1241015408.0,12.0,6.881,93961000.0,1.027,1.0,221335000.0,0.235,31748000.0,5536000.0,942317000.0,929015500.0,159661000.0,0.0,0.0,0.0,544970000.0,303837000.0,241133000.0,1091274408.0,11285000.0,-125615000.0,-6723000.0,74139000.0,-23844000.0,43572000.0,-175634000.0,0.0,143864000.0,-517000.0,68167000.0,68167000.0,68167000.0,0.0,0.0,0.072,122885000.0,98450000.0,63559000.0,0.262,1.839,16.009,16.107,529672000.0,0.0,12.0,1.158,1.165,175160000.0,560275000.0,942752000.0,942752000.0,21919000.0,0.064,0.117,0.111,0.109,0.0,98915000.0,1.0,90939534.0,91532000,93048000.0,10.3,1106524000.0,18255000.0,29029000.0,116237000.0,12.089,79824000.0
20,ALB,MRY,2000-12-31,2000-12-31,2000-12-31,2021-08-04,-14688000.0,981803000.0,960610000.0,315154000.0,666649000.0,0.98,6.091,-52248000.0,19300000.0,19300000.0,669986000.0,101776000.0,2.218,0.757,97980000.0,299000.0,97681000.0,97980000.0,0.0,73750000.0,0.0,0.019,0.23,153499000.0,227249000.0,0.241,227249000.0,153499000.0,147501000.0,1.11,1.09,1.11,558907000.0,535226250.0,558907000.0,1226340884.0,8.0,5.396,102639000.0,1.119,1.0,271463000.0,0.288,22455000.0,5998000.0,895912000.0,904066750.0,107418000.0,0.0,0.0,0.0,422896000.0,142116000.0,280780000.0,1134219884.0,-29321000.0,-45739000.0,-9798000.0,-59706000.0,-19752000.0,-87943000.0,-97007000.0,0.0,154887000.0,742000.0,101776000.0,101776000.0,101776000.0,0.0,0.0,0.108,121301000.0,150162000.0,72296000.0,0.207,2.029,11.144,11.149,490074000.0,0.0,12.375,1.205,1.206,174297000.0,515914000.0,941449000.0,941449000.0,26201000.0,0.106,0.19,0.17,0.163,0.0,103234000.0,1.0,91654132.0,91764000,93212000.0,10.259,959348000.0,14139000.0,45725000.0,106236000.0,10.455,173038000.0
21,ALB,MRY,1999-12-31,1999-12-31,1999-12-31,2021-08-04,-9013000.0,954094000.0,980971250.0,332599000.0,621495000.0,0.862,5.231,-77569000.0,48621000.0,48621000.0,588983000.0,88829000.0,2.532,0.945,159760000.0,779000.0,158981000.0,159760000.0,0.0,75750000.0,0.0,0.021,0.2,137117000.0,212867000.0,0.252,212867000.0,137117000.0,128738000.0,0.945,0.935,0.945,490564000.0,480614000.0,490564000.0,998633192.0,7.0,4.691,86728000.0,0.925,1.0,256942000.0,0.304,17897000.0,8379000.0,915983000.0,984226250.0,110816000.0,0.0,0.0,0.0,463530000.0,131353000.0,332177000.0,897087192.0,27441000.0,-7791000.0,-15474000.0,-34698000.0,-18797000.0,-68323000.0,-65868000.0,22054000.0,164297000.0,-2665000.0,88829000.0,88829000.0,88829000.0,0.0,0.0,0.105,142816000.0,114126000.0,61386000.0,0.212,1.829,10.099,10.153,495385000.0,0.0,9.595,1.06,1.064,155140000.0,435211000.0,845925000.0,845925000.0,34288000.0,0.091,0.185,0.139,0.162,0.0,97836000.0,1.0,93495278.0,93778000,95026000.0,9.021,936197000.0,18022000.0,39909000.0,106059000.0,9.983,201246000.0
22,ALB,MRY,1998-12-31,1998-12-31,1998-12-31,2021-08-04,7360000.0,937797000.0,910891250.0,311530000.0,626267000.0,0.901,4.38,-76747000.0,21180000.0,21180000.0,567350000.0,84732000.0,2.886,1.076,192938000.0,408000.0,192530000.0,192938000.0,0.0,75012000.0,0.0,0.016,0.185,127285000.0,202297000.0,0.246,202297000.0,127285000.0,122798000.0,0.82,0.815,0.82,451667000.0,480870500.0,451667000.0,1264717171.0,10.0,6.252,61107000.0,0.593,1.0,253512000.0,0.309,21291000.0,4487000.0,980328000.0,876310750.0,127206000.0,0.0,0.0,0.0,486130000.0,107936000.0,378194000.0,1116172171.0,-13142000.0,-15229000.0,-140186000.0,98864000.0,-19271000.0,-60593000.0,-89763000.0,0.0,137854000.0,-640000.0,84732000.0,84732000.0,84732000.0,0.0,0.0,0.103,127797000.0,125715000.0,45073000.0,0.226,2.471,13.173,14.482,514668000.0,0.0,11.875,1.36,1.492,145207000.0,365113000.0,820862000.0,820862000.0,29655000.0,0.093,0.176,0.145,0.155,0.0,98142000.0,1.0,93993446.0,103116000,104272000.0,7.961,916506000.0,17937000.0,38066000.0,114454000.0,8.888,203594000.0
23,ALB,MRY,1997-12-31,1997-12-31,1997-12-31,2021-08-04,-1445000.0,888181000.0,867221000.0,296736000.0,591445000.0,0.957,4.689,-85284000.0,34322000.0,34322000.0,568424000.0,79982000.0,2.636,0.717,91793000.0,379000.0,91414000.0,91793000.0,0.0,69044000.0,0.0,0.013,0.16,121624000.0,190668000.0,0.23,190668000.0,121624000.0,120905000.0,0.725,0.72,0.725,517336000.0,511267000.0,517336000.0,,,,11820000.0,0.107,1.0,261426000.0,0.315,17601000.0,719000.0,815491000.0,754166500.0,90283000.0,0.0,0.0,0.0,370845000.0,112560000.0,258285000.0,1280359680.0,20080000.0,0.0,-32564000.0,60689000.0,-16563000.0,11562000.0,-90290000.0,-7789000.0,97104000.0,1704000.0,79982000.0,79982000.0,79982000.0,0.0,0.0,0.096,140719000.0,120707000.0,50668000.0,0.221,2.475,16.008,16.469,496640000.0,0.0,11.94,1.543,1.587,154421000.0,299401000.0,829850000.0,829850000.0,31446000.0,0.092,0.156,0.161,0.147,0.0,109273000.0,1.0,107232804.0,110328000,111336000.0,7.522,870580000.0,17710000.0,40923000.0,106150000.0,7.891,184176000.0
24,ALB,MRY,1996-12-31,1996-12-31,1996-12-31,2021-08-04,16677000.0,846261000.0,,259141000.0,587120000.0,,4.329,-90439000.0,14242000.0,14242000.0,611353000.0,156059000.0,1.752,0.675,31863000.0,7457000.0,24406000.0,31863000.0,0.0,71044000.0,0.0,0.014,0.125,255608000.0,326652000.0,0.382,326652000.0,255608000.0,253079000.0,1.335,1.325,1.335,505198000.0,,505198000.0,,,,-61970000.0,-0.531,1.0,243128000.0,0.285,23092000.0,2529000.0,692842000.0,,84499000.0,0.0,0.0,0.0,341063000.0,147948000.0,193115000.0,,-18888000.0,487345000.0,-249620000.0,-182728000.0,-14233000.0,-446581000.0,399224000.0,0.0,28469000.0,0.0,156059000.0,156059000.0,156059000.0,0.0,0.0,0.183,149702000.0,93426000.0,66968000.0,0.094,,,6.787,495724000.0,0.0,9.06,,1.237,141293000.0,237081000.0,854481000.0,854481000.0,30442000.0,,,,0.299,0.0,119260000.0,1.0,,116706000,117684000.0,7.322,823169000.0,19107000.0,97020000.0,118430000.0,7.053,111193000.0
25,ALB,MRY,1995-12-31,1995-12-31,1995-12-31,2021-08-04,,,,,,,,-112412000.0,,,967204000.0,78230000.0,,,,,,,,94131000.0,,0.011,0.105,144858000.0,238989000.0,0.192,238989000.0,144858000.0,131593000.0,0.59,0.59,0.59,,,,,,,3825000.0,0.029,1.0,277018000.0,0.223,,13265000.0,,,,,,,,,,,1016000.0,59195000.0,102000.0,-48017000.0,-13543000.0,-61458000.0,-53763000.0,0.0,116237000.0,0.0,78230000.0,78230000.0,78230000.0,0.0,0.0,0.063,136628000.0,140390000.0,,0.178,,,16.424,,0.0,9.69,,1.029,,,1244222000.0,1244222000.0,29541000.0,,,,0.116,0.0,130514000.0,1.0,,132138000,132704000.0,9.416,,,53363000.0,,,
0,ALB,MRQ,2021-06-30,2021-06-30,2021-06-30,2021-08-04,-328001000.0,10796926000.0,,2151354000.0,8645572000.0,,52.783,-217232000.0,823572000.0,823572000.0,525479000.0,446208000.0,2.184,0.719,2044417000.0,623000.0,2043794000.0,2044417000.0,0.0,61423000.0,0.0,0.009,0.39,538737000.0,600160000.0,0.776,600160000.0,538737000.0,531585000.0,3.63,3.62,3.63,6165549000.0,,6165549000.0,21123747808.0,22.0,17.805,10672000.0,0.091,1.0,248417000.0,0.321,1971812000.0,7152000.0,9061031000.0,,732563000.0,907080000.0,0.0,907080000.0,4431155000.0,984928000.0,3446227000.0,19662958808.0,253713000.0,290467000.0,13152000.0,1000000.0,-45507000.0,-51285000.0,72543000.0,-692000.0,227904000.0,4551000.0,424600000.0,424600000.0,424600000.0,0.0,21608000.0,0.549,135492000.0,112925000.0,535153000.0,0.107,3.189,27.962,27.215,5510599000.0,0.0,168.46,6.089,6.094,513478000.0,3584400000.0,773896000.0,773896000.0,13976000.0,,,,,5865000.0,121516000.0,1.0,116721826.0,116809000,117436000.0,6.625,8825114000.0,0.0,106985000.0,514208000.0,75.552,1166426000.0
1,ALB,MRQ,2021-03-31,2021-03-31,2021-03-31,2021-08-04,-350114000.0,10290302000.0,,2009394000.0,8280908000.0,,51.037,-179683000.0,569859000.0,569859000.0,565604000.0,117698000.0,2.108,0.757,2030648000.0,616000.0,2030032000.0,2030648000.0,0.0,62260000.0,0.0,0.011,0.39,161666000.0,223926000.0,0.27,223926000.0,161666000.0,117784000.0,0.85,0.84,0.85,5746384000.0,,5746384000.0,19866499662.0,38.0,26.038,-21734000.0,-0.193,1.0,263687000.0,0.318,1964190000.0,43882000.0,8833645000.0,,685779000.0,663448000.0,0.0,663448000.0,4347749000.0,953256000.0,3394493000.0,17041165662.0,-176865000.0,0.0,1455071000.0,-1500139000.0,-41130000.0,-143249000.0,-174724000.0,4959000.0,157949000.0,-16841000.0,95677000.0,95677000.0,95677000.0,0.0,22021000.0,0.115,107823000.0,155864000.0,492532000.0,0.459,2.966,46.786,43.356,5390329000.0,0.0,146.11,5.293,5.11,593522000.0,3205408000.0,829291000.0,829291000.0,14636000.0,,,,,2560000.0,93187000.0,1.0,116632439.0,112592000,113330000.0,7.365,8326112000.0,0.0,22107000.0,412423000.0,73.949,1056138000.0
2,ALB,MRQ,2020-12-31,2020-12-31,2020-12-31,2021-08-04,-326132000.0,10450946000.0,,2206184000.0,8244762000.0,,40.015,-229106000.0,746724000.0,746724000.0,613727000.0,102177000.0,1.224,1.402,3572058000.0,804677000.0,2767381000.0,3572058000.0,0.0,61770000.0,0.0,0.01,0.385,93686000.0,155456000.0,0.177,155456000.0,93686000.0,74534000.0,0.79,0.79,0.79,4268227000.0,,4268227000.0,18546812111.0,37.0,25.224,108094000.0,1.013,1.0,265420000.0,0.302,2014625000.0,19152000.0,9459806000.0,,750237000.0,656244000.0,0.0,656244000.0,5982352000.0,1801849000.0,4180503000.0,15704565111.0,44651000.0,11000000.0,23512000.0,-65151000.0,-40982000.0,-101937000.0,-220052000.0,-1946000.0,337200000.0,29440000.0,84635000.0,84635000.0,84635000.0,0.0,17542000.0,0.096,140284000.0,125136000.0,483221000.0,0.487,3.679,41.794,41.79,5354625000.0,0.0,147.52,5.019,5.017,592796000.0,3155252000.0,879147000.0,879147000.0,15375000.0,,,,,6973000.0,124909000.0,1.0,106457193.0,106666000,107312000.0,8.242,8436321000.0,0.0,-10101000.0,427103000.0,79.091,404335000.0
3,ALB,MRQ,2020-09-30,2020-09-30,2020-09-30,2021-08-04,-398467000.0,10231983000.0,,2227012000.0,8004971000.0,,38.773,-202380000.0,702073000.0,702073000.0,492812000.0,117045000.0,1.381,1.432,3544320000.0,603787000.0,2940533000.0,3544320000.0,0.0,58679000.0,0.0,0.017,0.385,148181000.0,206860000.0,0.277,206860000.0,148181000.0,128954000.0,0.92,0.92,0.92,4124881000.0,,4124881000.0,12319145258.0,24.0,16.552,51417000.0,0.483,1.0,254056000.0,0.34,1946968000.0,19227000.0,9514523000.0,,828080000.0,603745000.0,0.0,603745000.0,5906602000.0,1612739000.0,4293863000.0,9495641258.0,-34623000.0,0.0,6116000.0,-60170000.0,-40927000.0,-95847000.0,-202968000.0,-588000.0,253797000.0,10395000.0,98301000.0,98301000.0,98301000.0,0.0,18744000.0,0.132,109624000.0,144432000.0,465644000.0,0.418,2.302,24.889,24.869,5242724000.0,0.0,89.28,2.929,2.929,577688000.0,3111749000.0,746868000.0,746868000.0,13532000.0,,,,,6099000.0,96092000.0,1.0,106357989.0,106386000,106873000.0,7.02,8285015000.0,0.0,30653000.0,430460000.0,77.877,614273000.0
4,ALB,MRQ,2020-06-30,2020-06-30,2020-06-30,2021-08-04,-431131000.0,10170253000.0,,2292409000.0,7877844000.0,,37.849,-204462000.0,736696000.0,736696000.0,530690000.0,103758000.0,1.613,1.482,3560200000.0,428009000.0,3132191000.0,3560200000.0,0.0,57841000.0,0.0,0.019,0.385,118907000.0,176748000.0,0.231,176748000.0,118907000.0,101055000.0,0.81,0.8,0.81,4024472000.0,,4024472000.0,10820298187.0,19.0,13.811,-151599000.0,-1.426,1.0,233359000.0,0.305,1914119000.0,17852000.0,9658835000.0,,851256000.0,614145000.0,0.0,614145000.0,5964092000.0,1420803000.0,4543289000.0,8208860187.0,183468000.0,0.0,614000.0,366991000.0,-40927000.0,324029000.0,-205685000.0,-1223000.0,52863000.0,12261000.0,85624000.0,85624000.0,85624000.0,0.0,18134000.0,0.112,121159000.0,112200000.0,523160000.0,0.475,2.04,18.729,18.695,5136357000.0,0.0,77.21,2.432,2.432,594583000.0,3054434000.0,764049000.0,764049000.0,14210000.0,,,,,7264000.0,106949000.0,1.0,106318614.0,106329000,106535000.0,7.186,8256134000.0,0.0,15431000.0,435705000.0,77.647,871606000.0
5,ALB,MRQ,2020-03-31,2020-03-31,2020-03-31,2021-08-04,-526489000.0,9847638000.0,,2155181000.0,7692457000.0,,36.507,-214529000.0,553228000.0,553228000.0,496827000.0,123635000.0,1.807,1.497,3164666000.0,59441000.0,3105225000.0,3164666000.0,0.0,53694000.0,0.0,0.026,0.385,142531000.0,196225000.0,0.266,196225000.0,142531000.0,125646000.0,1.01,1.01,1.01,3878004000.0,,3878004000.0,8447125070.0,13.0,9.87,-59475000.0,-0.56,1.0,242018000.0,0.328,1903616000.0,16885000.0,9362534000.0,,853500000.0,543670000.0,0.0,543670000.0,5806113000.0,1192926000.0,4613187000.0,5986841070.0,-59882000.0,-22572000.0,10195000.0,98128000.0,-38982000.0,51016000.0,-234868000.0,2233000.0,155054000.0,-31084000.0,107204000.0,107204000.0,107204000.0,0.0,16431000.0,0.145,117974000.0,124044000.0,573075000.0,0.381,1.544,11.812,11.793,5025969000.0,0.0,56.37,1.712,1.713,592468000.0,3009749000.0,738845000.0,738845000.0,16097000.0,,,,,2501000.0,101877000.0,1.0,106206157.0,106227000,106512000.0,6.955,7944022000.0,0.0,18442000.0,430797000.0,74.783,962255000.0
6,ALB,MRQ,2019-12-31,2019-12-31,2019-12-31,2021-08-04,-395735000.0,9860863000.0,,2225109000.0,7635754000.0,,37.084,-243340000.0,613110000.0,613110000.0,654053000.0,106243000.0,1.579,1.467,3050257000.0,187336000.0,2862921000.0,3050257000.0,0.0,56766000.0,0.0,0.02,0.367,107686000.0,164452000.0,0.166,164452000.0,107686000.0,85286000.0,0.85,0.86,0.85,3932250000.0,,3932250000.0,9373379730.0,14.0,10.502,130396000.0,1.23,1.0,338511000.0,0.341,1933407000.0,22400000.0,8955607000.0,,768984000.0,579813000.0,0.0,579813000.0,5767283000.0,1408996000.0,4358287000.0,7744652730.0,295287000.0,-820000000.0,0.0,1064045000.0,-38883000.0,987442000.0,-1064133000.0,-793000.0,373736000.0,-1758000.0,90391000.0,90391000.0,90391000.0,0.0,15852000.0,0.091,199426000.0,139085000.0,574138000.0,0.432,1.97,14.524,14.521,4909473000.0,0.0,73.04,2.158,2.156,680202000.0,2943478000.0,992564000.0,992564000.0,14263000.0,,,,,4511000.0,185163000.0,1.0,106033033.0,106036000,106312000.0,9.361,7927456000.0,0.0,-5105000.0,430319000.0,74.762,816113000.0
7,ALB,MRQ,2019-09-30,2019-09-30,2019-09-30,2021-08-04,-435977000.0,8141603000.0,,1969752000.0,6171851000.0,,36.194,-192830000.0,317823000.0,317823000.0,569880000.0,171618000.0,1.386,1.077,1946550000.0,564566000.0,1381984000.0,1946550000.0,0.0,54487000.0,0.0,0.021,0.367,191519000.0,246006000.0,0.28,246006000.0,191519000.0,180411000.0,1.46,1.46,1.46,3836559000.0,,3836559000.0,8878533073.0,12.0,9.53,-46480000.0,-0.438,1.0,309867000.0,0.352,1895299000.0,11108000.0,6453788000.0,,802434000.0,551657000.0,0.0,551657000.0,4133266000.0,1421243000.0,2712023000.0,7368165073.0,-80360000.0,0.0,1609000.0,49131000.0,-39008000.0,-6722000.0,-192581000.0,249000.0,146350000.0,-27407000.0,155070000.0,155070000.0,155070000.0,0.0,16548000.0,0.176,123720000.0,186147000.0,527052000.0,0.251,1.921,12.872,12.827,3524037000.0,0.0,69.52,2.094,2.094,723593000.0,2892057000.0,879747000.0,879747000.0,15585000.0,,,,,5033000.0,108135000.0,1.0,105986264.0,105999000,106299000.0,8.3,6246304000.0,0.0,25341000.0,410358000.0,58.928,548509000.0
8,ALB,MRQ,2019-06-30,2019-06-30,2019-06-30,2021-08-04,-349411000.0,8094414000.0,,2036637000.0,6057777000.0,,35.87,-199494000.0,398183000.0,398183000.0,559138000.0,174970000.0,1.455,1.084,1908551000.0,510132000.0,1398419000.0,1908551000.0,0.0,52948000.0,0.0,0.02,0.367,196210000.0,249158000.0,0.282,249158000.0,196210000.0,184609000.0,1.46,1.45,1.46,3800801000.0,,3800801000.0,8836025866.0,12.0,9.696,-55122000.0,-0.52,1.0,325914000.0,0.368,1939546000.0,11601000.0,6265255000.0,,814022000.0,541014000.0,0.0,541014000.0,4120011000.0,1399981000.0,2720030000.0,7460412866.0,-67091000.0,0.0,529000.0,64829000.0,-38926000.0,-13290000.0,-199716000.0,-222000.0,144372000.0,1543000.0,154198000.0,154198000.0,154198000.0,0.0,20772000.0,0.174,140177000.0,185737000.0,558839000.0,0.251,1.963,13.636,13.619,3390625000.0,0.0,70.41,2.184,2.184,730015000.0,2775940000.0,885052000.0,885052000.0,13462000.0,,,,,4580000.0,126715000.0,1.0,105956723.0,105961000,106316000.0,8.353,6154868000.0,0.0,30411000.0,410646000.0,58.086,636656000.0
9,ALB,MRQ,2019-03-31,2019-03-31,2019-03-31,2021-08-04,-357538000.0,7871062000.0,,1987176000.0,5883886000.0,,34.71,-205776000.0,465274000.0,465274000.0,548578000.0,151526000.0,1.555,1.091,1840887000.0,446983000.0,1393904000.0,1840887000.0,0.0,49283000.0,0.0,0.017,0.367,183669000.0,232952000.0,0.28,232952000.0,183669000.0,171083000.0,1.26,1.26,1.26,3672274000.0,,3672274000.0,9819591771.0,11.0,8.859,-150860000.0,-1.426,1.0,283486000.0,0.341,1939593000.0,12586000.0,6028891000.0,,756193000.0,563030000.0,0.0,563030000.0,4007023000.0,1278191000.0,2728832000.0,8669701771.0,-90046000.0,0.0,2676000.0,118223000.0,-35387000.0,75257000.0,-207195000.0,-1419000.0,54916000.0,-13024000.0,133569000.0,133569000.0,133569000.0,0.0,17957000.0,0.161,128332000.0,155154000.0,482433000.0,0.291,2.361,12.468,12.671,3170190000.0,0.0,81.98,2.561,2.562,660561000.0,2660684000.0,832064000.0,832064000.0,14977000.0,,,,,5556000.0,113355000.0,1.0,105753864.0,105799000,106356000.0,7.865,5931469000.0,0.0,37514000.0,437168000.0,56.064,708985000.0
10,ALB,MRQ,2018-12-31,2018-12-31,2018-12-31,2021-08-04,-350682000.0,7581674000.0,,1998421000.0,5583253000.0,,33.811,-228316000.0,555320000.0,555320000.0,601315000.0,146049000.0,1.689,1.066,1705210000.0,307294000.0,1397916000.0,1705210000.0,0.0,50187000.0,0.0,0.017,0.335,153363000.0,203550000.0,0.221,203550000.0,153363000.0,140792000.0,1.24,1.23,1.24,3585321000.0,,3585321000.0,9241854557.0,10.0,8.467,-59092000.0,-0.557,1.0,320384000.0,0.348,1953312000.0,12571000.0,5595079000.0,,700540000.0,528722000.0,0.0,528722000.0,3822566000.0,1183173000.0,2639393000.0,8185287557.0,-85906000.0,90000.0,1331000.0,20938000.0,-35674000.0,-13598000.0,-227989000.0,237000.0,169224000.0,-13543000.0,129596000.0,129596000.0,129596000.0,0.0,16453000.0,0.141,137300000.0,183084000.0,522516000.0,0.27,2.283,11.802,12.042,3021084000.0,0.0,77.07,2.425,2.476,657771000.0,2566050000.0,921699000.0,921699000.0,16384000.0,,,,,3443000.0,120916000.0,1.0,106205885.0,106039000,107004000.0,8.692,5628362000.0,0.0,11196000.0,443853000.0,53.078,815248000.0
11,ALB,MRQ,2018-09-30,2018-09-30,2018-09-30,2021-08-04,-314191000.0,7487195000.0,,2059577000.0,5427618000.0,,32.883,-190730000.0,641226000.0,641226000.0,497211000.0,143479000.0,1.827,1.077,1697793000.0,286188000.0,1411605000.0,1697793000.0,0.0,49707000.0,0.0,0.013,0.335,175900000.0,225607000.0,0.29,225607000.0,175900000.0,162912000.0,1.21,1.2,1.21,3528844000.0,,3528844000.0,11528378352.0,13.0,10.32,-37646000.0,-0.351,1.0,280537000.0,0.361,1988907000.0,12988000.0,5427846000.0,,727381000.0,535292000.0,0.0,535292000.0,3800918000.0,1127009000.0,2673909000.0,10821117352.0,-266918000.0,-6992000.0,-248986000.0,77328000.0,-36438000.0,-216061000.0,-201411000.0,-3689000.0,153084000.0,-2530000.0,129745000.0,129745000.0,129745000.0,0.0,13734000.0,0.167,116777000.0,163760000.0,474229000.0,0.277,3.066,31.311,31.279,2825365000.0,0.0,99.78,3.268,3.234,592749000.0,2478711000.0,777748000.0,777748000.0,16610000.0,,,,,3709000.0,100167000.0,1.0,108449763.0,107315000,108302000.0,7.247,5498288000.0,0.0,33167000.0,451243000.0,51.235,932568000.0
12,ALB,MRQ,2018-06-30,2018-06-30,2018-06-30,2021-08-04,-301679000.0,7538363000.0,,2283070000.0,5255293000.0,,33.679,-149130000.0,908144000.0,908144000.0,542518000.0,310686000.0,2.192,1.002,1615405000.0,208681000.0,1406724000.0,1615405000.0,0.0,50474000.0,0.0,0.014,0.335,395871000.0,446345000.0,0.523,446345000.0,395871000.0,382563000.0,2.76,2.73,2.76,3693576000.0,,3693576000.0,11232177090.0,13.0,10.264,-46827000.0,-0.427,1.0,311356000.0,0.365,1991007000.0,13308000.0,5212956000.0,,665522000.0,519518000.0,0.0,519518000.0,3701083000.0,1041661000.0,2659422000.0,10448297090.0,215956000.0,409068000.0,-249358000.0,169326000.0,-37102000.0,-118585000.0,258245000.0,-1693000.0,102303000.0,-26007000.0,302461000.0,302461000.0,302461000.0,0.0,8225000.0,0.354,139711000.0,171645000.0,460442000.0,0.121,2.829,31.233,30.928,2669660000.0,0.0,94.33,3.178,3.146,615483000.0,2384645000.0,853874000.0,853874000.0,16074000.0,,,,,5207000.0,123637000.0,1.0,110763247.0,109671000,110659000.0,7.786,5547356000.0,0.0,80102000.0,429975000.0,50.582,1241409000.0
13,ALB,MRQ,2018-03-31,2018-03-31,2018-03-31,2021-08-04,-174739000.0,7556340000.0,,2158725000.0,5397615000.0,,34.336,-131815000.0,692188000.0,692188000.0,516650000.0,138925000.0,2.485,0.951,1476068000.0,39216000.0,1436852000.0,1476068000.0,0.0,50330000.0,0.0,0.014,0.335,165659000.0,215989000.0,0.263,215989000.0,165659000.0,152121000.0,1.19,1.18,1.19,3800310000.0,,3800310000.0,10960678760.0,17.0,13.077,-10261000.0,-0.093,1.0,304979000.0,0.371,2073360000.0,13538000.0,5398000000.0,,666567000.0,524687000.0,0.0,524687000.0,3612910000.0,868860000.0,2744050000.0,10260609760.0,-445115000.0,0.0,646000.0,-381159000.0,-35382000.0,-438282000.0,-132540000.0,-725000.0,121554000.0,4153000.0,131760000.0,131760000.0,131760000.0,0.0,7165000.0,0.16,122356000.0,182623000.0,481726000.0,0.282,2.7,75.782,76.016,2569206000.0,0.0,92.74,3.235,3.236,650378000.0,2118621000.0,821629000.0,821629000.0,20986000.0,,,,,2869000.0,101370000.0,1.0,110638449.0,110681000,111867000.0,7.423,5482980000.0,0.0,20361000.0,415092000.0,49.539,1289865000.0
14,ALB,MRQ,2017-12-31,2017-12-31,2017-12-31,2021-08-04,-225668000.0,7750772000.0,,2477563000.0,5273209000.0,,33.251,-130184000.0,1137303000.0,1137303000.0,554086000.0,-207071000.0,2.063,1.07,1837372000.0,422012000.0,1415360000.0,1837372000.0,0.0,52841000.0,0.0,0.01,0.32,176310000.0,229151000.0,0.267,229151000.0,176310000.0,159855000.0,-1.97,-1.94,-1.97,3674549000.0,,3674549000.0,14875478806.0,25.0,18.619,98951000.0,0.895,1.0,303703000.0,0.354,2031858000.0,16455000.0,5218058000.0,,592781000.0,534064000.0,0.0,534064000.0,3933076000.0,1200925000.0,2732151000.0,14131288806.0,91964000.0,1039000.0,1227000.0,34548000.0,-35352000.0,-8601000.0,-133435000.0,-4290000.0,229135000.0,4865000.0,-218366000.0,-218366000.0,-218366000.0,0.0,11295000.0,-0.255,139209000.0,164494000.0,418537000.0,-0.162,3.846,257.635,261.0,2493310000.0,0.0,127.89,4.6,4.617,572263000.0,2035163000.0,857789000.0,857789000.0,20907000.0,,,,,3809000.0,118302000.0,1.0,110495651.0,110509000,112152000.0,7.762,5718914000.0,0.0,378221000.0,425326000.0,51.751,1276638000.0
15,ALB,MRQ,2017-09-30,2017-09-30,2017-09-30,2021-08-04,-249943000.0,7523300000.0,,2327324000.0,5195976000.0,,35.291,-89754000.0,1045339000.0,1045339000.0,479210000.0,130193000.0,2.11,0.894,1789529000.0,382358000.0,1407171000.0,1789529000.0,0.0,49895000.0,0.0,0.009,0.32,152957000.0,202852000.0,0.269,202852000.0,152957000.0,137165000.0,1.07,1.06,1.07,3898819000.0,,3898819000.0,15780170508.0,15.0,12.38,39545000.0,0.358,1.0,275656000.0,0.365,2032891000.0,15792000.0,5131582000.0,,610212000.0,530227000.0,0.0,530227000.0,3483728000.0,1103017000.0,2380711000.0,15058538508.0,38394000.0,-5881000.0,3674000.0,45317000.0,-35443000.0,3539000.0,-95393000.0,242000.0,129299000.0,949000.0,118670000.0,118670000.0,118670000.0,0.0,11523000.0,0.157,128234000.0,147422000.0,361937000.0,0.299,3.862,17.204,17.431,2484285000.0,0.0,136.31,5.173,5.173,570147000.0,2288904000.0,754866000.0,754866000.0,21763000.0,,,,,6103000.0,106471000.0,1.0,110472735.0,110476000,111975000.0,6.833,5490409000.0,0.0,18495000.0,460661000.0,49.698,1224307000.0
16,ALB,MRQ,2017-06-30,2017-06-30,2017-06-30,2021-08-04,-296833000.0,7291989000.0,,2204448000.0,5087541000.0,,33.977,-43622000.0,1006945000.0,1006945000.0,465297000.0,113689000.0,2.241,0.902,1728577000.0,307109000.0,1421468000.0,1728577000.0,0.0,49122000.0,0.0,0.012,0.32,141053000.0,190175000.0,0.258,190175000.0,141053000.0,126463000.0,0.93,0.92,0.93,3760830000.0,,3760830000.0,12147146476.0,11.0,9.517,-180662000.0,-1.632,1.0,271961000.0,0.369,2004230000.0,14590000.0,5025729000.0,,565894000.0,505242000.0,0.0,505242000.0,3392198000.0,983662000.0,2408536000.0,11688796476.0,-247591000.0,-4926000.0,1167000.0,-7498000.0,-35432000.0,-60007000.0,-48832000.0,-284000.0,-137040000.0,-1712000.0,103333000.0,103333000.0,103333000.0,0.0,10356000.0,0.14,133922000.0,138039000.0,346417000.0,0.344,3.108,13.21,13.376,2416829000.0,0.0,105.54,4.16,4.157,539227000.0,2205592000.0,737258000.0,737258000.0,17337000.0,,,,,4446000.0,116585000.0,1.0,110752288.0,110686000,112105000.0,6.661,5287759000.0,0.0,23130000.0,466709000.0,47.773,1220786000.0
17,ALB,MRQ,2017-03-31,2017-03-31,2017-03-31,2021-08-04,-346981000.0,7366468000.0,,2390254000.0,4976214000.0,,32.483,-54143000.0,1254536000.0,1254536000.0,467107000.0,62657000.0,1.979,0.985,1712886000.0,314500000.0,1398386000.0,1712886000.0,0.0,45070000.0,0.0,0.012,0.32,131697000.0,176767000.0,0.245,176767000.0,131697000.0,63184000.0,0.46,0.45,0.46,3637669000.0,,3637669000.0,11991011622.0,18.0,13.646,28442000.0,0.254,1.0,254956000.0,0.353,1954931000.0,68513000.0,4661940000.0,,518936000.0,493406000.0,0.0,493406000.0,3582496000.0,1207947000.0,2374549000.0,11891505622.0,-1015220000.0,-26492000.0,-247830000.0,-684825000.0,-34330000.0,-1021799000.0,-80143000.0,492000.0,82585000.0,4137000.0,51213000.0,51213000.0,51213000.0,0.0,11444000.0,0.071,133251000.0,121705000.0,336890000.0,0.696,3.269,25.48,25.394,2381380000.0,0.0,105.64,4.337,4.314,562946000.0,2137703000.0,722063000.0,722063000.0,24323000.0,,,,,5046000.0,108928000.0,1.0,112566316.0,111986000,113289000.0,6.448,5411537000.0,0.0,11971000.0,689768000.0,48.323,1182307000.0
18,ALB,MRQ,2016-12-31,2016-12-31,2016-12-31,2021-08-04,-412412000.0,8161207000.0,,3306618000.0,4854589000.0,,33.738,-55353000.0,2269756000.0,2269756000.0,455959000.0,610278000.0,2.9,1.112,2369262000.0,247544000.0,2121718000.0,2369262000.0,0.0,49670000.0,0.0,0.014,0.305,655139000.0,704809000.0,1.012,704809000.0,655139000.0,636818000.0,5.36,5.31,5.36,3795062000.0,,3795062000.0,12897661829.0,16.0,12.506,226057000.0,2.01,1.0,240696000.0,0.346,1894596000.0,18321000.0,5226014000.0,,450263000.0,457533000.0,0.0,457533000.0,4218603000.0,1140103000.0,3078500000.0,9681928829.0,2036157000.0,2888226000.0,2622000.0,-1024267000.0,-34292000.0,-1068105000.0,2832356000.0,-517000.0,281410000.0,-9504000.0,602090000.0,602090000.0,602090000.0,-559974000.0,8188000.0,0.864,130915000.0,109781000.0,281874000.0,0.057,2.551,15.042,15.023,2360140000.0,0.0,86.08,3.616,3.613,528020000.0,2121931000.0,696655000.0,696655000.0,19091000.0,,,,,3213000.0,98777000.0,1.0,112475939.0,112487000,113563000.0,6.193,6266611000.0,0.0,34728000.0,667155000.0,55.71,2166515000.0
19,ALB,MRQ,2016-09-30,2016-09-30,2016-09-30,2021-08-04,-334431000.0,9396944000.0,,1557703000.0,7839241000.0,,29.343,-41792000.0,233599000.0,233599000.0,415038000.0,137697000.0,1.447,1.802,3449332000.0,400892000.0,3048440000.0,3449332000.0,0.0,47994000.0,0.0,0.014,0.305,156560000.0,204554000.0,0.313,204554000.0,156560000.0,140614000.0,1.14,1.13,1.14,3299022000.0,,3299022000.0,12928864558.0,41.0,23.539,159473000.0,1.418,1.0,238972000.0,0.365,1864550000.0,15946000.0,9671293000.0,,504984000.0,468765000.0,0.0,468765000.0,5945511000.0,1076834000.0,4868677000.0,9609342558.0,39938000.0,0.0,1840000.0,-77459000.0,-34270000.0,-116736000.0,-41939000.0,-147000.0,201265000.0,-2652000.0,128220000.0,128220000.0,128220000.0,-23185000.0,9477000.0,0.196,114063000.0,124909000.0,241511000.0,0.268,2.913,44.521,44.295,2344967000.0,0.0,85.49,3.555,3.556,491516000.0,1554160000.0,654010000.0,654010000.0,21012000.0,,,,,5085000.0,86302000.0,1.0,112403118.0,112429000,113448000.0,5.817,7532394000.0,0.0,12394000.0,807237000.0,66.997,480869000.0
20,ALB,MRQ,2016-06-30,2016-06-30,2016-06-30,2021-08-04,-375456000.0,9312381000.0,,1527760000.0,7784621000.0,,28.099,-41389000.0,193661000.0,193661000.0,421223000.0,-302754000.0,1.318,1.903,3513183000.0,493705000.0,3019478000.0,3513183000.0,0.0,67953000.0,0.0,0.015,0.305,-275365000.0,-207412000.0,-0.31,-207412000.0,-275365000.0,-291165000.0,-2.8,-2.78,-2.8,3156615000.0,,3156615000.0,12244024163.0,48.0,23.941,38752000.0,0.345,1.0,248104000.0,0.371,1853537000.0,15800000.0,9619308000.0,,517052000.0,458650000.0,0.0,458650000.0,6006035000.0,1159058000.0,4846977000.0,8906301163.0,-58721000.0,3434000.0,4939000.0,-51531000.0,-34250000.0,-97907000.0,-38177000.0,-222000.0,80141000.0,-2778000.0,-314821000.0,-314821000.0,-314821000.0,398340000.0,12067000.0,-0.47,125585000.0,122519000.0,253067000.0,-0.109,2.821,58.208,57.891,2346132000.0,0.0,79.31,3.248,3.249,490789000.0,1460242000.0,669327000.0,669327000.0,20500000.0,,,,,4726000.0,86055000.0,1.0,112297329.0,112339000,113175000.0,5.958,7458844000.0,0.0,23656000.0,820537000.0,66.396,368702000.0
21,ALB,MRQ,2016-03-31,2016-03-31,2016-03-31,2021-08-04,-331663000.0,9438968000.0,,1615391000.0,7823577000.0,,31.537,-58120000.0,252382000.0,252382000.0,414677000.0,235548000.0,1.319,1.622,3590105000.0,484754000.0,3105351000.0,3590105000.0,0.0,60552000.0,0.0,0.018,0.305,268785000.0,329337000.0,0.501,329337000.0,268785000.0,253671000.0,2.03,2.02,2.03,3540305000.0,,3540305000.0,10814470717.0,18.0,12.375,114588000.0,1.021,1.0,242534000.0,0.369,4662525000.0,15114000.0,6889068000.0,,531230000.0,476701000.0,0.0,476701000.0,5744097000.0,1225098000.0,4518999000.0,7176185717.0,38648000.0,225177000.0,0.0,-262766000.0,-32541000.0,-297276000.0,168248000.0,1191000.0,172708000.0,-5032000.0,228186000.0,228186000.0,228186000.0,-17312000.0,7362000.0,0.347,121061000.0,121473000.0,303805000.0,0.15,2.027,13.801,13.808,2489540000.0,0.0,63.93,2.571,2.571,652963000.0,1809342000.0,657211000.0,657211000.0,19872000.0,,,,,4007000.0,82631000.0,1.0,112250676.0,112260000,112770000.0,5.854,4776443000.0,0.0,25485000.0,793367000.0,42.548,390293000.0
22,ALB,MRQ,2015-12-31,2015-12-31,2015-12-31,2021-08-04,-421288000.0,9597954000.0,,1831002000.0,7766952000.0,,29.003,-63081000.0,213734000.0,213734000.0,484837000.0,182677000.0,1.133,1.904,3817157000.0,674994000.0,3142163000.0,3817157000.0,0.0,59704000.0,0.0,0.021,0.29,163063000.0,222767000.0,0.308,222767000.0,163063000.0,143606000.0,1.56,1.56,1.56,3254392000.0,,3254392000.0,9893340656.0,23.0,14.385,-19174000.0,-0.171,1.0,237773000.0,0.329,1844420000.0,19457000.0,9740272000.0,,439513000.0,435584000.0,0.0,435584000.0,6196641000.0,1616685000.0,4579956000.0,6284498656.0,-20756000.0,2750000.0,175000.0,70871000.0,-32532000.0,-10449000.0,-60598000.0,-267000.0,43907000.0,6384000.0,174252000.0,174252000.0,174252000.0,-13402000.0,8425000.0,0.241,84759000.0,153014000.0,239572000.0,0.186,1.931,18.765,18.608,2321095000.0,0.0,56.01,2.223,2.203,472901000.0,1615407000.0,722610000.0,722610000.0,21863000.0,,,,,4017000.0,47768000.0,1.0,112203154.0,112208000,112609000.0,6.44,7753534000.0,0.0,-30646000.0,411808000.0,69.1,214317000.0
23,ALB,MRQ,2015-09-30,2015-09-30,2015-09-30,2021-08-04,-386413000.0,9675064000.0,,1720915000.0,7954149000.0,,28.025,-52845000.0,234490000.0,234490000.0,474171000.0,70872000.0,1.301,2.035,3843332000.0,284368000.0,3558964000.0,3843332000.0,0.0,68903000.0,0.0,0.026,0.29,97830000.0,166733000.0,0.241,166733000.0,97830000.0,78536000.0,0.58,0.58,0.58,3144489000.0,,3144489000.0,8731171497.0,35.0,18.482,130875000.0,1.166,1.0,219045000.0,0.316,4708079000.0,19294000.0,7253279000.0,,629393000.0,453869000.0,0.0,453869000.0,6400550000.0,1322548000.0,5078002000.0,4948101497.0,27252000.0,6133000.0,0.0,-151198000.0,-32532000.0,-201665000.0,51120000.0,97832000.0,183720000.0,-5923000.0,65392000.0,65392000.0,65392000.0,-11030000.0,5480000.0,0.094,132625000.0,86420000.0,371649000.0,0.5,1.574,34.81,36.446,2600852000.0,0.0,44.1,1.709,1.71,694572000.0,1473698000.0,693216000.0,693216000.0,21903000.0,,,,,1978000.0,81012000.0,1.0,112201848.0,112202000,112544000.0,6.178,4966985000.0,0.0,13144000.0,829148000.0,44.268,398367000.0
24,ALB,MRQ,2015-06-30,2015-06-30,2015-06-30,2021-08-04,-316406000.0,9770809000.0,,1654081000.0,8116728000.0,,28.337,-54982000.0,207238000.0,207238000.0,506259000.0,59340000.0,1.209,2.03,3990308000.0,428000000.0,3562308000.0,3990308000.0,0.0,67483000.0,0.0,0.02,0.29,87597000.0,155080000.0,0.216,155080000.0,87597000.0,66998000.0,0.46,0.46,0.46,3179077000.0,,3179077000.0,9952225636.0,41.0,23.44,32410000.0,0.289,1.0,212031000.0,0.295,4708800000.0,20599000.0,7477001000.0,,602025000.0,605442000.0,0.0,605442000.0,6454899000.0,1368078000.0,5086821000.0,6200525636.0,-54183000.0,-3295000.0,252000.0,-39257000.0,-32508000.0,-83685000.0,-58401000.0,-124000.0,87392000.0,511000.0,52147000.0,52147000.0,52147000.0,-10122000.0,7193000.0,0.073,132767000.0,79264000.0,342482000.0,0.63,1.95,41.462,35.429,2618537000.0,0.0,55.27,2.18,2.181,710580000.0,1440845000.0,718290000.0,718290000.0,21925000.0,,,,,4281000.0,88010000.0,1.0,112186098.0,112189000,112607000.0,6.402,5062009000.0,0.0,14851000.0,826713000.0,45.12,286003000.0
25,ALB,MRQ,2015-03-31,2015-03-31,2015-03-31,2021-08-04,-362282000.0,9794759000.0,,1686543000.0,8108216000.0,,28.756,-56741000.0,261421000.0,261421000.0,625938000.0,47149000.0,1.158,2.106,4013121000.0,471809000.0,3541312000.0,4013121000.0,0.0,63986000.0,0.0,0.021,0.29,93001000.0,156987000.0,0.178,156987000.0,93001000.0,57255000.0,0.4,0.4,0.4,3109383000.0,,3109383000.0,6370672566.0,31.0,18.34,-10950000.0,-0.101,1.0,258466000.0,0.292,4658005000.0,35746000.0,7432110000.0,,620177000.0,652972000.0,0.0,652972000.0,6547429000.0,1456344000.0,5091085000.0,5926309566.0,-2228347000.0,-2095039000.0,90000.0,-158692000.0,-21730000.0,-182647000.0,-2092673000.0,1557000.0,45791000.0,1182000.0,43115000.0,43115000.0,43115000.0,0.0,4034000.0,0.049,221780000.0,36686000.0,340815000.0,0.725,1.906,49.449,38.014,2617027000.0,0.0,52.84,2.171,2.093,709998000.0,1421234000.0,884404000.0,884404000.0,26492000.0,,,,,4912000.0,135765000.0,1.0,112155745.0,108130000,108464000.0,8.179,5136754000.0,0.0,14140000.0,858824000.0,47.505,230199000.0
26,ALB,MRQ,2014-12-31,2014-12-31,2014-12-31,2021-08-04,-62413000.0,5223103000.0,,3348850000.0,1874253000.0,,17.397,-33894000.0,2489768000.0,2489768000.0,436126000.0,-14048000.0,2.938,2.747,2934131000.0,711096000.0,2223035000.0,2934131000.0,0.0,25228000.0,0.0,0.018,0.275,-31621000.0,-6393000.0,-0.011,-6393000.0,-31621000.0,-46724000.0,-0.23,-0.22,-0.23,1359465000.0,,1359465000.0,5104650522.0,26.0,17.203,28173000.0,0.361,1.0,162440000.0,0.271,287387000.0,15103000.0,4240193000.0,,358361000.0,194042000.0,0.0,194042000.0,3734468000.0,1139886000.0,2594582000.0,4705395522.0,1836648000.0,0.0,0.0,1902932000.0,-21275000.0,1859078000.0,-67613000.0,-33719000.0,62067000.0,-16884000.0,-18508000.0,-18508000.0,-18508000.0,1058000.0,4460000.0,-0.031,185778000.0,-23338000.0,231705000.0,-1.196,3.461,35.295,35.58,1231868000.0,0.0,60.13,1.924,1.935,434635000.0,1410651000.0,598566000.0,598566000.0,21394000.0,,,,,3820000.0,144008000.0,1.0,78253709.0,78144000,78547000.0,7.66,4935716000.0,0.0,-28216000.0,66337000.0,63.162,2208964000.0
27,ALB,MRQ,2014-09-30,2014-09-30,2014-09-30,2021-08-04,-1651000.0,3393466000.0,,1508307000.0,1885159000.0,,18.618,-30012000.0,653120000.0,653120000.0,436972000.0,81340000.0,1.856,1.24,1052375000.0,368268000.0,684107000.0,1052375000.0,0.0,25630000.0,0.0,0.018,0.275,93280000.0,118910000.0,0.185,118910000.0,93280000.0,84531000.0,0.93,0.93,0.93,1456741000.0,,1456741000.0,5156651088.0,11.0,9.246,105383000.0,1.347,1.0,205446000.0,0.32,298082000.0,8749000.0,2681929000.0,,367911000.0,196512000.0,0.0,196512000.0,1806195000.0,812710000.0,993485000.0,4608404088.0,138001000.0,97219000.0,358000.0,-10478000.0,-21511000.0,-40934000.0,67508000.0,301000.0,135395000.0,-23968000.0,72794000.0,72794000.0,72794000.0,6679000.0,8546000.0,0.113,98973000.0,106473000.0,205809000.0,0.296,3.164,14.974,15.419,1230274000.0,0.0,58.9,1.853,1.853,424586000.0,1450618000.0,642418000.0,642418000.0,22407000.0,,,,,3128000.0,66012000.0,1.0,78241156.0,78244000,78659000.0,8.21,3095384000.0,0.0,11737000.0,98230000.0,39.561,695597000.0
28,ALB,MRQ,2014-06-30,2014-06-30,2014-06-30,2021-08-04,99644000.0,3454532000.0,,1525883000.0,1928649000.0,,19.107,-23003000.0,515119000.0,515119000.0,397358000.0,29379000.0,1.87,1.217,1063366000.0,377521000.0,685845000.0,1063366000.0,0.0,24905000.0,0.0,0.014,0.275,52953000.0,77858000.0,0.129,77858000.0,52953000.0,44220000.0,0.29,0.28,0.29,1502981000.0,,1502981000.0,6234359296.0,13.0,10.505,122971000.0,1.563,1.0,207363000.0,0.343,308650000.0,8733000.0,2878215000.0,,370564000.0,224050000.0,0.0,224050000.0,1829442000.0,815914000.0,1013528000.0,5687549296.0,-8924000.0,0.0,-98900000.0,-7564000.0,-21734000.0,-128201000.0,-24512000.0,-1509000.0,145974000.0,-2185000.0,22447000.0,22447000.0,22447000.0,60025000.0,6932000.0,0.037,97123000.0,110240000.0,185024000.0,0.948,3.784,17.475,17.875,1239586000.0,0.0,71.5,2.335,2.309,446711000.0,1399342000.0,604721000.0,604721000.0,21937000.0,,,,,3917000.0,67011000.0,1.0,79546144.0,78662000,79091000.0,7.688,3145882000.0,0.0,21773000.0,111127000.0,39.992,709969000.0
29,ALB,MRQ,2014-03-31,2014-03-31,2014-03-31,2021-08-04,106927000.0,3558728000.0,,1477402000.0,2081326000.0,,20.126,-23667000.0,524043000.0,524043000.0,404244000.0,64235000.0,3.491,1.141,1070853000.0,18063000.0,1052790000.0,1070853000.0,0.0,27809000.0,0.0,0.015,0.275,78546000.0,106355000.0,0.177,106355000.0,78546000.0,69773000.0,0.71,0.71,0.71,1604751000.0,,1604751000.0,5881876913.0,11.0,9.009,125506000.0,1.574,1.0,195599000.0,0.326,369126000.0,8773000.0,3313213000.0,,420299000.0,219076000.0,0.0,219076000.0,1831127000.0,423199000.0,1407928000.0,5280251913.0,46804000.0,0.0,-48745000.0,-8535000.0,-19582000.0,-80614000.0,-21516000.0,2151000.0,149173000.0,-239000.0,56583000.0,56583000.0,56583000.0,1769000.0,7652000.0,0.094,117676000.0,77923000.0,183461000.0,0.387,3.29,13.688,14.162,1340338000.0,0.0,66.42,2.193,2.2,462898000.0,1493916000.0,599843000.0,599843000.0,22572000.0,,,,,3402000.0,78104000.0,1.0,79497921.0,79735000,80112000.0,7.523,3189602000.0,0.0,13190000.0,132863000.0,40.003,1054203000.0
30,ALB,MRQ,2013-12-31,2013-12-31,2013-12-31,2021-08-04,116245000.0,3584797000.0,,1482915000.0,2101882000.0,,20.036,-20318000.0,477239000.0,477239000.0,386356000.0,161346000.0,3.398,1.132,1078864000.0,24554000.0,1054310000.0,1078864000.0,0.0,27893000.0,0.0,0.015,0.24,226705000.0,254598000.0,0.398,254598000.0,226705000.0,217481000.0,1.89,1.88,1.89,1627361000.0,,1627361000.0,5838358056.0,10.0,8.504,95020000.0,1.17,1.0,253279000.0,0.396,372406000.0,9224000.0,3377653000.0,,436049000.0,212178000.0,0.0,212178000.0,1842021000.0,436363000.0,1405658000.0,5159901056.0,75812000.0,-2315000.0,1043000.0,-655000.0,-19533000.0,-19008000.0,-23678000.0,-1045000.0,115338000.0,3160000.0,155933000.0,155933000.0,155933000.0,886000.0,5413000.0,0.244,26169000.0,227110000.0,208181000.0,0.127,3.171,12.489,12.858,1357069000.0,0.0,63.39,2.155,2.22,491958000.0,1500358000.0,639635000.0,639635000.0,21287000.0,,,,,3128000.0,-28479000.0,1.0,81399291.0,81223000,81712000.0,7.875,3212391000.0,0.0,61548000.0,137203000.0,39.55,1046552000.0
31,ALB,MRQ,2013-09-30,2013-09-30,2013-09-30,2021-08-04,96295000.0,3470065000.0,,1394706000.0,2075359000.0,,18.027,-31860000.0,401427000.0,401427000.0,381585000.0,97844000.0,3.395,1.29,1079884000.0,19602000.0,1060282000.0,1079884000.0,0.0,27660000.0,0.0,0.015,0.24,126971000.0,154631000.0,0.262,154631000.0,126971000.0,117475000.0,1.11,1.11,1.11,1467095000.0,,1467095000.0,5884248771.0,15.0,12.018,106807000.0,1.312,1.0,209611000.0,0.355,369230000.0,9496000.0,3368455000.0,,485804000.0,208077000.0,0.0,208077000.0,1892916000.0,410837000.0,1482079000.0,5121700771.0,86768000.0,0.0,593000.0,3598000.0,-19525000.0,-25085000.0,-31414000.0,446000.0,138667000.0,4600000.0,90512000.0,90512000.0,90512000.0,-531000.0,7332000.0,0.153,80809000.0,128802000.0,192897000.0,0.216,3.491,17.364,18.191,1348976000.0,0.0,62.94,2.255,2.256,446713000.0,1363970000.0,591196000.0,591196000.0,19441000.0,,,,,2507000.0,61368000.0,1.0,81374337.0,81385000,81852000.0,7.264,3100835000.0,0.0,26963000.0,87896000.0,38.101,983869000.0
32,ALB,MRQ,2013-06-30,2013-06-30,2013-06-30,2021-08-04,56182000.0,3335949000.0,,1281878000.0,2054071000.0,,16.102,-47833000.0,314659000.0,314659000.0,385172000.0,91128000.0,3.413,1.383,1077207000.0,9355000.0,1067852000.0,1077207000.0,0.0,26573000.0,0.0,0.014,0.24,110743000.0,137316000.0,0.238,137316000.0,110743000.0,103135000.0,0.98,0.98,0.98,1352994000.0,,1352994000.0,5732751213.0,14.0,11.244,32371000.0,0.385,1.0,191670000.0,0.332,363504000.0,7608000.0,3359410000.0,,451998000.0,206755000.0,0.0,206755000.0,1870556000.0,375583000.0,1494973000.0,5471835213.0,-120245000.0,-250000.0,-519303000.0,380472000.0,-21241000.0,-159921000.0,-48136000.0,-53000.0,80204000.0,7608000.0,82739000.0,82739000.0,82739000.0,-2628000.0,8389000.0,0.143,83290000.0,108380000.0,179173000.0,0.245,4.044,17.431,17.399,1333765000.0,0.0,62.29,2.337,2.236,451245000.0,1292993000.0,576842000.0,576842000.0,21565000.0,,,,,2016000.0,61725000.0,1.0,87844521.0,84028000,84489000.0,6.865,2972445000.0,0.0,20396000.0,75529000.0,35.374,906295000.0
33,ALB,MRQ,2013-03-31,2013-03-31,2013-03-31,2021-08-04,51009000.0,3450445000.0,,1403500000.0,2046945000.0,,20.266,-55335000.0,434904000.0,434904000.0,442035000.0,89516000.0,3.232,0.861,695820000.0,9228000.0,686592000.0,695820000.0,0.0,25244000.0,0.0,0.013,0.24,115410000.0,140654000.0,0.219,140654000.0,115410000.0,110179000.0,0.95,0.94,0.95,1797997000.0,,1797997000.0,5775646416.0,15.0,12.078,43315000.0,0.488,1.0,199590000.0,0.311,361544000.0,5231000.0,2915566000.0,,433061000.0,215900000.0,0.0,215900000.0,1548205000.0,434251000.0,1113954000.0,5554054416.0,-42792000.0,0.0,-59078000.0,-3604000.0,-17808000.0,-84032000.0,-54514000.0,821000.0,98650000.0,-2896000.0,83987000.0,83987000.0,83987000.0,0.0,5529000.0,0.131,84703000.0,114887000.0,207496000.0,0.253,3.089,19.747,19.785,1317759000.0,0.0,62.52,2.268,2.265,454956000.0,1744100000.0,641625000.0,641625000.0,19953000.0,,,,,2513000.0,64750000.0,1.0,88836443.0,88719000,89236000.0,7.232,3088901000.0,0.0,26192000.0,73732000.0,34.817,969249000.0
34,ALB,MRQ,2012-12-31,2012-12-31,2012-12-31,2021-08-04,85264000.0,3437291000.0,,1407313000.0,2029978000.0,,20.598,-62165000.0,477696000.0,477696000.0,280505000.0,43465000.0,3.655,0.821,699288000.0,12700000.0,686588000.0,699288000.0,0.0,24592000.0,0.0,0.013,0.2,32443000.0,57035000.0,0.124,57035000.0,32443000.0,24777000.0,0.42,0.43,0.42,1833598000.0,,1833598000.0,5855915435.0,14.0,11.18,120119000.0,1.349,1.0,180825000.0,0.392,371430000.0,7666000.0,2902444000.0,,428145000.0,207141000.0,0.0,207141000.0,1505283000.0,385009000.0,1120274000.0,5544823435.0,75054000.0,6315000.0,-21934000.0,-14568000.0,-17826000.0,-53943000.0,-56328000.0,-478000.0,182284000.0,3041000.0,37726000.0,37726000.0,37726000.0,-4281000.0,5739000.0,0.082,155423000.0,25402000.0,172866000.0,0.476,3.024,17.798,17.799,1296571000.0,0.0,62.12,2.201,2.199,422817000.0,1744684000.0,461330000.0,461330000.0,19128000.0,,,,,4403000.0,119313000.0,1.0,89259875.0,89018000,89659000.0,5.182,3065861000.0,0.0,-12949000.0,67794000.0,34.441,1022304000.0
35,ALB,MRQ,2012-09-30,2012-09-30,2012-09-30,2021-08-04,-192415000.0,3362655000.0,,1386852000.0,1975803000.0,,20.244,-92085000.0,402642000.0,402642000.0,443476000.0,114434000.0,3.626,0.808,713734000.0,12572000.0,701162000.0,713734000.0,0.0,24979000.0,0.0,0.015,0.2,149845000.0,174824000.0,0.264,174824000.0,149845000.0,141931000.0,1.23,1.22,1.23,1808354000.0,,1808354000.0,5007739980.0,11.0,8.949,29488000.0,0.33,1.0,217750000.0,0.329,367066000.0,7914000.0,2924169000.0,,491930000.0,199864000.0,0.0,199864000.0,1461372000.0,382512000.0,1078860000.0,4714666980.0,-59109000.0,-12604000.0,-20228000.0,-40474000.0,-17888000.0,-76621000.0,-104591000.0,98000.0,121573000.0,530000.0,109459000.0,109459000.0,109459000.0,0.0,4975000.0,0.166,73235000.0,144515000.0,166564000.0,0.163,2.607,14.327,14.238,1253139000.0,0.0,52.68,1.705,1.702,418852000.0,1989586000.0,661226000.0,661226000.0,19831000.0,,,,,78000.0,53404000.0,1.0,89496336.0,89327000,89879000.0,7.402,2995589000.0,0.0,32472000.0,103914000.0,33.535,1004340000.0
36,ALB,MRQ,2012-06-30,2012-06-30,2012-06-30,2021-08-04,-231639000.0,3302707000.0,,1451675000.0,1851032000.0,,19.076,-71839000.0,461751000.0,461751000.0,435606000.0,53595000.0,3.512,0.885,754824000.0,12572000.0,742252000.0,754824000.0,0.0,25214000.0,0.0,0.012,0.2,80457000.0,105671000.0,0.154,105671000.0,80457000.0,71971000.0,0.56,0.56,0.56,1705690000.0,,1705690000.0,5556438953.0,12.0,9.693,-10474000.0,-0.117,1.0,249288000.0,0.364,362811000.0,8486000.0,2819666000.0,,499680000.0,196095000.0,0.0,196095000.0,1509063000.0,413303000.0,1095760000.0,5319136953.0,-57608000.0,-12250000.0,-2834000.0,-1620000.0,-17821000.0,-24600000.0,-84211000.0,-122000.0,61365000.0,-10162000.0,50089000.0,50089000.0,50089000.0,0.0,3506000.0,0.073,177349000.0,71939000.0,194905000.0,0.357,3.118,15.844,15.862,1176970000.0,0.0,59.64,1.882,1.886,416147000.0,1908177000.0,684894000.0,684894000.0,20911000.0,,,,,3804000.0,61735000.0,1.0,89187407.0,89414000,90051000.0,7.66,2939896000.0,0.0,21882000.0,74116000.0,32.88,1038372000.0
37,ALB,MRQ,2012-03-31,2012-03-31,2012-03-31,2021-08-04,-187981000.0,3363499000.0,,1469556000.0,1893943000.0,,19.359,-54784000.0,519359000.0,519359000.0,460724000.0,118633000.0,3.391,0.903,756661000.0,14462000.0,742199000.0,756661000.0,0.0,24235000.0,0.0,0.011,0.2,162024000.0,186259000.0,0.262,186259000.0,162024000.0,153290000.0,1.28,1.27,1.28,1722937000.0,,1722937000.0,5979159131.0,11.0,9.263,68760000.0,0.773,1.0,250980000.0,0.353,406986000.0,8734000.0,2760453000.0,,460810000.0,209406000.0,0.0,209406000.0,1556125000.0,433362000.0,1122763000.0,5684902131.0,49943000.0,-134000.0,2569000.0,-7149000.0,-15578000.0,-22130000.0,-56031000.0,-1113000.0,123544000.0,4560000.0,114262000.0,114262000.0,114262000.0,0.0,4371000.0,0.161,93053000.0,157927000.0,224267000.0,0.156,3.3,14.22,14.396,1167222000.0,0.0,63.92,1.971,1.972,425851000.0,1888336000.0,711704000.0,711704000.0,19049000.0,,,,,6926000.0,74004000.0,1.0,88937768.0,88997000,89947000.0,7.997,2956513000.0,0.0,39028000.0,90430000.0,33.22,1036194000.0
38,ALB,MRQ,2011-12-31,2011-12-31,2011-12-31,2021-08-04,60329000.0,3203824000.0,,1355620000.0,1848204000.0,,17.919,-63463000.0,469416000.0,469416000.0,495420000.0,59778000.0,3.379,0.958,763673000.0,14416000.0,749257000.0,763673000.0,0.0,24827000.0,0.0,0.013,0.175,67986000.0,92813000.0,0.131,92813000.0,67986000.0,58988000.0,0.63,0.62,0.63,1591277000.0,,1591277000.0,4982002634.0,9.0,7.901,138429000.0,1.559,1.0,211970000.0,0.3,403426000.0,8998000.0,2693477000.0,,431495000.0,198427000.0,0.0,198427000.0,1524997000.0,401178000.0,1123819000.0,4572081634.0,-11842000.0,-2119000.0,1127000.0,-127959000.0,-14661000.0,-137646000.0,-65541000.0,41000.0,201892000.0,-10547000.0,55277000.0,55277000.0,55277000.0,0.0,4501000.0,0.078,145942000.0,66028000.0,184472000.0,0.278,2.873,11.66,11.896,1129480000.0,0.0,51.51,1.594,1.625,391571000.0,1514866000.0,707390000.0,707390000.0,18987000.0,,,,,7704000.0,126955000.0,1.0,88761049.0,88806000,89818000.0,7.966,2800398000.0,0.0,3711000.0,89699000.0,31.534,954442000.0
39,ALB,MRQ,2011-09-30,2011-09-30,2011-09-30,2021-08-04,-130782000.0,3269055000.0,,1449354000.0,1819701000.0,,17.652,-59484000.0,481258000.0,481258000.0,464965000.0,122958000.0,3.602,1.007,891179000.0,12795000.0,878384000.0,891179000.0,0.0,24616000.0,0.0,0.016,0.165,163905000.0,188521000.0,0.261,188521000.0,163905000.0,154195000.0,1.29,1.28,1.29,1587571000.0,,1587571000.0,3987431738.0,7.0,5.994,79813000.0,0.887,1.0,258012000.0,0.357,415575000.0,9710000.0,2861007000.0,,474787000.0,201051000.0,0.0,201051000.0,1598432000.0,402394000.0,1196038000.0,3706394738.0,-9457000.0,-5137000.0,-178111000.0,118431000.0,-15138000.0,-77869000.0,-64799000.0,-178000.0,139297000.0,-6086000.0,116098000.0,116098000.0,116098000.0,0.0,6860000.0,0.161,97703000.0,160309000.0,192924000.0,0.128,2.335,8.956,8.899,1090897000.0,0.0,40.4,1.34,1.313,439947000.0,1714220000.0,722977000.0,722977000.0,20534000.0,,,,,5473000.0,77169000.0,1.0,91742444.0,89935000,90958000.0,8.039,2853480000.0,0.0,38097000.0,133864000.0,31.728,1046960000.0
40,ALB,MRQ,2011-06-30,2011-06-30,2011-06-30,2021-08-04,-62642000.0,3292347000.0,,1455696000.0,1836651000.0,,18.82,-35733000.0,490715000.0,490715000.0,490159000.0,123694000.0,3.691,0.863,771752000.0,12885000.0,758867000.0,771752000.0,0.0,24306000.0,0.0,0.009,0.165,153587000.0,177893000.0,0.24,177893000.0,153587000.0,144313000.0,1.24,1.23,1.24,1726028000.0,,1726028000.0,6671770099.0,13.0,10.633,63881000.0,0.697,1.0,251949000.0,0.34,432974000.0,9274000.0,2745997000.0,,443253000.0,216983000.0,0.0,216983000.0,1490228000.0,394413000.0,1095815000.0,6345089099.0,49702000.0,-5275000.0,877000.0,3280000.0,-15104000.0,-10341000.0,-41275000.0,-267000.0,99614000.0,1704000.0,114159000.0,114159000.0,114159000.0,0.0,9535000.0,0.154,102854000.0,149095000.0,205357000.0,0.133,3.676,16.209,16.168,1063440000.0,0.0,69.2,2.414,2.414,457230000.0,1750998000.0,742108000.0,742108000.0,19947000.0,,,,,7103000.0,82907000.0,1.0,91692039.0,91713000,92795000.0,8.092,2859373000.0,0.0,30154000.0,139951000.0,31.177,1061283000.0
41,ALB,MRQ,2011-03-31,2011-03-31,2011-03-31,2021-08-04,-85640000.0,3139881000.0,,1346374000.0,1793507000.0,,17.418,-31894000.0,441013000.0,441013000.0,463514000.0,113767000.0,3.528,0.926,767694000.0,9097000.0,758597000.0,767694000.0,0.0,23004000.0,0.0,0.01,0.165,148344000.0,171348000.0,0.246,171348000.0,148344000.0,138752000.0,1.16,1.15,1.16,1596109000.0,,1596109000.0,5808184433.0,12.0,9.923,14662000.0,0.16,1.0,233016000.0,0.335,422759000.0,9592000.0,2662192000.0,,402967000.0,207379000.0,0.0,207379000.0,1477213000.0,381611000.0,1095602000.0,5476924433.0,-88637000.0,-633000.0,205000.0,-93928000.0,-12856000.0,-103263000.0,-41321000.0,-8794000.0,46556000.0,9391000.0,106580000.0,106580000.0,106580000.0,0.0,7187000.0,0.153,90654000.0,142362000.0,210573000.0,0.142,3.431,15.254,15.17,1040005000.0,0.0,59.77,2.209,2.209,446503000.0,1651976000.0,696530000.0,696530000.0,17615000.0,,,,,6789000.0,73039000.0,1.0,91633335.0,91633000,92517000.0,7.601,2717122000.0,0.0,32172000.0,139059000.0,29.652,964763000.0
42,ALB,MRQ,2010-12-31,2010-12-31,2010-12-31,2021-08-04,-164196000.0,3068081000.0,,1348198000.0,1719883000.0,,15.465,-25472000.0,529650000.0,529650000.0,412526000.0,81397000.0,3.702,1.124,860910000.0,8983000.0,851927000.0,860910000.0,0.0,24092000.0,0.0,0.01,0.14,103343000.0,127435000.0,0.211,127435000.0,103343000.0,95869000.0,0.85,0.84,0.85,1416074000.0,,1416074000.0,5448887029.0,13.0,10.386,30105000.0,0.329,1.0,192449000.0,0.318,407002000.0,7474000.0,2628162000.0,,389210000.0,180690000.0,0.0,180690000.0,1592335000.0,364177000.0,1228158000.0,5107826029.0,104977000.0,-4505000.0,2456000.0,99163000.0,-12760000.0,89570000.0,-31596000.0,-1619000.0,55577000.0,-8574000.0,77030000.0,77030000.0,77030000.0,0.0,4367000.0,0.127,93968000.0,98481000.0,175183000.0,0.165,3.607,16.175,16.121,1006313000.0,0.0,55.78,2.162,2.158,374660000.0,1560519000.0,604975000.0,604975000.0,14672000.0,,,,,4229000.0,79296000.0,1.0,91570922.0,91567000,92349000.0,6.607,2661079000.0,0.0,18839000.0,133350000.0,29.062,984021000.0
43,ALB,MRQ,2010-09-30,2010-09-30,2010-09-30,2021-08-04,-117766000.0,2936660000.0,,1212062000.0,1724598000.0,,15.143,-16076000.0,424673000.0,424673000.0,388213000.0,97020000.0,3.486,1.084,765734000.0,10182000.0,755552000.0,765734000.0,0.0,23075000.0,0.0,0.012,0.14,127714000.0,150789000.0,0.258,150789000.0,127714000.0,121575000.0,1.03,1.02,1.03,1382735000.0,,1382735000.0,4743007475.0,12.0,9.755,125512000.0,1.375,1.0,196823000.0,0.336,417353000.0,6139000.0,2512624000.0,,373406000.0,174528000.0,0.0,174528000.0,1498619000.0,347744000.0,1150875000.0,4273568475.0,100550000.0,1644000.0,2908000.0,-30422000.0,-12754000.0,-37928000.0,-14707000.0,-275000.0,141588000.0,11597000.0,93689000.0,93689000.0,93689000.0,0.0,3331000.0,0.16,76260000.0,120563000.0,169647000.0,0.136,3.091,14.194,14.185,1009864000.0,0.0,46.81,1.845,1.846,370729000.0,1488369000.0,585036000.0,585036000.0,14336000.0,,,,,2873000.0,61924000.0,1.0,91296058.0,91312000,92082000.0,6.407,2519307000.0,0.0,27886000.0,131570000.0,27.59,864318000.0
44,ALB,MRQ,2010-06-30,2010-06-30,2010-06-30,2021-08-04,-214408000.0,2731070000.0,,1081086000.0,1649984000.0,,13.115,-17789000.0,324123000.0,324123000.0,404316000.0,86086000.0,3.409,1.237,793562000.0,8603000.0,784959000.0,793562000.0,0.0,23710000.0,0.0,0.013,0.14,112066000.0,135776000.0,0.229,135776000.0,112066000.0,106082000.0,0.9,0.89,0.9,1197490000.0,,1197490000.0,4167682623.0,13.0,9.843,98271000.0,1.076,1.0,188167000.0,0.318,398587000.0,5984000.0,2484774000.0,,324695000.0,160042000.0,0.0,160042000.0,1481608000.0,317148000.0,1164460000.0,3629315623.0,56806000.0,0.0,-5518000.0,-12423000.0,-12728000.0,-33138000.0,-17967000.0,-178000.0,116060000.0,-8149000.0,81751000.0,81751000.0,81751000.0,0.0,4335000.0,0.138,81532000.0,106635000.0,162783000.0,0.156,3.031,13.984,13.982,977344000.0,0.0,39.71,1.616,1.614,384385000.0,1407480000.0,592483000.0,592483000.0,14667000.0,,,,,4245000.0,66865000.0,1.0,91395508.0,91308000,92111000.0,6.489,2332483000.0,0.0,24331000.0,104860000.0,25.545,763938000.0
45,ALB,MRQ,2010-03-31,2010-03-31,2010-03-31,2021-08-04,-146902000.0,2756888000.0,,1063631000.0,1693257000.0,,13.132,-16141000.0,267317000.0,267317000.0,415799000.0,64914000.0,3.031,1.263,805684000.0,8390000.0,797294000.0,805684000.0,0.0,24701000.0,0.0,0.012,0.14,85944000.0,110645000.0,0.191,110645000.0,85944000.0,80008000.0,0.69,0.69,0.69,1200046000.0,,1200046000.0,4396638161.0,18.0,12.594,1943000.0,0.021,1.0,164471000.0,0.283,421910000.0,5936000.0,2522403000.0,,333832000.0,157054000.0,0.0,157054000.0,1515735000.0,350942000.0,1164793000.0,3892716161.0,-41474000.0,-13166000.0,-7656000.0,-7791000.0,-11401000.0,-26442000.0,-27921000.0,1386000.0,18084000.0,-5195000.0,63308000.0,63308000.0,63308000.0,0.0,1606000.0,0.109,88207000.0,76264000.0,185615000.0,0.203,3.244,17.999,18.064,1002758000.0,0.0,42.63,1.854,1.856,405065000.0,1338503000.0,580270000.0,580270000.0,14719000.0,,,,,4347000.0,66530000.0,1.0,91314008.0,91386000,92193000.0,6.35,2334978000.0,0.0,16700000.0,82840000.0,25.551,712689000.0
46,ALB,MRQ,2009-12-31,2009-12-31,2009-12-31,2021-08-04,-91860000.0,2771557000.0,,1032087000.0,1739470000.0,,13.162,-17176000.0,308791000.0,308791000.0,408769000.0,65216000.0,2.922,1.259,812713000.0,36310000.0,776403000.0,812713000.0,0.0,25974000.0,0.0,0.014,0.125,63015000.0,88989000.0,0.159,88989000.0,63015000.0,56992000.0,0.68,0.68,0.68,1205696000.0,,1205696000.0,3894786818.0,20.0,13.139,81941000.0,0.895,1.0,149459000.0,0.268,443244000.0,6023000.0,2478971000.0,,347506000.0,146084000.0,0.0,146084000.0,1518239000.0,353264000.0,1164975000.0,3334401818.0,48357000.0,-1939000.0,-5742000.0,-6969000.0,-11126000.0,-26787000.0,-19234000.0,-119000.0,99117000.0,-4739000.0,62345000.0,62345000.0,62345000.0,0.0,2871000.0,0.112,86022000.0,63437000.0,170287000.0,0.184,2.766,18.694,18.651,1026883000.0,0.0,36.37,1.663,1.66,329215000.0,1287983000.0,558228000.0,558228000.0,14837000.0,,,,,2185000.0,59542000.0,1.0,91680006.0,91605000,92319000.0,6.094,2328313000.0,0.0,-5353000.0,83834000.0,25.417,678823000.0
47,ALB,MRQ,2009-09-30,2009-09-30,2009-09-30,2021-08-04,-55225000.0,2780148000.0,,1002753000.0,1777395000.0,,13.07,-28343000.0,260434000.0,260434000.0,381197000.0,57329000.0,2.933,1.283,820819000.0,27721000.0,793098000.0,820819000.0,0.0,24135000.0,0.0,0.014,0.125,63879000.0,88014000.0,0.171,88014000.0,63879000.0,57680000.0,0.57,0.57,0.57,1197063000.0,,1197063000.0,3842444151.0,35.0,17.918,123952000.0,1.353,1.0,134079000.0,0.26,451471000.0,6199000.0,2547190000.0,,364169000.0,145090000.0,0.0,145090000.0,1535876000.0,341872000.0,1194004000.0,3167593151.0,87958000.0,-285000.0,1876000.0,-28049000.0,-11358000.0,-36652000.0,-28387000.0,241000.0,152295000.0,702000.0,52131000.0,52131000.0,52131000.0,0.0,5198000.0,0.101,71154000.0,62925000.0,160577000.0,0.219,2.646,24.53,24.366,1042330000.0,0.0,34.6,1.612,1.613,325774000.0,1237077000.0,515276000.0,515276000.0,14983000.0,,,,,2401000.0,56171000.0,1.0,91548935.0,91588000,92174000.0,5.626,2328677000.0,0.0,5549000.0,87662000.0,25.426,660881000.0
48,ALB,MRQ,2009-06-30,2009-06-30,2009-06-30,2021-08-04,-89691000.0,2660908000.0,,912673000.0,1748235000.0,,12.152,-34290000.0,172476000.0,172476000.0,335481000.0,40132000.0,3.127,1.356,847327000.0,26771000.0,820556000.0,847327000.0,0.0,24629000.0,0.0,0.019,0.125,36832000.0,61461000.0,0.138,61461000.0,36832000.0,30744000.0,0.42,0.42,0.42,1111550000.0,,1111550000.0,3072515408.0,25.0,13.37,72345000.0,0.791,1.0,109818000.0,0.247,444000000.0,6088000.0,2599867000.0,,385916000.0,139000000.0,0.0,139000000.0,1507774000.0,291892000.0,1215882000.0,2338280408.0,-11423000.0,-1793000.0,1544000.0,-71320000.0,-10987000.0,-86090000.0,-36293000.0,-210000.0,106635000.0,4325000.0,38493000.0,38493000.0,38493000.0,0.0,1639000.0,0.086,78827000.0,30991000.0,126378000.0,0.298,2.104,17.558,17.514,1031129000.0,0.0,25.57,1.108,1.108,302724000.0,1196402000.0,445299000.0,445299000.0,14953000.0,,,,,2130000.0,51481000.0,1.0,91446242.0,91474000,92011000.0,4.868,2216908000.0,0.0,-7749000.0,85956000.0,24.235,620781000.0
49,ALB,MRQ,2009-03-31,2009-03-31,2009-03-31,2021-08-04,-156881000.0,2685089000.0,,1001579000.0,1683510000.0,,11.09,-37417000.0,183899000.0,183899000.0,396085000.0,26946000.0,3.102,1.598,918134000.0,26256000.0,891878000.0,918134000.0,0.0,25775000.0,0.0,0.022,0.125,32198000.0,57973000.0,0.119,57973000.0,32198000.0,25924000.0,0.28,0.28,0.28,1013385000.0,,1013385000.0,2668255445.0,16.0,9.569,-36939000.0,-0.404,1.0,90506000.0,0.186,422861000.0,6274000.0,2673567000.0,,440211000.0,122329000.0,0.0,122329000.0,1619445000.0,322896000.0,1296549000.0,1989294445.0,-69404000.0,0.0,663000.0,-13694000.0,-10961000.0,-31254000.0,-37716000.0,-299000.0,478000.0,-912000.0,25399000.0,25399000.0,25399000.0,0.0,1547000.0,0.052,61579000.0,28927000.0,158292000.0,0.446,1.963,12.724,12.731,1005124000.0,0.0,21.77,0.87,0.87,313830000.0,1169352000.0,486591000.0,486591000.0,16145000.0,,,,,-6409000.0,45434000.0,1.0,91377788.0,91380000,91797000.0,5.325,2262228000.0,0.0,525000.0,82806000.0,24.756,678683000.0
50,ALB,MRQ,2008-12-31,2008-12-31,2008-12-31,2021-08-04,-100642000.0,2872717000.0,,1178923000.0,1693794000.0,,11.7,-36269000.0,253303000.0,253303000.0,394626000.0,18349000.0,2.689,1.648,932264000.0,26202000.0,906062000.0,932264000.0,0.0,30130000.0,0.0,0.022,0.12,-23131000.0,6999000.0,0.014,6999000.0,-23131000.0,-32834000.0,0.15,0.14,0.15,1065771000.0,,1065771000.0,2795475845.0,12.0,8.282,129136000.0,1.418,1.0,123099000.0,0.238,445778000.0,9703000.0,2667533000.0,,538857000.0,121951000.0,0.0,121951000.0,1756234000.0,438367000.0,1317867000.0,2034046845.0,46092000.0,-6677000.0,-5450000.0,-35628000.0,-10927000.0,-61404000.0,-43434000.0,-488000.0,165405000.0,-14475000.0,13111000.0,13111000.0,13111000.0,0.0,5238000.0,0.025,140678000.0,-17579000.0,224333000.0,0.8,1.909,10.474,10.519,1012348000.0,0.0,22.3,0.824,0.828,327758000.0,1165503000.0,517725000.0,517725000.0,15507000.0,,,,,4682000.0,64116000.0,1.0,91212863.0,91090000,92033000.0,5.684,2426939000.0,0.0,-45945000.0,82483000.0,26.643,740556000.0
51,ALB,MRQ,2008-09-30,2008-09-30,2008-09-30,2021-08-04,76355000.0,3021589000.0,,1214570000.0,1807019000.0,,13.718,-23230000.0,207211000.0,207211000.0,506280000.0,60762000.0,3.218,1.41,968640000.0,24614000.0,944026000.0,968640000.0,0.0,27513000.0,0.0,0.015,0.12,75868000.0,103381000.0,0.157,103381000.0,75868000.0,66053000.0,0.61,0.61,0.61,1253761000.0,,1253761000.0,3541855727.0,11.0,8.09,44043000.0,0.482,1.0,154183000.0,0.233,462633000.0,9815000.0,2942975000.0,,521257000.0,138845000.0,0.0,138845000.0,1767828000.0,377410000.0,1390418000.0,2819320727.0,38729000.0,-37318000.0,-12365000.0,78352000.0,-10918000.0,39464000.0,-60941000.0,-393000.0,67273000.0,-7067000.0,56175000.0,56175000.0,56175000.0,0.0,4587000.0,0.085,77291000.0,76892000.0,192210000.0,0.197,2.249,11.761,12.0,1033817000.0,0.0,30.84,1.106,1.106,449704000.0,1170296000.0,660463000.0,660463000.0,17392000.0,,,,,3679000.0,59899000.0,1.0,91417663.0,91395000,92463000.0,7.226,2558956000.0,36398000.0,9878000.0,134488000.0,27.999,837160000.0
52,ALB,MRQ,2008-06-30,2008-06-30,2008-06-30,2021-08-04,167933000.0,3069164000.0,,1204144000.0,1865020000.0,,14.304,-20098000.0,168482000.0,168482000.0,457769000.0,67051000.0,2.8,1.345,891017000.0,21173000.0,869844000.0,891017000.0,0.0,27500000.0,0.0,0.011,0.12,82998000.0,110498000.0,0.178,110498000.0,82998000.0,74557000.0,0.67,0.67,0.67,1308681000.0,,1308681000.0,4395529642.0,13.0,10.001,55577000.0,0.607,1.0,162981000.0,0.263,477186000.0,8441000.0,2884521000.0,,558820000.0,148175000.0,0.0,148175000.0,1760483000.0,429992000.0,1330491000.0,3650309642.0,33352000.0,-19965000.0,533000.0,9691000.0,-10769000.0,-1628000.0,-39569000.0,494000.0,75675000.0,-1126000.0,61655000.0,61655000.0,61655000.0,0.0,5396000.0,0.099,85191000.0,77790000.0,215341000.0,0.179,2.789,15.044,15.469,1063435000.0,0.0,39.91,1.477,1.477,441495000.0,1125066000.0,620750000.0,620750000.0,17593000.0,,,,,5516000.0,67598000.0,1.0,91463534.0,91489000,92564000.0,6.785,2591978000.0,35347000.0,12902000.0,150048000.0,28.331,774152000.0
53,ALB,MRQ,2008-03-31,2008-03-31,2008-03-31,2021-08-04,164982000.0,2975395000.0,,1143447000.0,1831948000.0,,13.484,-22695000.0,135130000.0,135130000.0,500766000.0,66846000.0,2.798,1.382,880350000.0,19285000.0,861065000.0,880350000.0,0.0,26542000.0,0.0,0.012,0.12,90103000.0,116645000.0,0.175,116645000.0,90103000.0,79887000.0,0.68,0.67,0.68,1249320000.0,,1249320000.0,3931595328.0,12.0,9.032,-3890000.0,-0.042,1.0,167411000.0,0.251,459785000.0,10216000.0,2852192000.0,,501897000.0,137631000.0,0.0,137631000.0,1726075000.0,408638000.0,1317437000.0,3338208328.0,4579000.0,0.0,-147739000.0,154655000.0,-9707000.0,-1464000.0,-19760000.0,2935000.0,18805000.0,6998000.0,63261000.0,63261000.0,63261000.0,0.0,3585000.0,0.095,83597000.0,83814000.0,223001000.0,0.176,2.672,14.215,14.726,1064768000.0,0.0,36.52,1.382,1.401,472159000.0,1074394000.0,668177000.0,668177000.0,16800000.0,,,,,4590000.0,63519000.0,1.0,91407676.0,92654000,93905000.0,7.212,2515610000.0,34261000.0,16626000.0,137467000.0,27.151,734809000.0
54,ALB,MRQ,2007-12-31,2007-12-31,2007-12-31,2021-08-04,99885000.0,2841018000.0,,1064006000.0,1777012000.0,,13.291,-31254000.0,130551000.0,130551000.0,442798000.0,76252000.0,2.573,1.222,723938000.0,16627000.0,707311000.0,723938000.0,0.0,27031000.0,0.0,0.01,0.105,80249000.0,107280000.0,0.179,107280000.0,80249000.0,70744000.0,0.61,0.6,0.61,1278305000.0,,1278305000.0,4550194950.0,14.0,10.583,64491000.0,0.671,1.0,156358000.0,0.261,441539000.0,9505000.0,2579381000.0,,472826000.0,128170000.0,0.0,128170000.0,1562713000.0,413485000.0,1149228000.0,3952975950.0,29270000.0,-485000.0,-47763000.0,25564000.0,-9859000.0,-38129000.0,-32615000.0,-876000.0,95745000.0,4269000.0,58620000.0,58620000.0,58620000.0,0.0,17632000.0,0.098,78858000.0,77500000.0,198817000.0,0.172,3.092,17.21,17.116,1038543000.0,0.0,41.25,1.692,1.686,425362000.0,1023022000.0,599156000.0,599156000.0,16634000.0,,,,,4655000.0,62224000.0,1.0,95829720.0,96177000,97720000.0,6.23,2399479000.0,0.0,12124000.0,141588000.0,24.949,650521000.0
55,ALB,MRQ,2007-09-30,2007-09-30,2007-09-30,2021-08-04,42925000.0,2724987000.0,,1011374000.0,1713613000.0,,12.763,-24835000.0,101281000.0,101281000.0,431019000.0,59099000.0,2.52,1.242,698500000.0,18774000.0,679726000.0,698500000.0,0.0,26066000.0,0.0,0.009,0.105,79032000.0,105098000.0,0.18,105098000.0,79032000.0,69532000.0,0.62,0.61,0.62,1215604000.0,,1215604000.0,4817118201.0,15.0,11.3,40146000.0,0.422,1.0,152962000.0,0.262,435997000.0,9500000.0,2484946000.0,,446298000.0,124594000.0,0.0,124594000.0,1509383000.0,401263000.0,1108120000.0,4222281201.0,-99125000.0,-17444000.0,243000.0,-110756000.0,-9985000.0,-121528000.0,-42509000.0,-230000.0,64981000.0,-69000.0,59099000.0,59099000.0,59099000.0,0.0,0.0,0.101,76426000.0,76536000.0,181936000.0,0.169,3.473,18.04,17.967,1023681000.0,0.0,44.2,1.819,1.813,435189000.0,974349000.0,583981000.0,583981000.0,15422000.0,,,,,4760000.0,61004000.0,1.0,95526724.0,95245000,97106000.0,6.131,2288990000.0,28606000.0,10433000.0,119801000.0,24.033,610111000.0
56,ALB,MRQ,2007-06-30,2007-06-30,2007-06-30,2021-08-04,6221000.0,2664863000.0,,1028807000.0,1636056000.0,,11.672,-26754000.0,200406000.0,200406000.0,410430000.0,53863000.0,2.91,1.396,795243000.0,18387000.0,776856000.0,795243000.0,0.0,26409000.0,0.0,0.01,0.105,79865000.0,106274000.0,0.188,106274000.0,79865000.0,69448000.0,0.57,0.55,0.57,1112040000.0,,1112040000.0,4308169606.0,19.0,12.699,51623000.0,0.542,1.0,153382000.0,0.272,394724000.0,10417000.0,2511445000.0,,409914000.0,127721000.0,0.0,127721000.0,1552823000.0,353531000.0,1199292000.0,3691471606.0,75390000.0,0.0,-24045000.0,54252000.0,-11559000.0,19841000.0,-27856000.0,-1102000.0,78377000.0,5028000.0,53863000.0,53863000.0,53863000.0,0.0,0.0,0.096,79123000.0,74259000.0,176895000.0,0.184,3.32,20.828,20.715,989880000.0,0.0,38.53,1.574,1.565,388357000.0,915256000.0,563812000.0,563812000.0,14924000.0,,,,,4556000.0,59255000.0,1.0,95807724.0,95272000,97256000.0,5.918,2270139000.0,30130000.0,15585000.0,107874000.0,23.828,675276000.0
57,ALB,MRQ,2007-03-31,2007-03-31,2007-03-31,2021-08-04,-2603000.0,2609944000.0,,981103000.0,1628841000.0,,11.38,-27549000.0,125016000.0,125016000.0,429449000.0,58108000.0,2.661,1.407,741714000.0,7181000.0,734533000.0,741714000.0,0.0,27349000.0,0.0,0.009,0.105,83954000.0,111303000.0,0.189,111303000.0,83954000.0,75044000.0,0.61,0.6,0.61,1084388000.0,,1084388000.0,4517602515.0,21.0,13.84,-20291000.0,-0.213,1.0,159789000.0,0.271,402081000.0,8910000.0,2455871000.0,,390515000.0,120143000.0,0.0,120143000.0,1525556000.0,368690000.0,1156866000.0,3934511515.0,-24483000.0,0.0,-7695000.0,5383000.0,-8628000.0,-3673000.0,-29950000.0,-2401000.0,7258000.0,1882000.0,58108000.0,58108000.0,58108000.0,0.0,0.0,0.099,78197000.0,81592000.0,200130000.0,0.172,3.628,23.602,23.623,986890000.0,0.0,41.34,1.674,1.676,432996000.0,881466000.0,589238000.0,589238000.0,15711000.0,,,,,4139000.0,62486000.0,1.0,95174444.0,95288000,97504000.0,6.184,2207863000.0,32576000.0,16936000.0,113495000.0,23.17,612413000.0
58,ALB,MRQ,2006-12-31,2006-12-31,2006-12-31,2021-08-04,-10058000.0,2530368000.0,,960854000.0,1569514000.0,,10.833,-27524000.0,149499000.0,149499000.0,435788000.0,62977000.0,1.99,1.461,732590000.0,50731000.0,681859000.0,732590000.0,0.0,26935000.0,0.0,0.01,0.09,76670000.0,103605000.0,0.177,103605000.0,76670000.0,66121000.0,0.66,0.65,0.66,1028098000.0,,1028098000.0,4104754132.0,22.0,13.589,132912000.0,1.401,1.0,148749000.0,0.254,403051000.0,10549000.0,2227459000.0,,378302000.0,111633000.0,0.0,111633000.0,1502270000.0,482949000.0,1019321000.0,3409338132.0,59924000.0,-970000.0,-9442000.0,-54599000.0,-8496000.0,-71485000.0,-29560000.0,-1066000.0,160436000.0,533000.0,62977000.0,62977000.0,62977000.0,0.0,0.0,0.108,71908000.0,76841000.0,202488000.0,0.136,3.316,23.847,23.775,980575000.0,0.0,35.9,1.439,1.434,400053000.0,838162000.0,584537000.0,584537000.0,12107000.0,,,,,4321000.0,59801000.0,1.0,94967636.0,94900000,97517000.0,6.16,2127317000.0,33000000.0,3144000.0,162643000.0,22.416,477905000.0
59,ALB,MRQ,2006-09-30,2006-09-30,2006-09-30,2021-08-04,45448000.0,2612707000.0,,932254000.0,1680453000.0,,10.867,-38038000.0,89575000.0,89575000.0,459590000.0,2289000.0,2.236,1.537,784991000.0,51743000.0,733248000.0,784991000.0,0.0,28349000.0,0.0,0.012,0.09,-10282000.0,18067000.0,0.03,18067000.0,-10282000.0,-21041000.0,0.02,0.02,0.02,1029703000.0,,1029703000.0,3276694951.0,21.0,12.109,46011000.0,0.486,1.0,148228000.0,0.244,395891000.0,10759000.0,2495330000.0,,385804000.0,114012000.0,0.0,114012000.0,1583004000.0,416902000.0,1166102000.0,2575854951.0,-9420000.0,-25000000.0,-3971000.0,-16079000.0,-7838000.0,-27144000.0,-63480000.0,-442000.0,84049000.0,-2845000.0,2289000.0,2289000.0,2289000.0,0.0,0.0,0.004,158724000.0,-10496000.0,209373000.0,4.5,2.502,22.96,22.732,964351000.0,0.0,27.165,1.086,1.085,430112000.0,783727000.0,607818000.0,607818000.0,11549000.0,,,,,4404000.0,58000000.0,1.0,94822564.0,94755000,97298000.0,6.415,2216816000.0,26763000.0,-23330000.0,204680000.0,23.395,515352000.0
60,ALB,MRQ,2006-06-30,2006-06-30,2006-06-30,2021-08-04,40863000.0,2642142000.0,,933101000.0,1709041000.0,,10.881,-27994000.0,98995000.0,98995000.0,437413000.0,43327000.0,2.224,1.564,799835000.0,51562000.0,748273000.0,799835000.0,0.0,27040000.0,0.0,0.014,0.083,66405000.0,93445000.0,0.164,93445000.0,66405000.0,54368000.0,0.46,0.45,0.46,1030286000.0,,1030286000.0,3026887020.0,15.0,9.379,67088000.0,0.709,1.0,131384000.0,0.231,405092000.0,12037000.0,2518256000.0,,415719000.0,109904000.0,0.0,109904000.0,1611856000.0,419634000.0,1192222000.0,2265811020.0,31895000.0,0.0,996000.0,-31027000.0,-7776000.0,-39288000.0,-28270000.0,-276000.0,95082000.0,4371000.0,43327000.0,43327000.0,43327000.0,0.0,0.0,0.076,73400000.0,57984000.0,212258000.0,0.18,2.199,16.637,16.454,986490000.0,0.0,23.94,0.998,0.998,397649000.0,789964000.0,568797000.0,568797000.0,11198000.0,,,,,4622000.0,62202000.0,1.0,94645406.0,94689000,97159000.0,6.007,2237050000.0,20738000.0,11041000.0,238025000.0,23.625,513467000.0
61,ALB,MRQ,2006-03-31,2006-03-31,2006-03-31,2021-08-04,23107000.0,2582249000.0,,899752000.0,1682497000.0,,10.322,-21018000.0,67100000.0,67100000.0,484901000.0,34376000.0,2.265,1.657,828176000.0,51824000.0,776352000.0,828176000.0,0.0,30626000.0,0.0,0.014,0.083,56332000.0,86958000.0,0.143,86958000.0,56332000.0,45713000.0,0.37,0.36,0.37,971864000.0,,971864000.0,2946315042.0,15.0,9.381,15709000.0,0.167,1.0,122453000.0,0.202,397638000.0,10619000.0,2548400000.0,,403951000.0,101088000.0,0.0,101088000.0,1610385000.0,397287000.0,1213098000.0,2114258042.0,8530000.0,0.0,1975000.0,-3265000.0,-7472000.0,-5608000.0,-23810000.0,-2792000.0,36727000.0,1221000.0,34376000.0,34376000.0,34376000.0,0.0,0.0,0.057,69298000.0,53155000.0,208509000.0,0.224,2.175,16.924,16.922,974071000.0,0.0,22.675,0.959,0.968,407968000.0,754456000.0,607354000.0,607354000.0,11445000.0,,,,,2491000.0,57853000.0,1.0,93241810.0,94153000,96569000.0,6.451,2184611000.0,20733000.0,11337000.0,220614000.0,23.203,502465000.0
62,ALB,MRQ,2005-12-31,2005-12-31,2005-12-31,2021-08-04,12047000.0,2555618000.0,,873663000.0,1681955000.0,,9.967,-19486000.0,58570000.0,58570000.0,476877000.0,32198000.0,2.071,1.747,833453000.0,57564000.0,775889000.0,833453000.0,0.0,31238000.0,0.0,0.016,0.08,40902000.0,72140000.0,0.123,72140000.0,40902000.0,30201000.0,0.345,0.33,0.345,930275000.0,,930275000.0,2619968707.0,14.0,8.679,55357000.0,0.593,1.0,111298000.0,0.189,394470000.0,10701000.0,2514114000.0,,411023000.0,92933000.0,0.0,92933000.0,1625343000.0,421917000.0,1203426000.0,1787911707.0,10711000.0,3168000.0,3453000.0,-43581000.0,-7455000.0,-51089000.0,-17894000.0,-1496000.0,74843000.0,4851000.0,32198000.0,32198000.0,32198000.0,0.0,0.0,0.055,71823000.0,39475000.0,222142000.0,0.232,1.922,15.565,15.464,966817000.0,0.0,19.175,0.848,0.843,387463000.0,727874000.0,588175000.0,588175000.0,10246000.0,,,,,2646000.0,58607000.0,1.0,93241810.0,93332000,96128000.0,6.302,2161148000.0,16607000.0,-1997000.0,218938000.0,23.155,451746000.0
63,ALB,MRQ,2005-09-30,2005-09-30,2005-09-30,2021-08-04,23430000.0,2561925000.0,,854715000.0,1707210000.0,,9.737,-14405000.0,47859000.0,47859000.0,406994000.0,26292000.0,1.981,1.823,879916000.0,59303000.0,820613000.0,879916000.0,0.0,28505000.0,0.0,0.016,0.08,41676000.0,70181000.0,0.139,70181000.0,41676000.0,30794000.0,0.28,0.275,0.28,907603000.0,,907603000.0,2542531668.0,14.0,8.773,38334000.0,0.411,1.0,99611000.0,0.197,409664000.0,10882000.0,2552964000.0,,431516000.0,97930000.0,0.0,97930000.0,1654322000.0,431354000.0,1222968000.0,1756533669.0,-50429000.0,6000000.0,189000.0,-88211000.0,-7014000.0,-96236000.0,-8857000.0,-532000.0,52739000.0,1925000.0,26292000.0,26292000.0,26292000.0,0.0,0.0,0.052,60530000.0,39081000.0,205310000.0,0.286,1.935,17.169,16.756,982759000.0,0.0,18.85,0.891,0.892,354611000.0,703151000.0,506605000.0,506605000.0,10107000.0,,,,,-388000.0,50423000.0,1.0,93184810.0,93214000,96028000.0,5.435,2152261000.0,20729000.0,4502000.0,235276000.0,23.089,423361000.0
64,ALB,MRQ,2005-06-30,2005-06-30,2005-06-30,2021-08-04,36186000.0,2525927000.0,,857558000.0,1668369000.0,,9.577,-17388000.0,98288000.0,98288000.0,397587000.0,32058000.0,2.14,1.831,884286000.0,45048000.0,839238000.0,884286000.0,0.0,28647000.0,0.0,0.016,0.075,56141000.0,84788000.0,0.169,84788000.0,56141000.0,46006000.0,0.345,0.335,0.345,892213000.0,,892213000.0,2490222610.0,18.0,9.884,26335000.0,0.283,1.0,105167000.0,0.209,434955000.0,10135000.0,2476223000.0,,396826000.0,128027000.0,0.0,128027000.0,1633714000.0,400747000.0,1232967000.0,1698495610.0,24508000.0,-6364000.0,409000.0,20412000.0,-6980000.0,12841000.0,-22479000.0,1273000.0,43723000.0,-9577000.0,32058000.0,32058000.0,32058000.0,0.0,0.0,0.064,59143000.0,46024000.0,198460000.0,0.217,1.904,22.104,21.327,882307000.0,0.0,18.235,0.905,0.905,346875000.0,676864000.0,502754000.0,502754000.0,10342000.0,,,,,3381000.0,53669000.0,1.0,93144810.0,93162000,95942000.0,5.397,2090972000.0,15569000.0,13948000.0,248371000.0,22.444,456811000.0
65,ALB,MRQ,2005-03-31,2005-03-31,2005-03-31,2021-08-04,36160000.0,2503374000.0,,841911000.0,1661463000.0,,9.57,-18801000.0,73780000.0,73780000.0,402643000.0,24319000.0,2.153,1.872,865507000.0,45051000.0,820456000.0,865507000.0,0.0,29045000.0,0.0,0.016,0.075,45712000.0,74757000.0,0.147,74757000.0,45712000.0,35459000.0,0.265,0.26,0.265,871568000.0,,871568000.0,2591322766.0,23.0,11.811,-21244000.0,-0.233,1.0,107322000.0,0.21,407787000.0,10253000.0,2496198000.0,,369670000.0,125510000.0,0.0,125510000.0,1631806000.0,391116000.0,1240690000.0,1693081766.0,27390000.0,-10277000.0,150157000.0,-80100000.0,-4998000.0,65255000.0,-28797000.0,281000.0,-2443000.0,-6625000.0,24319000.0,24319000.0,24319000.0,0.0,0.0,0.048,68006000.0,39316000.0,210847000.0,0.283,1.943,25.828,23.921,909462000.0,0.0,18.18,0.995,0.973,374609000.0,659248000.0,509965000.0,509965000.0,10980000.0,,,,,3373000.0,57026000.0,1.0,93128810.0,91076000,93880000.0,5.599,2095587000.0,23852000.0,11140000.0,254445000.0,23.009,450795000.0
66,ALB,MRQ,2004-12-31,2004-12-31,2004-12-31,2021-08-04,46203000.0,2442745000.0,,747410000.0,1695335000.0,,8.557,-20050000.0,46390000.0,46390000.0,355436000.0,19637000.0,2.0,2.434,944631000.0,45047000.0,899584000.0,944631000.0,0.0,27980000.0,0.0,0.015,0.075,32110000.0,60090000.0,0.133,60090000.0,32110000.0,23928000.0,0.235,0.225,0.235,711375000.0,,711375000.0,2505126645.0,28.0,13.435,41120000.0,0.495,1.0,95629000.0,0.212,404128000.0,8182000.0,2563112000.0,,338757000.0,170957000.0,0.0,170957000.0,1731370000.0,373746000.0,1357624000.0,1612677645.0,-14427000.0,-26769000.0,5145000.0,-17381000.0,-7293000.0,-23492000.0,-49890000.0,-2239000.0,61170000.0,-2215000.0,19637000.0,19637000.0,19637000.0,0.0,0.0,0.044,76357000.0,19272000.0,206984000.0,0.319,2.267,29.407,29.326,895984000.0,0.0,19.355,1.065,1.063,341551000.0,641914000.0,451065000.0,451065000.0,12505000.0,,,,,7981000.0,51659000.0,1.0,83320984.0,83134000,,5.426,2038617000.0,20712000.0,4291000.0,282418000.0,24.522,373664000.0
67,ALB,MRQ,2004-09-30,2004-09-30,2004-09-30,2021-08-04,25197000.0,2429140000.0,,740366000.0,1688774000.0,,7.982,-17968000.0,60817000.0,60817000.0,337796000.0,827000.0,0.906,2.661,953266000.0,495047000.0,458219000.0,953266000.0,0.0,26326000.0,0.0,0.017,0.072,5980000.0,32306000.0,0.078,32306000.0,5980000.0,-270000.0,0.01,0.01,0.01,663603000.0,,663603000.0,1596498717.0,20.0,9.21,26471000.0,0.318,1.0,76108000.0,0.184,360794000.0,6250000.0,2143404000.0,,289393000.0,0.0,0.0,0.0,1765537000.0,817391000.0,948146000.0,1458621717.0,22164000.0,-779724000.0,1976000.0,776839000.0,-6108000.0,771107000.0,-796357000.0,0.0,44439000.0,2975000.0,827000.0,827000.0,827000.0,0.0,0.0,0.002,54977000.0,21131000.0,196952000.0,7.2,2.198,28.056,28.072,889174000.0,0.0,17.545,1.074,1.074,373697000.0,628557000.0,413904000.0,413904000.0,9101000.0,,,,,0.0,43075000.0,1.0,83136034.0,83136034,,4.979,2068346000.0,16459000.0,-1097000.0,262752000.0,24.879,-77025000.0
68,ALB,MRQ,2004-06-30,2004-06-30,2004-06-30,2021-08-04,19912000.0,1381081000.0,,482658000.0,898423000.0,,7.886,-11236000.0,38653000.0,38653000.0,260331000.0,20768000.0,2.034,1.109,176530000.0,44000.0,176486000.0,176530000.0,0.0,21396000.0,0.0,0.018,0.072,30843000.0,52239000.0,0.16,52239000.0,30843000.0,29484000.0,0.25,0.245,0.25,654976000.0,,654976000.0,1481052957.0,17.0,8.457,29525000.0,0.355,1.0,66428000.0,0.203,120636000.0,1359000.0,1161072000.0,,191814000.0,0.0,0.0,0.0,726105000.0,237250000.0,488855000.0,1314341957.0,-11868000.0,3081000.0,1287000.0,-40295000.0,-5911000.0,-46088000.0,-8198000.0,0.0,40761000.0,1657000.0,20768000.0,20768000.0,20768000.0,0.0,0.0,0.064,38287000.0,28141000.0,129997000.0,0.288,2.007,21.54,21.531,509867000.0,0.0,15.825,1.077,1.077,238668000.0,627742000.0,326759000.0,326759000.0,5088000.0,,,,,0.0,32649000.0,1.0,83054784.0,83054784,,3.934,1260445000.0,13523000.0,8716000.0,167348000.0,15.176,245408000.0
69,ALB,MRQ,2004-03-31,2004-03-31,2004-03-31,2021-08-04,21859000.0,1385163000.0,,487500000.0,897663000.0,,7.731,-8398000.0,50521000.0,50521000.0,261225000.0,13607000.0,2.249,1.163,217232000.0,47000.0,217185000.0,217232000.0,0.0,21566000.0,0.0,0.02,0.072,20261000.0,41827000.0,0.13,41827000.0,20261000.0,18702000.0,0.165,0.16,0.165,640422000.0,,640422000.0,1394557000.0,17.0,8.223,36787000.0,0.444,1.0,60784000.0,0.189,120785000.0,1559000.0,1214304000.0,,186474000.0,0.0,0.0,0.0,744741000.0,216785000.0,527956000.0,1201151000.0,15348000.0,-5325000.0,2672000.0,-11404000.0,-5963000.0,-15195000.0,-14183000.0,0.0,45185000.0,-459000.0,13607000.0,13607000.0,13607000.0,0.0,0.0,0.042,39440000.0,21344000.0,119735000.0,0.436,1.876,18.772,18.71,513512000.0,0.0,14.5,1.031,1.031,233847000.0,613012000.0,322009000.0,322009000.0,4579000.0,,,,,0.0,30354000.0,1.0,82838000.0,82838000,,3.887,1264378000.0,16658000.0,5095000.0,166003000.0,15.263,270715000.0
70,ALB,MRQ,2003-12-31,2003-12-31,2003-12-31,2021-08-04,23643000.0,1387291000.0,,481369000.0,905922000.0,,7.711,-10751000.0,35173000.0,35173000.0,231396000.0,16788000.0,2.291,1.181,228579000.0,190000.0,228389000.0,228579000.0,0.0,22249000.0,0.0,0.019,0.072,24717000.0,46966000.0,0.159,46966000.0,24717000.0,23384000.0,0.2,0.2,0.2,636221000.0,,636221000.0,1438582100.0,16.0,8.21,31560000.0,0.382,1.0,63728000.0,0.216,118584000.0,1333000.0,1252042000.0,,204703000.0,49375000.0,0.0,49375000.0,751070000.0,210071000.0,540999000.0,1232906100.0,189000.0,-16183000.0,219000.0,-12849000.0,-5768000.0,-18732000.0,-26934000.0,0.0,42311000.0,3544000.0,16788000.0,16788000.0,16788000.0,0.0,0.0,0.057,39024000.0,24704000.0,111431000.0,0.36,1.938,17.137,17.224,527005000.0,0.0,14.985,1.11,1.114,226026000.0,611430000.0,295124000.0,295124000.0,4278000.0,,,,,0.0,32200000.0,1.0,82276016.0,82510000,,3.577,1268707000.0,15467000.0,6596000.0,166011000.0,15.376,271298000.0
71,ALB,MRQ,2003-09-30,2003-09-30,2003-09-30,2021-08-04,7987000.0,1326251000.0,,449639000.0,876612000.0,,7.311,-11029000.0,20789000.0,20789000.0,220543000.0,9856000.0,2.244,1.199,226465000.0,178000.0,226287000.0,226465000.0,0.0,20986000.0,0.0,0.02,0.07,13107000.0,34093000.0,0.123,34093000.0,13107000.0,11658000.0,0.12,0.115,0.12,602988000.0,,602988000.0,1257308172.0,14.0,7.348,11425000.0,0.139,1.0,56008000.0,0.203,112320000.0,1449000.0,1219227000.0,,186013000.0,0.0,0.0,0.0,723263000.0,200380000.0,522883000.0,1131942172.0,-26108000.0,-80581000.0,-3040000.0,52878000.0,-5762000.0,42877000.0,-91610000.0,0.0,22454000.0,171000.0,9856000.0,9856000.0,9856000.0,0.0,0.0,0.036,40238000.0,15770000.0,100475000.0,0.583,1.877,16.094,16.147,531539000.0,0.0,13.725,1.061,1.061,212829000.0,594287000.0,276551000.0,276551000.0,4770000.0,,,,,0.0,27965000.0,1.0,82473018.0,82473018,,3.353,1213931000.0,30008000.0,1802000.0,159958000.0,14.719,249259000.0
72,ALB,MRQ,2003-06-30,2003-06-30,2003-06-30,2021-08-04,6250000.0,1249182000.0,,443760000.0,805422000.0,,7.214,-10421000.0,49993000.0,49993000.0,211591000.0,23734000.0,2.43,1.102,175359000.0,176000.0,175183000.0,175359000.0,0.0,20641000.0,0.0,0.02,0.07,26060000.0,46701000.0,0.172,46701000.0,26060000.0,24803000.0,0.29,0.28,0.29,594400000.0,,594400000.0,1296641784.0,12.0,6.906,26192000.0,0.318,1.0,60232000.0,0.222,59649000.0,1257000.0,1132311000.0,,173650000.0,0.0,0.0,0.0,654782000.0,182588000.0,472194000.0,1152352784.0,8392000.0,-4597000.0,111000.0,-10689000.0,-5746000.0,-17825000.0,-14815000.0,203000.0,36613000.0,4419000.0,23734000.0,23734000.0,23734000.0,0.0,0.0,0.087,33856000.0,26376000.0,96673000.0,0.241,1.939,14.256,14.344,515969000.0,0.0,13.985,1.085,1.085,193010000.0,587610000.0,271823000.0,271823000.0,4421000.0,,,,,0.0,29435000.0,1.0,82399198.0,82399198,,3.299,1189533000.0,27107000.0,1069000.0,157759000.0,14.436,261172000.0
73,ALB,MRQ,2003-03-31,2003-03-31,2003-03-31,2021-08-04,-1264000.0,1225773000.0,,424353000.0,801420000.0,,6.835,-8857000.0,40287000.0,40287000.0,208197000.0,21567000.0,2.323,1.151,184576000.0,168000.0,184408000.0,184576000.0,0.0,20138000.0,0.0,0.023,0.07,27327000.0,47465000.0,0.178,47465000.0,27327000.0,25990000.0,0.26,0.255,0.26,569963000.0,,569963000.0,1158046002.0,11.0,6.135,39863000.0,0.478,1.0,58542000.0,0.219,60689000.0,1337000.0,1126719000.0,,163325000.0,0.0,0.0,0.0,655810000.0,182654000.0,473156000.0,1015202002.0,4916000.0,-28392000.0,-13213000.0,6531000.0,-5918000.0,-12600000.0,-33033000.0,4216000.0,48720000.0,1829000.0,21567000.0,21567000.0,21567000.0,0.0,0.0,0.081,32568000.0,25974000.0,81977000.0,0.269,1.781,13.051,13.021,516233000.0,0.0,12.175,0.974,0.974,190972000.0,570799000.0,266739000.0,266739000.0,4942000.0,,,,,0.0,27626000.0,1.0,83384148.0,83384148,,3.199,1165084000.0,29769000.0,4423000.0,158875000.0,13.972,241699000.0
74,ALB,MRQ,2002-12-31,2002-12-31,2002-12-31,2021-08-04,-4514000.0,1200398000.0,,420506000.0,779892000.0,,6.82,-10476000.0,47784000.0,47784000.0,198035000.0,15177000.0,2.564,1.09,190628000.0,343000.0,190285000.0,190628000.0,0.0,19957000.0,0.0,0.019,0.07,22897000.0,42854000.0,0.17,42854000.0,22897000.0,21602000.0,0.18,0.175,0.18,574337000.0,,574337000.0,1327607375.0,13.0,7.108,6374000.0,0.076,1.0,53641000.0,0.213,35171000.0,1295000.0,1144046000.0,,161615000.0,0.0,0.0,0.0,626061000.0,164025000.0,462036000.0,1185748375.0,11691000.0,-583000.0,128000.0,12085000.0,-5748000.0,6465000.0,-14198000.0,-1741000.0,16850000.0,2574000.0,15177000.0,15177000.0,15177000.0,0.0,0.0,0.06,31875000.0,21766000.0,75092000.0,0.389,2.065,16.238,16.445,519071000.0,0.0,14.225,1.176,1.188,193573000.0,576148000.0,251676000.0,251676000.0,3569000.0,,,,,0.0,27606000.0,1.0,83356652.0,84208000,,2.989,1165227000.0,17534000.0,6425000.0,140641000.0,13.837,256481000.0
75,ALB,MRQ,2002-09-30,2002-09-30,2002-09-30,2021-08-04,-7918000.0,1155490000.0,,404103000.0,751387000.0,,6.66,-8639000.0,36093000.0,36093000.0,206740000.0,20352000.0,2.302,1.081,177952000.0,323000.0,177629000.0,177952000.0,0.0,20171000.0,0.0,0.021,0.07,30563000.0,50734000.0,0.187,50734000.0,30563000.0,29248000.0,0.245,0.24,0.245,555148000.0,,555148000.0,1231494266.0,12.0,6.562,38554000.0,0.463,1.0,64974000.0,0.239,34570000.0,1315000.0,1087225000.0,,159043000.0,0.0,0.0,0.0,600342000.0,175554000.0,424788000.0,1053988266.0,2689000.0,-621000.0,40000.0,-32457000.0,-5915000.0,-38332000.0,-6121000.0,0.0,47193000.0,-51000.0,20352000.0,20352000.0,20352000.0,0.0,0.0,0.075,33570000.0,31404000.0,74190000.0,0.286,1.899,14.659,14.964,518816000.0,0.0,12.645,1.032,1.032,187609000.0,560489000.0,271714000.0,271714000.0,4120000.0,,,,,0.0,29450000.0,1.0,83352176.0,83352176,,3.26,1120920000.0,21358000.0,8896000.0,144226000.0,13.448,228549000.0
76,ALB,MRQ,2002-06-30,2002-06-30,2002-06-30,2021-08-04,-7120000.0,1161966000.0,,402775000.0,759191000.0,,6.505,-11085000.0,33404000.0,33404000.0,194551000.0,20694000.0,1.114,1.146,210910000.0,198838000.0,12072000.0,210910000.0,0.0,20206000.0,0.0,0.013,0.065,27495000.0,47701000.0,0.189,47701000.0,27495000.0,26260000.0,0.25,0.24,0.25,541387000.0,,541387000.0,1489142517.0,15.0,8.2,34099000.0,0.41,1.0,58155000.0,0.23,35215000.0,1235000.0,942672000.0,,163098000.0,0.0,0.0,0.0,620579000.0,361585000.0,258994000.0,1279529517.0,3906000.0,-1887000.0,1711000.0,-29909000.0,-5398000.0,-33596000.0,-12972000.0,0.0,45184000.0,5290000.0,20694000.0,20694000.0,20694000.0,0.0,0.0,0.082,32936000.0,25219000.0,70545000.0,0.26,2.363,18.731,19.586,531356000.0,0.0,15.375,1.29,1.29,189609000.0,545971000.0,252706000.0,252706000.0,4020000.0,,,,,0.0,28916000.0,1.0,83221432.0,83221432,,3.037,1126751000.0,16664000.0,5566000.0,139555000.0,13.539,41190000.0
77,ALB,MRQ,2002-03-31,2002-03-31,2002-03-31,2021-08-04,-19377000.0,1130910000.0,,384337000.0,746573000.0,,5.626,-8182000.0,29498000.0,29498000.0,176062000.0,16798000.0,1.017,1.209,239111000.0,227051000.0,12060000.0,239111000.0,0.0,20269000.0,0.0,0.014,0.065,25222000.0,45491000.0,0.196,45491000.0,25222000.0,23997000.0,0.195,0.19,0.195,511902000.0,,511902000.0,1393560420.0,15.0,7.971,27362000.0,0.301,1.0,55760000.0,0.241,32714000.0,1225000.0,929732000.0,,165835000.0,0.0,0.0,0.0,619008000.0,378077000.0,240931000.0,1253930420.0,-1087000.0,-1277000.0,-92498000.0,68935000.0,-5918000.0,-29481000.0,-7718000.0,1741000.0,35544000.0,568000.0,16798000.0,16798000.0,16798000.0,0.0,0.0,0.072,31330000.0,24430000.0,65619000.0,0.333,2.45,20.089,19.827,523302000.0,0.0,13.78,1.32,1.32,171626000.0,530693000.0,231822000.0,231822000.0,4776000.0,,,,,0.0,25704000.0,1.0,90996402.0,90996402,,2.548,1098196000.0,17378000.0,7199000.0,120868000.0,12.069,6260000.0
78,ALB,MRQ,2001-12-31,2001-12-31,2001-12-31,2021-08-04,-18453000.0,1138272000.0,,383661000.0,754611000.0,,6.482,-11975000.0,30585000.0,30585000.0,208576000.0,14056000.0,1.263,0.919,170215000.0,157862000.0,12353000.0,170215000.0,0.0,22149000.0,0.0,0.016,0.065,21592000.0,43741000.0,0.165,43741000.0,21592000.0,20224000.0,0.155,0.155,0.155,593302000.0,,593302000.0,1241015408.0,12.0,6.881,29898000.0,0.327,1.0,56463000.0,0.213,31748000.0,1368000.0,942317000.0,,159661000.0,0.0,0.0,0.0,544970000.0,303837000.0,241133000.0,1091274408.0,-3637000.0,-6399000.0,-5198000.0,-12500000.0,-5650000.0,-23348000.0,-19257000.0,0.0,41873000.0,-2905000.0,14056000.0,14056000.0,14056000.0,0.0,0.0,0.053,35360000.0,21103000.0,63559000.0,0.419,1.839,16.009,16.107,529672000.0,0.0,12.0,1.158,1.165,175160000.0,560275000.0,265039000.0,265039000.0,5106000.0,,,,,0.0,28203000.0,1.0,90939534.0,91532000,,2.896,1106524000.0,18255000.0,6168000.0,116237000.0,12.089,79824000.0
79,ALB,MRQ,2001-09-30,2001-09-30,2001-09-30,2021-08-04,-14223000.0,1166461000.0,,411766000.0,754695000.0,,6.476,-9370000.0,34222000.0,34222000.0,185336000.0,16761000.0,1.208,0.963,183963000.0,171596000.0,12367000.0,183963000.0,0.0,18447000.0,0.0,0.021,0.0,26231000.0,44678000.0,0.185,44678000.0,26231000.0,24218000.0,0.185,0.18,0.185,594216000.0,,594216000.0,968882216.0,9.0,5.375,24210000.0,0.264,1.0,56681000.0,0.234,32573000.0,2013000.0,942747000.0,,173932000.0,0.0,0.0,0.0,572245000.0,340882000.0,231363000.0,867048216.0,26335000.0,-67648000.0,-2123000.0,73653000.0,-5955000.0,65575000.0,-76927000.0,0.0,33580000.0,4107000.0,16761000.0,16761000.0,16761000.0,0.0,0.0,0.069,31425000.0,25256000.0,68839000.0,0.0,1.459,12.418,12.434,538914000.0,0.0,9.45,0.942,0.942,185475000.0,552135000.0,242017000.0,242017000.0,5603000.0,,,,,0.0,25822000.0,1.0,91751134.0,91751134,,2.638,1133888000.0,18137000.0,7457000.0,123114000.0,12.358,70884000.0
80,ALB,MRQ,2001-06-30,2001-06-30,2001-06-30,2021-08-04,-21428000.0,999122000.0,,290914000.0,708208000.0,,6.303,-14089000.0,7887000.0,7887000.0,162550000.0,14805000.0,2.177,0.728,109721000.0,281000.0,109440000.0,109721000.0,0.0,18569000.0,0.0,0.022,0.065,22353000.0,40922000.0,0.194,40922000.0,22353000.0,21267000.0,0.16,0.16,0.16,578290000.0,,578290000.0,1135974199.0,10.0,5.991,22886000.0,0.249,1.0,48736000.0,0.231,20234000.0,1086000.0,947071000.0,,120326000.0,0.0,0.0,0.0,420832000.0,133651000.0,287181000.0,1062865199.0,-6678000.0,-45425000.0,7000.0,22202000.0,-6283000.0,15926000.0,-58860000.0,0.0,36975000.0,-719000.0,14805000.0,14805000.0,14805000.0,0.0,0.0,0.07,27619000.0,21117000.0,61793000.0,0.406,1.838,13.846,13.874,474572000.0,0.0,11.585,1.161,1.161,149353000.0,541337000.0,211286000.0,211286000.0,5433000.0,,,,,0.0,22186000.0,1.0,91744946.0,91744946,,2.303,978888000.0,13348000.0,6462000.0,109714000.0,10.67,157263000.0
81,ALB,MRQ,2001-03-31,2001-03-31,2001-03-31,2021-08-04,-18760000.0,971694000.0,,305812000.0,665882000.0,,6.177,-14469000.0,14565000.0,14565000.0,164955000.0,22545000.0,2.192,0.716,87674000.0,290000.0,87384000.0,87674000.0,0.0,18445000.0,0.0,0.021,0.065,32556000.0,51001000.0,0.227,51001000.0,32556000.0,31487000.0,0.245,0.24,0.245,566136000.0,,566136000.0,1107423030.0,8.0,5.104,16967000.0,0.185,1.0,59455000.0,0.265,21346000.0,1069000.0,883927000.0,,111539000.0,0.0,0.0,0.0,405558000.0,139530000.0,266028000.0,1028743030.0,-4735000.0,-6143000.0,591000.0,-9216000.0,-5956000.0,-14581000.0,-20590000.0,0.0,31436000.0,-1000000.0,22545000.0,22545000.0,22545000.0,0.0,0.0,0.1,28481000.0,30974000.0,65601000.0,0.265,1.817,10.741,10.742,482403000.0,0.0,11.225,1.106,1.106,167084000.0,526536000.0,224410000.0,224410000.0,5777000.0,,,,,0.0,22704000.0,1.0,91647486.0,91647486,,2.449,950348000.0,12624000.0,8942000.0,110290000.0,10.37,166282000.0
82,ALB,MRQ,2000-12-31,2000-12-31,2000-12-31,2021-08-04,-14688000.0,981803000.0,,315154000.0,666649000.0,,6.097,-12029000.0,19300000.0,19300000.0,180694000.0,15709000.0,2.218,0.757,97980000.0,299000.0,97681000.0,97980000.0,0.0,19438000.0,0.0,0.019,0.065,24222000.0,43660000.0,0.18,43660000.0,24222000.0,22766000.0,0.17,0.165,0.17,558907000.0,,558907000.0,1226340884.0,8.0,5.396,22540000.0,0.246,1.0,62016000.0,0.256,22455000.0,1456000.0,895912000.0,,107418000.0,0.0,0.0,0.0,422896000.0,142116000.0,280780000.0,1134219884.0,453000.0,-4761000.0,-1768000.0,-12092000.0,-5041000.0,-17588000.0,-17202000.0,0.0,34569000.0,674000.0,15709000.0,15709000.0,15709000.0,0.0,0.0,0.065,38631000.0,23385000.0,72296000.0,0.382,2.029,11.144,11.149,490074000.0,0.0,12.375,1.205,1.206,174297000.0,515914000.0,242710000.0,242710000.0,6745000.0,,,,,0.0,24120000.0,1.0,91654132.0,91668000,93188000.0,2.648,959348000.0,14139000.0,7057000.0,106236000.0,10.465,173038000.0
83,ALB,MRQ,2000-09-30,2000-09-30,2000-09-30,2021-08-04,-17229000.0,976935000.0,,312750000.0,664185000.0,,5.97,-12438000.0,18847000.0,18847000.0,168214000.0,23706000.0,2.188,0.786,110968000.0,286000.0,110682000.0,110968000.0,0.0,18123000.0,0.0,0.021,0.055,35908000.0,54031000.0,0.228,54031000.0,35908000.0,34357000.0,0.26,0.255,0.26,547067000.0,,547067000.0,1041031684.0,6.0,4.388,31953000.0,0.349,1.0,68839000.0,0.29,14684000.0,1551000.0,911434000.0,,104369000.0,0.0,0.0,0.0,429868000.0,142938000.0,286930000.0,924808684.0,1062000.0,-597000.0,14000.0,-22700000.0,-5040000.0,-27726000.0,-14442000.0,0.0,44391000.0,-1161000.0,23706000.0,23706000.0,23706000.0,0.0,0.0,0.1,34095000.0,34744000.0,69448000.0,0.212,1.69,8.409,8.448,482817000.0,0.0,10.095,1.002,1.002,176746000.0,506161000.0,237053000.0,237053000.0,6989000.0,,,,,0.0,27106000.0,1.0,91610568.0,91632000,93368000.0,2.587,962251000.0,12788000.0,10651000.0,106838000.0,10.501,169812000.0
84,ALB,MRQ,2000-06-30,2000-06-30,2000-06-30,2021-08-04,-12938000.0,969394000.0,,298942000.0,670452000.0,,5.809,-14272000.0,17785000.0,17785000.0,160200000.0,33813000.0,2.402,0.822,134008000.0,305000.0,133703000.0,134008000.0,0.0,18039000.0,0.0,0.021,0.055,50228000.0,68267000.0,0.302,68267000.0,50228000.0,49004000.0,0.37,0.365,0.37,532022000.0,,532022000.0,997154487.0,7.0,4.385,19278000.0,0.21,1.0,66006000.0,0.292,15643000.0,1224000.0,945526000.0,,109716000.0,0.0,0.0,0.0,437372000.0,124448000.0,312924000.0,904105487.0,-3593000.0,-40285000.0,-88000.0,19786000.0,-5036000.0,14662000.0,-53041000.0,0.0,33550000.0,1236000.0,33813000.0,33813000.0,33813000.0,0.0,0.0,0.149,16141000.0,49865000.0,61569000.0,0.149,1.699,8.743,8.817,481449000.0,0.0,9.875,1.006,1.01,159685000.0,487495000.0,226206000.0,226206000.0,6219000.0,,,,,0.0,25822000.0,1.0,91554986.0,91590000,93216000.0,2.47,953751000.0,11756000.0,15191000.0,104617000.0,10.413,174494000.0
85,ALB,MRQ,2000-03-31,2000-03-31,2000-03-31,2021-08-04,-13277000.0,914308000.0,,299247000.0,615061000.0,,5.444,-13509000.0,21378000.0,21378000.0,160878000.0,28548000.0,2.348,0.818,114427000.0,736000.0,113691000.0,114427000.0,0.0,18150000.0,0.0,0.02,0.055,43141000.0,61291000.0,0.26,61291000.0,43141000.0,41374000.0,0.31,0.305,0.31,502909000.0,,502909000.0,1069612148.0,7.0,4.902,28868000.0,0.312,1.0,74602000.0,0.317,16539000.0,1767000.0,863395000.0,,105562000.0,0.0,0.0,0.0,411399000.0,127423000.0,283976000.0,958473148.0,-27243000.0,-96000.0,-7956000.0,-44700000.0,-4635000.0,-57291000.0,-12322000.0,0.0,42377000.0,-7000.0,28548000.0,28548000.0,28548000.0,0.0,0.0,0.121,32434000.0,42168000.0,58404000.0,0.177,1.906,10.174,10.272,486804000.0,0.0,10.375,1.098,1.098,157844000.0,458724000.0,235480000.0,235480000.0,6248000.0,,,,,0.0,26186000.0,1.0,92382954.0,92382954,,2.549,897769000.0,14463000.0,12826000.0,105362000.0,9.718,171824000.0
86,ALB,MRQ,1999-12-31,1999-12-31,1999-12-31,2021-08-04,-9013000.0,954094000.0,,332599000.0,621495000.0,,5.269,-16271000.0,48621000.0,48621000.0,155916000.0,23905000.0,2.532,0.945,159760000.0,779000.0,158981000.0,159760000.0,0.0,18906000.0,0.0,0.021,0.05,34757000.0,53663000.0,0.239,53663000.0,34757000.0,33261000.0,0.255,0.255,0.255,490564000.0,,490564000.0,998633192.0,7.0,4.691,12074000.0,0.13,1.0,68767000.0,0.306,17897000.0,1496000.0,915983000.0,,110816000.0,0.0,0.0,0.0,463530000.0,131353000.0,332177000.0,897087192.0,2966000.0,-26600000.0,-13017000.0,11978000.0,-4690000.0,-5083000.0,-18834000.0,22054000.0,28345000.0,-1462000.0,23905000.0,23905000.0,23905000.0,0.0,0.0,0.106,33987000.0,34780000.0,61386000.0,0.196,1.829,10.099,10.153,495385000.0,0.0,9.595,1.06,1.064,155140000.0,435211000.0,224683000.0,224683000.0,8169000.0,,,,,0.0,21757000.0,1.0,93495278.0,93112000,94198000.0,2.413,936197000.0,18022000.0,9356000.0,106059000.0,10.055,201246000.0
87,ALB,MRQ,1999-09-30,1999-09-30,1999-09-30,2021-08-04,-4693000.0,949334000.0,,321151000.0,628183000.0,,5.197,-14503000.0,45655000.0,45655000.0,152602000.0,17139000.0,2.334,0.945,147201000.0,821000.0,146380000.0,147201000.0,0.0,19076000.0,0.0,0.02,0.05,25130000.0,44206000.0,0.208,44206000.0,25130000.0,23566000.0,0.185,0.18,0.185,487985000.0,,487985000.0,1067875616.0,8.0,4.994,33448000.0,0.356,1.0,59484000.0,0.28,18030000.0,1564000.0,895230000.0,,116797000.0,0.0,0.0,0.0,461349000.0,137620000.0,323729000.0,946852616.0,9781000.0,-2060000.0,-2805000.0,-11717000.0,-4703000.0,-19225000.0,-19481000.0,0.0,47951000.0,536000.0,17139000.0,17139000.0,17139000.0,0.0,0.0,0.081,34334000.0,25150000.0,57780000.0,0.27,1.94,10.806,10.881,505300000.0,0.0,10.065,1.145,1.143,141098000.0,415941000.0,212086000.0,212086000.0,8603000.0,,,,,0.0,24879000.0,1.0,94073782.0,93898000,94950000.0,2.259,931304000.0,17601000.0,6427000.0,112703000.0,9.918,183531000.0
88,ALB,MRQ,1999-06-30,1999-06-30,1999-06-30,2021-08-04,-6592000.0,937418000.0,,310279000.0,627139000.0,,5.065,-24628000.0,35874000.0,35874000.0,143438000.0,24613000.0,2.461,0.967,156897000.0,857000.0,156040000.0,156897000.0,0.0,18882000.0,0.0,0.017,0.05,40173000.0,59055000.0,0.294,59055000.0,40173000.0,37326000.0,0.26,0.26,0.26,476477000.0,,476477000.0,1359524159.0,10.0,6.368,379000.0,0.004,1.0,57373000.0,0.286,18177000.0,2847000.0,914175000.0,,124497000.0,0.0,0.0,0.0,460941000.0,126089000.0,334852000.0,1087940159.0,-2167000.0,20869000.0,117000.0,-152570000.0,-4703000.0,-157156000.0,131045000.0,136164000.0,25007000.0,-1063000.0,24613000.0,24613000.0,24613000.0,0.0,0.0,0.123,39421000.0,17952000.0,56224000.0,0.192,2.283,12.355,12.779,510206000.0,0.0,11.565,1.342,1.342,134203000.0,403492000.0,200811000.0,200811000.0,9093000.0,,,,,0.0,24549000.0,1.0,94071782.0,94066000,95462000.0,2.135,919241000.0,15705000.0,12713000.0,105589000.0,9.772,184190000.0
89,ALB,MRQ,1999-03-31,1999-03-31,1999-03-31,2021-08-04,4388000.0,1083039000.0,,314749000.0,768290000.0,,4.971,-22167000.0,38041000.0,38041000.0,137027000.0,23172000.0,2.541,1.317,309625000.0,378000.0,309247000.0,309625000.0,0.0,18886000.0,0.0,0.018,0.05,37057000.0,55943000.0,0.269,55943000.0,37057000.0,34585000.0,0.245,0.245,0.245,467430000.0,,467430000.0,1156111446.0,9.0,5.618,40827000.0,0.434,1.0,71318000.0,0.342,19236000.0,2472000.0,1211517000.0,,126627000.0,140089000.0,0.0,140089000.0,615609000.0,123870000.0,491739000.0,984353446.0,16861000.0,0.0,231000.0,117611000.0,-4701000.0,113141000.0,-158598000.0,-136164000.0,62994000.0,-676000.0,23172000.0,23172000.0,23172000.0,0.0,0.0,0.111,35074000.0,36244000.0,50004000.0,0.204,2.106,11.546,12.318,509813000.0,0.0,10.47,1.209,1.209,131145000.0,383582000.0,208345000.0,208345000.0,8523000.0,,,,,0.0,26551000.0,1.0,94016566.0,94032000,95492000.0,2.216,1063803000.0,18936000.0,11413000.0,119668000.0,11.313,190879000.0
90,ALB,MRQ,1998-12-31,1998-12-31,1998-12-31,2021-08-04,7360000.0,937797000.0,,311530000.0,626267000.0,,4.805,-19416000.0,21180000.0,21180000.0,143414000.0,22695000.0,2.886,1.076,192938000.0,408000.0,192530000.0,192938000.0,0.0,19553000.0,0.0,0.016,0.05,35074000.0,54627000.0,0.266,54627000.0,35074000.0,32890000.0,0.235,0.235,0.235,451667000.0,,451667000.0,1264717171.0,10.0,6.252,-955000.0,-0.01,1.0,62004000.0,0.302,21291000.0,2184000.0,980328000.0,,127206000.0,0.0,0.0,0.0,486130000.0,107936000.0,378194000.0,1116172171.0,-7997000.0,-15229000.0,6000.0,12318000.0,-4746000.0,7578000.0,-33807000.0,0.0,18461000.0,-229000.0,22695000.0,22695000.0,22695000.0,0.0,0.0,0.11,26921000.0,35083000.0,45073000.0,0.213,2.471,13.173,14.482,514668000.0,0.0,11.875,1.36,1.492,145207000.0,365113000.0,205418000.0,205418000.0,7809000.0,,,,,0.0,19112000.0,1.0,93993446.0,94002000,95176000.0,2.185,916506000.0,17937000.0,10195000.0,114454000.0,9.75,203594000.0
91,ALB,MRQ,1998-09-30,1998-09-30,1998-09-30,2021-08-04,6033000.0,904239000.0,,295460000.0,608779000.0,,4.102,-21570000.0,29177000.0,29177000.0,138683000.0,17577000.0,2.51,1.091,177722000.0,781000.0,176941000.0,177722000.0,0.0,19216000.0,0.0,0.019,0.045,24637000.0,43853000.0,0.224,43853000.0,24637000.0,24041000.0,0.165,0.165,0.165,432340000.0,,432340000.0,1033429752.0,9.0,5.308,10512000.0,0.1,1.0,57509000.0,0.293,17059000.0,596000.0,917993000.0,,116414000.0,0.0,0.0,0.0,471899000.0,117732000.0,354167000.0,993113752.0,-13914000.0,0.0,-113755000.0,93607000.0,-4781000.0,-24929000.0,-20656000.0,0.0,32082000.0,-411000.0,17577000.0,17577000.0,17577000.0,0.0,0.0,0.09,33269000.0,24240000.0,45891000.0,0.273,2.297,11.975,12.214,505078000.0,0.0,9.405,1.193,1.191,130976000.0,347119000.0,196192000.0,196192000.0,7903000.0,,,,,0.0,25366000.0,1.0,105594232.0,105390000,106586000.0,1.862,887180000.0,18893000.0,6464000.0,114546000.0,8.418,177728000.0
92,ALB,MRQ,1998-06-30,1998-06-30,1998-06-30,2021-08-04,-2111000.0,899701000.0,,303124000.0,596577000.0,,4.948,-17400000.0,43091000.0,43091000.0,137925000.0,21811000.0,2.534,0.713,83407000.0,380000.0,83027000.0,83407000.0,0.0,18636000.0,0.0,0.016,0.045,32716000.0,51352000.0,0.252,51352000.0,32716000.0,31961000.0,0.205,0.205,0.205,525120000.0,,525120000.0,1218934274.0,10.0,6.229,17129000.0,0.161,1.0,66178000.0,0.324,16502000.0,755000.0,803872000.0,,109307000.0,0.0,0.0,0.0,374581000.0,119643000.0,254938000.0,1171835274.0,847000.0,0.0,-7575000.0,-4602000.0,-4781000.0,-16958000.0,-16724000.0,0.0,34529000.0,0.0,21811000.0,21811000.0,21811000.0,0.0,0.0,0.107,33978000.0,32200000.0,48527000.0,0.22,2.232,13.967,14.232,495928000.0,0.0,11.03,1.39,1.389,132499000.0,334288000.0,204103000.0,204103000.0,6889000.0,,,,,0.0,27089000.0,1.0,106240732.0,106138000,107362000.0,1.923,883199000.0,18227000.0,10150000.0,111545000.0,8.321,183481000.0
93,ALB,MRQ,1998-03-31,1998-03-31,1998-03-31,2021-08-04,-3421000.0,901828000.0,,306862000.0,594966000.0,,4.81,-18361000.0,42244000.0,42244000.0,147328000.0,22649000.0,2.378,0.753,89343000.0,375000.0,88968000.0,89343000.0,0.0,17607000.0,0.0,0.013,0.045,34858000.0,52465000.0,0.244,52465000.0,34858000.0,33906000.0,0.21,0.21,0.21,514355000.0,,514355000.0,1411285150.0,11.0,7.252,34421000.0,0.322,1.0,67821000.0,0.315,16810000.0,952000.0,803050000.0,,98580000.0,0.0,0.0,0.0,387473000.0,129067000.0,258406000.0,1353814150.0,7922000.0,0.0,-18862000.0,-2459000.0,-4963000.0,-26284000.0,-18576000.0,0.0,52782000.0,0.0,22649000.0,22649000.0,22649000.0,0.0,0.0,0.105,33629000.0,34192000.0,55789000.0,0.214,2.632,16.419,16.722,496436000.0,0.0,12.625,1.599,1.595,146762000.0,317258000.0,215149000.0,215149000.0,7054000.0,,,,,0.0,26575000.0,1.0,107232804.0,106938000,107962000.0,2.012,885018000.0,19276000.0,11257000.0,116079000.0,8.276,177795000.0
94,ALB,MRQ,1997-12-31,1997-12-31,1997-12-31,2021-08-04,-1445000.0,888181000.0,,296736000.0,591445000.0,,4.697,-11999000.0,34322000.0,34322000.0,152335000.0,20894000.0,2.636,0.717,91793000.0,379000.0,91414000.0,91793000.0,0.0,18327000.0,0.0,0.013,0.045,28682000.0,47009000.0,0.217,47009000.0,28682000.0,28522000.0,0.19,0.19,0.19,517336000.0,,517336000.0,,,,17410000.0,0.158,1.0,64335000.0,0.297,17601000.0,160000.0,815491000.0,,90283000.0,0.0,0.0,0.0,370845000.0,112560000.0,258285000.0,1280359680.0,23983000.0,0.0,-37328000.0,53778000.0,-4988000.0,11462000.0,-18592000.0,-7789000.0,29409000.0,1704000.0,20894000.0,20894000.0,20894000.0,0.0,0.0,0.096,35731000.0,28604000.0,50668000.0,0.237,2.475,16.008,16.469,496640000.0,0.0,11.94,1.543,1.587,154421000.0,299401000.0,216670000.0,216670000.0,8512000.0,,,,,0.0,27219000.0,1.0,107232804.0,110148000,111258000.0,1.967,870580000.0,17710000.0,7628000.0,106150000.0,7.904,184176000.0
95,ALB,MRQ,1997-09-30,1997-09-30,1997-09-30,2021-08-04,,,,,,,,-20984000.0,,,144191000.0,18548000.0,,,,,,,,17110000.0,,0.012,0.045,27743000.0,44853000.0,0.217,44853000.0,27743000.0,27591000.0,0.17,0.165,0.17,,,,,,,7350000.0,0.066,1.0,62920000.0,0.304,,152000.0,,,,,,,,,,,6481000.0,0.0,1800000.0,422000.0,-3869000.0,-1647000.0,-20206000.0,0.0,28334000.0,0.0,18548000.0,18548000.0,18548000.0,0.0,0.0,0.09,35495000.0,27425000.0,,0.265,,,,,0.0,12.595,,,,,207111000.0,207111000.0,7709000.0,,,,,0.0,27786000.0,1.0,,110666000,111820000.0,1.871,,,9043000.0,,,
96,ALB,MRQ,1997-06-30,1997-06-30,1997-06-30,2021-08-04,,,,,,,,-24877000.0,,,139866000.0,20363000.0,,,,,,,,17510000.0,,0.013,0.035,32771000.0,50281000.0,0.242,50281000.0,32771000.0,32561000.0,0.185,0.185,0.185,,,,,,,-1037000.0,-0.009,1.0,67809000.0,0.327,,210000.0,,,,,,,,,,,1243000.0,0.0,2958000.0,2374000.0,-3853000.0,1479000.0,-24076000.0,0.0,23840000.0,0.0,20363000.0,20363000.0,20363000.0,0.0,0.0,0.098,35497000.0,32312000.0,,0.189,,,,,0.0,10.53,,,,,207675000.0,207675000.0,7828000.0,,,,,0.0,27669000.0,1.0,,110408000,111198000.0,1.881,,,12198000.0,,,
97,ALB,MRQ,1997-03-31,1997-03-31,1997-03-31,2021-08-04,,,,,,,,-27424000.0,,,132032000.0,20177000.0,,,,,,,,16097000.0,,0.015,0.035,32428000.0,48525000.0,0.245,48525000.0,32428000.0,32231000.0,0.185,0.18,0.185,,,,,,,-11903000.0,-0.108,1.0,66362000.0,0.334,,197000.0,,,,,,,,,,,-11627000.0,0.0,6000.0,4115000.0,-3853000.0,268000.0,-27416000.0,0.0,15521000.0,0.0,20177000.0,20177000.0,20177000.0,0.0,0.0,0.102,33996000.0,32366000.0,,0.189,,,,,0.0,8.94,,,,,198394000.0,198394000.0,7397000.0,,,,,0.0,26599000.0,1.0,,110092000,111070000.0,1.802,,,12054000.0,,,
98,ALB,MRQ,1996-12-31,1996-12-31,1996-12-31,2021-08-04,16677000.0,846261000.0,,259141000.0,587120000.0,,4.329,,14242000.0,14242000.0,,,1.752,0.675,31863000.0,7457000.0,24406000.0,31863000.0,0.0,,0.0,0.014,0.035,,,,,,,,,,505198000.0,,505198000.0,,,,,,1.0,,,23092000.0,,692842000.0,,84499000.0,0.0,0.0,0.0,341063000.0,147948000.0,193115000.0,,,,,,,,,,,,,,,,,,,,66968000.0,,,,6.787,495724000.0,,9.06,,1.237,141293000.0,237081000.0,,,,,,,,,,1.0,,116706000,,,823169000.0,19107000.0,,118430000.0,7.053,111193000.0
0,ALB,MRT,2021-06-30,2021-06-30,2021-06-30,2021-08-04,-328001000.0,10796926000.0,10442539250.0,2151354000.0,8645572000.0,0.309,52.783,-828401000.0,823572000.0,823572000.0,2197622000.0,783128000.0,2.184,0.719,2044417000.0,623000.0,2043794000.0,2044417000.0,0.0,244132000.0,0.0,0.009,1.55,942270000.0,1186402000.0,0.367,1186402000.0,942270000.0,852857000.0,6.19,6.17,6.19,6165549000.0,5076260250.0,6165549000.0,21123747808.0,22.0,17.805,148449000.0,1.271,1.0,1031580000.0,0.319,1971812000.0,89413000.0,9061031000.0,9217251250.0,732563000.0,907080000.0,0.0,907080000.0,4431155000.0,984928000.0,3446227000.0,19662958808.0,86876000.0,301467000.0,1497851000.0,-1624460000.0,-168546000.0,-392318000.0,-525201000.0,1733000.0,976850000.0,27545000.0,703213000.0,703213000.0,703213000.0,0.0,79915000.0,0.218,493223000.0,538357000.0,535153000.0,0.25,3.189,27.962,27.215,5510599000.0,0.0,168.46,6.089,6.094,513478000.0,3584400000.0,3229202000.0,3229202000.0,57519000.0,0.067,0.139,0.102,0.292,21497000.0,435704000.0,1.0,116721826.0,116809000,117436000.0,27.645,8825114000.0,0.0,149644000.0,514208000.0,75.552,1166426000.0
1,ALB,MRT,2021-03-31,2021-03-31,2021-03-31,2021-08-04,-350114000.0,10290302000.0,10285871000.0,2009394000.0,8280908000.0,0.313,51.037,-815631000.0,569859000.0,569859000.0,2202833000.0,440678000.0,2.108,0.757,2030648000.0,616000.0,2030032000.0,2030648000.0,0.0,240550000.0,0.0,0.011,1.545,522440000.0,762990000.0,0.237,762990000.0,522440000.0,422327000.0,3.37,3.35,3.37,5746384000.0,4540991000.0,5746384000.0,19866499662.0,38.0,26.038,-13822000.0,-0.123,1.0,1016522000.0,0.316,1964190000.0,100113000.0,8833645000.0,9366702250.0,685779000.0,663448000.0,0.0,663448000.0,4347749000.0,953256000.0,3394493000.0,17041165662.0,16631000.0,11000000.0,1485313000.0,-1258469000.0,-163966000.0,-17004000.0,-803429000.0,1202000.0,801809000.0,35255000.0,364237000.0,364237000.0,364237000.0,0.0,76441000.0,0.113,478890000.0,537632000.0,492532000.0,0.458,2.966,46.786,43.356,5390329000.0,0.0,146.11,5.293,5.11,593522000.0,3205408000.0,3219355000.0,3219355000.0,57753000.0,0.035,0.08,0.056,0.162,22896000.0,421137000.0,1.0,116632439.0,112592000,113330000.0,28.593,8326112000.0,0.0,58090000.0,412423000.0,73.949,1056138000.0
2,ALB,MRT,2020-12-31,2020-12-31,2020-12-31,2021-08-04,-326132000.0,10450946000.0,10175205000.0,2206184000.0,8244762000.0,0.308,40.114,-850477000.0,746724000.0,746724000.0,2134056000.0,446615000.0,1.224,1.402,3572058000.0,804677000.0,2767381000.0,3572058000.0,0.0,231984000.0,0.0,0.01,1.54,503305000.0,735289000.0,0.235,735289000.0,503305000.0,430189000.0,3.53,3.52,3.53,4268227000.0,4073896000.0,4268227000.0,18546812111.0,37.0,25.224,-51563000.0,-0.485,1.0,994853000.0,0.318,2014625000.0,73116000.0,9459806000.0,9498924500.0,750237000.0,656244000.0,0.0,656244000.0,5982352000.0,1801849000.0,4180503000.0,15704565111.0,133614000.0,-11572000.0,40437000.0,339798000.0,-161818000.0,177261000.0,-863573000.0,-1524000.0,798914000.0,21012000.0,375764000.0,375764000.0,375764000.0,0.0,70851000.0,0.12,489041000.0,505812000.0,483221000.0,0.436,3.679,41.794,41.79,5354625000.0,0.0,147.52,5.019,5.017,592796000.0,3155252000.0,3128909000.0,3128909000.0,59214000.0,0.037,0.092,0.053,0.161,22837000.0,429827000.0,1.0,106457193.0,106402000,106808000.0,29.406,8436321000.0,0.0,54425000.0,427103000.0,79.287,404335000.0
3,ALB,MRT,2020-09-30,2020-09-30,2020-09-30,2021-08-04,-398467000.0,10231983000.0,10027684250.0,2227012000.0,8004971000.0,0.323,38.773,-864711000.0,702073000.0,702073000.0,2174382000.0,450681000.0,1.381,1.432,3544320000.0,603787000.0,2940533000.0,3544320000.0,0.0,226980000.0,0.0,0.017,1.522,517305000.0,744285000.0,0.23,744285000.0,517305000.0,440941000.0,3.59,3.59,3.59,4124881000.0,3989901750.0,4124881000.0,12319145258.0,24.0,16.552,-29261000.0,-0.275,1.0,1067944000.0,0.329,1946968000.0,76364000.0,9514523000.0,9372874750.0,828080000.0,603745000.0,0.0,603745000.0,5906602000.0,1612739000.0,4293863000.0,9495641258.0,384250000.0,-842572000.0,16925000.0,1468994000.0,-159719000.0,1266640000.0,-1707654000.0,-371000.0,835450000.0,-10186000.0,381520000.0,381520000.0,381520000.0,0.0,69161000.0,0.118,548183000.0,519761000.0,465644000.0,0.424,2.302,24.889,24.869,5242724000.0,0.0,89.28,2.929,2.929,577688000.0,3111749000.0,3242326000.0,3242326000.0,58102000.0,0.038,0.096,0.055,0.16,20375000.0,490081000.0,1.0,106357989.0,106386000,106873000.0,30.477,8285015000.0,0.0,59421000.0,430460000.0,77.877,614273000.0
4,ALB,MRT,2020-06-30,2020-06-30,2020-06-30,2021-08-04,-431131000.0,10170253000.0,9505089250.0,2292409000.0,7877844000.0,0.355,37.849,-855161000.0,736696000.0,736696000.0,2251450000.0,505254000.0,1.613,1.482,3560200000.0,428009000.0,3132191000.0,3560200000.0,0.0,222788000.0,0.0,0.019,1.505,560643000.0,783431000.0,0.232,783431000.0,560643000.0,492398000.0,4.13,4.13,4.13,4024472000.0,3917821250.0,4024472000.0,10820298187.0,19.0,13.811,-127158000.0,-1.196,1.0,1123755000.0,0.333,1914119000.0,68245000.0,9658835000.0,8607691000.0,851256000.0,614145000.0,0.0,614145000.0,5964092000.0,1420803000.0,4543289000.0,8208860187.0,338513000.0,-842572000.0,12418000.0,1578295000.0,-157800000.0,1355765000.0,-1697267000.0,466000.0,728003000.0,-47988000.0,438289000.0,438289000.0,438289000.0,0.0,66965000.0,0.13,562279000.0,561476000.0,523160000.0,0.364,2.04,18.729,18.695,5136357000.0,0.0,77.21,2.432,2.432,594583000.0,3054434000.0,3375205000.0,3375205000.0,60155000.0,0.046,0.112,0.065,0.166,19309000.0,502124000.0,1.0,106318614.0,106329000,106535000.0,31.743,8256134000.0,0.0,54109000.0,435705000.0,77.647,871606000.0
5,ALB,MRT,2020-03-31,2020-03-31,2020-03-31,2021-08-04,-526489000.0,9847638000.0,8986129500.0,2155181000.0,7692457000.0,0.389,36.507,-850193000.0,553228000.0,553228000.0,2279898000.0,576466000.0,1.807,1.497,3164666000.0,59441000.0,3105225000.0,3164666000.0,0.0,217895000.0,0.0,0.026,1.487,637946000.0,855841000.0,0.245,855841000.0,637946000.0,575952000.0,4.78,4.78,4.78,3878004000.0,3861903500.0,3878004000.0,8447125070.0,13.0,9.87,-30681000.0,-0.289,1.0,1216310000.0,0.348,1903616000.0,61994000.0,9362534000.0,7759296000.0,853500000.0,543670000.0,0.0,543670000.0,5806113000.0,1192926000.0,4613187000.0,5986841070.0,87954000.0,-842572000.0,12333000.0,1276133000.0,-155799000.0,1018446000.0,-1691298000.0,1467000.0,819512000.0,-58706000.0,506863000.0,506863000.0,506863000.0,0.0,69603000.0,0.145,581297000.0,635013000.0,573075000.0,0.311,1.544,11.812,11.793,5025969000.0,0.0,56.37,1.712,1.713,592468000.0,3009749000.0,3496208000.0,3496208000.0,59407000.0,0.056,0.131,0.082,0.182,16625000.0,521890000.0,1.0,106206157.0,106227000,106512000.0,32.913,7944022000.0,0.0,69089000.0,430797000.0,74.783,962255000.0
6,ALB,MRT,2019-12-31,2019-12-31,2019-12-31,2021-08-04,-395735000.0,9860863000.0,8491985500.0,2225109000.0,7635754000.0,0.423,37.115,-841440000.0,613110000.0,613110000.0,2331649000.0,604357000.0,1.579,1.467,3050257000.0,187336000.0,2862921000.0,3050257000.0,0.0,213484000.0,0.0,0.02,1.47,679084000.0,892568000.0,0.249,892568000.0,679084000.0,621389000.0,5.03,5.02,5.03,3932250000.0,3810471000.0,3932250000.0,9373379730.0,14.0,10.502,-122066000.0,-1.152,1.0,1257778000.0,0.35,1933407000.0,57695000.0,8955607000.0,6925885250.0,768984000.0,579813000.0,0.0,579813000.0,5767283000.0,1408996000.0,4358287000.0,7744652730.0,57790000.0,-820000000.0,4814000.0,1296228000.0,-152204000.0,1042687000.0,-1663625000.0,-2185000.0,719374000.0,-40646000.0,533228000.0,533228000.0,533228000.0,0.0,71129000.0,0.149,591655000.0,666123000.0,574138000.0,0.292,1.97,14.524,14.521,4909473000.0,0.0,73.04,2.158,2.156,680202000.0,2943478000.0,3589427000.0,3589427000.0,58287000.0,0.063,0.14,0.098,0.189,19680000.0,533368000.0,1.0,106033033.0,105949000,106321000.0,33.879,7927456000.0,0.0,88161000.0,430319000.0,74.823,816113000.0
7,ALB,MRT,2019-09-30,2019-09-30,2019-09-30,2021-08-04,-435977000.0,8141603000.0,7922188250.0,1969752000.0,6171851000.0,0.444,36.194,-826416000.0,317823000.0,317823000.0,2278911000.0,644163000.0,1.386,1.077,1946550000.0,564566000.0,1381984000.0,1946550000.0,0.0,206905000.0,0.0,0.021,1.438,724761000.0,931666000.0,0.265,931666000.0,724761000.0,676895000.0,5.42,5.4,5.42,3836559000.0,3723738750.0,3836559000.0,8878533073.0,12.0,9.53,-311554000.0,-2.939,1.0,1239651000.0,0.352,1895299000.0,47866000.0,6453788000.0,6085753250.0,802434000.0,551657000.0,0.0,551657000.0,4133266000.0,1421243000.0,2712023000.0,7368165073.0,-323403000.0,90000.0,6145000.0,253121000.0,-148995000.0,41647000.0,-827481000.0,-1155000.0,514862000.0,-52431000.0,572433000.0,572433000.0,572433000.0,0.0,71730000.0,0.163,529529000.0,710122000.0,527052000.0,0.265,1.921,12.872,12.827,3524037000.0,0.0,69.52,2.094,2.094,723593000.0,2892057000.0,3518562000.0,3518562000.0,60408000.0,0.072,0.154,0.119,0.206,18612000.0,469121000.0,1.0,105986264.0,105999000,106299000.0,33.194,6246304000.0,0.0,104462000.0,410358000.0,58.928,548509000.0
8,ALB,MRT,2019-06-30,2019-06-30,2019-06-30,2021-08-04,-349411000.0,8094414000.0,7758586250.0,2036637000.0,6057777000.0,0.44,35.87,-824316000.0,398183000.0,398183000.0,2206242000.0,616024000.0,1.455,1.084,1908551000.0,510132000.0,1398419000.0,1908551000.0,0.0,202125000.0,0.0,0.02,1.405,709142000.0,911267000.0,0.267,911267000.0,709142000.0,659396000.0,5.17,5.14,5.17,3800801000.0,3646810000.0,3800801000.0,8836025866.0,12.0,9.696,-302720000.0,-2.857,1.0,1210321000.0,0.354,1939546000.0,49746000.0,6265255000.0,5829267750.0,814022000.0,541014000.0,0.0,541014000.0,4120011000.0,1399981000.0,2720030000.0,7460412866.0,-509961000.0,-6902000.0,-244450000.0,281318000.0,-146425000.0,-167692000.0,-836311000.0,-5093000.0,521596000.0,-27554000.0,547108000.0,547108000.0,547108000.0,0.0,68916000.0,0.16,522586000.0,687735000.0,558839000.0,0.272,1.963,13.636,13.619,3390625000.0,0.0,70.41,2.184,2.184,730015000.0,2775940000.0,3416563000.0,3416563000.0,61433000.0,0.071,0.15,0.122,0.208,17288000.0,461153000.0,1.0,105956723.0,105961000,106316000.0,32.244,6154868000.0,0.0,112288000.0,410646000.0,58.086,636656000.0
9,ALB,MRT,2019-03-31,2019-03-31,2019-03-31,2021-08-04,-357538000.0,7871062000.0,7619573500.0,1987176000.0,5883886000.0,0.444,34.71,-773952000.0,465274000.0,465274000.0,2189622000.0,751740000.0,1.555,1.091,1840887000.0,446983000.0,1393904000.0,1840887000.0,0.0,199651000.0,0.0,0.017,1.373,908803000.0,1108454000.0,0.327,1108454000.0,908803000.0,857350000.0,6.47,6.42,6.47,3672274000.0,3620003750.0,3672274000.0,9819591771.0,11.0,8.859,-294425000.0,-2.783,1.0,1195763000.0,0.353,1939593000.0,51453000.0,6028891000.0,5566193000.0,756193000.0,563030000.0,0.0,563030000.0,4007023000.0,1278191000.0,2728832000.0,8669701771.0,-226914000.0,402166000.0,-494337000.0,385815000.0,-144601000.0,-272987000.0,-378350000.0,-6564000.0,479527000.0,-55104000.0,695371000.0,695371000.0,695371000.0,0.0,56369000.0,0.205,522120000.0,673643000.0,482433000.0,0.212,2.361,12.468,12.671,3170190000.0,0.0,81.98,2.561,2.562,660561000.0,2660684000.0,3385385000.0,3385385000.0,64045000.0,0.091,0.192,0.163,0.268,17915000.0,458075000.0,1.0,105753864.0,105799000,106356000.0,31.998,5931469000.0,0.0,161979000.0,437168000.0,56.064,708985000.0
10,ALB,MRT,2018-12-31,2018-12-31,2018-12-31,2021-08-04,-350682000.0,7581674000.0,7540893000.0,1998421000.0,5583253000.0,0.448,33.067,-699991000.0,555320000.0,555320000.0,2157694000.0,739139000.0,1.689,1.066,1705210000.0,307294000.0,1397916000.0,1705210000.0,0.0,200698000.0,0.0,0.017,1.34,890793000.0,1091491000.0,0.323,1091491000.0,890793000.0,838388000.0,6.4,6.34,6.4,3585321000.0,3652012750.0,3585321000.0,9241854557.0,10.0,8.467,-153826000.0,-1.419,1.0,1217256000.0,0.361,1953312000.0,52405000.0,5595079000.0,5408470250.0,700540000.0,528722000.0,0.0,528722000.0,3822566000.0,1183173000.0,2639393000.0,8185287557.0,-581983000.0,402166000.0,-496367000.0,-113567000.0,-144596000.0,-786526000.0,-303695000.0,-5870000.0,546165000.0,-37927000.0,693562000.0,693562000.0,693562000.0,0.0,45577000.0,0.206,516144000.0,701112000.0,522516000.0,0.209,2.283,11.802,12.042,3021084000.0,0.0,77.07,2.425,2.476,657771000.0,2566050000.0,3374950000.0,3374950000.0,70054000.0,0.092,0.19,0.165,0.264,15228000.0,446090000.0,1.0,106205885.0,108427000,109458000.0,31.126,5628362000.0,0.0,144826000.0,443853000.0,51.909,815248000.0
11,ALB,MRT,2018-09-30,2018-09-30,2018-09-30,2021-08-04,-314191000.0,7487195000.0,7583167500.0,2059577000.0,5427618000.0,0.437,32.883,-601859000.0,641226000.0,641226000.0,2110465000.0,386019000.0,1.827,1.077,1697793000.0,286188000.0,1411605000.0,1697793000.0,0.0,203352000.0,0.0,0.013,1.325,913740000.0,1117092000.0,0.337,1117092000.0,913740000.0,857451000.0,3.19,3.17,3.19,3528844000.0,3674319750.0,3528844000.0,11528378352.0,13.0,10.32,4217000.0,0.039,1.0,1200575000.0,0.363,1988907000.0,56289000.0,5427846000.0,5314215000.0,727381000.0,535292000.0,0.0,535292000.0,3800918000.0,1127009000.0,2673909000.0,10821117352.0,-404113000.0,403115000.0,-496471000.0,-99957000.0,-144274000.0,-781529000.0,-209141000.0,-10397000.0,606076000.0,-19519000.0,345600000.0,345600000.0,345600000.0,0.0,40419000.0,0.104,518053000.0,682522000.0,474229000.0,0.415,3.066,31.311,31.279,2825365000.0,0.0,99.78,3.268,3.234,592749000.0,2478711000.0,3311040000.0,3311040000.0,74577000.0,0.046,0.094,0.172,0.276,15594000.0,443476000.0,1.0,108449763.0,107315000,108302000.0,30.853,5498288000.0,0.0,511851000.0,451243000.0,51.235,932568000.0
12,ALB,MRT,2018-06-30,2018-06-30,2018-06-30,2021-08-04,-301679000.0,7538363000.0,7592193750.0,2283070000.0,5255293000.0,0.433,33.679,-500883000.0,908144000.0,908144000.0,2092464000.0,372733000.0,2.192,1.002,1615405000.0,208681000.0,1406724000.0,1615405000.0,0.0,203540000.0,0.0,0.014,1.31,890797000.0,1094337000.0,0.333,1094337000.0,890797000.0,831704000.0,3.05,3.03,3.05,3693576000.0,3766813500.0,3693576000.0,11232177090.0,13.0,10.264,81408000.0,0.742,1.0,1195694000.0,0.364,1991007000.0,59093000.0,5212956000.0,5240149000.0,665522000.0,519518000.0,0.0,519518000.0,3701083000.0,1041661000.0,2659422000.0,10448297090.0,-98801000.0,404226000.0,-243811000.0,-131968000.0,-143279000.0,-561929000.0,-103123000.0,-6466000.0,582291000.0,-16040000.0,334525000.0,334525000.0,334525000.0,0.0,38208000.0,0.102,529510000.0,666184000.0,460442000.0,0.43,2.829,31.233,30.928,2669660000.0,0.0,94.33,3.178,3.146,615483000.0,2384645000.0,3288158000.0,3288158000.0,79730000.0,0.044,0.089,0.17,0.271,17988000.0,449780000.0,1.0,110763247.0,109671000,110659000.0,29.982,5547356000.0,0.0,497179000.0,429975000.0,50.582,1241409000.0
13,ALB,MRT,2018-03-31,2018-03-31,2018-03-31,2021-08-04,-174739000.0,7556340000.0,7530600250.0,2158725000.0,5397615000.0,0.421,34.336,-395375000.0,692188000.0,692188000.0,2015243000.0,175736000.0,2.485,0.951,1476068000.0,39216000.0,1436852000.0,1476068000.0,0.0,202188000.0,0.0,0.014,1.295,635979000.0,838167000.0,0.264,838167000.0,635979000.0,575604000.0,1.22,1.22,1.22,3800310000.0,3783627000.0,3800310000.0,10960678760.0,17.0,13.077,-52427000.0,-0.474,1.0,1156299000.0,0.365,2073360000.0,60375000.0,5398000000.0,5193342250.0,666567000.0,524687000.0,0.0,524687000.0,3612910000.0,868860000.0,2744050000.0,10260609760.0,-562348000.0,-9768000.0,6714000.0,-308792000.0,-141609000.0,-503351000.0,-410200000.0,-5057000.0,342948000.0,8255000.0,135397000.0,135397000.0,135397000.0,0.0,40339000.0,0.043,523721000.0,632578000.0,481726000.0,1.061,2.7,75.782,76.016,2569206000.0,0.0,92.74,3.235,3.236,650378000.0,2118621000.0,3171542000.0,3171542000.0,80993000.0,0.018,0.036,0.122,0.201,17227000.0,442728000.0,1.0,110638449.0,110681000,111867000.0,28.655,5482980000.0,0.0,440207000.0,415092000.0,49.539,1289865000.0
14,ALB,MRT,2017-12-31,2017-12-31,2017-12-31,2021-08-04,-225668000.0,7750772000.0,7483132250.0,2477563000.0,5273209000.0,0.411,33.13,-317703000.0,1137303000.0,1137303000.0,1965700000.0,99468000.0,2.063,1.07,1837372000.0,422012000.0,1415360000.0,1837372000.0,0.0,196928000.0,0.0,0.01,1.28,602017000.0,798945000.0,0.26,798945000.0,602017000.0,486667000.0,0.49,0.49,0.49,3674549000.0,3742966750.0,3674549000.0,14875478806.0,25.0,18.619,-13724000.0,-0.124,1.0,1106276000.0,0.36,2031858000.0,115350000.0,5218058000.0,5009327250.0,592781000.0,534064000.0,0.0,534064000.0,3933076000.0,1200925000.0,2732151000.0,14131288806.0,-1132453000.0,-36260000.0,-241762000.0,-612458000.0,-140557000.0,-1086868000.0,-357803000.0,-3840000.0,303979000.0,8239000.0,54850000.0,54850000.0,54850000.0,0.0,44618000.0,0.018,534616000.0,571660000.0,418537000.0,2.612,3.846,257.635,261.0,2493310000.0,0.0,127.89,4.6,4.617,572263000.0,2035163000.0,3071976000.0,3071976000.0,84330000.0,0.007,0.015,0.12,0.196,19404000.0,450286000.0,1.0,110495651.0,110914000,112380000.0,27.697,5718914000.0,0.0,431817000.0,425326000.0,51.562,1276638000.0
15,ALB,MRT,2017-09-30,2017-09-30,2017-09-30,2021-08-04,-249943000.0,7523300000.0,7585741000.0,2327324000.0,5195976000.0,0.384,35.291,-242872000.0,1045339000.0,1045339000.0,1867573000.0,916817000.0,2.11,0.894,1789529000.0,382358000.0,1407171000.0,1789529000.0,0.0,193757000.0,0.0,0.009,1.265,1080846000.0,1274603000.0,0.438,1274603000.0,1080846000.0,963630000.0,7.82,7.74,7.82,3898819000.0,3773095000.0,3898819000.0,15780170508.0,15.0,12.38,113382000.0,1.026,1.0,1043269000.0,0.358,2032891000.0,117216000.0,5131582000.0,5011316250.0,610212000.0,530227000.0,0.0,530227000.0,3483728000.0,1103017000.0,2380711000.0,15058538508.0,811740000.0,2850927000.0,-240367000.0,-1671273000.0,-139497000.0,-2146372000.0,2607988000.0,-67000.0,356254000.0,-6130000.0,875306000.0,875306000.0,875306000.0,-559974000.0,41511000.0,0.301,526322000.0,516947000.0,361937000.0,0.162,3.862,17.204,17.431,2484285000.0,0.0,136.31,5.173,5.173,570147000.0,2288904000.0,2910842000.0,2910842000.0,82514000.0,0.115,0.232,0.216,0.371,18808000.0,430761000.0,1.0,110472735.0,110476000,111975000.0,26.348,5490409000.0,0.0,88324000.0,460661000.0,49.698,1224307000.0
16,ALB,MRT,2017-06-30,2017-06-30,2017-06-30,2021-08-04,-296833000.0,7291989000.0,8054152000.0,2204448000.0,5087541000.0,0.349,33.977,-194910000.0,1006945000.0,1006945000.0,1803401000.0,924321000.0,2.241,0.902,1728577000.0,307109000.0,1421468000.0,1728577000.0,0.0,191856000.0,0.0,0.012,1.25,1084449000.0,1276305000.0,0.454,1276305000.0,1084449000.0,967079000.0,7.89,7.81,7.89,3760830000.0,3623145750.0,3760830000.0,12147146476.0,11.0,9.517,233310000.0,2.108,1.0,1006585000.0,0.358,2004230000.0,117370000.0,5025729000.0,6146244000.0,565894000.0,505242000.0,0.0,505242000.0,3392198000.0,983662000.0,2408536000.0,11688796476.0,813284000.0,2856808000.0,-242201000.0,-1794049000.0,-138324000.0,-2266647000.0,2661442000.0,-456000.0,428220000.0,-9731000.0,884856000.0,884856000.0,884856000.0,-583159000.0,39465000.0,0.315,512151000.0,494434000.0,346417000.0,0.158,3.108,13.21,13.376,2416829000.0,0.0,105.54,4.16,4.157,539227000.0,2205592000.0,2809986000.0,2809986000.0,81763000.0,0.11,0.244,0.176,0.386,17790000.0,410592000.0,1.0,110752288.0,110686000,112105000.0,25.387,5287759000.0,0.0,82223000.0,466709000.0,47.773,1220786000.0
17,ALB,MRT,2017-03-31,2017-03-31,2017-03-31,2021-08-04,-346981000.0,7366468000.0,8559250000.0,2390254000.0,4976214000.0,0.32,32.483,-192677000.0,1254536000.0,1254536000.0,1759327000.0,507878000.0,1.979,0.985,1712886000.0,314500000.0,1398386000.0,1712886000.0,0.0,210687000.0,0.0,0.012,1.235,668031000.0,878718000.0,0.32,878718000.0,668031000.0,549451000.0,4.16,4.11,4.16,3637669000.0,3472092000.0,3637669000.0,11991011622.0,18.0,13.646,452724000.0,4.043,1.0,982728000.0,0.358,1954931000.0,118580000.0,4661940000.0,7294638750.0,518936000.0,493406000.0,0.0,493406000.0,3582496000.0,1207947000.0,2374549000.0,11891505622.0,1002154000.0,2865168000.0,-238429000.0,-1838082000.0,-137142000.0,-2304547000.0,2672097000.0,-394000.0,645401000.0,-10797000.0,466702000.0,466702000.0,466702000.0,-184819000.0,41176000.0,0.17,503814000.0,478914000.0,336890000.0,0.297,3.269,25.48,25.394,2381380000.0,0.0,105.64,4.337,4.314,562946000.0,2137703000.0,2742055000.0,2742055000.0,84926000.0,0.055,0.134,0.092,0.244,18070000.0,380062000.0,1.0,112566316.0,111986000,113289000.0,24.486,5411537000.0,0.0,82749000.0,689768000.0,48.323,1182307000.0
18,ALB,MRT,2016-12-31,2016-12-31,2016-12-31,2021-08-04,-412412000.0,8161207000.0,9077375000.0,3306618000.0,4854589000.0,0.295,33.77,-196654000.0,2269756000.0,2269756000.0,1706897000.0,680769000.0,2.9,1.112,2369262000.0,247544000.0,2121718000.0,2369262000.0,0.0,226169000.0,0.0,0.014,1.22,805119000.0,1031288000.0,0.385,1031288000.0,805119000.0,739938000.0,5.73,5.68,5.73,3795062000.0,3447751000.0,3795062000.0,12897661829.0,16.0,12.506,538870000.0,4.795,1.0,970306000.0,0.362,1894596000.0,65181000.0,5226014000.0,7851420750.0,450263000.0,457533000.0,0.0,457533000.0,4218603000.0,1140103000.0,3078500000.0,9681928829.0,2056022000.0,3116837000.0,9401000.0,-1416023000.0,-135353000.0,-1580024000.0,2920488000.0,305000.0,735524000.0,-19966000.0,643675000.0,643675000.0,643675000.0,-202131000.0,37094000.0,0.24,491624000.0,478682000.0,281874000.0,0.213,2.551,15.042,15.023,2360140000.0,0.0,86.08,3.616,3.613,528020000.0,2121931000.0,2677203000.0,2677203000.0,80475000.0,0.071,0.187,0.103,0.301,17031000.0,353765000.0,1.0,112475939.0,112379000,113239000.0,23.823,6266611000.0,0.0,96263000.0,667155000.0,55.763,2166515000.0
19,ALB,MRT,2016-09-30,2016-09-30,2016-09-30,2021-08-04,-334431000.0,9396944000.0,9436561750.0,1557703000.0,7839241000.0,0.286,29.343,-204382000.0,233599000.0,233599000.0,1735775000.0,253168000.0,1.447,1.802,3449332000.0,400892000.0,3048440000.0,3449332000.0,0.0,236203000.0,0.0,0.014,1.205,313043000.0,549246000.0,0.203,549246000.0,313043000.0,246726000.0,1.93,1.93,1.93,3299022000.0,3312583500.0,3299022000.0,12928864558.0,41.0,23.539,293639000.0,2.612,1.0,967383000.0,0.358,1864550000.0,66317000.0,9671293000.0,8979985250.0,504984000.0,468765000.0,0.0,468765000.0,5945511000.0,1076834000.0,4868677000.0,9609342558.0,-891000.0,231361000.0,6954000.0,-320885000.0,-133593000.0,-522368000.0,27534000.0,555000.0,498021000.0,-4078000.0,215837000.0,215837000.0,215837000.0,344441000.0,37331000.0,0.08,445468000.0,521915000.0,241511000.0,0.624,2.913,44.521,44.295,2344967000.0,0.0,85.49,3.555,3.556,491516000.0,1554160000.0,2703158000.0,2703158000.0,83247000.0,0.023,0.065,0.035,0.116,17835000.0,302756000.0,1.0,112403118.0,112429000,113448000.0,24.043,7532394000.0,0.0,30889000.0,807237000.0,66.997,480869000.0
20,ALB,MRT,2016-06-30,2016-06-30,2016-06-30,2021-08-04,-375456000.0,9312381000.0,9506091750.0,1527760000.0,7784621000.0,0.288,28.099,-215435000.0,193661000.0,193661000.0,1794908000.0,186343000.0,1.318,1.903,3513183000.0,493705000.0,3019478000.0,3513183000.0,0.0,257112000.0,0.0,0.015,1.19,254313000.0,511425000.0,0.186,511425000.0,254313000.0,184648000.0,1.37,1.38,1.37,3156615000.0,3273950250.0,3156615000.0,12244024163.0,48.0,23.941,265041000.0,2.359,1.0,947456000.0,0.345,1853537000.0,69665000.0,9619308000.0,8375481750.0,517052000.0,458650000.0,0.0,458650000.0,6006035000.0,1159058000.0,4846977000.0,8906301163.0,-13577000.0,237494000.0,5114000.0,-394624000.0,-131855000.0,-607297000.0,120593000.0,98534000.0,480476000.0,-7349000.0,153009000.0,153009000.0,153009000.0,356596000.0,33334000.0,0.056,464030000.0,483426000.0,253067000.0,0.869,2.821,58.208,57.891,2346132000.0,0.0,79.31,3.248,3.249,490789000.0,1460242000.0,2742364000.0,2742364000.0,84138000.0,0.016,0.047,0.03,0.093,14728000.0,297466000.0,1.0,112297329.0,112339000,113175000.0,24.412,7458844000.0,0.0,31639000.0,820537000.0,66.396,368702000.0
21,ALB,MRT,2016-03-31,2016-03-31,2016-03-31,2021-08-04,-331663000.0,9438968000.0,9620698750.0,1615391000.0,7823577000.0,0.29,31.537,-229028000.0,252382000.0,252382000.0,1879944000.0,548437000.0,1.319,1.622,3590105000.0,484754000.0,3105351000.0,3590105000.0,0.0,256642000.0,0.0,0.018,1.175,617275000.0,873917000.0,0.313,873917000.0,617275000.0,542811000.0,4.63,4.62,4.63,3540305000.0,3279565750.0,3540305000.0,10814470717.0,18.0,12.375,258699000.0,2.304,1.0,911383000.0,0.327,4662525000.0,74464000.0,6889068000.0,7839905000.0,531230000.0,476701000.0,0.0,476701000.0,5744097000.0,1225098000.0,4518999000.0,7176185717.0,-9039000.0,230765000.0,427000.0,-382350000.0,-130113000.0,-593075000.0,100369000.0,98632000.0,487727000.0,-4060000.0,519977000.0,519977000.0,519977000.0,-51866000.0,28460000.0,0.186,471212000.0,440171000.0,303805000.0,0.254,2.027,13.801,13.808,2489540000.0,0.0,63.93,2.571,2.571,652963000.0,1809342000.0,2791327000.0,2791327000.0,85563000.0,0.054,0.159,0.079,0.221,14283000.0,299421000.0,1.0,112250676.0,112260000,112770000.0,24.865,4776443000.0,0.0,22834000.0,793367000.0,42.548,390293000.0
22,ALB,MRT,2015-12-31,2015-12-31,2015-12-31,2021-08-04,-421288000.0,9597954000.0,9709646500.0,1831002000.0,7766952000.0,0.291,29.271,-227649000.0,213734000.0,213734000.0,1966196000.0,360064000.0,1.133,1.904,3817157000.0,674994000.0,3142163000.0,3817157000.0,0.0,260076000.0,0.0,0.021,1.16,427690000.0,687766000.0,0.243,687766000.0,427690000.0,346040000.0,3.01,3.0,3.01,3254392000.0,3171835250.0,3254392000.0,9893340656.0,23.0,14.385,133161000.0,1.198,1.0,860233000.0,0.304,1844420000.0,81650000.0,9740272000.0,7975665500.0,439513000.0,435584000.0,0.0,435584000.0,6196641000.0,1616685000.0,4579956000.0,6284498656.0,-2276034000.0,-2089451000.0,517000.0,-278276000.0,-119302000.0,-478446000.0,-2160552000.0,98998000.0,360810000.0,2154000.0,334906000.0,334906000.0,334906000.0,-32476000.0,25158000.0,0.118,515122000.0,345111000.0,239572000.0,0.385,1.931,18.765,18.608,2321095000.0,0.0,56.01,2.223,2.203,472901000.0,1615407000.0,2826429000.0,2826429000.0,89187000.0,0.034,0.106,0.054,0.151,15188000.0,300440000.0,1.0,112203154.0,111182000,111556000.0,25.422,7753534000.0,0.0,11134000.0,411808000.0,69.737,214317000.0
23,ALB,MRT,2015-09-30,2015-09-30,2015-09-30,2021-08-04,-386413000.0,9675064000.0,8615933750.0,1720915000.0,7954149000.0,0.336,28.025,-198462000.0,234490000.0,234490000.0,2042494000.0,163313000.0,1.301,2.035,3843332000.0,284368000.0,3558964000.0,3843332000.0,0.0,225600000.0,0.0,0.026,1.145,246807000.0,472407000.0,0.163,472407000.0,246807000.0,156065000.0,1.21,1.22,1.21,3144489000.0,2698103500.0,3144489000.0,8731171497.0,35.0,18.482,180508000.0,1.609,1.0,851982000.0,0.294,4708079000.0,90742000.0,7253279000.0,6600645750.0,629393000.0,453869000.0,0.0,453869000.0,6400550000.0,1322548000.0,5078002000.0,4948101497.0,-418630000.0,-2092201000.0,342000.0,1553785000.0,-108045000.0,1391081000.0,-2167567000.0,65546000.0,378970000.0,-21114000.0,142146000.0,142146000.0,142146000.0,-20094000.0,21167000.0,0.049,672950000.0,179032000.0,371649000.0,0.946,1.574,34.81,36.446,2600852000.0,0.0,44.1,1.709,1.71,694572000.0,1473698000.0,2894476000.0,2894476000.0,91714000.0,0.016,0.053,0.037,0.085,14991000.0,448795000.0,1.0,112201848.0,112202000,112544000.0,25.797,4966985000.0,0.0,13919000.0,829148000.0,44.268,398367000.0
24,ALB,MRT,2015-06-30,2015-06-30,2015-06-30,2021-08-04,-316406000.0,9770809000.0,7045534250.0,1654081000.0,8116728000.0,0.404,28.337,-175629000.0,207238000.0,207238000.0,2005295000.0,173781000.0,1.209,2.03,3990308000.0,428000000.0,3562308000.0,3990308000.0,0.0,182327000.0,0.0,0.02,1.13,242257000.0,424584000.0,0.149,424584000.0,242257000.0,162060000.0,1.56,1.57,1.56,3179077000.0,2276166500.0,3179077000.0,9952225636.0,41.0,23.44,155016000.0,1.382,1.0,838383000.0,0.295,4708800000.0,80197000.0,7477001000.0,5457808250.0,602025000.0,605442000.0,0.0,605442000.0,6454899000.0,1368078000.0,5086821000.0,6200525636.0,-307881000.0,-2001115000.0,700000.0,1694505000.0,-97024000.0,1551812000.0,-2151179000.0,-31985000.0,330645000.0,-39159000.0,149548000.0,149548000.0,149548000.0,-2385000.0,24233000.0,0.053,639298000.0,199085000.0,342482000.0,0.724,1.95,41.462,35.429,2618537000.0,0.0,55.27,2.18,2.181,710580000.0,1440845000.0,2843678000.0,2843678000.0,92218000.0,0.021,0.066,0.044,0.085,16141000.0,433795000.0,1.0,112186098.0,112189000,112607000.0,25.347,5062009000.0,0.0,12512000.0,826713000.0,45.12,286003000.0
25,ALB,MRT,2015-03-31,2015-03-31,2015-03-31,2021-08-04,-362282000.0,9794759000.0,5466465000.0,1686543000.0,8108216000.0,0.499,28.756,-143650000.0,261421000.0,261421000.0,1896394000.0,143820000.0,1.158,2.106,4013121000.0,471809000.0,3541312000.0,4013121000.0,0.0,139749000.0,0.0,0.021,1.115,207613000.0,347362000.0,0.127,347362000.0,207613000.0,139282000.0,1.39,1.39,1.39,3109383000.0,1857142500.0,3109383000.0,6370672566.0,31.0,18.34,245577000.0,2.271,1.0,833715000.0,0.305,4658005000.0,68331000.0,7432110000.0,4308111750.0,620177000.0,652972000.0,0.0,652972000.0,6547429000.0,1456344000.0,5091085000.0,5926309566.0,-262622000.0,-1997820000.0,-98452000.0,1726198000.0,-86250000.0,1507296000.0,-2117290000.0,-33370000.0,389227000.0,-41855000.0,119848000.0,119848000.0,119848000.0,67762000.0,23972000.0,0.044,603654000.0,230061000.0,340815000.0,0.802,1.906,49.449,38.014,2617027000.0,0.0,52.84,2.171,2.093,709998000.0,1421234000.0,2730109000.0,2730109000.0,92230000.0,0.022,0.065,0.048,0.076,15777000.0,412796000.0,1.0,112155745.0,108130000,108464000.0,25.248,5136754000.0,0.0,19434000.0,858824000.0,47.505,230199000.0
26,ALB,MRT,2014-12-31,2014-12-31,2014-12-31,2021-08-04,-62413000.0,5223103000.0,3907457250.0,3348850000.0,1874253000.0,0.626,17.275,-110576000.0,2489768000.0,2489768000.0,1674700000.0,160906000.0,2.938,2.747,2934131000.0,711096000.0,2223035000.0,2934131000.0,0.0,103572000.0,0.0,0.018,1.1,193158000.0,296730000.0,0.121,296730000.0,193158000.0,151800000.0,1.69,1.69,1.69,1359465000.0,1480984500.0,1359465000.0,5104650522.0,26.0,17.203,382033000.0,4.855,1.0,770848000.0,0.315,287387000.0,41358000.0,4240193000.0,3278387500.0,358361000.0,194042000.0,0.0,194042000.0,3734468000.0,1139886000.0,2594582000.0,4705395522.0,2012529000.0,97219000.0,-147287000.0,1876355000.0,-84102000.0,1609329000.0,-46133000.0,-32776000.0,492609000.0,-43276000.0,133316000.0,133316000.0,133316000.0,69531000.0,27590000.0,0.055,499550000.0,271298000.0,231705000.0,0.651,3.461,35.295,35.58,1231868000.0,0.0,60.13,1.924,1.935,434635000.0,1410651000.0,2445548000.0,2445548000.0,88310000.0,0.034,0.09,0.059,0.079,14267000.0,355135000.0,1.0,78253709.0,78696000,79102000.0,31.076,4935716000.0,0.0,18484000.0,66337000.0,62.719,2208964000.0
27,ALB,MRT,2014-09-30,2014-09-30,2014-09-30,2021-08-04,-1651000.0,3393466000.0,3497880750.0,1508307000.0,1885159000.0,0.711,18.618,-97000000.0,653120000.0,653120000.0,1624930000.0,336300000.0,1.856,1.24,1052375000.0,368268000.0,684107000.0,1052375000.0,0.0,106237000.0,0.0,0.018,1.065,451484000.0,557721000.0,0.224,557721000.0,451484000.0,416005000.0,3.82,3.8,3.82,1456741000.0,1547958500.0,1456741000.0,5156651088.0,11.0,9.246,448880000.0,5.737,1.0,861687000.0,0.347,298082000.0,35479000.0,2681929000.0,3062752500.0,367911000.0,196512000.0,0.0,196512000.0,1806195000.0,812710000.0,993485000.0,4608404088.0,251693000.0,94904000.0,-146244000.0,-27232000.0,-82360000.0,-268757000.0,-2198000.0,-102000.0,545880000.0,-23232000.0,307757000.0,307757000.0,307757000.0,69359000.0,28543000.0,0.124,339941000.0,521746000.0,205809000.0,0.279,3.164,14.974,15.419,1230274000.0,0.0,58.9,1.853,1.853,424586000.0,1450618000.0,2486617000.0,2486617000.0,88203000.0,0.088,0.199,0.147,0.182,13575000.0,182648000.0,1.0,78241156.0,78244000,78659000.0,31.78,3095384000.0,0.0,108248000.0,98230000.0,39.561,695597000.0
28,ALB,MRT,2014-06-30,2014-06-30,2014-06-30,2021-08-04,99644000.0,3454532000.0,3517030500.0,1525883000.0,1928649000.0,0.692,19.107,-98848000.0,515119000.0,515119000.0,1569543000.0,352804000.0,1.87,1.217,1063366000.0,377521000.0,685845000.0,1063366000.0,0.0,108267000.0,0.0,0.014,1.03,485175000.0,593442000.0,0.244,593442000.0,485175000.0,448949000.0,4.0,3.98,4.0,1502981000.0,1550547000.0,1502981000.0,6234359296.0,13.0,10.505,450304000.0,5.725,1.0,865852000.0,0.356,308650000.0,36226000.0,2878215000.0,3234384000.0,370564000.0,224050000.0,0.0,224050000.0,1829442000.0,815914000.0,1013528000.0,5687549296.0,200460000.0,-2315000.0,-146009000.0,-13156000.0,-80374000.0,-252908000.0,-101120000.0,43000.0,549152000.0,5336000.0,325475000.0,325475000.0,325475000.0,62149000.0,27329000.0,0.134,321777000.0,544075000.0,185024000.0,0.258,3.784,17.475,17.875,1239586000.0,0.0,71.5,2.335,2.309,446711000.0,1399342000.0,2435395000.0,2435395000.0,85237000.0,0.093,0.21,0.15,0.199,12954000.0,178004000.0,1.0,79546144.0,78662000,79091000.0,30.96,3145882000.0,0.0,123474000.0,111127000.0,39.992,709969000.0
29,ALB,MRT,2014-03-31,2014-03-31,2014-03-31,2021-08-04,106927000.0,3558728000.0,3487384750.0,1477402000.0,2081326000.0,0.69,20.126,-123678000.0,524043000.0,524043000.0,1557357000.0,414553000.0,3.491,1.141,1070853000.0,18063000.0,1052790000.0,1070853000.0,0.0,109935000.0,0.0,0.015,0.995,542965000.0,652900000.0,0.271,652900000.0,542965000.0,507864000.0,4.69,4.68,4.69,1604751000.0,1513050250.0,1604751000.0,5881876913.0,11.0,9.009,359704000.0,4.511,1.0,850159000.0,0.353,369126000.0,35101000.0,3313213000.0,3354682750.0,420299000.0,219076000.0,0.0,219076000.0,1831127000.0,423199000.0,1407928000.0,5280251913.0,89139000.0,-2565000.0,-566412000.0,374880000.0,-79881000.0,-284628000.0,-124744000.0,1499000.0,483382000.0,15129000.0,385767000.0,385767000.0,385767000.0,-504000.0,28786000.0,0.16,307944000.0,542215000.0,183461000.0,0.212,3.29,13.688,14.162,1340338000.0,0.0,66.42,2.193,2.2,462898000.0,1493916000.0,2407516000.0,2407516000.0,84865000.0,0.111,0.255,0.162,0.226,11053000.0,172718000.0,1.0,79497921.0,79735000,80112000.0,30.194,3189602000.0,0.0,122097000.0,132863000.0,40.003,1054203000.0
30,ALB,MRT,2013-12-31,2013-12-31,2013-12-31,2021-08-04,116245000.0,3584797000.0,3460314000.0,1482915000.0,2101882000.0,0.692,19.411,-155346000.0,477239000.0,477239000.0,1543799000.0,439834000.0,3.398,1.132,1078864000.0,24554000.0,1054310000.0,1078864000.0,0.0,107370000.0,0.0,0.015,0.96,579175000.0,686545000.0,0.287,686545000.0,579175000.0,547616000.0,4.93,4.9,4.93,1627361000.0,1561361750.0,1627361000.0,5838358056.0,10.0,8.504,277513000.0,3.31,1.0,850471000.0,0.355,372406000.0,31559000.0,3377653000.0,3255271000.0,436049000.0,212178000.0,0.0,212178000.0,1842021000.0,436363000.0,1405658000.0,5159901056.0,-457000.0,-2565000.0,-576745000.0,379811000.0,-78107000.0,-288046000.0,-157742000.0,169000.0,432859000.0,12472000.0,413171000.0,413171000.0,413171000.0,-4108000.0,26663000.0,0.173,273796000.0,576675000.0,208181000.0,0.195,3.171,12.489,12.858,1357069000.0,0.0,63.39,2.155,2.22,491958000.0,1500358000.0,2394270000.0,2394270000.0,82246000.0,0.119,0.265,0.178,0.242,10164000.0,158189000.0,1.0,81399291.0,83839000,84322000.0,28.558,3212391000.0,0.0,134445000.0,137203000.0,38.316,1046552000.0
31,ALB,MRT,2013-09-30,2013-09-30,2013-09-30,2021-08-04,96295000.0,3470065000.0,3423437500.0,1394706000.0,2075359000.0,0.663,18.027,-197193000.0,401427000.0,401427000.0,1489297000.0,321953000.0,3.395,1.29,1079884000.0,19602000.0,1060282000.0,1079884000.0,0.0,104069000.0,0.0,0.015,0.92,385567000.0,489636000.0,0.216,489636000.0,385567000.0,355566000.0,3.46,3.46,3.46,1467095000.0,1612921000.0,1467095000.0,5884248771.0,15.0,12.018,302612000.0,3.718,1.0,781696000.0,0.344,369230000.0,30001000.0,3368455000.0,3136468750.0,485804000.0,208077000.0,0.0,208077000.0,1892916000.0,410837000.0,1482079000.0,5121700771.0,-1215000.0,6065000.0,-599722000.0,365898000.0,-76400000.0,-322981000.0,-190392000.0,736000.0,499805000.0,12353000.0,294964000.0,294964000.0,294964000.0,-7440000.0,26989000.0,0.13,404225000.0,377471000.0,192897000.0,0.266,3.491,17.364,18.191,1348976000.0,0.0,62.94,2.255,2.256,446713000.0,1363970000.0,2270993000.0,2270993000.0,80087000.0,0.086,0.183,0.123,0.17,11439000.0,307156000.0,1.0,81374337.0,81385000,81852000.0,27.904,3100835000.0,0.0,60602000.0,87896000.0,38.101,983869000.0
32,ALB,MRT,2013-06-30,2013-06-30,2013-06-30,2021-08-04,56182000.0,3335949000.0,3396585000.0,1281878000.0,2054071000.0,0.689,16.102,-257418000.0,314659000.0,314659000.0,1551188000.0,338543000.0,3.413,1.383,1077207000.0,9355000.0,1067852000.0,1077207000.0,0.0,101388000.0,0.0,0.014,0.88,408441000.0,509829000.0,0.218,509829000.0,408441000.0,380022000.0,3.58,3.57,3.58,1352994000.0,1698235750.0,1352994000.0,5732751213.0,14.0,11.244,225293000.0,2.681,1.0,789835000.0,0.337,363504000.0,28419000.0,3359410000.0,3025397250.0,451998000.0,206755000.0,0.0,206755000.0,1870556000.0,375583000.0,1494973000.0,5471835213.0,-147092000.0,-6539000.0,-620543000.0,321826000.0,-74763000.0,-374517000.0,-263569000.0,388000.0,482711000.0,8283000.0,313911000.0,313911000.0,313911000.0,-6909000.0,24632000.0,0.134,396651000.0,393184000.0,179173000.0,0.246,4.044,17.431,17.399,1333765000.0,0.0,62.29,2.337,2.236,451245000.0,1292993000.0,2341023000.0,2341023000.0,80477000.0,0.092,0.185,0.135,0.174,9010000.0,299192000.0,1.0,87844521.0,84028000,84489000.0,27.86,2972445000.0,0.0,66111000.0,75529000.0,35.374,906295000.0
33,ALB,MRT,2013-03-31,2013-03-31,2013-03-31,2021-08-04,51009000.0,3450445000.0,3388274500.0,1403500000.0,2046945000.0,0.723,20.266,-281424000.0,434904000.0,434904000.0,1601622000.0,301010000.0,3.232,0.861,695820000.0,9228000.0,686592000.0,695820000.0,0.0,100029000.0,0.0,0.013,0.84,378155000.0,478184000.0,0.195,478184000.0,378155000.0,348858000.0,3.16,3.15,3.16,1797997000.0,1786409750.0,1797997000.0,5775646416.0,15.0,12.078,182448000.0,2.056,1.0,847453000.0,0.346,361544000.0,29297000.0,2915566000.0,2890461250.0,433061000.0,215900000.0,0.0,215900000.0,1548205000.0,434251000.0,1113954000.0,5554054416.0,-84455000.0,-18539000.0,-104074000.0,-60266000.0,-71343000.0,-239196000.0,-299644000.0,319000.0,463872000.0,-9487000.0,281261000.0,281261000.0,281261000.0,-4281000.0,19749000.0,0.115,490710000.0,356743000.0,207496000.0,0.266,3.089,19.747,19.785,1317759000.0,0.0,62.52,2.268,2.265,454956000.0,1744100000.0,2449075000.0,2449075000.0,79823000.0,0.083,0.157,0.131,0.154,10798000.0,299202000.0,1.0,88836443.0,88719000,89236000.0,27.605,3088901000.0,0.0,67597000.0,73732000.0,34.817,969249000.0
34,ALB,MRT,2012-12-31,2012-12-31,2012-12-31,2021-08-04,85264000.0,3437291000.0,3366538000.0,1407313000.0,2029978000.0,0.748,20.559,-280873000.0,477696000.0,477696000.0,1620311000.0,330127000.0,3.655,0.821,699288000.0,12700000.0,686588000.0,699288000.0,0.0,99020000.0,0.0,0.013,0.8,424769000.0,523789000.0,0.208,523789000.0,424769000.0,391969000.0,3.49,3.47,3.49,1833598000.0,1767644750.0,1833598000.0,5855915435.0,14.0,11.18,207893000.0,2.331,1.0,898843000.0,0.357,371430000.0,32800000.0,2902444000.0,2851683000.0,428145000.0,207141000.0,0.0,207141000.0,1505283000.0,385009000.0,1120274000.0,5544823435.0,8280000.0,-18673000.0,-42427000.0,-63811000.0,-69113000.0,-177294000.0,-301161000.0,-1615000.0,488766000.0,-2031000.0,311536000.0,311536000.0,311536000.0,-4281000.0,18591000.0,0.124,499060000.0,399783000.0,172866000.0,0.229,3.024,17.798,17.799,1296571000.0,0.0,62.12,2.201,2.199,422817000.0,1744684000.0,2519154000.0,2519154000.0,78919000.0,0.093,0.176,0.149,0.169,15211000.0,308456000.0,1.0,89259875.0,89189000,89884000.0,28.245,3065861000.0,0.0,80433000.0,67794000.0,34.375,1022304000.0
35,ALB,MRT,2012-09-30,2012-09-30,2012-09-30,2021-08-04,-192415000.0,3362655000.0,3308171250.0,1386852000.0,1975803000.0,0.836,20.244,-282171000.0,402642000.0,402642000.0,1835226000.0,346440000.0,3.626,0.808,713734000.0,12572000.0,701162000.0,713734000.0,0.0,99255000.0,0.0,0.015,0.775,460312000.0,559567000.0,0.202,559567000.0,460312000.0,426180000.0,3.7,3.67,3.7,1808354000.0,1707064500.0,1808354000.0,5007739980.0,11.0,8.949,226203000.0,2.532,1.0,929988000.0,0.336,367066000.0,34132000.0,2924169000.0,2799441250.0,491930000.0,199864000.0,0.0,199864000.0,1461372000.0,382512000.0,1078860000.0,4714666980.0,-78616000.0,-27107000.0,-19366000.0,-177202000.0,-65948000.0,-260997000.0,-310374000.0,-1096000.0,508374000.0,-15619000.0,329087000.0,329087000.0,329087000.0,0.0,17353000.0,0.119,489579000.0,440409000.0,166564000.0,0.209,2.607,14.327,14.238,1253139000.0,0.0,52.68,1.705,1.702,418852000.0,1989586000.0,2765214000.0,2765214000.0,78778000.0,0.099,0.193,0.164,0.166,18512000.0,316098000.0,1.0,89496336.0,89327000,89879000.0,30.956,2995589000.0,0.0,97093000.0,103914000.0,33.535,1004340000.0
36,ALB,MRT,2012-06-30,2012-06-30,2012-06-30,2021-08-04,-231639000.0,3302707000.0,3284771250.0,1451675000.0,1851032000.0,0.861,19.076,-249570000.0,461751000.0,461751000.0,1856715000.0,354964000.0,3.512,0.885,754824000.0,12572000.0,742252000.0,754824000.0,0.0,98892000.0,0.0,0.012,0.74,474372000.0,573264000.0,0.203,573264000.0,474372000.0,438444000.0,3.76,3.73,3.76,1705690000.0,1651868750.0,1705690000.0,5556438953.0,12.0,9.693,276528000.0,3.093,1.0,970250000.0,0.343,362811000.0,35928000.0,2819666000.0,2783650750.0,499680000.0,196095000.0,0.0,196095000.0,1509063000.0,413303000.0,1095760000.0,5319136953.0,-28964000.0,-19640000.0,-177249000.0,-18297000.0,-63198000.0,-262245000.0,-270582000.0,-1372000.0,526098000.0,-22235000.0,335726000.0,335726000.0,335726000.0,0.0,19238000.0,0.119,514047000.0,456203000.0,194905000.0,0.197,3.118,15.844,15.862,1176970000.0,0.0,59.64,1.882,1.886,416147000.0,1908177000.0,2826965000.0,2826965000.0,79481000.0,0.102,0.203,0.17,0.168,23907000.0,339863000.0,1.0,89187407.0,89414000,90051000.0,31.617,2939896000.0,0.0,102718000.0,74116000.0,32.88,1038372000.0
37,ALB,MRT,2012-03-31,2012-03-31,2012-03-31,2021-08-04,-187981000.0,3363499000.0,3282181250.0,1469556000.0,1893943000.0,0.879,19.359,-213464000.0,519359000.0,519359000.0,1911268000.0,425063000.0,3.391,0.903,756661000.0,14462000.0,742199000.0,756661000.0,0.0,97984000.0,0.0,0.011,0.705,547502000.0,645486000.0,0.224,645486000.0,547502000.0,510786000.0,4.44,4.4,4.44,1722937000.0,1656953250.0,1722937000.0,5979159131.0,11.0,9.263,350883000.0,3.943,1.0,972911000.0,0.337,406986000.0,36716000.0,2760453000.0,2765233500.0,460810000.0,209406000.0,0.0,209406000.0,1556125000.0,433362000.0,1122763000.0,5684902131.0,78346000.0,-12665000.0,-173538000.0,-13397000.0,-60481000.0,-247986000.0,-227646000.0,-1517000.0,564347000.0,-10369000.0,399796000.0,399796000.0,399796000.0,0.0,25267000.0,0.139,439552000.0,533359000.0,224267000.0,0.159,3.3,14.22,14.396,1167222000.0,0.0,63.92,1.971,1.972,425851000.0,1888336000.0,2884179000.0,2884179000.0,78517000.0,0.122,0.241,0.198,0.19,27206000.0,361035000.0,1.0,88937768.0,88997000,89947000.0,32.408,2956513000.0,0.0,110990000.0,90430000.0,33.22,1036194000.0
38,ALB,MRT,2011-12-31,2011-12-31,2011-12-31,2021-08-04,60329000.0,3203824000.0,3226276750.0,1355620000.0,1848204000.0,0.889,17.579,-190574000.0,469416000.0,469416000.0,1914058000.0,420197000.0,3.379,0.958,763673000.0,14416000.0,749257000.0,763673000.0,0.0,96753000.0,0.0,0.013,0.67,533822000.0,630575000.0,0.22,630575000.0,533822000.0,496248000.0,4.33,4.28,4.33,1591277000.0,1625246250.0,1591277000.0,4982002634.0,9.0,7.901,296785000.0,3.279,1.0,954947000.0,0.333,403426000.0,37574000.0,2693477000.0,2740668250.0,431495000.0,198427000.0,0.0,198427000.0,1524997000.0,401178000.0,1123819000.0,4572081634.0,-60234000.0,-13164000.0,-175902000.0,-100176000.0,-57759000.0,-329119000.0,-212936000.0,-9198000.0,487359000.0,-5538000.0,392114000.0,392114000.0,392114000.0,0.0,28083000.0,0.137,437153000.0,517794000.0,184472000.0,0.155,2.873,11.66,11.896,1129480000.0,0.0,51.51,1.594,1.625,391571000.0,1514866000.0,2869005000.0,2869005000.0,77083000.0,0.122,0.241,0.195,0.186,27069000.0,360070000.0,1.0,88761049.0,90522000,91522000.0,31.694,2800398000.0,0.0,104134000.0,89699000.0,30.936,954442000.0
39,ALB,MRT,2011-09-30,2011-09-30,2011-09-30,2021-08-04,-130782000.0,3269055000.0,3192341000.0,1449354000.0,1819701000.0,0.867,17.652,-152583000.0,481258000.0,481258000.0,1831164000.0,441816000.0,3.602,1.007,891179000.0,12795000.0,878384000.0,891179000.0,0.0,96018000.0,0.0,0.016,0.635,569179000.0,665197000.0,0.24,665197000.0,569179000.0,533129000.0,4.54,4.5,4.54,1587571000.0,1581445500.0,1587571000.0,3987431738.0,7.0,5.994,188461000.0,2.096,1.0,935426000.0,0.338,415575000.0,36050000.0,2861007000.0,2724339500.0,474787000.0,201051000.0,0.0,201051000.0,1598432000.0,402394000.0,1196038000.0,3706394738.0,56585000.0,-15550000.0,-174573000.0,126946000.0,-55858000.0,-101903000.0,-178991000.0,-10858000.0,341044000.0,-3565000.0,413867000.0,413867000.0,413867000.0,0.0,27949000.0,0.15,385179000.0,550247000.0,192924000.0,0.14,2.335,8.956,8.899,1090897000.0,0.0,40.4,1.34,1.313,439947000.0,1714220000.0,2766590000.0,2766590000.0,72768000.0,0.13,0.262,0.209,0.206,23594000.0,312411000.0,1.0,91742444.0,89935000,90958000.0,30.762,2853480000.0,0.0,119262000.0,133864000.0,31.728,1046960000.0
40,ALB,MRT,2011-06-30,2011-06-30,2011-06-30,2021-08-04,-62642000.0,3292347000.0,3109242250.0,1455696000.0,1836651000.0,0.845,18.82,-109175000.0,490715000.0,490715000.0,1754412000.0,415878000.0,3.691,0.863,771752000.0,12885000.0,758867000.0,771752000.0,0.0,94477000.0,0.0,0.009,0.61,532988000.0,627465000.0,0.239,627465000.0,532988000.0,500509000.0,4.28,4.24,4.28,1726028000.0,1530236500.0,1726028000.0,6671770099.0,13.0,10.633,234160000.0,2.553,1.0,874237000.0,0.333,432974000.0,32479000.0,2745997000.0,2637243750.0,443253000.0,216983000.0,0.0,216983000.0,1490228000.0,394413000.0,1095815000.0,6345089099.0,166592000.0,-8769000.0,6446000.0,-21907000.0,-53474000.0,-61962000.0,-128899000.0,-10955000.0,343335000.0,14118000.0,391458000.0,391458000.0,391458000.0,0.0,24420000.0,0.149,363736000.0,510501000.0,205357000.0,0.143,3.676,16.209,16.168,1063440000.0,0.0,69.2,2.414,2.414,457230000.0,1750998000.0,2628649000.0,2628649000.0,66570000.0,0.126,0.256,0.202,0.203,20994000.0,297166000.0,1.0,91692039.0,91713000,92795000.0,28.662,2859373000.0,0.0,109051000.0,139951000.0,31.177,1061283000.0
41,ALB,MRT,2011-03-31,2011-03-31,2011-03-31,2021-08-04,-85640000.0,3139881000.0,2968923000.0,1346374000.0,1793507000.0,0.835,17.418,-91231000.0,441013000.0,441013000.0,1668569000.0,378270000.0,3.528,0.926,767694000.0,9097000.0,758597000.0,767694000.0,0.0,93881000.0,0.0,0.01,0.585,491467000.0,585348000.0,0.236,585348000.0,491467000.0,462278000.0,3.94,3.9,3.94,1596109000.0,1398102000.0,1596109000.0,5808184433.0,12.0,9.923,268550000.0,2.931,1.0,810455000.0,0.327,422759000.0,29189000.0,2662192000.0,2571938000.0,402967000.0,207379000.0,0.0,207379000.0,1477213000.0,381611000.0,1095602000.0,5476924433.0,173696000.0,-3494000.0,51000.0,-37610000.0,-51098000.0,-84759000.0,-105591000.0,-10866000.0,359781000.0,4265000.0,359050000.0,359050000.0,359050000.0,0.0,19220000.0,0.145,342414000.0,468041000.0,210573000.0,0.148,3.431,15.254,15.17,1040005000.0,0.0,59.77,2.209,2.209,446503000.0,1651976000.0,2479024000.0,2479024000.0,61290000.0,0.121,0.257,0.191,0.198,18136000.0,281124000.0,1.0,91633335.0,91633000,92517000.0,27.054,2717122000.0,0.0,103228000.0,139059000.0,29.652,964763000.0
42,ALB,MRT,2010-12-31,2010-12-31,2010-12-31,2021-08-04,-164196000.0,3068081000.0,2873174750.0,1348198000.0,1719883000.0,0.822,15.494,-75478000.0,529650000.0,529650000.0,1620854000.0,329417000.0,3.702,1.124,860910000.0,8983000.0,851927000.0,860910000.0,0.0,95578000.0,0.0,0.01,0.56,429067000.0,524645000.0,0.222,524645000.0,429067000.0,403534000.0,3.46,3.43,3.46,1416074000.0,1299086250.0,1416074000.0,5448887029.0,13.0,10.386,255831000.0,2.799,1.0,741910000.0,0.314,407002000.0,25533000.0,2628162000.0,2536990750.0,389210000.0,180690000.0,0.0,180690000.0,1592335000.0,364177000.0,1228158000.0,5107826029.0,220859000.0,-16027000.0,-7810000.0,48527000.0,-49643000.0,-7938000.0,-92191000.0,-686000.0,331309000.0,-10321000.0,315778000.0,315778000.0,315778000.0,0.0,13639000.0,0.134,339967000.0,401943000.0,175183000.0,0.162,3.607,16.175,16.121,1006313000.0,0.0,55.78,2.162,2.158,374660000.0,1560519000.0,2362764000.0,2362764000.0,58394000.0,0.11,0.243,0.169,0.182,15694000.0,274615000.0,1.0,91570922.0,91393000,92184000.0,25.853,2661079000.0,0.0,87756000.0,133350000.0,29.117,984021000.0
43,ALB,MRT,2010-09-30,2010-09-30,2010-09-30,2021-08-04,-117766000.0,2936660000.0,2799043750.0,1212062000.0,1724598000.0,0.827,15.143,-67182000.0,424673000.0,424673000.0,1617097000.0,313236000.0,3.486,1.084,765734000.0,10182000.0,755552000.0,765734000.0,0.0,97460000.0,0.0,0.012,0.545,388739000.0,486199000.0,0.21,486199000.0,388739000.0,364657000.0,3.3,3.28,3.3,1382735000.0,1246491750.0,1382735000.0,4743007475.0,12.0,9.755,307667000.0,3.369,1.0,698920000.0,0.302,417353000.0,24082000.0,2512624000.0,2499693000.0,373406000.0,174528000.0,0.0,174528000.0,1498619000.0,347744000.0,1150875000.0,4273568475.0,164239000.0,-13461000.0,-16008000.0,-57605000.0,-48009000.0,-124295000.0,-79829000.0,814000.0,374849000.0,-6486000.0,301093000.0,301093000.0,301093000.0,0.0,12143000.0,0.13,332021000.0,366899000.0,169647000.0,0.165,3.091,14.194,14.185,1009864000.0,0.0,46.81,1.845,1.846,370729000.0,1488369000.0,2316017000.0,2316017000.0,58559000.0,0.108,0.242,0.156,0.168,13650000.0,254861000.0,1.0,91296058.0,91312000,92082000.0,25.364,2519307000.0,0.0,63564000.0,131570000.0,27.59,864318000.0
44,ALB,MRT,2010-06-30,2010-06-30,2010-06-30,2021-08-04,-214408000.0,2731070000.0,2759915750.0,1081086000.0,1649984000.0,0.814,13.115,-79449000.0,324123000.0,324123000.0,1610081000.0,273545000.0,3.409,1.237,793562000.0,8603000.0,784959000.0,793562000.0,0.0,98520000.0,0.0,0.013,0.53,324904000.0,423424000.0,0.189,423424000.0,324904000.0,300762000.0,2.84,2.83,2.84,1197490000.0,1200073750.0,1197490000.0,4167682623.0,13.0,9.843,306107000.0,3.352,1.0,636176000.0,0.283,398587000.0,24142000.0,2484774000.0,2508334500.0,324695000.0,160042000.0,0.0,160042000.0,1481608000.0,317148000.0,1164460000.0,3629315623.0,151647000.0,-15390000.0,-17040000.0,-55232000.0,-46613000.0,-123019000.0,-93509000.0,1330000.0,385556000.0,-17381000.0,259535000.0,259535000.0,259535000.0,0.0,14010000.0,0.116,326915000.0,309261000.0,162783000.0,0.187,3.031,13.984,13.982,977344000.0,0.0,39.71,1.616,1.614,384385000.0,1407480000.0,2246257000.0,2246257000.0,59206000.0,0.094,0.216,0.13,0.145,13178000.0,249108000.0,1.0,91395508.0,91308000,92111000.0,24.601,2332483000.0,0.0,41227000.0,104860000.0,25.545,763938000.0
45,ALB,MRT,2010-03-31,2010-03-31,2010-03-31,2021-08-04,-146902000.0,2756888000.0,2742375250.0,1063631000.0,1693257000.0,0.765,13.132,-95950000.0,267317000.0,267317000.0,1541246000.0,227591000.0,3.031,1.263,805684000.0,8390000.0,797294000.0,805684000.0,0.0,99439000.0,0.0,0.012,0.515,249670000.0,349109000.0,0.166,349109000.0,249670000.0,225424000.0,2.36,2.36,2.36,1200046000.0,1178588750.0,1200046000.0,4396638161.0,18.0,12.594,280181000.0,3.066,1.0,557827000.0,0.266,421910000.0,24246000.0,2522403000.0,2537107750.0,333832000.0,157054000.0,0.0,157054000.0,1515735000.0,350942000.0,1164793000.0,3892716161.0,83418000.0,-17183000.0,-9978000.0,-114129000.0,-44872000.0,-175971000.0,-111835000.0,1298000.0,376131000.0,-4907000.0,216277000.0,216277000.0,216277000.0,0.0,11314000.0,0.103,324210000.0,233617000.0,185615000.0,0.218,3.244,17.999,18.064,1002758000.0,0.0,42.63,1.854,1.856,405065000.0,1338503000.0,2099073000.0,2099073000.0,59492000.0,0.079,0.184,0.098,0.119,11063000.0,233724000.0,1.0,91314008.0,91386000,92193000.0,22.969,2334978000.0,0.0,9147000.0,82840000.0,25.551,712689000.0
46,ALB,MRT,2009-12-31,2009-12-31,2009-12-31,2021-08-04,-91860000.0,2771557000.0,2724425500.0,1032087000.0,1739470000.0,0.736,13.175,-117226000.0,308791000.0,308791000.0,1521532000.0,189623000.0,2.922,1.259,812713000.0,36310000.0,776403000.0,812713000.0,0.0,100513000.0,0.0,0.014,0.5,195924000.0,296437000.0,0.148,296437000.0,195924000.0,171340000.0,1.95,1.94,1.95,1205696000.0,1131923500.0,1205696000.0,3894786818.0,20.0,13.139,241299000.0,2.637,1.0,483862000.0,0.241,443244000.0,24584000.0,2478971000.0,2574898750.0,347506000.0,146084000.0,0.0,146084000.0,1518239000.0,353264000.0,1164975000.0,3334401818.0,55488000.0,-4017000.0,-1659000.0,-120032000.0,-44432000.0,-180783000.0,-121630000.0,-387000.0,358525000.0,-624000.0,178368000.0,178368000.0,178368000.0,0.0,11255000.0,0.089,297582000.0,186280000.0,170287000.0,0.256,2.766,18.694,18.651,1026883000.0,0.0,36.37,1.663,1.66,329215000.0,1287983000.0,2005394000.0,2005394000.0,60918000.0,0.065,0.158,0.076,0.098,307000.0,212628000.0,1.0,91680006.0,91512000,92046000.0,21.914,2328313000.0,0.0,-7028000.0,83834000.0,25.443,678823000.0
47,ALB,MRT,2009-09-30,2009-09-30,2009-09-30,2021-08-04,-55225000.0,2780148000.0,2749715500.0,1002753000.0,1777395000.0,0.715,13.07,-136319000.0,260434000.0,260434000.0,1507389000.0,142756000.0,2.933,1.283,820819000.0,27721000.0,793098000.0,820819000.0,0.0,104669000.0,0.0,0.014,0.495,109778000.0,214447000.0,0.109,214447000.0,109778000.0,81514000.0,1.42,1.41,1.42,1197063000.0,1096942250.0,1197063000.0,3842444151.0,35.0,17.918,288494000.0,3.15,1.0,457502000.0,0.233,451471000.0,28264000.0,2547190000.0,2622039250.0,364169000.0,145090000.0,0.0,145090000.0,1535876000.0,341872000.0,1194004000.0,3167593151.0,53223000.0,-8755000.0,-1367000.0,-148691000.0,-44233000.0,-215400000.0,-145830000.0,-756000.0,424813000.0,-10360000.0,129134000.0,129134000.0,129134000.0,0.0,13622000.0,0.066,352238000.0,105264000.0,160577000.0,0.349,2.646,24.53,24.366,1042330000.0,0.0,34.6,1.612,1.613,325774000.0,1237077000.0,1964891000.0,1964891000.0,61588000.0,0.047,0.118,0.042,0.056,2804000.0,217202000.0,1.0,91548935.0,91588000,92174000.0,21.454,2328677000.0,0.0,-47620000.0,87662000.0,25.426,660881000.0
48,ALB,MRT,2009-06-30,2009-06-30,2009-06-30,2021-08-04,-89691000.0,2660908000.0,2810075750.0,912673000.0,1748235000.0,0.751,12.152,-131206000.0,172476000.0,172476000.0,1632472000.0,146189000.0,3.127,1.356,847327000.0,26771000.0,820556000.0,847327000.0,0.0,108047000.0,0.0,0.019,0.49,121767000.0,229814000.0,0.109,229814000.0,121767000.0,89887000.0,1.46,1.45,1.46,1111550000.0,1111116750.0,1111550000.0,3072515408.0,25.0,13.37,208585000.0,2.28,1.0,477606000.0,0.226,444000000.0,31880000.0,2599867000.0,2720985500.0,385916000.0,139000000.0,0.0,139000000.0,1507774000.0,291892000.0,1215882000.0,2338280408.0,3994000.0,-45788000.0,-15608000.0,-42290000.0,-43793000.0,-139284000.0,-178384000.0,-1390000.0,339791000.0,-18129000.0,133178000.0,133178000.0,133178000.0,0.0,13011000.0,0.063,358375000.0,119231000.0,126378000.0,0.336,2.104,17.558,17.514,1031129000.0,0.0,25.57,1.108,1.108,302724000.0,1196402000.0,2110078000.0,2110078000.0,63997000.0,0.047,0.12,0.045,0.058,4082000.0,220930000.0,1.0,91446242.0,91474000,92011000.0,23.068,2216908000.0,0.0,-43291000.0,85956000.0,24.235,620781000.0
49,ALB,MRT,2009-03-31,2009-03-31,2009-03-31,2021-08-04,-156881000.0,2685089000.0,2912139750.0,1001579000.0,1683510000.0,0.785,11.09,-117014000.0,183899000.0,183899000.0,1754760000.0,173108000.0,3.102,1.598,918134000.0,26256000.0,891878000.0,918134000.0,0.0,110918000.0,0.0,0.022,0.485,167933000.0,278851000.0,0.122,278851000.0,167933000.0,133700000.0,1.71,1.7,1.71,1013385000.0,1160399500.0,1013385000.0,2668255445.0,16.0,9.569,191817000.0,2.099,1.0,530769000.0,0.232,422861000.0,34233000.0,2673567000.0,2792149000.0,440211000.0,122329000.0,0.0,122329000.0,1619445000.0,322896000.0,1296549000.0,1989294445.0,48769000.0,-63960000.0,-16619000.0,38721000.0,-43575000.0,-54822000.0,-181660000.0,-686000.0,308831000.0,-23580000.0,156340000.0,156340000.0,156340000.0,0.0,16768000.0,0.068,364739000.0,166030000.0,158292000.0,0.284,1.963,12.724,12.731,1005124000.0,0.0,21.77,0.87,0.87,313830000.0,1169352000.0,2285529000.0,2285529000.0,66637000.0,0.054,0.135,0.06,0.073,7468000.0,237047000.0,1.0,91377788.0,91380000,91797000.0,25.011,2262228000.0,0.0,-22640000.0,82806000.0,24.756,678683000.0
50,ALB,MRT,2008-12-31,2008-12-31,2008-12-31,2021-08-04,-100642000.0,2872717000.0,2984716250.0,1178923000.0,1693794000.0,0.827,11.628,-102292000.0,253303000.0,253303000.0,1859441000.0,213008000.0,2.689,1.648,932264000.0,26202000.0,906062000.0,932264000.0,0.0,111685000.0,0.0,0.022,0.48,225838000.0,337523000.0,0.137,337523000.0,225838000.0,187663000.0,2.12,2.09,2.12,1065771000.0,1219383250.0,1065771000.0,2795475845.0,12.0,8.282,224866000.0,2.453,1.0,607674000.0,0.246,445778000.0,38175000.0,2667533000.0,2836805250.0,538857000.0,121951000.0,0.0,121951000.0,1756234000.0,438367000.0,1317867000.0,2034046845.0,122752000.0,-63960000.0,-165021000.0,207070000.0,-42321000.0,-25032000.0,-163704000.0,2548000.0,327158000.0,-15670000.0,194202000.0,194202000.0,194202000.0,0.0,18806000.0,0.079,386757000.0,220917000.0,224333000.0,0.226,1.909,10.474,10.519,1012348000.0,0.0,22.3,0.824,0.828,327758000.0,1165503000.0,2467115000.0,2467115000.0,67292000.0,0.065,0.159,0.08,0.092,18467000.0,255132000.0,1.0,91212863.0,91657000,92741000.0,26.917,2426939000.0,0.0,-6539000.0,82483000.0,26.478,740556000.0
51,ALB,MRT,2008-09-30,2008-09-30,2008-09-30,2021-08-04,76355000.0,3021589000.0,2976791500.0,1214570000.0,1807019000.0,0.856,13.718,-97277000.0,207211000.0,207211000.0,1907613000.0,270911000.0,3.218,1.41,968640000.0,24614000.0,944026000.0,968640000.0,0.0,108586000.0,0.0,0.015,0.465,329218000.0,437804000.0,0.172,437804000.0,329218000.0,291241000.0,2.57,2.55,2.57,1253761000.0,1272516750.0,1253761000.0,3541855727.0,11.0,8.09,160221000.0,1.753,1.0,640933000.0,0.251,462633000.0,37977000.0,2942975000.0,2814767250.0,521257000.0,138845000.0,0.0,138845000.0,1767828000.0,377410000.0,1390418000.0,2819320727.0,105930000.0,-57768000.0,-207334000.0,268262000.0,-41253000.0,-1757000.0,-152885000.0,2160000.0,257498000.0,3074000.0,239711000.0,239711000.0,239711000.0,0.0,31200000.0,0.094,324937000.0,315996000.0,192210000.0,0.181,2.249,11.761,12.0,1033817000.0,0.0,30.84,1.106,1.106,449704000.0,1170296000.0,2548546000.0,2548546000.0,68419000.0,0.081,0.188,0.117,0.129,18440000.0,253240000.0,1.0,91417663.0,91395000,92463000.0,27.885,2558956000.0,36398000.0,51530000.0,134488000.0,27.999,837160000.0
52,ALB,MRT,2008-06-30,2008-06-30,2008-06-30,2021-08-04,167933000.0,3069164000.0,2902641000.0,1204144000.0,1865020000.0,0.852,14.304,-98882000.0,168482000.0,168482000.0,1832352000.0,269248000.0,2.8,1.345,891017000.0,21173000.0,869844000.0,891017000.0,0.0,107139000.0,0.0,0.011,0.45,332382000.0,439521000.0,0.178,439521000.0,332382000.0,294720000.0,2.58,2.55,2.58,1308681000.0,1262977500.0,1308681000.0,4395529642.0,13.0,10.001,156324000.0,1.709,1.0,639712000.0,0.259,477186000.0,37662000.0,2884521000.0,2700260000.0,558820000.0,148175000.0,0.0,148175000.0,1760483000.0,429992000.0,1330491000.0,3650309642.0,-31924000.0,-37894000.0,-194726000.0,79154000.0,-40320000.0,-162749000.0,-134453000.0,2323000.0,255206000.0,10072000.0,242635000.0,242635000.0,242635000.0,0.0,26613000.0,0.098,324072000.0,315640000.0,215341000.0,0.174,2.789,15.044,15.469,1063435000.0,0.0,39.91,1.477,1.477,441495000.0,1125066000.0,2472064000.0,2472064000.0,66449000.0,0.084,0.192,0.123,0.134,19521000.0,254345000.0,1.0,91463534.0,91489000,92564000.0,27.02,2591978000.0,35347000.0,52085000.0,150048000.0,28.331,774152000.0
53,ALB,MRT,2008-03-31,2008-03-31,2008-03-31,2021-08-04,164982000.0,2975395000.0,2801565750.0,1143447000.0,1831948000.0,0.862,13.484,-105538000.0,135130000.0,135130000.0,1785013000.0,256060000.0,2.798,1.382,880350000.0,19285000.0,861065000.0,880350000.0,0.0,106048000.0,0.0,0.012,0.435,329249000.0,435297000.0,0.18,435297000.0,329249000.0,289611000.0,2.48,2.43,2.48,1249320000.0,1213817250.0,1249320000.0,3931595328.0,12.0,9.032,152370000.0,1.645,1.0,630113000.0,0.261,459785000.0,39638000.0,2852192000.0,2606991000.0,501897000.0,137631000.0,0.0,137631000.0,1726075000.0,408638000.0,1317437000.0,3338208328.0,10114000.0,-17929000.0,-219304000.0,123715000.0,-41110000.0,-141280000.0,-122740000.0,727000.0,257908000.0,16226000.0,234843000.0,234843000.0,234843000.0,0.0,21217000.0,0.097,318004000.0,312109000.0,223001000.0,0.175,2.672,14.215,14.726,1064768000.0,0.0,36.52,1.382,1.401,472159000.0,1074394000.0,2415126000.0,2415126000.0,63780000.0,0.084,0.193,0.126,0.136,18561000.0,246002000.0,1.0,91407676.0,92654000,93905000.0,26.066,2515610000.0,34261000.0,54768000.0,137467000.0,27.151,734809000.0
54,ALB,MRT,2007-12-31,2007-12-31,2007-12-31,2021-08-04,99885000.0,2841018000.0,2710203000.0,1064006000.0,1777012000.0,0.862,13.386,-110392000.0,130551000.0,130551000.0,1713696000.0,247322000.0,2.573,1.222,723938000.0,16627000.0,707311000.0,723938000.0,0.0,106855000.0,0.0,0.01,0.42,323100000.0,429955000.0,0.184,429955000.0,323100000.0,284768000.0,2.41,2.36,2.41,1278305000.0,1172584250.0,1278305000.0,4550194950.0,14.0,10.583,135969000.0,1.424,1.0,622491000.0,0.266,441539000.0,38332000.0,2579381000.0,2507910750.0,472826000.0,128170000.0,0.0,128170000.0,1562713000.0,413485000.0,1149228000.0,3952975950.0,-18948000.0,-17929000.0,-79260000.0,-25557000.0,-40031000.0,-143489000.0,-132930000.0,-4609000.0,246361000.0,11110000.0,229690000.0,229690000.0,229690000.0,0.0,17632000.0,0.098,312604000.0,309887000.0,198817000.0,0.174,3.092,17.21,17.116,1038543000.0,0.0,41.25,1.692,1.686,425362000.0,1023022000.0,2336187000.0,2336187000.0,62691000.0,0.085,0.196,0.129,0.138,18110000.0,244969000.0,1.0,95829720.0,95496000,97396000.0,24.464,2399479000.0,0.0,55078000.0,141588000.0,25.126,650521000.0
55,ALB,MRT,2007-09-30,2007-09-30,2007-09-30,2021-08-04,42925000.0,2724987000.0,2632540500.0,1011374000.0,1713613000.0,0.882,12.763,-106662000.0,101281000.0,101281000.0,1706686000.0,234047000.0,2.52,1.242,698500000.0,18774000.0,679726000.0,698500000.0,0.0,106759000.0,0.0,0.009,0.405,319521000.0,426280000.0,0.184,426280000.0,319521000.0,280145000.0,2.46,2.41,2.46,1215604000.0,1110032500.0,1215604000.0,4817118201.0,15.0,11.3,204390000.0,2.146,1.0,614882000.0,0.265,435997000.0,39376000.0,2484946000.0,2419930250.0,446298000.0,124594000.0,0.0,124594000.0,1509383000.0,401263000.0,1108120000.0,4222281201.0,11706000.0,-18414000.0,-40939000.0,-105720000.0,-38668000.0,-176845000.0,-129875000.0,-4799000.0,311052000.0,7374000.0,234047000.0,234047000.0,234047000.0,0.0,0.0,0.101,305654000.0,309228000.0,181936000.0,0.165,3.473,18.04,17.967,1023681000.0,0.0,44.2,1.819,1.813,435189000.0,974349000.0,2321568000.0,2321568000.0,58164000.0,0.089,0.211,0.132,0.138,17776000.0,242546000.0,1.0,95526724.0,95245000,97106000.0,24.375,2288990000.0,28606000.0,46098000.0,119801000.0,24.033,610111000.0
56,ALB,MRT,2007-06-30,2007-06-30,2007-06-30,2021-08-04,6221000.0,2664863000.0,2604470500.0,1028807000.0,1636056000.0,0.901,11.672,-119865000.0,200406000.0,200406000.0,1735257000.0,177237000.0,2.91,1.396,795243000.0,18387000.0,776856000.0,795243000.0,0.0,109042000.0,0.0,0.01,0.39,230207000.0,339249000.0,0.145,339249000.0,230207000.0,189572000.0,1.86,1.82,1.86,1112040000.0,1063557250.0,1112040000.0,4308169606.0,19.0,12.699,210255000.0,2.207,1.0,610148000.0,0.26,394724000.0,40635000.0,2511445000.0,2422526250.0,409914000.0,127721000.0,0.0,127721000.0,1552823000.0,353531000.0,1199292000.0,3691471606.0,101411000.0,-25970000.0,-45153000.0,-11043000.0,-36521000.0,-82461000.0,-150846000.0,-5011000.0,330120000.0,4598000.0,177237000.0,177237000.0,177237000.0,0.0,0.0,0.076,387952000.0,222196000.0,176895000.0,0.21,3.32,20.828,20.715,989880000.0,0.0,38.53,1.574,1.565,388357000.0,915256000.0,2345405000.0,2345405000.0,54291000.0,0.068,0.167,0.095,0.098,17420000.0,239542000.0,1.0,95807724.0,95272000,97256000.0,24.618,2270139000.0,30130000.0,12335000.0,107874000.0,23.828,675276000.0
57,ALB,MRT,2007-03-31,2007-03-31,2007-03-31,2021-08-04,-2603000.0,2609944000.0,2598790250.0,981103000.0,1628841000.0,0.904,11.38,-121105000.0,125016000.0,125016000.0,1762240000.0,166701000.0,2.661,1.407,741714000.0,7181000.0,734533000.0,741714000.0,0.0,109673000.0,0.0,0.009,0.368,216747000.0,326420000.0,0.139,326420000.0,216747000.0,174492000.0,1.75,1.72,1.75,1084388000.0,1043118750.0,1084388000.0,4517602515.0,21.0,13.84,225720000.0,2.369,1.0,588150000.0,0.25,402081000.0,42255000.0,2455871000.0,2424229000.0,390515000.0,120143000.0,0.0,120143000.0,1525556000.0,368690000.0,1156866000.0,3934511515.0,57916000.0,-25970000.0,-20112000.0,-96322000.0,-32738000.0,-141590000.0,-151260000.0,-4185000.0,346825000.0,3941000.0,166701000.0,166701000.0,166701000.0,0.0,0.0,0.071,382229000.0,205921000.0,200130000.0,0.21,3.628,23.602,23.623,986890000.0,0.0,41.34,1.674,1.676,432996000.0,881466000.0,2350390000.0,2350390000.0,50565000.0,0.064,0.16,0.089,0.092,17486000.0,242489000.0,1.0,95174444.0,95288000,97504000.0,24.666,2207863000.0,32576000.0,7791000.0,113495000.0,23.17,612413000.0
58,ALB,MRT,2006-12-31,2006-12-31,2006-12-31,2021-08-04,-10058000.0,2530368000.0,2591866500.0,960854000.0,1569514000.0,0.914,10.865,-114574000.0,149499000.0,149499000.0,1817692000.0,142969000.0,1.99,1.461,732590000.0,50731000.0,681859000.0,732590000.0,0.0,112950000.0,0.0,0.01,0.345,189125000.0,302075000.0,0.128,302075000.0,189125000.0,145161000.0,1.51,1.47,1.51,1028098000.0,1014987750.0,1028098000.0,4104754132.0,22.0,13.589,261720000.0,2.766,1.0,550814000.0,0.233,403051000.0,43964000.0,2227459000.0,2447361250.0,378302000.0,111633000.0,0.0,111633000.0,1502270000.0,482949000.0,1019321000.0,3409338132.0,90929000.0,-25970000.0,-10442000.0,-104970000.0,-31582000.0,-143525000.0,-145120000.0,-4576000.0,376294000.0,3280000.0,142969000.0,142969000.0,142969000.0,0.0,0.0,0.06,373330000.0,177484000.0,202488000.0,0.228,3.316,23.847,23.775,980575000.0,0.0,35.9,1.439,1.434,400053000.0,838162000.0,2368506000.0,2368506000.0,46299000.0,0.055,0.141,0.077,0.08,15838000.0,237856000.0,1.0,94967636.0,94624000,97136000.0,25.031,2127317000.0,33000000.0,2192000.0,162643000.0,22.482,477905000.0
59,ALB,MRT,2006-09-30,2006-09-30,2006-09-30,2021-08-04,45448000.0,2612707000.0,2598179000.0,932254000.0,1680453000.0,0.913,10.867,-106536000.0,89575000.0,89575000.0,1858781000.0,112190000.0,2.236,1.537,784991000.0,51743000.0,733248000.0,784991000.0,0.0,117253000.0,0.0,0.012,0.335,153357000.0,270610000.0,0.114,270610000.0,153357000.0,109241000.0,1.195,1.16,1.195,1029703000.0,990532000.0,1029703000.0,3276694951.0,21.0,12.109,184165000.0,1.944,1.0,513363000.0,0.216,395891000.0,44116000.0,2495330000.0,2519025000.0,385804000.0,114012000.0,0.0,114012000.0,1583004000.0,416902000.0,1166102000.0,2575854951.0,41716000.0,-21832000.0,2453000.0,-93952000.0,-30541000.0,-123129000.0,-133454000.0,-5006000.0,290701000.0,7598000.0,112190000.0,112190000.0,112190000.0,0.0,0.0,0.047,373245000.0,140118000.0,209373000.0,0.28,2.502,22.96,22.732,964351000.0,0.0,27.165,1.086,1.085,430112000.0,783727000.0,2372144000.0,2372144000.0,44438000.0,0.043,0.113,0.061,0.065,14163000.0,236662000.0,1.0,94822564.0,94755000,97298000.0,25.034,2216816000.0,26763000.0,-2949000.0,204680000.0,23.395,515352000.0
60,ALB,MRT,2006-06-30,2006-06-30,2006-06-30,2021-08-04,40863000.0,2642142000.0,2585483500.0,933101000.0,1709041000.0,0.878,10.881,-82903000.0,98995000.0,98995000.0,1806185000.0,136193000.0,2.224,1.564,799835000.0,51562000.0,748273000.0,799835000.0,0.0,117409000.0,0.0,0.014,0.325,205315000.0,322724000.0,0.142,322724000.0,205315000.0,161076000.0,1.455,1.415,1.455,1030286000.0,960007000.0,1030286000.0,3026887020.0,15.0,9.379,176488000.0,1.864,1.0,464746000.0,0.205,405092000.0,44239000.0,2518256000.0,2533433500.0,415719000.0,109904000.0,0.0,109904000.0,1611856000.0,419634000.0,1192222000.0,2265811020.0,707000.0,9168000.0,6613000.0,-166084000.0,-29717000.0,-192221000.0,-78831000.0,-5096000.0,259391000.0,12368000.0,136193000.0,136193000.0,136193000.0,0.0,0.0,0.06,275051000.0,189695000.0,212258000.0,0.223,2.199,16.637,16.454,986490000.0,0.0,23.94,0.998,0.998,397649000.0,789964000.0,2270931000.0,2270931000.0,42996000.0,0.053,0.142,0.081,0.09,9371000.0,229085000.0,1.0,94645406.0,94689000,97159000.0,23.983,2237050000.0,20738000.0,24883000.0,238025000.0,23.625,513467000.0
61,ALB,MRT,2006-03-31,2006-03-31,2006-03-31,2021-08-04,23107000.0,2582249000.0,2556429750.0,899752000.0,1682497000.0,0.862,10.322,-72297000.0,67100000.0,67100000.0,1766359000.0,124924000.0,2.265,1.657,828176000.0,51824000.0,776352000.0,828176000.0,0.0,119016000.0,0.0,0.014,0.318,195051000.0,314067000.0,0.142,314067000.0,195051000.0,152714000.0,1.34,1.3,1.34,971864000.0,925488750.0,971864000.0,2946315042.0,15.0,9.381,135735000.0,1.442,1.0,438529000.0,0.199,397638000.0,42337000.0,2548400000.0,2522925250.0,403951000.0,101088000.0,0.0,101088000.0,1610385000.0,397287000.0,1213098000.0,2114258042.0,-6680000.0,2804000.0,6026000.0,-114645000.0,-28921000.0,-140092000.0,-73040000.0,-3547000.0,208032000.0,-1580000.0,124924000.0,124924000.0,124924000.0,0.0,0.0,0.057,260794000.0,177735000.0,208509000.0,0.237,2.175,16.924,16.922,974071000.0,0.0,22.675,0.959,0.968,407968000.0,754456000.0,2204888000.0,2204888000.0,42140000.0,0.049,0.135,0.077,0.088,8130000.0,220552000.0,1.0,93241810.0,94153000,96569000.0,23.418,2184611000.0,20733000.0,27790000.0,220614000.0,23.203,502465000.0
62,ALB,MRT,2005-12-31,2005-12-31,2005-12-31,2021-08-04,12047000.0,2555618000.0,2536711000.0,873663000.0,1681955000.0,0.831,10.036,-70080000.0,58570000.0,58570000.0,1684101000.0,114867000.0,2.071,1.747,833453000.0,57564000.0,775889000.0,833453000.0,0.0,117435000.0,0.0,0.016,0.31,184431000.0,301866000.0,0.143,301866000.0,184431000.0,142460000.0,1.24,1.2,1.24,930275000.0,900414750.0,930275000.0,2619968707.0,14.0,8.679,98782000.0,1.066,1.0,423398000.0,0.201,394470000.0,41971000.0,2514114000.0,2509874750.0,411023000.0,92933000.0,0.0,92933000.0,1625343000.0,421917000.0,1203426000.0,1787911707.0,12180000.0,-7473000.0,154208000.0,-191480000.0,-26447000.0,-69229000.0,-78027000.0,-474000.0,168862000.0,-9426000.0,114867000.0,114867000.0,114867000.0,0.0,0.0,0.055,259502000.0,163896000.0,222142000.0,0.25,1.922,15.565,15.464,966817000.0,0.0,19.175,0.848,0.843,387463000.0,727874000.0,2107499000.0,2107499000.0,41675000.0,0.045,0.128,0.073,0.088,9012000.0,219725000.0,1.0,93241810.0,92696000,95495000.0,22.736,2161148000.0,16607000.0,27593000.0,218938000.0,23.314,451746000.0
63,ALB,MRT,2005-09-30,2005-09-30,2005-09-30,2021-08-04,23430000.0,2561925000.0,2508492750.0,854715000.0,1707210000.0,0.785,9.737,-70644000.0,47859000.0,47859000.0,1562660000.0,102306000.0,1.981,1.823,879916000.0,59303000.0,820613000.0,879916000.0,0.0,114177000.0,0.0,0.016,0.305,175639000.0,289816000.0,0.147,289816000.0,175639000.0,136187000.0,1.125,1.095,1.125,907603000.0,845689750.0,907603000.0,2542531668.0,14.0,8.773,84545000.0,0.907,1.0,407729000.0,0.207,409664000.0,39452000.0,2552964000.0,2522124250.0,431516000.0,97930000.0,0.0,97930000.0,1654322000.0,431354000.0,1222968000.0,1756533669.0,-12958000.0,-37410000.0,155900000.0,-165280000.0,-26285000.0,-41632000.0,-110023000.0,-1217000.0,155189000.0,-16492000.0,102306000.0,102306000.0,102306000.0,0.0,0.0,0.052,264036000.0,143693000.0,205310000.0,0.271,1.935,17.169,16.756,982759000.0,0.0,18.85,0.891,0.892,354611000.0,703151000.0,1970389000.0,1970389000.0,43934000.0,0.041,0.121,0.07,0.089,14347000.0,212777000.0,1.0,93184810.0,93214000,,21.138,2152261000.0,20729000.0,33881000.0,235276000.0,23.089,423361000.0
64,ALB,MRT,2005-06-30,2005-06-30,2005-06-30,2021-08-04,36186000.0,2525927000.0,2475296500.0,857558000.0,1668369000.0,0.759,9.577,-74207000.0,98288000.0,98288000.0,1493462000.0,76841000.0,2.14,1.831,884286000.0,45048000.0,839238000.0,884286000.0,0.0,111998000.0,0.0,0.016,0.297,139943000.0,251941000.0,0.134,251941000.0,139943000.0,105123000.0,0.855,0.83,0.855,892213000.0,784689750.0,892213000.0,2490222610.0,18.0,9.884,72682000.0,0.78,1.0,384226000.0,0.205,434955000.0,34820000.0,2476223000.0,2419734250.0,396826000.0,128027000.0,0.0,128027000.0,1633714000.0,400747000.0,1232967000.0,1698495610.0,59635000.0,-823134000.0,157687000.0,699770000.0,-25379000.0,825711000.0,-897523000.0,-685000.0,146889000.0,-15442000.0,76841000.0,76841000.0,76841000.0,0.0,0.0,0.041,258483000.0,125743000.0,198460000.0,0.347,1.904,22.104,21.327,882307000.0,0.0,18.235,0.905,0.905,346875000.0,676864000.0,1877688000.0,1877688000.0,42928000.0,0.031,0.098,0.058,0.075,14735000.0,205429000.0,1.0,93144810.0,93162000,,20.155,2090972000.0,15569000.0,28282000.0,248371000.0,22.444,456811000.0
65,ALB,MRT,2005-03-31,2005-03-31,2005-03-31,2021-08-04,36160000.0,2503374000.0,2189085000.0,841911000.0,1661463000.0,0.777,9.57,-68055000.0,73780000.0,73780000.0,1356206000.0,65551000.0,2.153,1.872,865507000.0,45051000.0,820456000.0,865507000.0,0.0,104747000.0,0.0,0.016,0.295,114645000.0,219392000.0,0.129,219392000.0,114645000.0,88601000.0,0.76,0.74,0.76,871568000.0,725380500.0,871568000.0,2591322766.0,23.0,11.811,75872000.0,0.833,1.0,345487000.0,0.203,407787000.0,26044000.0,2496198000.0,2090946500.0,369670000.0,125510000.0,0.0,125510000.0,1631806000.0,391116000.0,1240690000.0,1693081766.0,23259000.0,-813689000.0,158565000.0,639063000.0,-24310000.0,766782000.0,-883242000.0,-1958000.0,143927000.0,-4208000.0,65551000.0,65551000.0,65551000.0,0.0,0.0,0.039,237627000.0,107860000.0,210847000.0,0.388,1.943,25.828,23.921,909462000.0,0.0,18.18,0.995,0.973,374609000.0,659248000.0,1701693000.0,1701693000.0,37674000.0,0.03,0.09,0.055,0.067,11354000.0,184409000.0,1.0,93128810.0,91076000,,18.684,2095587000.0,23852000.0,23050000.0,254445000.0,23.009,450795000.0
66,ALB,MRT,2004-12-31,2004-12-31,2004-12-31,2021-08-04,46203000.0,2442745000.0,1909532250.0,747410000.0,1695335000.0,0.793,8.557,-57652000.0,46390000.0,46390000.0,1214788000.0,54839000.0,2.0,2.434,944631000.0,45047000.0,899584000.0,944631000.0,0.0,97268000.0,0.0,0.015,0.292,89194000.0,186462000.0,0.123,186462000.0,89194000.0,71844000.0,0.66,0.64,0.66,711375000.0,667594000.0,711375000.0,2505126645.0,28.0,13.435,133903000.0,1.611,1.0,298949000.0,0.197,404128000.0,17350000.0,2563112000.0,1770473000.0,338757000.0,170957000.0,0.0,170957000.0,1731370000.0,373746000.0,1357624000.0,1612677645.0,11217000.0,-808737000.0,11080000.0,707759000.0,-25275000.0,686332000.0,-868628000.0,-2239000.0,191555000.0,1958000.0,54839000.0,54839000.0,54839000.0,0.0,0.0,0.036,209061000.0,89888000.0,206984000.0,0.442,2.267,29.407,29.326,895984000.0,0.0,19.355,1.065,1.063,341551000.0,641914000.0,1513737000.0,1513737000.0,31273000.0,0.029,0.082,0.05,0.059,7981000.0,157737000.0,1.0,83320984.0,83134000,85054000.0,18.208,2038617000.0,20712000.0,17005000.0,282418000.0,24.522,373664000.0
67,ALB,MRT,2004-09-30,2004-09-30,2004-09-30,2021-08-04,25197000.0,2429140000.0,1645668750.0,740366000.0,1688774000.0,0.825,7.982,-48353000.0,60817000.0,60817000.0,1090748000.0,51990000.0,0.906,2.661,953266000.0,495047000.0,458219000.0,953266000.0,0.0,91537000.0,0.0,0.017,0.29,81801000.0,173338000.0,0.128,173338000.0,81801000.0,71300000.0,0.625,0.615,0.625,663603000.0,648805500.0,663603000.0,1596498717.0,20.0,9.21,124343000.0,1.496,1.0,267048000.0,0.197,360794000.0,10501000.0,2143404000.0,1442705500.0,289393000.0,0.0,0.0,0.0,1765537000.0,817391000.0,948146000.0,1458621717.0,25833000.0,-798151000.0,6154000.0,712291000.0,-23750000.0,691092000.0,-845672000.0,0.0,172696000.0,7717000.0,51990000.0,51990000.0,51990000.0,0.0,0.0,0.038,171728000.0,95320000.0,196952000.0,0.464,2.198,28.056,28.072,889174000.0,0.0,17.545,1.074,1.074,373697000.0,628557000.0,1357796000.0,1357796000.0,23046000.0,0.032,0.08,0.057,0.06,0.0,138278000.0,1.0,83136034.0,83136034,,16.332,2068346000.0,16459000.0,19310000.0,262752000.0,24.879,-77025000.0
68,ALB,MRT,2004-06-30,2004-06-30,2004-06-30,2021-08-04,19912000.0,1381081000.0,1369946500.0,482658000.0,898423000.0,0.891,7.886,-41414000.0,38653000.0,38653000.0,973495000.0,61019000.0,2.034,1.109,176530000.0,44000.0,176486000.0,176530000.0,0.0,86197000.0,0.0,0.018,0.287,88928000.0,175125000.0,0.143,175125000.0,88928000.0,83228000.0,0.735,0.72,0.735,654976000.0,633651750.0,654976000.0,1481052957.0,17.0,8.457,109297000.0,1.316,1.0,246948000.0,0.202,120636000.0,5700000.0,1161072000.0,1211661250.0,191814000.0,0.0,0.0,0.0,726105000.0,237250000.0,488855000.0,1314341957.0,-22439000.0,-99008000.0,1138000.0,-11670000.0,-23404000.0,-37138000.0,-140925000.0,0.0,150711000.0,4913000.0,61019000.0,61019000.0,61019000.0,0.0,0.0,0.05,156989000.0,89959000.0,129997000.0,0.39,2.007,21.54,21.531,509867000.0,0.0,15.825,1.077,1.077,238668000.0,627742000.0,1220443000.0,1220443000.0,18715000.0,0.045,0.096,0.073,0.073,0.0,123168000.0,1.0,83054784.0,83054784,,14.694,1260445000.0,13523000.0,22209000.0,167348000.0,15.176,245408000.0
69,ALB,MRT,2004-03-31,2004-03-31,2004-03-31,2021-08-04,21859000.0,1385163000.0,1336971750.0,487500000.0,897663000.0,0.872,7.731,-40599000.0,50521000.0,50521000.0,924755000.0,63985000.0,2.249,1.163,217232000.0,47000.0,217185000.0,217232000.0,0.0,85442000.0,0.0,0.02,0.285,84145000.0,169587000.0,0.146,169587000.0,84145000.0,78547000.0,0.775,0.755,0.775,640422000.0,618507750.0,640422000.0,1394557000.0,17.0,8.223,105964000.0,1.279,1.0,240752000.0,0.207,120785000.0,5598000.0,1214304000.0,1204471000.0,186474000.0,0.0,0.0,0.0,744741000.0,216785000.0,527956000.0,1201151000.0,-2179000.0,-106686000.0,-38000.0,17936000.0,-23239000.0,-8875000.0,-147542000.0,203000.0,146563000.0,7675000.0,63985000.0,63985000.0,63985000.0,0.0,0.0,0.055,152558000.0,88194000.0,119735000.0,0.368,1.876,18.772,18.71,513512000.0,0.0,14.5,1.031,1.031,233847000.0,613012000.0,1165507000.0,1165507000.0,18048000.0,0.048,0.103,0.07,0.072,0.0,119954000.0,1.0,82838000.0,82838000,,14.07,1264378000.0,16658000.0,14562000.0,166003000.0,15.263,270715000.0
70,ALB,MRT,2003-12-31,2003-12-31,2003-12-31,2021-08-04,23643000.0,1387291000.0,1297124250.0,481369000.0,905922000.0,0.856,7.711,-41058000.0,35173000.0,35173000.0,871727000.0,71945000.0,2.291,1.181,228579000.0,190000.0,228389000.0,228579000.0,0.0,84014000.0,0.0,0.019,0.283,91211000.0,175225000.0,0.158,175225000.0,91211000.0,85835000.0,0.87,0.855,0.87,636221000.0,600893000.0,636221000.0,1438582100.0,16.0,8.21,109040000.0,1.322,1.0,238510000.0,0.215,118584000.0,5376000.0,1252042000.0,1182574750.0,204703000.0,49375000.0,0.0,49375000.0,751070000.0,210071000.0,540999000.0,1232906100.0,-12611000.0,-129753000.0,-15923000.0,35871000.0,-23194000.0,-6280000.0,-166392000.0,4419000.0,150098000.0,9963000.0,71945000.0,71945000.0,71945000.0,0.0,0.0,0.065,145686000.0,92824000.0,111431000.0,0.325,1.938,17.137,17.224,527005000.0,0.0,14.985,1.11,1.114,226026000.0,611430000.0,1110237000.0,1110237000.0,18411000.0,0.055,0.12,0.077,0.082,0.0,117226000.0,1.0,82276016.0,82510000,84292000.0,13.456,1268707000.0,15467000.0,13890000.0,166011000.0,15.376,271298000.0
71,ALB,MRT,2003-09-30,2003-09-30,2003-09-30,2021-08-04,7987000.0,1326251000.0,1250401000.0,449639000.0,876612000.0,0.853,7.311,-40783000.0,20789000.0,20789000.0,838366000.0,70334000.0,2.244,1.199,226465000.0,178000.0,226287000.0,226465000.0,0.0,81722000.0,0.0,0.02,0.28,89391000.0,171113000.0,0.16,171113000.0,89391000.0,84053000.0,0.85,0.825,0.85,602988000.0,585422000.0,602988000.0,1257308172.0,14.0,7.348,83854000.0,1.017,1.0,228423000.0,0.214,112320000.0,5338000.0,1219227000.0,1155575750.0,186013000.0,0.0,0.0,0.0,723263000.0,200380000.0,522883000.0,1131942172.0,-1109000.0,-114153000.0,-16014000.0,60805000.0,-23174000.0,18917000.0,-153656000.0,2678000.0,124637000.0,8993000.0,70334000.0,70334000.0,70334000.0,0.0,0.0,0.066,138537000.0,89886000.0,100475000.0,0.329,1.877,16.094,16.147,531539000.0,0.0,13.725,1.061,1.061,212829000.0,594287000.0,1066789000.0,1066789000.0,17702000.0,0.056,0.12,0.077,0.084,0.0,112632000.0,1.0,82473018.0,82473018,,12.935,1213931000.0,30008000.0,13719000.0,159958000.0,14.719,249259000.0
72,ALB,MRT,2003-06-30,2003-06-30,2003-06-30,2021-08-04,6250000.0,1249182000.0,1207710750.0,443760000.0,805422000.0,0.879,7.214,-38393000.0,49993000.0,49993000.0,824563000.0,80830000.0,2.43,1.102,175359000.0,176000.0,175183000.0,175359000.0,0.0,80907000.0,0.0,0.02,0.28,106847000.0,187754000.0,0.177,187754000.0,106847000.0,101643000.0,0.975,0.95,0.975,594400000.0,573462000.0,594400000.0,1296641784.0,12.0,6.906,110983000.0,1.347,1.0,237389000.0,0.224,59649000.0,5204000.0,1132311000.0,1122575250.0,173650000.0,0.0,0.0,0.0,654782000.0,182588000.0,472194000.0,1152352784.0,27688000.0,-34193000.0,-12934000.0,-24530000.0,-23327000.0,-62292000.0,-68167000.0,2678000.0,149376000.0,8771000.0,80830000.0,80830000.0,80830000.0,0.0,0.0,0.076,131869000.0,105520000.0,96673000.0,0.287,1.939,14.256,14.344,515969000.0,0.0,13.985,1.085,1.085,193010000.0,587610000.0,1061952000.0,1061952000.0,17052000.0,0.067,0.141,0.095,0.101,0.0,114117000.0,1.0,82399198.0,82399198,,12.888,1189533000.0,27107000.0,20813000.0,157759000.0,14.436,261172000.0
73,ALB,MRT,2003-03-31,2003-03-31,2003-03-31,2021-08-04,-1264000.0,1225773000.0,1185906750.0,424353000.0,801420000.0,0.879,6.835,-39057000.0,40287000.0,40287000.0,807523000.0,77790000.0,2.323,1.151,184576000.0,168000.0,184408000.0,184576000.0,0.0,80472000.0,0.0,0.023,0.275,108282000.0,188754000.0,0.181,188754000.0,108282000.0,103100000.0,0.935,0.91,0.935,569963000.0,560208750.0,569963000.0,1158046002.0,11.0,6.135,118890000.0,1.426,1.0,235312000.0,0.226,60689000.0,5182000.0,1126719000.0,1075165500.0,163325000.0,0.0,0.0,0.0,655810000.0,182654000.0,473156000.0,1015202002.0,23202000.0,-31483000.0,-11334000.0,-43750000.0,-22979000.0,-78063000.0,-66324000.0,2475000.0,157947000.0,9642000.0,77790000.0,77790000.0,77790000.0,0.0,0.0,0.075,130949000.0,104363000.0,81977000.0,0.294,1.781,13.051,13.021,516233000.0,0.0,12.175,0.974,0.974,190972000.0,570799000.0,1042835000.0,1042835000.0,16651000.0,0.066,0.139,0.101,0.104,0.0,113598000.0,1.0,83384148.0,83384148,,12.506,1165084000.0,29769000.0,25310000.0,158875000.0,13.972,241699000.0
74,ALB,MRT,2002-12-31,2002-12-31,2002-12-31,2021-08-04,-4514000.0,1200398000.0,1162191000.0,420506000.0,779892000.0,0.867,6.82,-38382000.0,47784000.0,47784000.0,775388000.0,73021000.0,2.564,1.09,190628000.0,343000.0,190285000.0,190628000.0,0.0,80603000.0,0.0,0.019,0.27,106177000.0,186780000.0,0.185,186780000.0,106177000.0,101107000.0,0.865,0.845,0.865,574337000.0,545693500.0,574337000.0,1327607375.0,13.0,7.108,106389000.0,1.263,1.0,232530000.0,0.231,35171000.0,5070000.0,1144046000.0,1025918750.0,161615000.0,0.0,0.0,0.0,626061000.0,164025000.0,462036000.0,1185748375.0,17199000.0,-4368000.0,-90619000.0,18654000.0,-22979000.0,-94944000.0,-41009000.0,0.0,144771000.0,8381000.0,73021000.0,73021000.0,73021000.0,0.0,0.0,0.072,129711000.0,102819000.0,75092000.0,0.312,2.065,16.238,16.445,519071000.0,0.0,14.225,1.176,1.188,193573000.0,576148000.0,1007918000.0,1007918000.0,16485000.0,0.063,0.134,0.103,0.105,0.0,111676000.0,1.0,83356652.0,84208000,86274000.0,11.969,1165227000.0,17534000.0,28086000.0,140641000.0,13.837,256481000.0
75,ALB,MRT,2002-09-30,2002-09-30,2002-09-30,2021-08-04,-7918000.0,1155490000.0,1146659500.0,404103000.0,751387000.0,0.891,6.66,-39881000.0,36093000.0,36093000.0,785929000.0,71900000.0,2.302,1.081,177952000.0,323000.0,177629000.0,177952000.0,0.0,82795000.0,0.0,0.021,0.265,104872000.0,187667000.0,0.184,187667000.0,104872000.0,99729000.0,0.845,0.825,0.845,555148000.0,550434750.0,555148000.0,1231494266.0,12.0,6.562,129913000.0,1.559,1.0,235352000.0,0.23,34570000.0,5143000.0,1087225000.0,975486500.0,159043000.0,0.0,0.0,0.0,600342000.0,175554000.0,424788000.0,1053988266.0,1871000.0,-10184000.0,-95945000.0,-5931000.0,-22881000.0,-124757000.0,-46068000.0,1741000.0,169794000.0,2902000.0,71900000.0,71900000.0,71900000.0,0.0,0.0,0.07,133196000.0,102156000.0,74190000.0,0.314,1.899,14.659,14.964,518816000.0,0.0,12.645,1.032,1.032,187609000.0,560489000.0,1021281000.0,1021281000.0,18022000.0,0.063,0.131,0.108,0.103,0.0,112273000.0,1.0,83352176.0,83352176,,12.253,1120920000.0,21358000.0,27829000.0,144226000.0,13.448,228549000.0
76,ALB,MRT,2002-06-30,2002-06-30,2002-06-30,2021-08-04,-7120000.0,1161966000.0,1149402250.0,402775000.0,759191000.0,0.863,6.505,-40612000.0,33404000.0,33404000.0,764525000.0,68309000.0,1.114,1.146,210910000.0,198838000.0,12072000.0,210910000.0,0.0,81071000.0,0.0,0.013,0.195,100540000.0,181611000.0,0.183,181611000.0,100540000.0,94699000.0,0.785,0.765,0.785,541387000.0,560201750.0,541387000.0,1489142517.0,15.0,8.2,115569000.0,1.389,1.0,227059000.0,0.229,35215000.0,5841000.0,942672000.0,939367000.0,163098000.0,0.0,0.0,0.0,620579000.0,361585000.0,258994000.0,1279529517.0,25517000.0,-77211000.0,-98108000.0,100179000.0,-22921000.0,-20850000.0,-116874000.0,1741000.0,156181000.0,7060000.0,68309000.0,68309000.0,68309000.0,0.0,0.0,0.069,131051000.0,96008000.0,70545000.0,0.248,2.363,18.731,19.586,531356000.0,0.0,15.375,1.29,1.29,189609000.0,545971000.0,991584000.0,991584000.0,19505000.0,0.059,0.122,0.107,0.101,0.0,108645000.0,1.0,83221432.0,83221432,,11.915,1126751000.0,16664000.0,26390000.0,139555000.0,13.539,41190000.0
77,ALB,MRT,2002-03-31,2002-03-31,2002-03-31,2021-08-04,-19377000.0,1130910000.0,1108691250.0,384337000.0,746573000.0,0.857,5.626,-43616000.0,29498000.0,29498000.0,732524000.0,62420000.0,1.017,1.209,239111000.0,227051000.0,12060000.0,239111000.0,0.0,79434000.0,0.0,0.014,0.195,95398000.0,174832000.0,0.184,174832000.0,95398000.0,89706000.0,0.695,0.685,0.695,511902000.0,569427500.0,511902000.0,1393560420.0,15.0,7.971,104356000.0,1.147,1.0,217640000.0,0.229,32714000.0,5692000.0,929732000.0,940466750.0,165835000.0,0.0,0.0,0.0,619008000.0,378077000.0,240931000.0,1253930420.0,14933000.0,-120749000.0,-99812000.0,152290000.0,-23806000.0,28672000.0,-162762000.0,1741000.0,147972000.0,1051000.0,62420000.0,62420000.0,62420000.0,0.0,0.0,0.066,125734000.0,91906000.0,65619000.0,0.281,2.45,20.089,19.827,523302000.0,0.0,13.78,1.32,1.32,171626000.0,530693000.0,950164000.0,950164000.0,20918000.0,0.056,0.11,0.101,0.1,0.0,101915000.0,1.0,90996402.0,90996402,,10.442,1098196000.0,17378000.0,27286000.0,120868000.0,12.069,6260000.0
78,ALB,MRT,2001-12-31,2001-12-31,2001-12-31,2021-08-04,-18453000.0,1138272000.0,1068887250.0,383661000.0,754611000.0,0.882,6.482,-49903000.0,30585000.0,30585000.0,721417000.0,68167000.0,1.263,0.919,170215000.0,157862000.0,12353000.0,170215000.0,0.0,77610000.0,0.0,0.016,0.195,102732000.0,180342000.0,0.191,180342000.0,102732000.0,97196000.0,0.745,0.735,0.745,593302000.0,582986000.0,593302000.0,1241015408.0,12.0,6.881,93961000.0,1.027,1.0,221335000.0,0.235,31748000.0,5536000.0,942317000.0,929015500.0,159661000.0,0.0,0.0,0.0,544970000.0,303837000.0,241133000.0,1091274408.0,11285000.0,-125615000.0,-6723000.0,74139000.0,-23844000.0,43572000.0,-175634000.0,0.0,143864000.0,-517000.0,68167000.0,68167000.0,68167000.0,0.0,0.0,0.072,122885000.0,98450000.0,63559000.0,0.262,1.839,16.009,16.107,529672000.0,0.0,12.0,1.158,1.165,175160000.0,560275000.0,942752000.0,942752000.0,21919000.0,0.064,0.117,0.111,0.109,0.0,98915000.0,1.0,90939534.0,91532000,93048000.0,10.3,1106524000.0,18255000.0,29029000.0,116237000.0,12.089,79824000.0
79,ALB,MRT,2001-09-30,2001-09-30,2001-09-30,2021-08-04,-14223000.0,1166461000.0,1029770000.0,411766000.0,754695000.0,0.894,6.476,-49957000.0,34222000.0,34222000.0,693535000.0,69820000.0,1.208,0.963,183963000.0,171596000.0,12367000.0,183963000.0,0.0,74899000.0,0.0,0.021,0.195,105362000.0,180261000.0,0.196,180261000.0,105362000.0,99738000.0,0.76,0.745,0.76,594216000.0,574387250.0,594216000.0,968882216.0,9.0,5.375,86603000.0,0.944,1.0,226888000.0,0.247,32573000.0,5624000.0,942747000.0,917414250.0,173932000.0,0.0,0.0,0.0,572245000.0,340882000.0,231363000.0,867048216.0,15375000.0,-123977000.0,-3293000.0,74547000.0,-23235000.0,49332000.0,-173579000.0,0.0,136560000.0,3062000.0,69820000.0,69820000.0,69820000.0,0.0,0.0,0.076,126156000.0,100732000.0,68839000.0,0.257,1.459,12.418,12.434,538914000.0,0.0,9.45,0.942,0.942,185475000.0,552135000.0,920423000.0,920423000.0,23558000.0,0.068,0.122,0.115,0.114,0.0,94832000.0,1.0,91751134.0,91751134,,10.032,1133888000.0,18137000.0,29918000.0,123114000.0,12.358,70884000.0
80,ALB,MRT,2001-06-30,2001-06-30,2001-06-30,2021-08-04,-21428000.0,999122000.0,982388500.0,290914000.0,708208000.0,0.932,6.303,-53025000.0,7887000.0,7887000.0,676413000.0,76765000.0,2.177,0.728,109721000.0,281000.0,109440000.0,109721000.0,0.0,74575000.0,0.0,0.022,0.25,115039000.0,189614000.0,0.207,189614000.0,115039000.0,109877000.0,0.835,0.82,0.835,578290000.0,562600000.0,578290000.0,1135974199.0,10.0,5.991,94346000.0,1.028,1.0,239046000.0,0.261,20234000.0,5162000.0,947071000.0,909586000.0,120326000.0,0.0,0.0,0.0,420832000.0,133651000.0,287181000.0,1062865199.0,-9898000.0,-56926000.0,-1156000.0,-21806000.0,-22320000.0,-43969000.0,-111094000.0,0.0,147371000.0,-2206000.0,76765000.0,76765000.0,76765000.0,0.0,0.0,0.084,128826000.0,110220000.0,61793000.0,0.299,1.838,13.846,13.874,474572000.0,0.0,11.585,1.161,1.161,149353000.0,541337000.0,915459000.0,915459000.0,24944000.0,0.078,0.136,0.126,0.126,0.0,96116000.0,1.0,91744946.0,91744946,,9.978,978888000.0,13348000.0,33112000.0,109714000.0,10.67,157263000.0
81,ALB,MRT,2001-03-31,2001-03-31,2001-03-31,2021-08-04,-18760000.0,971694000.0,974956500.0,305812000.0,665882000.0,0.954,6.177,-53208000.0,14565000.0,14565000.0,674063000.0,95773000.0,2.192,0.716,87674000.0,290000.0,87384000.0,87674000.0,0.0,74045000.0,0.0,0.021,0.24,142914000.0,216959000.0,0.233,216959000.0,142914000.0,137614000.0,1.045,1.025,1.045,566136000.0,551033000.0,566136000.0,1107423030.0,8.0,5.104,90738000.0,0.99,1.0,256316000.0,0.275,21346000.0,5300000.0,883927000.0,909199750.0,111539000.0,0.0,0.0,0.0,405558000.0,139530000.0,266028000.0,1028743030.0,-6813000.0,-51786000.0,-1251000.0,-24222000.0,-21073000.0,-45233000.0,-105275000.0,0.0,143946000.0,-251000.0,95773000.0,95773000.0,95773000.0,0.0,0.0,0.103,117348000.0,138968000.0,65601000.0,0.23,1.817,10.741,10.742,482403000.0,0.0,11.225,1.106,1.106,167084000.0,526536000.0,930379000.0,930379000.0,25730000.0,0.098,0.174,0.157,0.154,0.0,99752000.0,1.0,91647486.0,91647486,,10.152,950348000.0,12624000.0,41841000.0,110290000.0,10.37,166282000.0
82,ALB,MRT,2000-12-31,2000-12-31,2000-12-31,2021-08-04,-14688000.0,981803000.0,960610000.0,315154000.0,666649000.0,0.98,6.091,-52248000.0,19300000.0,19300000.0,669986000.0,101776000.0,2.218,0.757,97980000.0,299000.0,97681000.0,97980000.0,0.0,73750000.0,0.0,0.019,0.23,153499000.0,227249000.0,0.241,227249000.0,153499000.0,147501000.0,1.11,1.09,1.11,558907000.0,535226250.0,558907000.0,1226340884.0,8.0,5.396,102639000.0,1.119,1.0,271463000.0,0.288,22455000.0,5998000.0,895912000.0,904066750.0,107418000.0,0.0,0.0,0.0,422896000.0,142116000.0,280780000.0,1134219884.0,-29321000.0,-45739000.0,-9798000.0,-59706000.0,-19752000.0,-87943000.0,-97007000.0,0.0,154887000.0,742000.0,101776000.0,101776000.0,101776000.0,0.0,0.0,0.108,121301000.0,150162000.0,72296000.0,0.207,2.029,11.144,11.149,490074000.0,0.0,12.375,1.205,1.206,174297000.0,515914000.0,941449000.0,941449000.0,26201000.0,0.106,0.19,0.17,0.163,0.0,103234000.0,1.0,91654132.0,91764000,93212000.0,10.259,959348000.0,14139000.0,45725000.0,106236000.0,10.455,173038000.0
83,ALB,MRT,2000-09-30,2000-09-30,2000-09-30,2021-08-04,-17229000.0,976935000.0,953682750.0,312750000.0,664185000.0,0.968,5.97,-56490000.0,18847000.0,18847000.0,645208000.0,109972000.0,2.188,0.786,110968000.0,286000.0,110682000.0,110968000.0,0.0,73218000.0,0.0,0.021,0.215,164034000.0,237252000.0,0.257,237252000.0,164034000.0,157996000.0,1.195,1.18,1.195,547067000.0,518140500.0,547067000.0,1041031684.0,6.0,4.388,92173000.0,1.006,1.0,278214000.0,0.301,14684000.0,6038000.0,911434000.0,909084500.0,104369000.0,0.0,0.0,0.0,429868000.0,142938000.0,286930000.0,924808684.0,-26808000.0,-67578000.0,-21047000.0,-35636000.0,-19401000.0,-75438000.0,-98639000.0,22054000.0,148663000.0,-1394000.0,109972000.0,109972000.0,109972000.0,0.0,0.0,0.119,116657000.0,161557000.0,69448000.0,0.18,1.69,8.409,8.448,482817000.0,0.0,10.095,1.002,1.002,176746000.0,506161000.0,923422000.0,923422000.0,27625000.0,0.115,0.212,0.18,0.178,0.0,100871000.0,1.0,91610568.0,91632000,,10.078,962251000.0,12788000.0,48024000.0,106838000.0,10.501,169812000.0
84,ALB,MRT,2000-06-30,2000-06-30,2000-06-30,2021-08-04,-12938000.0,969394000.0,946782500.0,298942000.0,670452000.0,0.949,5.791,-58555000.0,17785000.0,17785000.0,629596000.0,103405000.0,2.402,0.822,134008000.0,305000.0,133703000.0,134008000.0,0.0,74171000.0,0.0,0.021,0.21,153256000.0,227427000.0,0.253,227427000.0,153256000.0,147205000.0,1.12,1.105,1.12,532022000.0,503370000.0,532022000.0,997154487.0,7.0,4.385,93668000.0,1.019,1.0,268859000.0,0.299,15643000.0,6051000.0,945526000.0,905033500.0,109716000.0,0.0,0.0,0.0,437372000.0,124448000.0,312924000.0,904105487.0,-18089000.0,-69041000.0,-23866000.0,-24653000.0,-19064000.0,-66937000.0,-103678000.0,22054000.0,152223000.0,303000.0,103405000.0,103405000.0,103405000.0,0.0,0.0,0.115,116896000.0,151963000.0,61569000.0,0.188,1.699,8.743,8.817,481449000.0,0.0,9.875,1.006,1.01,159685000.0,487495000.0,898455000.0,898455000.0,29239000.0,0.109,0.205,0.169,0.171,0.0,98644000.0,1.0,91554986.0,91878000,93146000.0,9.779,953751000.0,11756000.0,43800000.0,104617000.0,10.381,174494000.0
85,ALB,MRT,2000-03-31,2000-03-31,2000-03-31,2021-08-04,-13277000.0,914308000.0,938788500.0,299247000.0,615061000.0,0.93,5.444,-68911000.0,21378000.0,21378000.0,612834000.0,94205000.0,2.348,0.818,114427000.0,736000.0,113691000.0,114427000.0,0.0,75014000.0,0.0,0.02,0.205,143201000.0,218215000.0,0.25,218215000.0,143201000.0,135527000.0,1.01,1.0,1.01,502909000.0,489483750.0,502909000.0,1069612148.0,7.0,4.902,74769000.0,0.809,1.0,260226000.0,0.298,16539000.0,7674000.0,863395000.0,897195750.0,105562000.0,0.0,0.0,0.0,411399000.0,127423000.0,283976000.0,958473148.0,-16663000.0,-7887000.0,-23661000.0,-197009000.0,-18731000.0,-238755000.0,80408000.0,158218000.0,143680000.0,-1996000.0,94205000.0,94205000.0,94205000.0,0.0,0.0,0.108,140176000.0,120050000.0,58404000.0,0.203,1.906,10.174,10.272,486804000.0,0.0,10.375,1.098,1.098,157844000.0,458724000.0,873060000.0,873060000.0,32113000.0,0.1,0.192,0.16,0.164,0.0,97371000.0,1.0,92382954.0,92382954,,9.45,897769000.0,14463000.0,41322000.0,105362000.0,9.718,171824000.0
86,ALB,MRT,1999-12-31,1999-12-31,1999-12-31,2021-08-04,-9013000.0,954094000.0,980971250.0,332599000.0,621495000.0,0.862,5.231,-77569000.0,48621000.0,48621000.0,588983000.0,88829000.0,2.532,0.945,159760000.0,779000.0,158981000.0,159760000.0,0.0,75750000.0,0.0,0.021,0.2,137117000.0,212867000.0,0.252,212867000.0,137117000.0,128738000.0,0.945,0.935,0.945,490564000.0,480614000.0,490564000.0,998633192.0,7.0,4.691,86728000.0,0.925,1.0,256942000.0,0.304,17897000.0,8379000.0,915983000.0,984226250.0,110816000.0,0.0,0.0,0.0,463530000.0,131353000.0,332177000.0,897087192.0,27441000.0,-7791000.0,-15474000.0,-34698000.0,-18797000.0,-68323000.0,-65868000.0,22054000.0,164297000.0,-2665000.0,88829000.0,88829000.0,88829000.0,0.0,0.0,0.105,142816000.0,114126000.0,61386000.0,0.212,1.829,10.099,10.153,495385000.0,0.0,9.595,1.06,1.064,155140000.0,435211000.0,845925000.0,845925000.0,34288000.0,0.091,0.185,0.139,0.162,0.0,97836000.0,1.0,93495278.0,93778000,95026000.0,9.021,936197000.0,18022000.0,39909000.0,106059000.0,9.983,201246000.0
87,ALB,MRT,1999-09-30,1999-09-30,1999-09-30,2021-08-04,-4693000.0,949334000.0,976897000.0,321151000.0,628183000.0,0.846,5.197,-80714000.0,45655000.0,45655000.0,576481000.0,87619000.0,2.334,0.945,147201000.0,821000.0,146380000.0,147201000.0,0.0,76397000.0,0.0,0.02,0.2,137434000.0,213831000.0,0.259,213831000.0,137434000.0,128367000.0,0.925,0.92,0.925,487985000.0,470889750.0,487985000.0,1067875616.0,8.0,4.994,73699000.0,0.785,1.0,250179000.0,0.303,18030000.0,9067000.0,895230000.0,1000312500.0,116797000.0,0.0,0.0,0.0,461349000.0,137620000.0,323729000.0,946852616.0,16478000.0,3580000.0,-2451000.0,-34358000.0,-18853000.0,-55662000.0,-80841000.0,0.0,154413000.0,-1432000.0,87619000.0,87619000.0,87619000.0,0.0,0.0,0.106,135750000.0,114429000.0,57780000.0,0.216,1.94,10.806,10.881,505300000.0,0.0,10.065,1.145,1.143,141098000.0,415941000.0,826660000.0,826660000.0,34028000.0,0.09,0.186,0.137,0.166,0.0,95091000.0,1.0,94073782.0,93898000,94950000.0,8.804,931304000.0,17601000.0,40748000.0,112703000.0,9.918,183531000.0
88,ALB,MRT,1999-06-30,1999-06-30,1999-06-30,2021-08-04,-6592000.0,937418000.0,965623250.0,310279000.0,627139000.0,0.84,5.065,-87781000.0,35874000.0,35874000.0,562562000.0,88057000.0,2.461,0.967,156897000.0,857000.0,156040000.0,156897000.0,0.0,76537000.0,0.0,0.017,0.195,136941000.0,213478000.0,0.263,213478000.0,136941000.0,128842000.0,0.905,0.905,0.905,476477000.0,456978500.0,476477000.0,1359524159.0,10.0,6.368,50763000.0,0.54,1.0,248204000.0,0.306,18177000.0,8099000.0,914175000.0,1006003250.0,124497000.0,0.0,0.0,0.0,460941000.0,126089000.0,334852000.0,1087940159.0,-7217000.0,5640000.0,-113401000.0,70966000.0,-18931000.0,-61366000.0,-82016000.0,0.0,138544000.0,-2379000.0,88057000.0,88057000.0,88057000.0,0.0,0.0,0.109,134685000.0,113519000.0,56224000.0,0.215,2.283,12.355,12.779,510206000.0,0.0,11.565,1.342,1.342,134203000.0,403492000.0,810766000.0,810766000.0,33328000.0,0.091,0.193,0.136,0.169,0.0,95578000.0,1.0,94071782.0,94066000,95462000.0,8.619,919241000.0,15705000.0,40785000.0,105589000.0,9.772,184190000.0
89,ALB,MRT,1999-03-31,1999-03-31,1999-03-31,2021-08-04,4388000.0,1083039000.0,956194000.0,314749000.0,768290000.0,0.851,4.971,-80553000.0,38041000.0,38041000.0,557049000.0,85255000.0,2.541,1.317,309625000.0,378000.0,309247000.0,309625000.0,0.0,76291000.0,0.0,0.018,0.19,129484000.0,205775000.0,0.253,205775000.0,129484000.0,123477000.0,0.85,0.85,0.85,467430000.0,469139250.0,467430000.0,1156111446.0,9.0,5.618,67513000.0,0.718,1.0,257009000.0,0.316,19236000.0,6007000.0,1211517000.0,978427500.0,126627000.0,140089000.0,0.0,140089000.0,615609000.0,123870000.0,491739000.0,984353446.0,-4203000.0,-15229000.0,-121093000.0,218934000.0,-19009000.0,78832000.0,-229785000.0,-136164000.0,148066000.0,-1316000.0,85255000.0,85255000.0,85255000.0,0.0,0.0,0.105,129242000.0,127767000.0,50004000.0,0.224,2.106,11.546,12.318,509813000.0,0.0,10.47,1.209,1.209,131145000.0,383582000.0,814058000.0,814058000.0,31124000.0,0.089,0.182,0.132,0.159,0.0,98118000.0,1.0,94016566.0,94032000,95492000.0,8.657,1063803000.0,18936000.0,38222000.0,119668000.0,11.313,190879000.0
90,ALB,MRT,1998-12-31,1998-12-31,1998-12-31,2021-08-04,7360000.0,937797000.0,910891250.0,311530000.0,626267000.0,0.901,4.38,-76747000.0,21180000.0,21180000.0,567350000.0,84732000.0,2.886,1.076,192938000.0,408000.0,192530000.0,192938000.0,0.0,75012000.0,0.0,0.016,0.185,127285000.0,202297000.0,0.246,202297000.0,127285000.0,122798000.0,0.82,0.815,0.82,451667000.0,480870500.0,451667000.0,1264717171.0,10.0,6.252,61107000.0,0.593,1.0,253512000.0,0.309,21291000.0,4487000.0,980328000.0,876310750.0,127206000.0,0.0,0.0,0.0,486130000.0,107936000.0,378194000.0,1116172171.0,-13142000.0,-15229000.0,-140186000.0,98864000.0,-19271000.0,-60593000.0,-89763000.0,0.0,137854000.0,-640000.0,84732000.0,84732000.0,84732000.0,0.0,0.0,0.103,127797000.0,125715000.0,45073000.0,0.226,2.471,13.173,14.482,514668000.0,0.0,11.875,1.36,1.492,145207000.0,365113000.0,820862000.0,820862000.0,29655000.0,0.093,0.176,0.145,0.155,0.0,98142000.0,1.0,93993446.0,103116000,104272000.0,7.961,916506000.0,17937000.0,38066000.0,114454000.0,8.888,203594000.0
91,ALB,MRT,1998-09-30,1998-09-30,1998-09-30,2021-08-04,6033000.0,904239000.0,898487250.0,295460000.0,608779000.0,0.926,4.102,-69330000.0,29177000.0,29177000.0,576271000.0,82931000.0,2.51,1.091,177722000.0,781000.0,176941000.0,177722000.0,0.0,73786000.0,0.0,0.019,0.18,120893000.0,194679000.0,0.234,194679000.0,120893000.0,118430000.0,0.77,0.77,0.77,432340000.0,497287750.0,432340000.0,1033429752.0,9.0,5.308,79472000.0,0.754,1.0,255843000.0,0.307,17059000.0,2463000.0,917993000.0,835101500.0,116414000.0,0.0,0.0,0.0,471899000.0,117732000.0,354167000.0,993113752.0,18838000.0,0.0,-177520000.0,140324000.0,-19513000.0,-56709000.0,-74548000.0,-7789000.0,148802000.0,1293000.0,82931000.0,82931000.0,82931000.0,0.0,0.0,0.1,136607000.0,119236000.0,45891000.0,0.234,2.297,11.975,12.214,505078000.0,0.0,9.405,1.193,1.191,130976000.0,347119000.0,832114000.0,832114000.0,30358000.0,0.092,0.167,0.145,0.145,0.0,106249000.0,1.0,105594232.0,105390000,106586000.0,7.896,887180000.0,18893000.0,35499000.0,114546000.0,8.418,177728000.0
92,ALB,MRT,1998-06-30,1998-06-30,1998-06-30,2021-08-04,-2111000.0,899701000.0,,303124000.0,596577000.0,,4.948,-68744000.0,43091000.0,43091000.0,581779000.0,83902000.0,2.534,0.713,83407000.0,380000.0,83027000.0,83407000.0,0.0,71680000.0,0.0,0.016,0.18,123999000.0,195679000.0,0.232,195679000.0,123999000.0,121980000.0,0.775,0.77,0.775,525120000.0,,525120000.0,1218934274.0,10.0,6.229,76310000.0,0.719,1.0,261254000.0,0.31,16502000.0,2019000.0,803872000.0,,109307000.0,0.0,0.0,0.0,374581000.0,119643000.0,254938000.0,1171835274.0,39233000.0,0.0,-61965000.0,47139000.0,-18601000.0,-33427000.0,-74098000.0,-7789000.0,145054000.0,1704000.0,83902000.0,83902000.0,83902000.0,0.0,0.0,0.1,138833000.0,122421000.0,48527000.0,0.232,2.232,13.967,14.232,495928000.0,0.0,11.03,1.39,1.389,132499000.0,334288000.0,843033000.0,843033000.0,30164000.0,,,,0.147,0.0,108669000.0,1.0,106240732.0,106138000,107362000.0,7.943,883199000.0,18227000.0,38078000.0,111545000.0,8.321,183481000.0
93,ALB,MRT,1998-03-31,1998-03-31,1998-03-31,2021-08-04,-3421000.0,901828000.0,,306862000.0,594966000.0,,4.81,-76221000.0,42244000.0,42244000.0,583720000.0,82454000.0,2.378,0.753,89343000.0,375000.0,88968000.0,89343000.0,0.0,70554000.0,0.0,0.013,0.17,124054000.0,194608000.0,0.23,194608000.0,124054000.0,122580000.0,0.755,0.75,0.755,514355000.0,,514355000.0,1411285150.0,11.0,7.252,58144000.0,0.544,1.0,262885000.0,0.311,16810000.0,1474000.0,803050000.0,,98580000.0,0.0,0.0,0.0,387473000.0,129067000.0,258406000.0,1353814150.0,39629000.0,0.0,-51432000.0,54115000.0,-17673000.0,-14990000.0,-81450000.0,-7789000.0,134365000.0,1704000.0,82454000.0,82454000.0,82454000.0,0.0,0.0,0.097,140352000.0,122533000.0,55789000.0,0.225,2.632,16.419,16.722,496436000.0,0.0,12.625,1.599,1.595,146762000.0,317258000.0,846605000.0,846605000.0,31103000.0,,,,0.147,0.0,109249000.0,1.0,107232804.0,106938000,107962000.0,7.917,885018000.0,19276000.0,40126000.0,116079000.0,8.276,177795000.0
94,ALB,MRT,1997-12-31,1997-12-31,1997-12-31,2021-08-04,-1445000.0,888181000.0,867221000.0,296736000.0,591445000.0,0.957,4.689,-85284000.0,34322000.0,34322000.0,568424000.0,79982000.0,2.636,0.717,91793000.0,379000.0,91414000.0,91793000.0,0.0,69044000.0,0.0,0.013,0.16,121624000.0,190668000.0,0.23,190668000.0,121624000.0,120905000.0,0.725,0.72,0.725,517336000.0,511267000.0,517336000.0,,,,11820000.0,0.107,1.0,261426000.0,0.315,17601000.0,719000.0,815491000.0,754166500.0,90283000.0,0.0,0.0,0.0,370845000.0,112560000.0,258285000.0,1280359680.0,20080000.0,0.0,-32564000.0,60689000.0,-16563000.0,11562000.0,-90290000.0,-7789000.0,97104000.0,1704000.0,79982000.0,79982000.0,79982000.0,0.0,0.0,0.096,140719000.0,120707000.0,50668000.0,0.221,2.475,16.008,16.469,496640000.0,0.0,11.94,1.543,1.587,154421000.0,299401000.0,829850000.0,829850000.0,31446000.0,0.092,0.156,0.161,0.147,0.0,109273000.0,1.0,107232804.0,110328000,111336000.0,7.522,870580000.0,17710000.0,40923000.0,106150000.0,7.891,184176000.0
95,ALB,MRT,1997-09-30,1997-09-30,1997-09-30,2021-08-04,,,,,,,,,,,,,,,,,,,,,,0.012,0.15,,,,,,,,,,,,,,,,,,1.0,,,,,,,,,,,,,,,,,,,,,,,,,,,,,,,,,,,,,,,,12.595,,,,,,,,,,,,,,1.0,,110666000,,,,,,,,
96,ALB,MRT,1997-06-30,1997-06-30,1997-06-30,2021-08-04,,,,,,,,,,,,,,,,,,,,,,0.013,0.14,,,,,,,,,,,,,,,,,,1.0,,,,,,,,,,,,,,,,,,,,,,,,,,,,,,,,,,,,,,,,10.53,,,,,,,,,,,,,,1.0,,110408000,,,,,,,,
97,ALB,MRT,1997-03-31,1997-03-31,1997-03-31,2021-08-04,,,,,,,,,,,,,,,,,,,,,,0.015,0.133,,,,,,,,,,,,,,,,,,1.0,,,,,,,,,,,,,,,,,,,,,,,,,,,,,,,,,,,,,,,,8.94,,,,,,,,,,,,,,1.0,,110092000,,,,,,,,
98,ALB,MRT,1996-12-31,1996-12-31,1996-12-31,2021-08-04,16677000.0,846261000.0,,259141000.0,587120000.0,,4.329,-90439000.0,14242000.0,14242000.0,611353000.0,156059000.0,1.752,0.675,31863000.0,7457000.0,24406000.0,31863000.0,0.0,71044000.0,0.0,0.014,0.125,255608000.0,326652000.0,0.382,326652000.0,255608000.0,253079000.0,1.335,1.325,1.335,505198000.0,,505198000.0,,,,-61970000.0,-0.531,1.0,243128000.0,0.285,23092000.0,2529000.0,692842000.0,,84499000.0,0.0,0.0,0.0,341063000.0,147948000.0,193115000.0,,-18888000.0,487345000.0,-249620000.0,-182728000.0,-14233000.0,-446581000.0,399224000.0,0.0,28469000.0,0.0,156059000.0,156059000.0,156059000.0,0.0,0.0,0.183,149702000.0,93426000.0,66968000.0,0.094,,,6.787,495724000.0,0.0,9.06,,1.237,141293000.0,237081000.0,854481000.0,854481000.0,30442000.0,,,,0.299,0.0,119260000.0,1.0,,116706000,117684000.0,7.322,823169000.0,19107000.0,97020000.0,118430000.0,7.053,111193000.0
99,ALB,MRT,1995-12-31,1995-12-31,1995-12-31,2021-08-04,,,,,,,,-112412000.0,,,967204000.0,78230000.0,,,,,,,,94131000.0,,0.011,0.105,144858000.0,238989000.0,0.192,238989000.0,144858000.0,131593000.0,0.59,0.59,0.59,,,,,,,3825000.0,0.029,1.0,277018000.0,0.223,,13265000.0,,,,,,,,,,,1016000.0,59195000.0,102000.0,-48017000.0,-13543000.0,-61458000.0,-53763000.0,0.0,116237000.0,0.0,78230000.0,78230000.0,78230000.0,0.0,0.0,0.063,136628000.0,140390000.0,,0.178,,,16.424,,0.0,9.69,,1.029,,,1244222000.0,1244222000.0,29541000.0,,,,0.116,0.0,130514000.0,1.0,,132138000,132704000.0,9.416,,,53363000.0,,,
