None,ticker,dimension,calendardate,datekey,reportperiod,lastupdated,accoci,assets,assetsavg,assetsc,assetsnc,assetturnover,bvps,capex,cashneq,cashnequsd,cor,consolinc,currentratio,de,debt,debtc,debtnc,debtusd,deferredrev,depamor,deposits,divyield,dps,ebit,ebitda,ebitdamargin,ebitdausd,ebitusd,ebt,eps,epsdil,epsusd,equity,equityavg,equityusd,ev,evebit,evebitda,fcf,fcfps,fxusd,gp,grossmargin,intangibles,intexp,invcap,invcapavg,inventory,investments,investmentsc,investmentsnc,liabilities,liabilitiesc,liabilitiesnc,marketcap,ncf,ncfbus,ncfcommon,ncfdebt,ncfdiv,ncff,ncfi,ncfinv,ncfo,ncfx,netinc,netinccmn,netinccmnusd,netincdis,netincnci,netmargin,opex,opinc,payables,payoutratio,pb,pe,pe1,ppnenet,prefdivis,price,ps,ps1,receivables,retearn,revenue,revenueusd,rnd,roa,roe,roic,ros,sbcomp,sgna,sharefactor,sharesbas,shareswa,shareswadil,sps,tangibles,taxassets,taxexp,taxliabilities,tbvps,workingcapital
0,CNC,MRY,2020-12-31,2020-12-31,2020-12-31,2021-07-27,337000000.0,68719000000.0,67965250000.0,23393000000.0,45326000000.0,1.635,45.159,-869000000.0,10800000000.0,10800000000.0,95899000000.0,1794000000.0,1.084,1.659,16779000000.0,97000000.0,16682000000.0,16779000000.0,523000000.0,1259000000.0,0.0,0.0,0.0,3515000000.0,4774000000.0,0.043,4774000000.0,3515000000.0,2787000000.0,3.17,3.12,3.17,25773000000.0,25025750000.0,25773000000.0,39433254850.0,11.0,8.26,4634000000.0,8.12,1.0,15216000000.0,0.137,27040000000.0,728000000.0,26073000000.0,25480250000.0,0.0,14433000000.0,1580000000.0,12853000000.0,42757000000.0,21585000000.0,21172000000.0,34805254850.0,-1174000000.0,-3583000000.0,-626000000.0,839000000.0,0.0,260000000.0,-6955000000.0,-2481000000.0,5503000000.0,18000000.0,1808000000.0,1808000000.0,1808000000.0,0.0,-14000000.0,0.016,12134000000.0,3082000000.0,7069000000.0,0.0,1.35,19.251,18.937,2774000000.0,0.0,60.03,0.313,0.308,9696000000.0,6792000000.0,111115000000.0,111115000000.0,0.0,0.027,0.072,0.138,0.032,281000000.0,9867000000.0,1.0,579797682.0,570722000.0,579135000.0,194.692,41679000000.0,0.0,979000000.0,0.0,73.029,1808000000.0
1,CNC,MRY,2019-12-31,2019-12-31,2019-12-31,2021-07-27,134000000.0,40994000000.0,35795750000.0,20323000000.0,20671000000.0,2.085,30.354,-730000000.0,12123000000.0,12123000000.0,65796000000.0,1309000000.0,1.572,2.255,13726000000.0,88000000.0,13638000000.0,13726000000.0,383000000.0,643000000.0,0.0,0.0,0.0,2206000000.0,2849000000.0,0.038,2849000000.0,2206000000.0,1794000000.0,3.19,3.14,3.19,12551000000.0,12139000000.0,12551000000.0,26841359047.0,12.0,9.421,753000000.0,1.821,1.0,8843000000.0,0.118,8926000000.0,412000000.0,20739000000.0,14492750000.0,0.0,8580000000.0,863000000.0,7717000000.0,28302000000.0,12932000000.0,15370000000.0,26015359047.0,6781000000.0,-36000000.0,-75000000.0,6870000000.0,0.0,6832000000.0,-1532000000.0,-766000000.0,1483000000.0,-2000000.0,1321000000.0,1321000000.0,1321000000.0,0.0,-12000000.0,0.018,7062000000.0,1781000000.0,4164000000.0,0.0,2.073,19.694,19.708,2121000000.0,0.0,62.87,0.349,0.348,6247000000.0,4984000000.0,74639000000.0,74639000000.0,0.0,0.037,0.109,0.152,0.03,177000000.0,6533000000.0,1.0,413796072.0,413487000.0,420409000.0,180.511,32068000000.0,0.0,473000000.0,0.0,77.555,7391000000.0
2,CNC,MRY,2018-12-31,2018-12-31,2018-12-31,2021-07-27,-56000000.0,30901000000.0,28992750000.0,11998000000.0,18903000000.0,2.073,27.975,-675000000.0,5342000000.0,5342000000.0,51695000000.0,894000000.0,1.002,1.821,6686000000.0,38000000.0,6648000000.0,6686000000.0,385000000.0,495000000.0,0.0,0.0,0.0,1717000000.0,2212000000.0,0.037,2212000000.0,1717000000.0,1374000000.0,2.31,2.26,2.31,10917000000.0,9920750000.0,10917000000.0,23213473815.0,14.0,10.494,559000000.0,1.432,1.0,8421000000.0,0.14,9254000000.0,343000000.0,11020000000.0,9581500000.0,0.0,7583000000.0,722000000.0,6861000000.0,19878000000.0,11971000000.0,7907000000.0,23677473815.0,1261000000.0,-2055000000.0,2708000000.0,1969000000.0,0.0,4612000000.0,-4585000000.0,-1855000000.0,1234000000.0,0.0,900000000.0,900000000.0,900000000.0,0.0,-6000000.0,0.015,6963000000.0,1458000000.0,4051000000.0,0.0,2.169,26.308,24.957,1706000000.0,0.0,57.65,0.394,0.374,5150000000.0,3663000000.0,60116000000.0,60116000000.0,0.0,0.031,0.091,0.179,0.029,145000000.0,6043000000.0,1.0,410710734.0,390248000.0,398506000.0,154.046,21647000000.0,0.0,474000000.0,0.0,55.47,27000000.0
3,CNC,MRY,2017-12-31,2017-12-31,2017-12-31,2021-07-27,-3000000.0,21855000000.0,21764250000.0,8703000000.0,13152000000.0,2.223,19.864,-422000000.0,4072000000.0,4072000000.0,42581000000.0,808000000.0,0.933,2.187,4699000000.0,4000000.0,4695000000.0,4699000000.0,328000000.0,361000000.0,0.0,0.0,0.0,1409000000.0,1770000000.0,0.037,1770000000.0,1409000000.0,1154000000.0,2.4,2.34,2.4,6850000000.0,6484500000.0,6850000000.0,17848511647.0,13.0,10.084,1067000000.0,3.094,1.0,5801000000.0,0.12,6147000000.0,255000000.0,7003000000.0,6584250000.0,0.0,5843000000.0,531000000.0,5312000000.0,14979000000.0,9332000000.0,5647000000.0,17408511647.0,153000000.0,-50000000.0,-65000000.0,44000000.0,0.0,-82000000.0,-1254000000.0,-794000000.0,1489000000.0,0.0,828000000.0,828000000.0,828000000.0,0.0,-20000000.0,0.017,4602000000.0,1199000000.0,4165000000.0,0.0,2.541,21.025,21.017,1104000000.0,0.0,50.44,0.36,0.36,3413000000.0,2748000000.0,48382000000.0,48382000000.0,0.0,0.038,0.128,0.214,0.029,135000000.0,4446000000.0,1.0,345133062.0,344853000.0,353404000.0,140.297,15708000000.0,0.0,326000000.0,0.0,45.55,-629000000.0
4,CNC,MRY,2016-12-31,2016-12-31,2016-12-31,2021-07-27,-36000000.0,20197000000.0,19494750000.0,8365000000.0,11832000000.0,2.083,18.472,-306000000.0,3930000000.0,3930000000.0,35063000000.0,561000000.0,0.97,2.399,4655000000.0,4000000.0,4651000000.0,4655000000.0,313000000.0,278000000.0,0.0,0.0,0.0,1378000000.0,1656000000.0,0.041,1656000000.0,1378000000.0,1161000000.0,1.76,1.71,1.76,5895000000.0,5607750000.0,5895000000.0,11264109689.0,8.0,6.802,1545000000.0,4.841,1.0,5544000000.0,0.137,6257000000.0,217000000.0,6042000000.0,5912750000.0,0.0,5050000000.0,505000000.0,4545000000.0,14143000000.0,8623000000.0,5520000000.0,9657109689.0,2098000000.0,-1297000000.0,-63000000.0,2794000000.0,0.0,2717000000.0,-2469000000.0,-866000000.0,1851000000.0,-1000000.0,562000000.0,562000000.0,562000000.0,0.0,-1000000.0,0.014,4281000000.0,1263000000.0,3763000000.0,0.0,1.638,17.183,16.054,797000000.0,0.0,28.255,0.238,0.222,3215000000.0,1920000000.0,40607000000.0,40607000000.0,0.0,0.029,0.1,0.233,0.034,148000000.0,3673000000.0,1.0,341784098.0,319135214.0,327950814.0,127.241,13940000000.0,0.0,599000000.0,0.0,43.681,-258000000.0
5,CNC,MRY,2015-12-31,2015-12-31,2015-12-31,2021-07-27,-10000000.0,7339000000.0,7094750000.0,3605000000.0,3734000000.0,3.208,9.055,-150000000.0,1760000000.0,1760000000.0,20014000000.0,357000000.0,0.993,2.325,1221000000.0,5000000.0,1216000000.0,1221000000.0,143000000.0,111000000.0,0.0,0.0,0.0,737000000.0,848000000.0,0.037,848000000.0,737000000.0,694000000.0,1.49,1.44,1.49,2157000000.0,1996250000.0,2157000000.0,7460735478.0,10.0,8.798,508000000.0,2.133,1.0,2746000000.0,0.121,997000000.0,43000000.0,2174000000.0,2054750000.0,0.0,2103000000.0,176000000.0,1927000000.0,5015000000.0,3629000000.0,1386000000.0,7844735478.0,150000000.0,-18000000.0,-53000000.0,338000000.0,0.0,305000000.0,-813000000.0,-652000000.0,658000000.0,0.0,355000000.0,355000000.0,355000000.0,1000000.0,2000000.0,0.016,2041000000.0,705000000.0,976000000.0,0.0,3.637,22.098,22.084,518000000.0,0.0,32.905,0.345,0.344,1279000000.0,1358000000.0,22760000000.0,22760000000.0,0.0,0.05,0.178,0.359,0.032,71000000.0,1802000000.0,1.0,238405576.0,238201488.0,246132740.0,95.549,6342000000.0,0.0,339000000.0,0.0,26.625,-24000000.0
6,CNC,MRY,2014-12-31,2014-12-31,2014-12-31,2021-07-27,-1000000.0,5824000000.0,5099839750.0,2951000000.0,2873000000.0,3.247,7.495,-103000000.0,1610000000.0,1610000000.0,14656000000.0,264000000.0,1.018,2.255,879000000.0,5000000.0,874000000.0,879000000.0,168000000.0,89000000.0,0.0,0.0,0.0,502000000.0,591000000.0,0.036,591000000.0,502000000.0,467000000.0,1.165,1.125,1.165,1744000000.0,1566433500.0,1744000000.0,5464652781.0,11.0,9.246,1120000000.0,4.813,1.0,1904000000.0,0.115,874000000.0,35000000.0,1319000000.0,1331074250.0,0.0,1457000000.0,177000000.0,1280000000.0,3933000000.0,2900000000.0,1033000000.0,6092773781.0,572000000.0,-136000000.0,-29000000.0,194000000.0,0.0,198000000.0,-848000000.0,-609000000.0,1223000000.0,-1000000.0,271000000.0,271000000.0,271000000.0,0.0,-7000000.0,0.016,1440000000.0,464000000.0,768000000.0,0.0,3.494,22.483,22.285,445000000.0,0.0,25.962,0.368,0.365,912000000.0,1003000000.0,16560000000.0,16560000000.0,0.0,0.053,0.173,0.377,0.03,48000000.0,1298000000.0,1.0,234675928.0,232691528.0,240720424.0,71.167,4950000000.0,0.0,196000000.0,0.0,21.273,51000000.0
7,CNC,MRY,2013-12-31,2013-12-31,2013-12-31,2021-07-27,-3000000.0,3529000000.0,3150107250.0,1800000000.0,1729000000.0,3.448,5.7,-68000000.0,1038000000.0,1038000000.0,9655000000.0,166000000.0,1.155,1.853,669000000.0,3000000.0,666000000.0,669000000.0,38000000.0,67000000.0,0.0,0.0,0.0,299000000.0,366000000.0,0.034,366000000.0,299000000.0,272000000.0,0.76,0.735,0.76,1234000000.0,1129363500.0,1234000000.0,3008321712.0,10.0,8.219,314000000.0,1.45,1.0,1208000000.0,0.111,397000000.0,27000000.0,1204000000.0,1159483500.0,0.0,894000000.0,102000000.0,792000000.0,2286000000.0,1559000000.0,727000000.0,3228625712.0,194000000.0,-63000000.0,5000000.0,135000000.0,0.0,154000000.0,-342000000.0,-211000000.0,382000000.0,0.0,165000000.0,165000000.0,165000000.0,0.0,1000000.0,0.015,931000000.0,277000000.0,338000000.0,0.0,2.616,19.567,19.391,395000000.0,0.0,14.738,0.297,0.294,429000000.0,732000000.0,10863000000.0,10863000000.0,0.0,0.052,0.146,0.258,0.028,37000000.0,931000000.0,1.0,219075536.0,216506180.0,224988692.0,50.174,3132000000.0,0.0,107000000.0,0.0,14.466,241000000.0
8,CNC,MRY,2012-12-31,2012-12-31,2012-12-31,2021-07-27,5189000.0,2773905000.0,2549384500.0,1405825000.0,1368080000.0,3.181,4.626,-82000000.0,843952000.0,843952000.0,7297000000.0,-11000000.0,1.144,1.91,538854000.0,3373000.0,535481000.0,538854000.0,34597000.0,66000000.0,0.0,0.0,0.0,69000000.0,135000000.0,0.017,135000000.0,69000000.0,49000000.0,0.01,0.01,0.01,953056000.0,962043000.0,953056000.0,1715675784.0,25.0,12.709,197000000.0,0.956,1.0,813000000.0,0.1,276556000.0,20000000.0,962938000.0,955580500.0,0.0,692871000.0,138101000.0,554770000.0,1820138000.0,1229313000.0,590825000.0,2116986784.0,270000000.0,0.0,3000000.0,178000000.0,0.0,179000000.0,-188000000.0,-106000000.0,279000000.0,0.0,2000000.0,2000000.0,2000000.0,0.0,-13000000.0,0.0,705000000.0,108000000.0,219066000.0,0.0,2.221,1058.493,1025.0,375893000.0,0.0,10.25,0.261,0.26,251473000.0,566820000.0,8110000000.0,8110000000.0,0.0,0.001,0.002,0.072,0.009,25000000.0,677000000.0,1.0,206535296.0,206037464.0,214857500.0,39.362,2497349000.0,0.0,47000000.0,0.0,12.121,176512000.0
9,CNC,MRY,2011-12-31,2011-12-31,2011-12-31,2021-07-27,5761000.0,2190336000.0,2060490750.0,940010000.0,1250326000.0,2.529,4.66,-73708000.0,573698000.0,573698000.0,4429776000.0,108363000.0,1.122,1.34,351578000.0,3234000.0,348344000.0,351578000.0,9890000.0,58327000.0,0.0,0.0,0.0,202225000.0,260552000.0,0.05,260552000.0,202225000.0,181905000.0,0.555,0.53,0.555,935634000.0,883953000.0,935634000.0,1894131456.0,9.0,7.27,187988000.0,0.936,1.0,781701000.0,0.15,309411000.0,20320000.0,821192000.0,806187250.0,0.0,636639000.0,130499000.0,506140000.0,1253917000.0,837613000.0,416304000.0,1994492456.0,139532000.0,-4375000.0,8006000.0,-6342000.0,0.0,6912000.0,-129076000.0,-50993000.0,261696000.0,0.0,111218000.0,111218000.0,111218000.0,0.0,-2855000.0,0.021,577898000.0,203803000.0,216504000.0,0.0,2.132,17.933,17.833,349622000.0,0.0,9.898,0.383,0.381,157450000.0,564961000.0,5211477000.0,5211477000.0,0.0,0.054,0.126,0.251,0.039,18171000.0,577898000.0,1.0,201514772.0,200795816.0,209896952.0,25.954,1880925000.0,0.0,70687000.0,0.0,9.367,102397000.0
10,CNC,MRY,2010-12-31,2010-12-31,2010-12-31,2021-07-27,6424000.0,1943882000.0,1800816750.0,656821000.0,1287061000.0,2.47,4.071,-118556000.0,434166000.0,434166000.0,3813489000.0,98271000.0,0.858,1.444,330641000.0,2817000.0,327824000.0,330641000.0,117344000.0,52000000.0,0.0,0.0,0.0,172728000.0,224728000.0,0.051,224728000.0,172728000.0,154736000.0,0.487,0.47,0.487,793939000.0,770190500.0,793939000.0,1177206879.0,7.0,5.238,50376000.0,0.258,1.0,634834000.0,0.143,307160000.0,17992000.0,767951000.0,746969500.0,0.0,617225000.0,21346000.0,595879000.0,1146827000.0,765246000.0,381581000.0,1310696879.0,30414000.0,-60388000.0,104729000.0,22041000.0,0.0,72089000.0,-210607000.0,-45083000.0,168932000.0,0.0,94836000.0,94836000.0,94836000.0,-3889000.0,3435000.0,0.021,477765000.0,157069000.0,188320000.0,0.0,1.651,13.821,13.008,326341000.0,0.0,6.335,0.295,0.278,136243000.0,453743000.0,4448323000.0,4448323000.0,0.0,0.053,0.123,0.231,0.039,13874000.0,477765000.0,1.0,206897692.0,195019788.0,201791552.0,22.81,1636722000.0,0.0,59900000.0,0.0,8.393,-108425000.0
11,CNC,MRY,2009-12-31,2009-12-31,2009-12-31,2021-07-27,7348000.0,1702364000.0,1619104250.0,616134000.0,1086230000.0,2.534,3.49,-83113000.0,403752000.0,403752000.0,3516808000.0,86245000.0,0.861,1.802,307731000.0,646000.0,307085000.0,307731000.0,91644000.0,44004000.0,0.0,0.0,0.0,148830000.0,192834000.0,0.047,192834000.0,148830000.0,132512000.0,0.485,0.472,0.485,600845000.0,561745000.0,600845000.0,844539322.0,6.0,4.38,165082000.0,0.959,1.0,586056000.0,0.143,247066000.0,16318000.0,643369000.0,593770250.0,0.0,565051000.0,39554000.0,525497000.0,1082937000.0,715908000.0,367029000.0,961189322.0,24653000.0,-38563000.0,-3939000.0,42382000.0,0.0,46545000.0,-270087000.0,-148411000.0,248195000.0,0.0,83671000.0,83671000.0,83671000.0,0.0,2574000.0,0.02,447921000.0,138135000.0,132001000.0,0.0,1.6,11.488,10.912,230421000.0,0.0,5.293,0.234,0.222,103456000.0,358907000.0,4102864000.0,4102864000.0,0.0,0.052,0.149,0.251,0.036,14634000.0,447921000.0,1.0,181613476.0,172139164.0,177265868.0,23.835,1455298000.0,0.0,48841000.0,0.0,8.454,-99774000.0
12,CNC,MRY,2008-12-31,2008-12-31,2008-12-31,2021-07-27,3152000.0,1451152000.0,1290886250.0,666343000.0,784809000.0,2.606,2.896,-65156000.0,379099000.0,379099000.0,2788221000.0,83497000.0,1.04,1.895,264892000.0,255000.0,264637000.0,264892000.0,17107000.0,35414000.0,0.0,0.0,0.0,152605000.0,188019000.0,0.056,188019000.0,152605000.0,135932000.0,0.482,0.47,0.482,501272000.0,470462250.0,501272000.0,820333265.0,5.0,4.363,156822000.0,0.906,1.0,576294000.0,0.171,180955000.0,16673000.0,515012000.0,485967500.0,0.0,441804000.0,109393000.0,332411000.0,949880000.0,640978000.0,308902000.0,845644265.0,110515000.0,-85377000.0,-18156000.0,57514000.0,0.0,42458000.0,-153921000.0,-3388000.0,221978000.0,0.0,83497000.0,83497000.0,83497000.0,0.0,0.0,0.025,444733000.0,131561000.0,208243000.0,0.0,1.687,10.128,10.223,175858000.0,0.0,4.928,0.251,0.254,92531000.0,275236000.0,3364515000.0,3364515000.0,0.0,0.065,0.177,0.314,0.045,15328000.0,444733000.0,1.0,171617304.0,173100748.0,177595820.0,19.437,1270197000.0,0.0,52435000.0,0.0,7.338,25365000.0
13,CNC,MRY,2007-12-31,2007-12-31,2007-12-31,2021-07-27,1571000.0,1121824000.0,1057360750.0,446339000.0,675485000.0,2.619,2.383,-53937000.0,268584000.0,268584000.0,2328813000.0,73402000.0,0.917,1.703,207377000.0,971000.0,206406000.0,207377000.0,44016000.0,27807000.0,0.0,0.0,0.0,112059000.0,139866000.0,0.051,139866000.0,112059000.0,96433000.0,0.422,0.41,0.422,415047000.0,396023250.0,415047000.0,1121454800.0,10.0,8.018,148303000.0,0.852,1.0,440215000.0,0.159,150199000.0,15626000.0,423618000.0,390491750.0,0.0,363115000.0,46074000.0,317041000.0,706777000.0,486800000.0,219977000.0,1194364800.0,-2463000.0,-36001000.0,-4077000.0,24838000.0,0.0,20761000.0,-225464000.0,-149628000.0,202240000.0,0.0,73402000.0,73402000.0,73402000.0,0.0,0.0,0.027,384970000.0,55245000.0,102944000.0,0.0,2.878,16.272,16.256,135883000.0,0.0,6.86,0.431,0.431,79492000.0,191739000.0,2769028000.0,2769028000.0,0.0,0.069,0.185,0.287,0.04,15781000.0,384970000.0,1.0,174105656.0,174159800.0,179292328.0,15.899,971625000.0,0.0,23031000.0,0.0,5.579,-40461000.0
14,CNC,MRY,2006-12-31,2006-12-31,2006-12-31,2021-07-27,-1251000.0,894980000.0,811941000.0,451822000.0,443158000.0,2.245,1.891,-50318000.0,271047000.0,271047000.0,1532506000.0,-43629000.0,1.165,1.742,175617000.0,971000.0,174646000.0,175617000.0,33816000.0,20600000.0,0.0,0.0,0.0,-23490000.0,-2890000.0,-0.002,-2890000.0,-23490000.0,-34064000.0,-0.253,-0.245,-0.253,326423000.0,342654000.0,326423000.0,1029619202.0,-44.0,-356.27,144714000.0,0.838,1.0,289940000.0,0.159,145436000.0,10574000.0,266163000.0,301882750.0,0.0,172842000.0,56790000.0,116052000.0,568557000.0,387951000.0,180606000.0,1060638202.0,123689000.0,-66772000.0,-880000.0,76751000.0,0.0,78914000.0,-150257000.0,-33167000.0,195032000.0,0.0,-43629000.0,-43629000.0,-43629000.0,61229000.0,0.0,-0.024,267712000.0,22228000.0,63893000.0,0.0,3.249,-24.31,-24.279,110688000.0,0.0,6.143,0.582,0.582,74379000.0,118290000.0,1822446000.0,1822446000.0,0.0,-0.054,-0.127,-0.078,-0.013,14904000.0,267712000.0,1.0,172672072.0,172643440.0,178454488.0,10.556,749544000.0,0.0,9565000.0,0.0,4.342,63871000.0
15,CNC,MRY,2005-12-31,2005-12-31,2005-12-31,2021-07-27,-1754000.0,668030000.0,610717750.0,272605000.0,395425000.0,2.018,2.08,-26909000.0,147358000.0,147358000.0,1007582000.0,55632000.0,1.27,0.898,93147000.0,699000.0,92448000.0,93147000.0,13648000.0,13069000.0,0.0,0.0,0.0,79308000.0,92377000.0,0.075,92377000.0,79308000.0,75318000.0,0.328,0.31,0.328,352048000.0,323499750.0,352048000.0,1088580806.0,14.0,11.784,47139000.0,0.279,1.0,224620000.0,0.182,174646000.0,3990000.0,224522000.0,206474500.0,0.0,180361000.0,56700000.0,123661000.0,315982000.0,214651000.0,101331000.0,1121868806.0,63253000.0,-55485000.0,5621000.0,40035000.0,0.0,45656000.0,-56451000.0,25943000.0,74048000.0,0.0,55632000.0,55632000.0,55632000.0,-17931000.0,0.0,0.045,172349000.0,52271000.0,29790000.0,0.0,3.187,20.166,20.038,67199000.0,0.0,6.572,0.91,0.903,44108000.0,161919000.0,1232202000.0,1232202000.0,0.0,0.091,0.172,0.384,0.064,11443000.0,172349000.0,1.0,170691336.0,169250088.0,180110532.0,7.28,493384000.0,0.0,19686000.0,0.0,2.915,57954000.0
16,CNC,MRY,2004-12-31,2004-12-31,2004-12-31,2021-07-27,-407000.0,527934000.0,429071250.0,224292000.0,303642000.0,2.333,1.662,-25009000.0,84105000.0,84105000.0,808541000.0,44312000.0,1.109,0.946,47459000.0,486000.0,46973000.0,47459000.0,3956000.0,10014000.0,0.0,0.0,0.0,70967000.0,80981000.0,0.081,80981000.0,70967000.0,70287000.0,0.273,0.255,0.273,271312000.0,250516000.0,271312000.0,1082645348.0,15.0,13.369,74396000.0,0.456,1.0,192399000.0,0.192,116070000.0,680000.0,173059000.0,169334500.0,0.0,211070000.0,94283000.0,116787000.0,256622000.0,202159000.0,54463000.0,1163644348.0,19759000.0,-86739000.0,4066000.0,39264000.0,0.0,42837000.0,-122483000.0,-10735000.0,99405000.0,0.0,44312000.0,44312000.0,44312000.0,0.0,0.0,0.044,127863000.0,64536000.0,31737000.0,0.0,4.289,26.26,25.962,43248000.0,0.0,7.088,1.163,1.156,31475000.0,106287000.0,1000940000.0,1000940000.0,0.0,0.103,0.177,0.419,0.071,3966000.0,127863000.0,1.0,164182624.0,163283636.0,174465780.0,6.13,411864000.0,0.0,25975000.0,0.0,2.522,22133000.0
17,CNC,MRY,2003-12-31,2003-12-31,2003-12-31,2021-07-27,740000.0,362692000.0,284076250.0,110301000.0,252391000.0,2.71,1.541,-19162000.0,64346000.0,64346000.0,634515000.0,33270000.0,0.856,0.648,8195000.0,579000.0,7616000.0,8195000.0,3673000.0,6448000.0,0.0,0.0,0.0,52968000.0,59416000.0,0.077,59416000.0,52968000.0,52774000.0,0.233,0.217,0.233,220115000.0,164037750.0,220115000.0,507628907.0,10.0,8.544,36837000.0,0.258,1.0,135215000.0,0.176,19360000.0,194000.0,158395000.0,105214750.0,0.0,199971000.0,15160000.0,184811000.0,142577000.0,128786000.0,13791000.0,561977907.0,4690000.0,-5861000.0,82458000.0,8195000.0,0.0,89432000.0,-140741000.0,-115718000.0,55999000.0,0.0,33270000.0,33270000.0,33270000.0,0.0,0.0,0.043,88288000.0,46927000.0,17965000.0,0.0,2.553,16.891,15.027,23106000.0,0.0,3.501,0.73,0.65,20308000.0,61975000.0,769730000.0,769730000.0,0.0,0.117,0.203,0.503,0.069,2554000.0,88288000.0,1.0,160507792.0,142817704.0,153688608.0,5.39,343332000.0,0.0,19504000.0,0.0,2.404,-18485000.0
18,CNC,MRY,2002-12-31,2002-12-31,2002-12-31,2021-07-27,1087000.0,210327000.0,170487750.0,93089000.0,117238000.0,2.707,0.813,-3918000.0,59656000.0,59656000.0,379809000.0,25621000.0,0.913,1.05,0.0,0.0,0.0,0.0,0.0,2565000.0,0.0,0.0,0.0,41297000.0,43862000.0,0.095,43862000.0,41297000.0,41252000.0,0.205,0.182,0.205,102183000.0,87365500.0,102183000.0,305671394.0,7.0,6.969,35741000.0,0.284,1.0,81678000.0,0.177,10695000.0,45000.0,38047000.0,24732750.0,0.0,89237000.0,9571000.0,79666000.0,107263000.0,101929000.0,5334000.0,361737394.0,-29211000.0,-11096000.0,10809000.0,0.0,0.0,10809000.0,-79679000.0,-64665000.0,39659000.0,0.0,25621000.0,25621000.0,25621000.0,0.0,0.0,0.056,50072000.0,31606000.0,10748000.0,0.0,3.54,14.119,13.654,6295000.0,0.0,2.799,0.784,0.763,16773000.0,28708000.0,461487000.0,461487000.0,0.0,0.15,0.293,1.67,0.089,712000.0,50072000.0,1.0,129230388.0,125728320.0,139728928.0,3.671,199632000.0,2846000.0,15631000.0,0.0,1.588,-8840000.0
19,CNC,MRY,2001-12-31,2001-12-31,2001-12-31,2021-07-27,135000.0,131366000.0,98691500.0,102047000.0,29319000.0,3.309,3.855,-3635000.0,88867000.0,88867000.0,270480000.0,12895000.0,1.54,1.05,0.0,0.0,0.0,0.0,0.0,1847000.0,0.0,0.0,0.0,22388000.0,24235000.0,0.074,24235000.0,22388000.0,22026000.0,0.748,0.135,0.748,64089000.0,27627500.0,64089000.0,163668550.0,7.0,6.753,26553000.0,1.597,1.0,56089000.0,0.172,2396000.0,362000.0,-26174000.0,-13750000.0,0.0,22288000.0,1169000.0,21119000.0,67277000.0,66277000.0,1000000.0,221066550.0,69844000.0,6745000.0,41074000.0,-4000000.0,0.0,36990000.0,2666000.0,-444000.0,30188000.0,0.0,12895000.0,12428000.0,12428000.0,0.0,0.0,0.038,37617000.0,18472000.0,6712000.0,0.0,3.449,17.788,2.445,3796000.0,467000.0,1.829,0.677,0.093,7032000.0,3087000.0,326569000.0,326569000.0,0.0,0.126,0.45,-1.628,0.069,6000.0,37617000.0,1.0,120856428.0,16624792.0,96233968.0,19.643,128970000.0,3303000.0,9131000.0,0.0,7.758,35770000.0
20,CNC,MRY,2000-12-31,2000-12-31,2000-12-31,2021-07-27,81000.0,66017000.0,59112000.0,46716000.0,19301000.0,3.745,-0.817,-642000.0,19023000.0,19023000.0,182495000.0,7728000.0,0.899,-6.336,4000000.0,0.0,4000000.0,4000000.0,0.0,1034000.0,0.0,,0.0,7796000.0,8830000.0,0.04,8830000.0,7796000.0,7185000.0,0.669,0.094,0.669,-8834000.0,-12600500.0,-8834000.0,,,,12816000.0,1.185,1.0,38855000.0,0.176,347000.0,611000.0,-1326000.0,-6030000.0,0.0,24281000.0,7400000.0,16881000.0,55973000.0,51973000.0,4000000.0,,-3509000.0,-1097000.0,0.0,-2350000.0,0.0,-2350000.0,-14617000.0,-12878000.0,13458000.0,0.0,7728000.0,7236000.0,7236000.0,0.0,0.0,0.033,32335000.0,6520000.0,6168000.0,0.0,,,,1360000.0,492000.0,,,,15538000.0,-9285000.0,221350000.0,221350000.0,0.0,0.122,-0.574,-1.293,0.035,0.0,32335000.0,1.0,,10818312.0,81835140.0,20.461,65670000.0,3298000.0,-543000.0,0.0,6.07,-5257000.0
21,CNC,MRY,1999-12-31,1999-12-31,1999-12-31,2021-07-27,-216000.0,52207000.0,,38978000.0,13229000.0,,-1.514,-827000.0,22532000.0,22532000.0,178285000.0,-9411000.0,0.844,-3.066,6350000.0,2350000.0,4000000.0,6350000.0,3601000.0,1142000.0,0.0,,0.0,-8913000.0,-7771000.0,-0.039,-7771000.0,-8913000.0,-9411000.0,-0.916,-0.916,-0.916,-16367000.0,,-16367000.0,,,,4300000.0,0.398,1.0,23144000.0,0.115,571000.0,498000.0,-10734000.0,,0.0,10557000.0,1131000.0,9426000.0,50188000.0,46188000.0,4000000.0,,4755000.0,178000.0,-6000.0,2350000.0,0.0,2544000.0,-2916000.0,-2267000.0,5127000.0,0.0,-9411000.0,-9903000.0,-9903000.0,3927000.0,0.0,-0.049,29756000.0,-6612000.0,2898000.0,0.0,,,,1528000.0,492000.0,,,,11451000.0,-16521000.0,201429000.0,201429000.0,0.0,,,,-0.044,0.0,29756000.0,1.0,,10811328.0,10811328.0,18.631,51636000.0,2714000.0,0.0,0.0,4.776,-7210000.0
22,CNC,MRY,1998-12-31,1998-12-31,1998-12-31,2021-07-27,,,,,,,,-610000.0,,,132199000.0,-6962000.0,,,,,,,,1107000.0,,,0.0,-7733000.0,-6626000.0,-0.044,-6626000.0,-7733000.0,-8504000.0,-0.565,-0.565,-0.565,,,,,,,-8110000.0,-0.647,1.0,18239000.0,0.121,,771000.0,,,,,,,,,,,-199000.0,1658000.0,-1647000.0,-6467000.0,0.0,9507000.0,-2206000.0,-3196000.0,-7500000.0,0.0,-6962000.0,-7084000.0,-7084000.0,2223000.0,0.0,-0.047,25066000.0,-6827000.0,,0.0,,,,,122000.0,,,,,,150438000.0,150438000.0,0.0,,,,-0.051,0.0,25066000.0,1.0,,12533208.0,12533208.0,12.003,,,-1542000.0,,,
23,CNC,MRY,1997-12-31,1997-12-31,1997-12-31,2021-07-27,,,,,,,,-827000.0,,,,,,,,,,,,1142000.0,,,0.0,,,,,,,,,,,,,,,,4300000.0,,1.0,,,,,,,,,,,,,,,4755000.0,178000.0,-6000.0,2350000.0,0.0,2544000.0,-2916000.0,-2267000.0,5127000.0,0.0,,,,,,,,,,,,,,,,,,,,,,,,,,,,0.0,,1.0,,,,,,,,,,
24,CNC,MRY,1996-12-31,1996-12-31,1996-12-31,2021-07-27,,,,,,,,-642000.0,,,,,,,,,,,,1034000.0,,,0.0,,,,,,,,,,,,,,,,12816000.0,,1.0,,,,,,,,,,,,,,,-3509000.0,-1097000.0,0.0,-2350000.0,0.0,-2350000.0,-14617000.0,-12878000.0,13458000.0,0.0,,,,,,,,,,,,,,,,,,,,,,,,,,,,0.0,,1.0,,,,,,,,,,
0,CNC,MRQ,2021-06-30,2021-06-30,2021-06-30,2021-07-27,239000000.0,71539000000.0,,25464000000.0,46075000000.0,,44.459,-250000000.0,11018000000.0,11018000000.0,27732000000.0,-535000000.0,1.077,1.753,16789000000.0,253000000.0,16536000000.0,16789000000.0,446000000.0,356000000.0,0.0,0.0,0.0,-379000000.0,-23000000.0,-0.001,-23000000.0,-379000000.0,-542000000.0,-0.92,-0.92,-0.92,25911000000.0,,25911000000.0,49628847287.0,28.0,15.7,1435000000.0,2.462,1.0,3293000000.0,0.106,26874000000.0,163000000.0,26794000000.0,,0.0,15038000000.0,1566000000.0,13472000000.0,45411000000.0,23642000000.0,21769000000.0,42498847287.0,891000000.0,-44000000.0,-4000000.0,22000000.0,0.0,27000000.0,-813000000.0,-519000000.0,1685000000.0,-8000000.0,-535000000.0,-535000000.0,-535000000.0,0.0,0.0,-0.017,3711000000.0,-418000000.0,8053000000.0,0.0,1.64,59.026,59.779,2912000000.0,0.0,72.93,0.359,0.359,11202000000.0,6956000000.0,31025000000.0,31025000000.0,0.0,,,,,36000000.0,2273000000.0,1.0,582734777.0,582804000.0,582804000.0,53.234,44665000000.0,0.0,-7000000.0,0.0,76.638,1822000000.0
1,CNC,MRQ,2021-03-31,2021-03-31,2021-03-31,2021-07-27,176000000.0,70285000000.0,,24440000000.0,45845000000.0,,45.271,-187000000.0,9627000000.0,9627000000.0,26367000000.0,697000000.0,1.097,1.661,16757000000.0,62000000.0,16695000000.0,16757000000.0,574000000.0,361000000.0,0.0,0.0,0.0,1113000000.0,1474000000.0,0.049,1474000000.0,1113000000.0,943000000.0,1.2,1.19,1.2,26342000000.0,,26342000000.0,43148610995.0,10.0,7.638,-144000000.0,-0.247,1.0,3616000000.0,0.121,27023000000.0,170000000.0,28113000000.0,,0.0,14907000000.0,1662000000.0,13245000000.0,43749000000.0,22279000000.0,21470000000.0,37169610995.0,-653000000.0,-158000000.0,-29000000.0,-59000000.0,0.0,-73000000.0,-607000000.0,-262000000.0,43000000.0,-16000000.0,699000000.0,699000000.0,699000000.0,0.0,-2000000.0,0.023,2562000000.0,1054000000.0,6866000000.0,0.0,1.411,15.103,15.145,2822000000.0,0.0,63.91,0.323,0.323,11601000000.0,7491000000.0,29983000000.0,29983000000.0,0.0,,,,,51000000.0,2367000000.0,1.0,581593037.0,581869000.0,589343000.0,51.529,43262000000.0,0.0,244000000.0,0.0,74.35,2161000000.0
2,CNC,MRQ,2020-12-31,2020-12-31,2020-12-31,2021-07-27,337000000.0,68719000000.0,,23393000000.0,45326000000.0,,44.426,-206000000.0,10800000000.0,10800000000.0,24984000000.0,-19000000.0,1.084,1.659,16779000000.0,97000000.0,16682000000.0,16779000000.0,523000000.0,343000000.0,0.0,0.0,0.0,110000000.0,453000000.0,0.016,453000000.0,110000000.0,-67000000.0,-0.04,-0.04,-0.04,25773000000.0,,25773000000.0,39433254850.0,11.0,8.26,2775000000.0,4.783,1.0,3304000000.0,0.117,27040000000.0,177000000.0,26073000000.0,,0.0,14433000000.0,1580000000.0,12853000000.0,42757000000.0,21585000000.0,21172000000.0,34805254850.0,-1387000000.0,-1049000000.0,-56000000.0,-79000000.0,0.0,-123000000.0,-4255000000.0,-2978000000.0,2981000000.0,10000000.0,-12000000.0,-12000000.0,-12000000.0,0.0,-7000000.0,0.0,3289000000.0,15000000.0,7069000000.0,0.0,1.35,19.251,18.937,2774000000.0,0.0,60.03,0.313,0.308,9696000000.0,6792000000.0,28288000000.0,28288000000.0,0.0,,,,,63000000.0,2721000000.0,1.0,579797682.0,580130000.0,589344000.0,48.761,41679000000.0,0.0,-55000000.0,0.0,71.844,1808000000.0
3,CNC,MRQ,2020-09-30,2020-09-30,2020-09-30,2021-07-27,293000000.0,68364000000.0,,27275000000.0,41089000000.0,,44.391,-251000000.0,12198000000.0,12198000000.0,25182000000.0,565000000.0,1.251,1.652,16826000000.0,89000000.0,16737000000.0,16826000000.0,582000000.0,298000000.0,0.0,0.0,0.0,959000000.0,1257000000.0,0.043,1257000000.0,959000000.0,775000000.0,0.98,0.97,0.98,25725000000.0,,25725000000.0,37816458210.0,10.0,7.767,-1203000000.0,-2.076,1.0,3908000000.0,0.134,26094000000.0,184000000.0,25103000000.0,,0.0,11356000000.0,1497000000.0,9859000000.0,42485000000.0,21795000000.0,20690000000.0,33800458210.0,-611000000.0,0.0,-9000000.0,0.0,0.0,4000000.0,332000000.0,578000000.0,-952000000.0,5000000.0,568000000.0,568000000.0,568000000.0,0.0,-3000000.0,0.02,3047000000.0,861000000.0,7102000000.0,0.0,1.314,16.659,16.025,2669000000.0,0.0,58.33,0.332,0.332,11670000000.0,6804000000.0,29090000000.0,29090000000.0,0.0,,,,,54000000.0,2507000000.0,1.0,579469539.0,579510000.0,587971000.0,50.198,42270000000.0,0.0,207000000.0,0.0,72.941,5480000000.0
4,CNC,MRQ,2020-06-30,2020-06-30,2020-06-30,2021-07-27,245000000.0,68347000000.0,,26822000000.0,41525000000.0,,43.26,-235000000.0,12798000000.0,12798000000.0,22863000000.0,1202000000.0,1.224,1.722,16814000000.0,106000000.0,16708000000.0,16814000000.0,448000000.0,330000000.0,0.0,0.0,0.0,2135000000.0,2465000000.0,0.089,2465000000.0,2135000000.0,1948000000.0,2.08,2.05,2.08,25056000000.0,,25056000000.0,44774674514.0,14.0,11.064,3479000000.0,6.007,1.0,4849000000.0,0.175,26136000000.0,187000000.0,24309000000.0,,0.0,11789000000.0,1558000000.0,10231000000.0,43142000000.0,21918000000.0,21224000000.0,36803674514.0,3498000000.0,58000000.0,-3000000.0,-472000000.0,0.0,-460000000.0,240000000.0,417000000.0,3714000000.0,4000000.0,1206000000.0,1206000000.0,1206000000.0,0.0,-4000000.0,0.044,2831000000.0,2018000000.0,8704000000.0,0.0,1.469,23.653,21.99,2544000000.0,0.0,63.55,0.402,0.402,10339000000.0,6236000000.0,27712000000.0,27712000000.0,0.0,,,,,47000000.0,2255000000.0,1.0,579129418.0,579189000.0,587498000.0,47.846,42211000000.0,0.0,742000000.0,0.0,72.879,4904000000.0
5,CNC,MRQ,2020-03-31,2020-03-31,2020-03-31,2021-07-27,-5000000.0,66431000000.0,,24696000000.0,41735000000.0,,43.254,-177000000.0,9308000000.0,9308000000.0,22870000000.0,46000000.0,1.141,1.815,17279000000.0,129000000.0,17150000000.0,17279000000.0,526000000.0,288000000.0,0.0,0.0,0.0,311000000.0,599000000.0,0.023,599000000.0,311000000.0,131000000.0,0.08,0.08,0.08,23549000000.0,,23549000000.0,36462943735.0,21.0,14.55,-417000000.0,-0.766,1.0,3155000000.0,0.121,26315000000.0,180000000.0,26436000000.0,,0.0,11907000000.0,1386000000.0,10521000000.0,42739000000.0,21651000000.0,21088000000.0,34859943735.0,-2674000000.0,-2592000000.0,-558000000.0,1390000000.0,0.0,839000000.0,-3272000000.0,-498000000.0,-240000000.0,-1000000.0,46000000.0,46000000.0,46000000.0,0.0,0.0,0.002,2967000000.0,188000000.0,8531000000.0,0.0,1.48,41.254,29.557,2439000000.0,0.0,59.41,0.424,0.393,11304000000.0,5030000000.0,26025000000.0,26025000000.0,0.0,,,,,117000000.0,2384000000.0,1.0,586768957.0,544436000.0,552062000.0,47.802,40116000000.0,0.0,85000000.0,0.0,73.684,3045000000.0
6,CNC,MRQ,2019-12-31,2019-12-31,2019-12-31,2021-07-27,134000000.0,40994000000.0,,20323000000.0,20671000000.0,,30.313,-200000000.0,12123000000.0,12123000000.0,16789000000.0,202000000.0,1.572,2.255,13726000000.0,88000000.0,13638000000.0,13726000000.0,383000000.0,168000000.0,0.0,0.0,0.0,380000000.0,548000000.0,0.029,548000000.0,380000000.0,267000000.0,0.5,0.49,0.5,12551000000.0,,12551000000.0,26841359047.0,12.0,9.421,-851000000.0,-2.055,1.0,2074000000.0,0.11,8926000000.0,113000000.0,20739000000.0,,0.0,8580000000.0,863000000.0,7717000000.0,28302000000.0,12932000000.0,15370000000.0,26015359047.0,5903000000.0,-5000000.0,-34000000.0,6713000000.0,0.0,6704000000.0,-144000000.0,61000000.0,-651000000.0,-6000000.0,209000000.0,209000000.0,209000000.0,0.0,-7000000.0,0.011,1797000000.0,277000000.0,4164000000.0,0.0,2.073,19.694,19.708,2121000000.0,0.0,62.87,0.349,0.348,6247000000.0,4984000000.0,18863000000.0,18863000000.0,0.0,,,,,71000000.0,1733000000.0,1.0,413796072.0,414042000.0,422536000.0,45.558,32068000000.0,0.0,58000000.0,0.0,77.451,7391000000.0
7,CNC,MRQ,2019-09-30,2019-09-30,2019-09-30,2021-07-27,145000000.0,34252000000.0,,13457000000.0,20795000000.0,,29.764,-194000000.0,6215000000.0,6215000000.0,16847000000.0,96000000.0,1.013,1.772,7041000000.0,66000000.0,6975000000.0,7041000000.0,381000000.0,162000000.0,0.0,0.0,0.0,273000000.0,435000000.0,0.023,435000000.0,273000000.0,174000000.0,0.23,0.23,0.23,12311000000.0,,12311000000.0,18151568609.0,8.0,6.266,-293000000.0,-0.708,1.0,2129000000.0,0.112,8958000000.0,99000000.0,12840000000.0,,0.0,8719000000.0,804000000.0,7915000000.0,21816000000.0,13280000000.0,8536000000.0,17892568609.0,-664000000.0,1000000.0,-4000000.0,-107000000.0,0.0,-108000000.0,-459000000.0,-266000000.0,-99000000.0,2000000.0,95000000.0,95000000.0,95000000.0,0.0,1000000.0,0.005,1953000000.0,176000000.0,4010000000.0,0.0,1.453,13.224,13.189,1993000000.0,0.0,43.26,0.247,0.247,5606000000.0,4775000000.0,18976000000.0,18976000000.0,0.0,,,,,34000000.0,1617000000.0,1.0,413605377.0,413616000.0,419956000.0,45.878,25294000000.0,0.0,79000000.0,0.0,61.153,177000000.0
8,CNC,MRQ,2019-06-30,2019-06-30,2019-06-30,2021-07-27,119000000.0,34368000000.0,,13596000000.0,20772000000.0,,29.402,-160000000.0,6875000000.0,6875000000.0,16075000000.0,492000000.0,1.075,1.818,7134000000.0,87000000.0,7047000000.0,7134000000.0,253000000.0,158000000.0,0.0,0.0,0.0,766000000.0,924000000.0,0.05,924000000.0,766000000.0,665000000.0,1.2,1.18,1.2,12154000000.0,,12154000000.0,22144509190.0,10.0,8.126,757000000.0,1.831,1.0,2281000000.0,0.124,9289000000.0,101000000.0,12685000000.0,,0.0,8397000000.0,765000000.0,7632000000.0,22098000000.0,12653000000.0,9445000000.0,21674509190.0,541000000.0,-32000000.0,-2000000.0,173000000.0,0.0,178000000.0,-556000000.0,-364000000.0,917000000.0,2000000.0,495000000.0,495000000.0,495000000.0,0.0,-3000000.0,0.027,1638000000.0,643000000.0,4032000000.0,0.0,1.783,16.973,16.916,1878000000.0,0.0,52.44,0.312,0.312,5194000000.0,4680000000.0,18356000000.0,18356000000.0,0.0,,,,,34000000.0,1574000000.0,1.0,413320160.0,413370000.0,419671000.0,44.406,25079000000.0,0.0,170000000.0,0.0,60.67,943000000.0
9,CNC,MRQ,2019-03-31,2019-03-31,2019-03-31,2021-07-27,38000000.0,33569000000.0,,13616000000.0,19953000000.0,,27.947,-176000000.0,6345000000.0,6345000000.0,16085000000.0,519000000.0,1.036,1.9,6815000000.0,40000000.0,6775000000.0,6815000000.0,363000000.0,155000000.0,0.0,0.0,0.0,787000000.0,942000000.0,0.051,942000000.0,787000000.0,688000000.0,1.26,1.24,1.26,11540000000.0,,11540000000.0,23283347284.0,12.0,9.438,1140000000.0,2.761,1.0,2359000000.0,0.128,9189000000.0,99000000.0,11707000000.0,,0.0,7883000000.0,697000000.0,7186000000.0,21925000000.0,13143000000.0,8782000000.0,21939347284.0,1001000000.0,0.0,-35000000.0,91000000.0,0.0,58000000.0,-373000000.0,-197000000.0,1316000000.0,0.0,522000000.0,522000000.0,522000000.0,0.0,-3000000.0,0.028,1674000000.0,685000000.0,4641000000.0,0.0,1.901,20.277,19.888,1800000000.0,0.0,53.1,0.336,0.335,5819000000.0,4185000000.0,18444000000.0,18444000000.0,0.0,,,,,38000000.0,1609000000.0,1.0,413170382.0,412924000.0,419752000.0,44.667,24380000000.0,0.0,166000000.0,0.0,59.042,473000000.0
10,CNC,MRQ,2018-12-31,2018-12-31,2018-12-31,2021-07-27,-56000000.0,30901000000.0,,11998000000.0,18903000000.0,,26.548,-186000000.0,5342000000.0,5342000000.0,14376000000.0,241000000.0,1.002,1.821,6686000000.0,38000000.0,6648000000.0,6686000000.0,385000000.0,141000000.0,0.0,0.0,0.0,455000000.0,596000000.0,0.036,596000000.0,455000000.0,357000000.0,0.59,0.58,0.59,10917000000.0,,10917000000.0,23213473815.0,14.0,10.494,-820000000.0,-1.994,1.0,2183000000.0,0.132,9254000000.0,98000000.0,11020000000.0,,0.0,7583000000.0,722000000.0,6861000000.0,19878000000.0,11971000000.0,7907000000.0,23677473815.0,-1504000000.0,-97000000.0,-54000000.0,206000000.0,0.0,152000000.0,-1022000000.0,-739000000.0,-634000000.0,0.0,241000000.0,241000000.0,241000000.0,0.0,0.0,0.015,1795000000.0,388000000.0,4051000000.0,0.0,2.169,26.308,24.957,1706000000.0,0.0,57.65,0.394,0.374,5150000000.0,3663000000.0,16559000000.0,16559000000.0,0.0,,,,,40000000.0,1556000000.0,1.0,410710734.0,411221000.0,420226000.0,40.268,21647000000.0,0.0,116000000.0,0.0,52.641,27000000.0
11,CNC,MRQ,2018-09-30,2018-09-30,2018-09-30,2021-07-27,-79000000.0,31157000000.0,,13088000000.0,18069000000.0,,25.946,-127000000.0,6847000000.0,6847000000.0,13964000000.0,16000000.0,1.027,1.915,6383000000.0,4000000.0,6379000000.0,6383000000.0,286000000.0,139000000.0,0.0,0.0,0.0,124000000.0,263000000.0,0.016,263000000.0,124000000.0,27000000.0,0.05,0.05,0.05,10653000000.0,,10653000000.0,29289060827.0,19.0,14.989,421000000.0,1.025,1.0,2218000000.0,0.137,9226000000.0,97000000.0,8726000000.0,,0.0,6866000000.0,594000000.0,6272000000.0,20396000000.0,12741000000.0,7655000000.0,29717060827.0,-1680000000.0,-1721000000.0,-5000000.0,88000000.0,0.0,82000000.0,-2310000000.0,-462000000.0,548000000.0,0.0,19000000.0,19000000.0,19000000.0,0.0,-3000000.0,0.001,2177000000.0,41000000.0,4550000000.0,0.0,2.79,33.428,29.367,1584000000.0,0.0,72.39,0.527,0.527,4647000000.0,3422000000.0,16182000000.0,16182000000.0,0.0,,,,,38000000.0,1934000000.0,1.0,410513342.0,410591000.0,419043000.0,39.411,21931000000.0,0.0,8000000.0,0.0,53.413,347000000.0
12,CNC,MRQ,2018-06-30,2018-06-30,2018-06-30,2021-07-27,-67000000.0,28743000000.0,,12377000000.0,16366000000.0,,27.133,-144000000.0,6707000000.0,6707000000.0,12227000000.0,299000000.0,1.255,1.7,6279000000.0,4000000.0,6275000000.0,6279000000.0,523000000.0,111000000.0,0.0,0.0,0.0,555000000.0,666000000.0,0.047,666000000.0,555000000.0,475000000.0,0.77,0.75,0.77,10610000000.0,,10610000000.0,21505082841.0,12.0,9.878,-670000000.0,-1.713,1.0,1954000000.0,0.138,6847000000.0,80000000.0,11606000000.0,,0.0,6348000000.0,602000000.0,5746000000.0,18035000000.0,9862000000.0,8173000000.0,21997082841.0,2850000000.0,-11000000.0,2776000000.0,1151000000.0,0.0,3865000000.0,-489000000.0,-334000000.0,-526000000.0,0.0,300000000.0,300000000.0,300000000.0,0.0,-1000000.0,0.021,1465000000.0,489000000.0,3803000000.0,0.0,2.073,20.462,20.467,1327000000.0,0.0,61.605,0.422,0.463,4067000000.0,3403000000.0,14181000000.0,14181000000.0,0.0,,,,,34000000.0,1237000000.0,1.0,357066518.0,391037000.0,398902000.0,36.265,21896000000.0,0.0,175000000.0,0.0,55.995,2515000000.0
13,CNC,MRQ,2018-03-31,2018-03-31,2018-03-31,2021-07-27,-54000000.0,25170000000.0,,10976000000.0,14194000000.0,,21.57,-218000000.0,5668000000.0,5668000000.0,11128000000.0,338000000.0,1.008,2.343,5176000000.0,4000000.0,5172000000.0,5176000000.0,638000000.0,104000000.0,0.0,0.0,0.0,583000000.0,687000000.0,0.052,687000000.0,583000000.0,515000000.0,0.98,0.96,0.98,7503000000.0,,7503000000.0,19168474238.0,11.0,9.202,1628000000.0,4.68,1.0,2066000000.0,0.157,6814000000.0,68000000.0,6974000000.0,,0.0,6042000000.0,507000000.0,5535000000.0,17582000000.0,10890000000.0,6692000000.0,18541474238.0,1595000000.0,-226000000.0,-9000000.0,524000000.0,0.0,513000000.0,-764000000.0,-320000000.0,1846000000.0,0.0,340000000.0,340000000.0,340000000.0,0.0,-2000000.0,0.026,1526000000.0,540000000.0,4962000000.0,0.0,2.471,18.019,17.961,1250000000.0,0.0,53.435,0.372,0.373,3648000000.0,3104000000.0,13194000000.0,13194000000.0,0.0,,,,,33000000.0,1316000000.0,1.0,346991190.0,347843000.0,355380000.0,37.931,18356000000.0,0.0,175000000.0,0.0,52.771,86000000.0
14,CNC,MRQ,2017-12-31,2017-12-31,2017-12-31,2021-07-27,-3000000.0,21855000000.0,,8703000000.0,13152000000.0,,19.864,-121000000.0,4072000000.0,4072000000.0,11326000000.0,223000000.0,0.933,2.187,4699000000.0,4000000.0,4695000000.0,4699000000.0,328000000.0,97000000.0,0.0,0.0,0.0,241000000.0,338000000.0,0.026,338000000.0,241000000.0,175000000.0,0.665,0.645,0.665,6850000000.0,,6850000000.0,17848511647.0,13.0,10.084,329000000.0,0.954,1.0,1480000000.0,0.116,6147000000.0,66000000.0,7003000000.0,,0.0,5843000000.0,531000000.0,5312000000.0,14979000000.0,9332000000.0,5647000000.0,17408511647.0,-198000000.0,-50000000.0,-47000000.0,-2000000.0,0.0,-79000000.0,-568000000.0,-409000000.0,450000000.0,-1000000.0,230000000.0,230000000.0,230000000.0,0.0,-7000000.0,0.018,1299000000.0,181000000.0,4165000000.0,0.0,2.541,21.025,21.017,1104000000.0,0.0,50.44,0.36,0.36,3413000000.0,2748000000.0,12806000000.0,12806000000.0,0.0,,,,,36000000.0,1260000000.0,1.0,345133062.0,344853000.0,,37.135,15708000000.0,0.0,-55000000.0,0.0,45.55,-629000000.0
15,CNC,MRQ,2017-09-30,2017-09-30,2017-09-30,2021-07-27,9000000.0,22000000000.0,,9660000000.0,12340000000.0,,19.249,-120000000.0,4281000000.0,4281000000.0,10490000000.0,201000000.0,0.995,2.308,4721000000.0,4000000.0,4717000000.0,4721000000.0,568000000.0,91000000.0,0.0,0.0,0.0,395000000.0,486000000.0,0.041,486000000.0,395000000.0,330000000.0,0.595,0.58,0.595,6640000000.0,,6640000000.0,16985468941.0,10.0,8.15,-23000000.0,-0.067,1.0,1408000000.0,0.118,6140000000.0,65000000.0,6591000000.0,,0.0,5522000000.0,595000000.0,4927000000.0,15327000000.0,9709000000.0,5618000000.0,16690468941.0,-146000000.0,0.0,-3000000.0,-2000000.0,0.0,-42000000.0,-202000000.0,-83000000.0,97000000.0,1000000.0,205000000.0,205000000.0,205000000.0,0.0,-4000000.0,0.017,1068000000.0,340000000.0,4804000000.0,0.0,2.514,19.43,19.125,1003000000.0,0.0,48.385,0.351,0.351,3955000000.0,2518000000.0,11898000000.0,11898000000.0,0.0,,,,,37000000.0,1030000000.0,1.0,344951306.0,344951306.0,,34.492,15860000000.0,0.0,125000000.0,0.0,45.978,-49000000.0
16,CNC,MRQ,2017-06-30,2017-06-30,2017-06-30,2021-07-27,1000000.0,21840000000.0,,9648000000.0,12192000000.0,,18.511,-98000000.0,4425000000.0,4425000000.0,10412000000.0,252000000.0,1.076,2.401,4720000000.0,4000000.0,4716000000.0,4720000000.0,554000000.0,87000000.0,0.0,0.0,0.0,485000000.0,572000000.0,0.048,572000000.0,485000000.0,423000000.0,0.735,0.72,0.735,6378000000.0,,6378000000.0,13569542916.0,8.0,6.623,-404000000.0,-1.173,1.0,1542000000.0,0.129,6178000000.0,62000000.0,6991000000.0,,0.0,5402000000.0,586000000.0,4816000000.0,15312000000.0,8966000000.0,6346000000.0,13761542916.0,-418000000.0,0.0,-2000000.0,48000000.0,0.0,49000000.0,-161000000.0,-63000000.0,-306000000.0,0.0,254000000.0,254000000.0,254000000.0,0.0,-2000000.0,0.021,1104000000.0,438000000.0,4238000000.0,0.0,2.158,17.18,16.888,912000000.0,0.0,39.94,0.296,0.296,3901000000.0,2313000000.0,11954000000.0,11954000000.0,0.0,,,,,30000000.0,1065000000.0,1.0,344555406.0,344555406.0,,34.694,15662000000.0,0.0,169000000.0,0.0,45.456,682000000.0
17,CNC,MRQ,2017-03-31,2017-03-31,2017-03-31,2021-07-27,-21000000.0,21362000000.0,,9408000000.0,11954000000.0,,17.638,-83000000.0,4839000000.0,4839000000.0,10353000000.0,132000000.0,1.022,2.494,4647000000.0,4000000.0,4643000000.0,4647000000.0,633000000.0,86000000.0,0.0,0.0,0.0,288000000.0,374000000.0,0.032,374000000.0,288000000.0,226000000.0,0.405,0.395,0.405,6070000000.0,,6070000000.0,12983726753.0,8.0,6.618,1165000000.0,3.385,1.0,1371000000.0,0.117,6216000000.0,62000000.0,5752000000.0,,0.0,5361000000.0,725000000.0,4636000000.0,15140000000.0,9202000000.0,5938000000.0,12258726753.0,915000000.0,0.0,-13000000.0,0.0,0.0,-10000000.0,-323000000.0,-239000000.0,1248000000.0,0.0,139000000.0,139000000.0,139000000.0,0.0,-7000000.0,0.012,1131000000.0,240000000.0,4275000000.0,0.0,2.02,17.097,16.728,841000000.0,0.0,35.63,0.27,0.27,3121000000.0,2059000000.0,11724000000.0,11724000000.0,0.0,,,,,32000000.0,1091000000.0,1.0,344056322.0,344147936.0,351672580.0,34.067,15146000000.0,0.0,87000000.0,0.0,44.01,206000000.0
18,CNC,MRQ,2016-12-31,2016-12-31,2016-12-31,2021-07-27,-36000000.0,20197000000.0,,8365000000.0,11832000000.0,,17.214,-95000000.0,3930000000.0,3930000000.0,10145000000.0,259000000.0,0.97,2.399,4655000000.0,4000000.0,4651000000.0,4655000000.0,313000000.0,89000000.0,0.0,0.0,0.0,563000000.0,652000000.0,0.055,652000000.0,563000000.0,488000000.0,0.795,0.77,0.795,5895000000.0,,5895000000.0,11264109689.0,8.0,6.802,1497000000.0,4.371,1.0,1766000000.0,0.148,6257000000.0,75000000.0,6042000000.0,,0.0,5050000000.0,505000000.0,4545000000.0,14143000000.0,8623000000.0,5520000000.0,9657109689.0,876000000.0,-449000000.0,-34000000.0,154000000.0,0.0,123000000.0,-837000000.0,-293000000.0,1592000000.0,-2000000.0,261000000.0,261000000.0,261000000.0,-3000000.0,-2000000.0,0.022,1242000000.0,524000000.0,3763000000.0,0.0,1.638,17.183,16.054,797000000.0,0.0,28.255,0.238,0.222,3215000000.0,1920000000.0,11911000000.0,11911000000.0,0.0,,,,,36000000.0,1062000000.0,1.0,341784098.0,342456242.0,358042848.0,34.781,13940000000.0,0.0,227000000.0,0.0,40.706,-258000000.0
19,CNC,MRQ,2016-09-30,2016-09-30,2016-09-30,2021-07-27,46000000.0,19634000000.0,,7755000000.0,11879000000.0,,16.718,-117000000.0,2982000000.0,2982000000.0,9392000000.0,148000000.0,0.859,2.41,4589000000.0,845000000.0,3744000000.0,4589000000.0,573000000.0,78000000.0,0.0,0.0,0.0,373000000.0,451000000.0,0.042,451000000.0,373000000.0,316000000.0,0.43,0.42,0.43,5710000000.0,,5710000000.0,13216541887.0,13.0,10.489,365000000.0,1.069,1.0,1454000000.0,0.134,6296000000.0,57000000.0,5922000000.0,,0.0,4974000000.0,406000000.0,4568000000.0,13762000000.0,9023000000.0,4739000000.0,11432541887.0,272000000.0,14000000.0,-2000000.0,112000000.0,0.0,102000000.0,-313000000.0,-210000000.0,482000000.0,1000000.0,147000000.0,147000000.0,147000000.0,1000000.0,1000000.0,0.014,1112000000.0,342000000.0,3187000000.0,0.0,2.002,27.749,25.173,725000000.0,0.0,33.48,0.327,0.327,3445000000.0,1655000000.0,10846000000.0,10846000000.0,0.0,,,,,29000000.0,940000000.0,1.0,341473772.0,341549174.0,348624832.0,31.755,13338000000.0,0.0,169000000.0,0.0,39.051,-1268000000.0
20,CNC,MRQ,2016-06-30,2016-06-30,2016-06-30,2021-07-27,43000000.0,19496000000.0,,7853000000.0,11643000000.0,,16.208,-49000000.0,2710000000.0,2710000000.0,9398000000.0,169000000.0,0.891,2.498,4494000000.0,845000000.0,3649000000.0,4494000000.0,212000000.0,76000000.0,0.0,0.0,0.0,409000000.0,485000000.0,0.045,485000000.0,409000000.0,357000000.0,0.5,0.485,0.5,5529000000.0,,5529000000.0,13010659081.0,15.0,12.644,-468000000.0,-1.372,1.0,1499000000.0,0.138,6316000000.0,52000000.0,6150000000.0,,0.0,4673000000.0,443000000.0,4230000000.0,13809000000.0,8814000000.0,4995000000.0,12166659081.0,-726000000.0,-80000000.0,-5000000.0,177000000.0,0.0,176000000.0,-483000000.0,-354000000.0,-419000000.0,0.0,170000000.0,170000000.0,170000000.0,1000000.0,-1000000.0,0.016,1122000000.0,377000000.0,3218000000.0,0.0,2.201,33.985,27.663,626000000.0,0.0,35.685,0.406,0.406,3488000000.0,1510000000.0,10897000000.0,10897000000.0,0.0,,,,,32000000.0,949000000.0,1.0,340946030.0,341117556.0,347557074.0,31.945,13180000000.0,0.0,187000000.0,0.0,38.638,-961000000.0
21,CNC,MRQ,2016-03-31,2016-03-31,2016-03-31,2021-07-27,10000000.0,18652000000.0,,7551000000.0,11101000000.0,,21.096,-45000000.0,3436000000.0,3436000000.0,6128000000.0,-15000000.0,0.959,2.492,4280000000.0,4000000.0,4276000000.0,4280000000.0,197000000.0,35000000.0,0.0,0.0,0.0,33000000.0,68000000.0,0.01,68000000.0,33000000.0,0.0,-0.065,-0.065,-0.065,5297000000.0,,5297000000.0,6951293609.0,11.0,9.231,151000000.0,0.601,1.0,825000000.0,0.119,6088000000.0,33000000.0,5537000000.0,,0.0,4242000000.0,269000000.0,3973000000.0,13199000000.0,7871000000.0,5328000000.0,7490293609.0,1676000000.0,-782000000.0,-22000000.0,2351000000.0,0.0,2316000000.0,-836000000.0,-9000000.0,196000000.0,0.0,-16000000.0,-16000000.0,-16000000.0,1000000.0,1000000.0,-0.002,805000000.0,20000000.0,3228000000.0,0.0,1.414,27.139,26.539,580000000.0,0.0,30.785,0.305,0.314,2529000000.0,1341000000.0,6953000000.0,6953000000.0,0.0,,,,,51000000.0,722000000.0,1.0,243309846.0,251086152.0,251086152.0,27.692,12564000000.0,0.0,16000000.0,0.0,50.039,-320000000.0
22,CNC,MRQ,2015-12-31,2015-12-31,2015-12-31,2021-07-27,-10000000.0,7339000000.0,,3605000000.0,3734000000.0,,9.026,-49000000.0,1760000000.0,1760000000.0,5511000000.0,111000000.0,0.993,2.325,1221000000.0,5000000.0,1216000000.0,1221000000.0,143000000.0,29000000.0,0.0,0.0,0.0,227000000.0,256000000.0,0.041,256000000.0,227000000.0,216000000.0,0.465,0.445,0.465,2157000000.0,,2157000000.0,7460735478.0,10.0,8.798,152000000.0,0.636,1.0,791000000.0,0.126,997000000.0,11000000.0,2174000000.0,,0.0,2103000000.0,176000000.0,1927000000.0,5015000000.0,3629000000.0,1386000000.0,7844735478.0,95000000.0,-2000000.0,-44000000.0,-53000000.0,0.0,-62000000.0,-44000000.0,7000000.0,201000000.0,0.0,111000000.0,111000000.0,111000000.0,1000000.0,0.0,0.018,571000000.0,220000000.0,976000000.0,0.0,3.637,22.098,22.084,518000000.0,0.0,32.905,0.345,0.344,1279000000.0,1358000000.0,6302000000.0,6302000000.0,0.0,,,,,23000000.0,511000000.0,1.0,238405576.0,238980834.0,247104104.0,26.37,6342000000.0,0.0,105000000.0,0.0,26.538,-24000000.0
23,CNC,MRQ,2015-09-30,2015-09-30,2015-09-30,2021-07-27,-2000000.0,7322000000.0,,3596000000.0,3726000000.0,,8.609,-43000000.0,1665000000.0,1665000000.0,5120000000.0,94000000.0,1.009,2.493,1281000000.0,5000000.0,1276000000.0,1281000000.0,66000000.0,29000000.0,0.0,0.0,0.0,191000000.0,220000000.0,0.038,220000000.0,191000000.0,180000000.0,0.39,0.38,0.39,2051000000.0,,2051000000.0,5635285136.0,8.0,6.856,19000000.0,0.08,1.0,701000000.0,0.12,1010000000.0,11000000.0,2365000000.0,,0.0,2154000000.0,162000000.0,1992000000.0,5113000000.0,3563000000.0,1550000000.0,6458285136.0,-302000000.0,-5000000.0,-2000000.0,124000000.0,0.0,106000000.0,-470000000.0,-422000000.0,62000000.0,0.0,93000000.0,93000000.0,93000000.0,-1000000.0,1000000.0,0.016,518000000.0,183000000.0,1035000000.0,0.0,3.149,18.4,18.259,488000000.0,0.0,27.115,0.305,0.305,1281000000.0,1247000000.0,5821000000.0,5821000000.0,0.0,,,,,15000000.0,458000000.0,1.0,238181270.0,238243048.0,246263620.0,24.433,6312000000.0,0.0,87000000.0,0.0,26.494,33000000.0
24,CNC,MRQ,2015-06-30,2015-06-30,2015-06-30,2021-07-27,-4000000.0,7022000000.0,,3838000000.0,3184000000.0,,8.151,-31000000.0,1967000000.0,1967000000.0,4839000000.0,88000000.0,1.11,2.54,1144000000.0,5000000.0,1139000000.0,1144000000.0,68000000.0,26000000.0,0.0,0.0,0.0,183000000.0,209000000.0,0.038,209000000.0,183000000.0,172000000.0,0.37,0.36,0.37,1940000000.0,,1940000000.0,9022737538.0,14.0,12.144,319000000.0,1.34,1.0,667000000.0,0.121,959000000.0,11000000.0,1782000000.0,,0.0,1681000000.0,140000000.0,1541000000.0,4927000000.0,3458000000.0,1469000000.0,9560737538.0,301000000.0,-2000000.0,-3000000.0,24000000.0,0.0,25000000.0,-74000000.0,-41000000.0,350000000.0,0.0,88000000.0,88000000.0,88000000.0,0.0,0.0,0.016,494000000.0,173000000.0,1004000000.0,0.0,4.928,28.12,27.82,462000000.0,0.0,40.2,0.485,0.485,1248000000.0,1154000000.0,5506000000.0,5506000000.0,0.0,,,,,17000000.0,437000000.0,1.0,237829292.0,238007138.0,245930022.0,23.134,6063000000.0,0.0,84000000.0,0.0,25.474,380000000.0
25,CNC,MRQ,2015-03-31,2015-03-31,2015-03-31,2021-07-27,-1000000.0,6696000000.0,,3590000000.0,3106000000.0,,7.733,-27000000.0,1666000000.0,1666000000.0,4544000000.0,64000000.0,1.074,2.561,1128000000.0,5000000.0,1123000000.0,1128000000.0,117000000.0,27000000.0,0.0,0.0,0.0,136000000.0,163000000.0,0.032,163000000.0,136000000.0,126000000.0,0.265,0.255,0.265,1837000000.0,,1837000000.0,7682402554.0,14.0,11.658,18000000.0,0.076,1.0,587000000.0,0.114,917000000.0,10000000.0,1898000000.0,,0.0,1678000000.0,151000000.0,1527000000.0,4704000000.0,3343000000.0,1361000000.0,8399402554.0,56000000.0,-9000000.0,-4000000.0,243000000.0,0.0,236000000.0,-225000000.0,-196000000.0,45000000.0,0.0,63000000.0,63000000.0,63000000.0,1000000.0,1000000.0,0.012,458000000.0,129000000.0,1002000000.0,0.0,4.572,27.905,27.506,450000000.0,0.0,35.345,0.461,0.461,1245000000.0,1066000000.0,5131000000.0,5131000000.0,0.0,,,,,16000000.0,396000000.0,1.0,237640474.0,237567510.0,245144732.0,21.598,5779000000.0,0.0,63000000.0,0.0,24.326,247000000.0
26,CNC,MRQ,2014-12-31,2014-12-31,2014-12-31,2021-07-27,-1000000.0,5824000000.0,,2951000000.0,2873000000.0,,7.412,-34000000.0,1610000000.0,1610000000.0,4136000000.0,105000000.0,1.018,2.255,879000000.0,5000000.0,874000000.0,879000000.0,168000000.0,24000000.0,0.0,0.0,0.0,206000000.0,230000000.0,0.049,230000000.0,206000000.0,196000000.0,0.46,0.44,0.46,1744000000.0,,1744000000.0,5464652781.0,11.0,9.246,336000000.0,1.428,1.0,588000000.0,0.124,874000000.0,10000000.0,1319000000.0,,0.0,1457000000.0,177000000.0,1280000000.0,3933000000.0,2900000000.0,1033000000.0,6092773781.0,27000000.0,-42000000.0,-29000000.0,-67000000.0,0.0,-75000000.0,-267000000.0,-191000000.0,370000000.0,-1000000.0,107000000.0,107000000.0,107000000.0,2000000.0,-2000000.0,0.023,395000000.0,193000000.0,768000000.0,0.0,3.494,22.483,22.285,445000000.0,0.0,25.962,0.368,0.365,912000000.0,1003000000.0,4724000000.0,4724000000.0,0.0,,,,,13000000.0,347000000.0,1.0,234675928.0,235292288.0,243641308.0,20.077,4950000000.0,0.0,89000000.0,0.0,21.038,51000000.0
27,CNC,MRQ,2014-09-30,2014-09-30,2014-09-30,2021-07-27,-605000.0,5446345000.0,,2767711000.0,2678634000.0,,6.965,-27000000.0,1582972000.0,1582972000.0,3878000000.0,79000000.0,1.051,2.244,954851000.0,5131000.0,949720000.0,954851000.0,94961000.0,23000000.0,0.0,0.0,0.0,118000000.0,141000000.0,0.032,141000000.0,118000000.0,109000000.0,0.35,0.34,0.35,1632903000.0,,1632903000.0,4477809230.0,11.0,9.492,414000000.0,1.766,1.0,474000000.0,0.109,880357000.0,9000000.0,1303574000.0,,0.0,1275254000.0,166993000.0,1108261000.0,3664795000.0,2634293000.0,1030502000.0,4845581230.0,324000000.0,0.0,1000000.0,67000000.0,0.0,74000000.0,-191000000.0,-164000000.0,441000000.0,0.0,82000000.0,82000000.0,82000000.0,-1000000.0,-3000000.0,0.019,366000000.0,108000000.0,926780000.0,0.0,2.967,22.315,21.881,424229000.0,0.0,20.677,0.328,0.328,685188000.0,896385000.0,4352000000.0,4352000000.0,0.0,,,,,12000000.0,334000000.0,1.0,234340768.0,234453936.0,242727500.0,18.562,4565988000.0,0.0,27000000.0,0.0,19.475,133418000.0
28,CNC,MRQ,2014-06-30,2014-06-30,2014-06-30,2021-07-27,2214000.0,4682567000.0,,2324886000.0,2357681000.0,,6.389,-24000000.0,1258797000.0,1258797000.0,3579000000.0,48000000.0,1.098,2.084,891025000.0,6135000.0,884890000.0,891025000.0,22472000.0,22000000.0,0.0,0.0,0.0,103000000.0,125000000.0,0.031,125000000.0,103000000.0,94000000.0,0.21,0.205,0.21,1476165000.0,,1476165000.0,3907481722.0,11.0,8.957,136000000.0,0.589,1.0,445000000.0,0.111,723972000.0,9000000.0,1473116000.0,,0.0,1124313000.0,127348000.0,996965000.0,3076945000.0,2117707000.0,959238000.0,4361193722.0,-12000000.0,-17000000.0,-1000000.0,68000000.0,0.0,68000000.0,-240000000.0,-199000000.0,160000000.0,0.0,49000000.0,49000000.0,49000000.0,-2000000.0,-1000000.0,0.012,352000000.0,93000000.0,670343000.0,0.0,2.954,23.636,23.052,423905000.0,0.0,18.902,0.33,0.331,610969000.0,813765000.0,4024000000.0,4024000000.0,0.0,,,,,12000000.0,321000000.0,1.0,230720472.0,231034732.0,238869032.0,17.417,3958595000.0,0.0,45000000.0,0.0,17.134,207179000.0
29,CNC,MRQ,2014-03-31,2014-03-31,2014-03-31,2021-07-27,-614000.0,4446447000.0,,2281849000.0,2164598000.0,,6.144,-18000000.0,1270792000.0,1270792000.0,3063000000.0,32000000.0,1.129,2.055,817080000.0,6110000.0,810970000.0,817080000.0,74260000.0,20000000.0,0.0,0.0,0.0,75000000.0,95000000.0,0.027,95000000.0,75000000.0,68000000.0,0.145,0.14,0.145,1412666000.0,,1412666000.0,3217246405.0,10.0,8.023,234000000.0,1.018,1.0,397000000.0,0.115,742685000.0,7000000.0,1228607000.0,,0.0,939848000.0,99696000.0,840152000.0,2903588000.0,2021443000.0,882145000.0,3586557405.0,233000000.0,-77000000.0,0.0,126000000.0,0.0,131000000.0,-150000000.0,-55000000.0,252000000.0,0.0,33000000.0,33000000.0,33000000.0,1000000.0,-1000000.0,0.01,327000000.0,70000000.0,614541000.0,0.0,2.539,20.495,19.699,412699000.0,0.0,15.562,0.304,0.303,570105000.0,764902000.0,3460000000.0,3460000000.0,0.0,,,,,11000000.0,296000000.0,1.0,230461520.0,229935504.0,237445064.0,15.048,3703762000.0,0.0,35000000.0,0.0,16.108,260406000.0
30,CNC,MRQ,2013-12-31,2013-12-31,2013-12-31,2021-07-27,-3000000.0,3529000000.0,,1800000000.0,1729000000.0,,5.618,-21617000.0,1038000000.0,1038000000.0,2591523000.0,55164000.0,1.155,1.853,669000000.0,3000000.0,666000000.0,669000000.0,38000000.0,16780000.0,0.0,0.0,0.0,93943000.0,110723000.0,0.038,110723000.0,93943000.0,87204000.0,0.24,0.235,0.24,1234000000.0,,1234000000.0,3008321712.0,10.0,8.219,148713000.0,0.677,1.0,339888000.0,0.116,397000000.0,6739000.0,1204000000.0,,0.0,894000000.0,102000000.0,792000000.0,2286000000.0,1559000000.0,727000000.0,3228625712.0,296671000.0,-227000.0,-12222000.0,149429000.0,0.0,144203000.0,-17862000.0,3982000.0,170330000.0,0.0,53141000.0,53141000.0,53141000.0,0.0,2023000.0,0.018,255217000.0,84671000.0,338000000.0,0.0,2.616,19.567,19.391,395000000.0,0.0,14.738,0.297,0.294,429000000.0,732000000.0,2931411000.0,2931411000.0,0.0,,,,,9748000.0,255217000.0,1.0,219075536.0,219659372.0,228477716.0,13.345,3132000000.0,0.0,34063000.0,0.0,14.258,241000000.0
31,CNC,MRQ,2013-09-30,2013-09-30,2013-09-30,2021-07-27,-1845000.0,3139037000.0,,1368435000.0,1770602000.0,,5.393,-16326000.0,741281000.0,741281000.0,2462548000.0,48914000.0,0.987,1.657,520977000.0,3046000.0,517931000.0,520977000.0,41873000.0,17292000.0,0.0,0.0,0.0,88256000.0,105548000.0,0.038,105548000.0,88256000.0,81653000.0,0.225,0.217,0.225,1179539000.0,,1179539000.0,3357024642.0,12.0,9.895,114405000.0,0.523,1.0,333020000.0,0.119,398089000.0,6603000.0,1133672000.0,,0.0,939541000.0,122631000.0,816910000.0,1953946000.0,1386972000.0,566974000.0,3494234642.0,52569000.0,4059000.0,-779000.0,-30724000.0,0.0,-29532000.0,-48630000.0,-36363000.0,130731000.0,0.0,49373000.0,49373000.0,49373000.0,0.0,-459000.0,0.018,249028000.0,83992000.0,270381000.0,0.0,2.962,28.863,28.554,390200000.0,0.0,15.99,0.358,0.358,355947000.0,678679000.0,2795568000.0,2795568000.0,0.0,,,,,10297000.0,249028000.0,1.0,218526244.0,218718640.0,227732224.0,12.782,2740948000.0,0.0,32280000.0,0.0,12.532,-18537000.0
32,CNC,MRQ,2013-06-30,2013-06-30,2013-06-30,2021-07-27,-4061000.0,3045235000.0,,1342360000.0,1702875000.0,,5.127,-19403000.0,688712000.0,688712000.0,2318343000.0,39011000.0,1.016,1.72,551502000.0,3029000.0,548473000.0,551502000.0,21811000.0,17237000.0,0.0,0.0,0.0,72483000.0,89720000.0,0.034,89720000.0,72483000.0,65450000.0,0.18,0.175,0.18,1118207000.0,,1118207000.0,2660269351.0,14.0,10.664,18543000.0,0.085,1.0,292196000.0,0.112,397041000.0,7033000.0,1190412000.0,,0.0,901235000.0,131330000.0,769905000.0,1922961000.0,1320572000.0,602389000.0,2854907351.0,-42079000.0,-66832000.0,17158000.0,17732000.0,0.0,39206000.0,-119231000.0,-32996000.0,37946000.0,0.0,39484000.0,39484000.0,39484000.0,0.0,-473000.0,0.015,223459000.0,68737000.0,216330000.0,0.0,2.553,37.81,37.259,388965000.0,0.0,13.115,0.303,0.304,357908000.0,629306000.0,2610539000.0,2610539000.0,0.0,,,,,8580000.0,223459000.0,1.0,217682604.0,218116144.0,226406640.0,11.969,2648194000.0,0.0,25966000.0,0.0,12.141,21788000.0
33,CNC,MRQ,2013-03-31,2013-03-31,2013-03-31,2021-07-27,4900000.0,2887157000.0,,1375271000.0,1511886000.0,,4.707,-10654000.0,730791000.0,730791000.0,2282586000.0,22911000.0,1.052,1.928,536153000.0,3419000.0,532734000.0,536153000.0,38175000.0,15691000.0,0.0,0.0,0.0,44317000.0,60008000.0,0.024,60008000.0,44317000.0,37692000.0,0.11,0.105,0.11,985708000.0,,985708000.0,1999670045.0,28.0,14.54,32339000.0,0.154,1.0,242896000.0,0.096,275575000.0,6625000.0,1109850000.0,,0.0,894414000.0,146107000.0,748307000.0,1900627000.0,1307094000.0,593533000.0,2304768045.0,-113161000.0,0.0,843000.0,-1437000.0,0.0,123000.0,-156277000.0,-145623000.0,42993000.0,0.0,23002000.0,23002000.0,23002000.0,0.0,-91000.0,0.009,203296000.0,39600000.0,180338000.0,0.0,2.338,2250.75,5505.0,382853000.0,0.0,11.01,0.258,0.258,320371000.0,589822000.0,2525482000.0,2525482000.0,0.0,,,,,8375000.0,203296000.0,1.0,209334064.0,209428476.0,217067712.0,12.059,2611582000.0,0.0,14690000.0,0.0,12.47,68177000.0
34,CNC,MRQ,2012-12-31,2012-12-31,2012-12-31,2021-07-27,5189000.0,2773905000.0,,1405825000.0,1368080000.0,,4.595,-11399000.0,843952000.0,843952000.0,1526151000.0,4934000.0,1.144,1.91,538854000.0,3373000.0,535481000.0,538854000.0,34597000.0,16108000.0,0.0,0.0,0.0,67877000.0,83985000.0,0.046,83985000.0,67877000.0,62270000.0,0.045,0.045,0.045,953056000.0,,953056000.0,1715675784.0,25.0,12.709,-39681000.0,-0.191,1.0,312834000.0,0.17,276556000.0,5607000.0,962938000.0,,0.0,692871000.0,138101000.0,554770000.0,1820138000.0,1229313000.0,590825000.0,2116986784.0,47077000.0,0.0,-6532000.0,140422000.0,0.0,124809000.0,-49450000.0,-38051000.0,-28282000.0,0.0,9202000.0,9202000.0,9202000.0,0.0,-4268000.0,0.005,164645000.0,148189000.0,219066000.0,0.0,2.221,1058.493,1025.0,375893000.0,0.0,10.25,0.261,0.26,251473000.0,566820000.0,1838985000.0,1838985000.0,0.0,,,,,6583000.0,164678000.0,1.0,206535296.0,207429716.0,242709860.0,8.866,2497349000.0,0.0,53068000.0,0.0,12.039,176512000.0
35,CNC,MRQ,2012-09-30,2012-09-30,2012-09-30,2021-07-27,6702000.0,2690936000.0,,1376505000.0,1314431000.0,,4.672,-13159000.0,796621000.0,796621000.0,2294689000.0,295000.0,1.075,1.799,395310000.0,3337000.0,391973000.0,395310000.0,131967000.0,16626000.0,0.0,0.0,0.0,-873000.0,15753000.0,0.006,15753000.0,-873000.0,-5728000.0,0.018,0.018,0.018,963979000.0,,963979000.0,1915645016.0,33.0,15.617,304023000.0,1.473,1.0,153432000.0,0.063,277663000.0,4855000.0,731848000.0,,0.0,699634000.0,139920000.0,559714000.0,1733872000.0,1280114000.0,453758000.0,1928775016.0,374727000.0,0.0,1003000.0,-15821000.0,0.0,-14529000.0,72074000.0,85233000.0,317182000.0,0.0,3819000.0,3819000.0,3819000.0,0.0,-3524000.0,0.002,181073000.0,-27641000.0,162778000.0,0.0,2.001,84.189,81.326,381781000.0,0.0,9.352,0.252,0.252,316123000.0,557759000.0,2448121000.0,2448121000.0,0.0,,,,,6424000.0,181073000.0,1.0,206230956.0,206339440.0,215224788.0,11.865,2413273000.0,0.0,-9547000.0,0.0,11.696,96391000.0
36,CNC,MRQ,2012-06-30,2012-06-30,2012-06-30,2021-07-27,5842000.0,2449550000.0,,1073438000.0,1376112000.0,,4.617,-42462000.0,421894000.0,421894000.0,1961397000.0,-38832000.0,1.038,1.578,408764000.0,3302000.0,405462000.0,408764000.0,29133000.0,16653000.0,0.0,0.0,0.0,-38868000.0,-22215000.0,-0.011,-22215000.0,-38868000.0,-43607000.0,-0.17,-0.17,-0.17,951428000.0,,951428000.0,1469553270.0,13.0,8.474,-20266000.0,-0.098,1.0,149349000.0,0.071,278769000.0,4739000.0,1123415000.0,,0.0,783411000.0,152545000.0,630866000.0,1501563000.0,1034236000.0,467327000.0,1552154270.0,-11104000.0,0.0,959000.0,54194000.0,0.0,56473000.0,-89773000.0,-47311000.0,22196000.0,0.0,-34999000.0,-34999000.0,-34999000.0,0.0,-3833000.0,-0.017,196095000.0,-46746000.0,142766000.0,0.0,1.631,32.284,31.157,379970000.0,0.0,7.54,0.239,0.239,400194000.0,553940000.0,2110746000.0,2110746000.0,0.0,,,,,5618000.0,168062000.0,1.0,205856004.0,206063580.0,206063580.0,10.243,2170781000.0,0.0,-8608000.0,0.0,10.535,39202000.0
37,CNC,MRQ,2012-03-31,2012-03-31,2012-03-31,2021-07-27,6237000.0,2283147000.0,,920377000.0,1362770000.0,,4.791,-14980000.0,432998000.0,432998000.0,1514763000.0,22603000.0,1.036,1.331,350397000.0,3235000.0,347162000.0,350397000.0,17977000.0,16613000.0,0.0,0.0,0.0,40864000.0,57477000.0,0.034,57477000.0,40864000.0,36065000.0,0.117,0.113,0.117,979709000.0,,979709000.0,2271283482.0,11.0,8.738,-47076000.0,-0.23,1.0,197385000.0,0.115,308103000.0,4799000.0,1004121000.0,,0.0,732087000.0,126221000.0,605866000.0,1304028000.0,888322000.0,415706000.0,2493403482.0,-140700000.0,0.0,7570000.0,-795000.0,0.0,12247000.0,-120851000.0,-105871000.0,-32096000.0,0.0,23978000.0,23978000.0,23978000.0,0.0,-1375000.0,0.014,163187000.0,34198000.0,158356000.0,0.0,2.545,22.372,22.059,352710000.0,0.0,12.242,0.437,0.439,278233000.0,588939000.0,1712148000.0,1712148000.0,0.0,,,,,6375000.0,163187000.0,1.0,203667836.0,204502696.0,214036972.0,8.372,1975044000.0,0.0,12087000.0,0.0,9.658,32055000.0
38,CNC,MRQ,2011-12-31,2011-12-31,2011-12-31,2021-07-27,5761000.0,2190336000.0,,940010000.0,1250326000.0,,4.629,-16770000.0,573698000.0,573698000.0,1166384000.0,29264000.0,1.122,1.34,351578000.0,3234000.0,348344000.0,351578000.0,9890000.0,15272000.0,0.0,0.0,0.0,56380000.0,71652000.0,0.052,71652000.0,56380000.0,51583000.0,0.15,0.143,0.15,935634000.0,,935634000.0,1894131456.0,9.0,7.27,155253000.0,0.768,1.0,211687000.0,0.154,309411000.0,4797000.0,821192000.0,,0.0,636639000.0,130499000.0,506140000.0,1253917000.0,837613000.0,416304000.0,1994492456.0,122041000.0,-1183000.0,-4296000.0,-808000.0,0.0,-2057000.0,-47925000.0,-29972000.0,172023000.0,0.0,30112000.0,30112000.0,30112000.0,0.0,-848000.0,0.022,150831000.0,60856000.0,216504000.0,0.0,2.132,17.933,17.833,349622000.0,0.0,9.898,0.383,0.381,157450000.0,564961000.0,1378071000.0,1378071000.0,0.0,,,,,4908000.0,150831000.0,1.0,201514772.0,202105124.0,211736936.0,6.819,1880925000.0,0.0,21471000.0,0.0,9.307,102397000.0
39,CNC,MRQ,2011-09-30,2011-09-30,2011-09-30,2021-07-27,6478000.0,2037498000.0,,766376000.0,1271122000.0,,4.483,-21810000.0,451657000.0,451657000.0,1110554000.0,28213000.0,1.049,1.256,351296000.0,3203000.0,348093000.0,351296000.0,54764000.0,14488000.0,0.0,0.0,0.0,52018000.0,66506000.0,0.051,66506000.0,52018000.0,47446000.0,0.145,0.138,0.145,902710000.0,,902710000.0,1307660155.0,7.0,5.229,14709000.0,0.073,1.0,191481000.0,0.147,310776000.0,4572000.0,895981000.0,,0.0,636796000.0,106344000.0,530452000.0,1133399000.0,730380000.0,403019000.0,1442470155.0,-22793000.0,0.0,1067000.0,-927000.0,0.0,728000.0,-60040000.0,-38230000.0,36519000.0,0.0,28987000.0,28987000.0,28987000.0,0.0,-774000.0,0.022,142934000.0,48547000.0,173708000.0,0.0,1.598,13.544,13.347,345600000.0,0.0,7.168,0.288,0.288,139467000.0,534849000.0,1302035000.0,1302035000.0,0.0,,,,,4424000.0,142934000.0,1.0,201251504.0,201382048.0,210481400.0,6.465,1726722000.0,0.0,18459000.0,0.0,8.574,35996000.0
40,CNC,MRQ,2011-06-30,2011-06-30,2011-06-30,2021-07-27,7183000.0,2010444000.0,,774536000.0,1235908000.0,,4.328,-18246000.0,474450000.0,474450000.0,1116666000.0,28063000.0,1.033,1.313,339640000.0,3172000.0,336468000.0,339640000.0,111110000.0,14242000.0,0.0,0.0,0.0,50059000.0,64301000.0,0.049,64301000.0,50059000.0,44803000.0,0.142,0.135,0.142,868466000.0,,868466000.0,1588892692.0,9.0,6.677,-59083000.0,-0.294,1.0,198348000.0,0.151,312323000.0,5256000.0,813538000.0,,0.0,597298000.0,78808000.0,518490000.0,1140140000.0,749773000.0,390367000.0,1775574692.0,-17595000.0,-3192000.0,5119000.0,26775000.0,0.0,32375000.0,-9133000.0,12305000.0,-40837000.0,0.0,28374000.0,28374000.0,28374000.0,0.0,-311000.0,0.022,143045000.0,55303000.0,152578000.0,0.0,2.044,17.724,17.52,340392000.0,0.0,8.883,0.367,0.369,152135000.0,505862000.0,1315014000.0,1315014000.0,0.0,,,,,4445000.0,143045000.0,1.0,199895828.0,200668208.0,209957656.0,6.553,1698121000.0,0.0,16429000.0,0.0,8.462,24763000.0
41,CNC,MRQ,2011-03-31,2011-03-31,2011-03-31,2021-07-27,5969000.0,2003685000.0,,743829000.0,1259856000.0,,4.166,-16882000.0,492045000.0,492045000.0,1036172000.0,22823000.0,0.91,1.414,305363000.0,3037000.0,302326000.0,305363000.0,127451000.0,14325000.0,0.0,0.0,0.0,43768000.0,58093000.0,0.048,58093000.0,43768000.0,38073000.0,0.12,0.115,0.12,829002000.0,,829002000.0,1617960720.0,9.0,7.036,77109000.0,0.387,1.0,180185000.0,0.148,305918000.0,5695000.0,694038000.0,,0.0,609505000.0,52699000.0,556806000.0,1172489000.0,817047000.0,355442000.0,1721485720.0,57879000.0,0.0,6116000.0,-31382000.0,0.0,-24134000.0,-11978000.0,4904000.0,93991000.0,0.0,23745000.0,23745000.0,23745000.0,0.0,-922000.0,0.02,141088000.0,39097000.0,214900000.0,0.0,2.077,18.202,17.177,334180000.0,0.0,8.245,0.375,0.357,132023000.0,477488000.0,1216357000.0,1216357000.0,0.0,,,,,4394000.0,141088000.0,1.0,208791476.0,199001720.0,207246884.0,6.112,1697767000.0,0.0,14328000.0,0.0,8.531,-73218000.0
42,CNC,MRQ,2010-12-31,2010-12-31,2010-12-31,2021-07-27,6424000.0,1943882000.0,,656821000.0,1287061000.0,,4.021,-26596000.0,434166000.0,434166000.0,1058775000.0,26319000.0,0.858,1.444,330641000.0,2817000.0,327824000.0,330641000.0,117344000.0,13380000.0,0.0,0.0,0.0,47809000.0,61189000.0,0.052,61189000.0,47809000.0,42357000.0,0.13,0.125,0.13,793939000.0,,793939000.0,1177206879.0,7.0,5.238,168029000.0,0.851,1.0,122194000.0,0.103,307160000.0,5452000.0,767951000.0,,0.0,617225000.0,21346000.0,595879000.0,1146827000.0,765246000.0,381581000.0,1310696879.0,36500000.0,-33541000.0,-1485000.0,65696000.0,0.0,16493000.0,-174618000.0,-114481000.0,194625000.0,0.0,25399000.0,25399000.0,25399000.0,65000.0,920000.0,0.022,76693000.0,45501000.0,188320000.0,0.0,1.651,13.821,13.008,326341000.0,0.0,6.335,0.295,0.278,136243000.0,453743000.0,1180969000.0,1180969000.0,0.0,,,,,3650000.0,76693000.0,1.0,206897692.0,197453532.0,204859928.0,5.981,1636722000.0,0.0,16958000.0,0.0,8.289,-108425000.0
43,CNC,MRQ,2010-09-30,2010-09-30,2010-09-30,2021-07-27,9661000.0,1795177000.0,,675988000.0,1119189000.0,,4.013,-28358000.0,397666000.0,397666000.0,949518000.0,23200000.0,1.023,1.254,264176000.0,663000.0,263513000.0,264176000.0,52936000.0,13702000.0,0.0,0.0,0.0,40683000.0,54385000.0,0.048,54385000.0,40683000.0,35825000.0,0.115,0.11,0.115,790294000.0,,790294000.0,1206082670.0,7.0,5.524,44205000.0,0.224,1.0,172343000.0,0.154,272365000.0,4858000.0,728230000.0,,0.0,510021000.0,30857000.0,479164000.0,991245000.0,661092000.0,330153000.0,1218883670.0,132066000.0,-5374000.0,489000.0,11377000.0,0.0,9448000.0,50055000.0,83787000.0,72563000.0,0.0,22662000.0,22662000.0,22662000.0,-260000.0,538000.0,0.02,132095000.0,40248000.0,145877000.0,0.0,1.542,13.085,11.914,311195000.0,0.0,5.897,0.28,0.266,182379000.0,428344000.0,1121861000.0,1121861000.0,0.0,,,,,3336000.0,132095000.0,1.0,206678028.0,196953624.0,203753428.0,5.696,1522812000.0,0.0,13163000.0,0.0,7.732,14896000.0
44,CNC,MRQ,2010-06-30,2010-06-30,2010-06-30,2021-07-27,9400000.0,1733537000.0,,545837000.0,1187700000.0,,3.883,-40503000.0,265600000.0,265600000.0,901593000.0,24502000.0,0.857,1.25,252799000.0,771000.0,252028000.0,252799000.0,5695000.0,12391000.0,0.0,0.0,0.0,43896000.0,56287000.0,0.052,56287000.0,43896000.0,40027000.0,0.115,0.113,0.115,763230000.0,,763230000.0,989948554.0,6.0,4.678,-100259000.0,-0.51,1.0,175179000.0,0.163,268893000.0,3869000.0,815024000.0,,0.0,567059000.0,29660000.0,537399000.0,954369000.0,636819000.0,317550000.0,1107313554.0,-84489000.0,-19454000.0,1129000.0,20074000.0,0.0,20147000.0,-44880000.0,15077000.0,-59756000.0,0.0,22773000.0,22773000.0,22773000.0,226000.0,1729000.0,0.021,133470000.0,41709000.0,167613000.0,0.0,1.451,12.068,10.707,313839000.0,0.0,5.375,0.259,0.247,164420000.0,405682000.0,1076772000.0,1076772000.0,0.0,,,,,3428000.0,133470000.0,1.0,206011824.0,196542208.0,203465272.0,5.479,1464644000.0,0.0,17254000.0,0.0,7.452,-90982000.0
45,CNC,MRQ,2010-03-31,2010-03-31,2010-03-31,2021-07-27,7203000.0,1730671000.0,,571902000.0,1158769000.0,,3.879,-23099000.0,350089000.0,350089000.0,903603000.0,24250000.0,0.835,1.338,232724000.0,660000.0,232064000.0,232724000.0,18362000.0,12527000.0,0.0,0.0,0.0,40340000.0,52867000.0,0.049,52867000.0,40340000.0,36527000.0,0.128,0.122,0.128,733299000.0,,733299000.0,1138978299.0,7.0,5.634,-61599000.0,-0.326,1.0,165118000.0,0.155,251520000.0,3813000.0,676673000.0,,0.0,598490000.0,40220000.0,558270000.0,981137000.0,685113000.0,296024000.0,1234999299.0,-53663000.0,-2019000.0,104596000.0,-75106000.0,0.0,26001000.0,-41164000.0,-29466000.0,-38500000.0,0.0,24002000.0,24002000.0,24002000.0,0.0,248000.0,0.022,135507000.0,29611000.0,200615000.0,0.0,1.684,13.843,11.901,269492000.0,0.0,6.01,0.291,0.268,110120000.0,382909000.0,1068721000.0,1068721000.0,0.0,,,,,3460000.0,135507000.0,1.0,205490732.0,189042856.0,195046112.0,5.653,1479151000.0,0.0,12525000.0,0.0,7.824,-113211000.0
46,CNC,MRQ,2009-12-31,2009-12-31,2009-12-31,2021-07-27,7348000.0,1702364000.0,,616134000.0,1086230000.0,,3.488,-40417000.0,403752000.0,403752000.0,988551000.0,23771000.0,0.861,1.802,307731000.0,646000.0,307085000.0,307731000.0,91644000.0,13204000.0,0.0,0.0,0.0,41604000.0,54808000.0,0.05,54808000.0,41604000.0,37496000.0,0.138,0.132,0.138,600845000.0,,600845000.0,844539322.0,6.0,4.38,30801000.0,0.179,1.0,104175000.0,0.095,247066000.0,4108000.0,643369000.0,,0.0,565051000.0,39554000.0,525497000.0,1082937000.0,715908000.0,367029000.0,961189322.0,9770000.0,-7030000.0,-117000.0,30346000.0,0.0,33964000.0,-95412000.0,-47965000.0,71218000.0,0.0,23715000.0,23715000.0,23715000.0,0.0,56000.0,0.022,66397000.0,37778000.0,132001000.0,0.0,1.6,11.488,10.912,230421000.0,0.0,5.293,0.234,0.222,103456000.0,358907000.0,1092726000.0,1092726000.0,0.0,,,,,3206000.0,66397000.0,1.0,181613476.0,172275484.0,178097636.0,6.343,1455298000.0,0.0,13781000.0,0.0,8.448,-99774000.0
47,CNC,MRQ,2009-09-30,2009-09-30,2009-09-30,2021-07-27,7812000.0,1635014000.0,,614058000.0,1020956000.0,,3.339,-12863000.0,393982000.0,393982000.0,870200000.0,23810000.0,0.867,1.814,277332000.0,645000.0,276687000.0,277332000.0,68024000.0,9908000.0,0.0,0.0,0.0,37758000.0,47666000.0,0.046,47666000.0,37758000.0,33694000.0,0.122,0.12,0.122,574261000.0,,574261000.0,763334376.0,5.0,4.081,101995000.0,0.593,1.0,168034000.0,0.162,242554000.0,4064000.0,567887000.0,,0.0,532581000.0,45692000.0,486889000.0,1041757000.0,707923000.0,333834000.0,859077376.0,9483000.0,-23912000.0,516000.0,-11461000.0,0.0,-5886000.0,-99489000.0,-62714000.0,114858000.0,0.0,21268000.0,21268000.0,21268000.0,0.0,2542000.0,0.02,130024000.0,38010000.0,204411000.0,0.0,1.496,10.556,10.032,209920000.0,0.0,4.735,0.22,0.208,104798000.0,335192000.0,1038234000.0,1038234000.0,0.0,,,,,3817000.0,130024000.0,1.0,181431336.0,172007480.0,177166416.0,6.036,1392460000.0,0.0,12426000.0,0.0,8.095,-93865000.0
48,CNC,MRQ,2009-06-30,2009-06-30,2009-06-30,2021-07-27,5081000.0,1586209000.0,,685764000.0,900445000.0,,3.172,-18676000.0,384499000.0,384499000.0,878813000.0,19419000.0,1.034,1.835,288756000.0,243000.0,288513000.0,288756000.0,62958000.0,10659000.0,0.0,0.0,0.0,36179000.0,46838000.0,0.045,46838000.0,36179000.0,32019000.0,0.117,0.115,0.117,545674000.0,,545674000.0,808245603.0,6.0,4.394,20025000.0,0.116,1.0,160656000.0,0.155,240835000.0,4160000.0,586187000.0,,0.0,455612000.0,61217000.0,394395000.0,1001192000.0,663444000.0,337748000.0,860155603.0,42270000.0,-2430000.0,-4821000.0,-1930000.0,0.0,-6245000.0,9814000.0,30920000.0,38701000.0,0.0,20230000.0,20230000.0,20230000.0,0.0,-811000.0,0.019,129221000.0,31435000.0,181605000.0,0.0,1.576,10.977,10.978,194277000.0,0.0,4.995,0.23,0.23,157863000.0,313924000.0,1039469000.0,1039469000.0,0.0,,,,,3822000.0,129221000.0,1.0,172203324.0,172004628.0,176969356.0,6.043,1345374000.0,0.0,11789000.0,0.0,7.822,22320000.0
49,CNC,MRQ,2009-03-31,2009-03-31,2009-03-31,2021-07-27,5136000.0,1552830000.0,,637251000.0,915579000.0,,3.054,-11157000.0,342229000.0,342229000.0,779244000.0,19245000.0,0.935,1.907,290319000.0,20608000.0,269711000.0,290319000.0,63336000.0,10233000.0,0.0,0.0,0.0,33289000.0,43522000.0,0.047,43522000.0,33289000.0,29303000.0,0.107,0.105,0.107,526200000.0,,526200000.0,660873493.0,5.0,3.689,12261000.0,0.071,1.0,153191000.0,0.164,241819000.0,3986000.0,577638000.0,,0.0,498273000.0,75400000.0,422873000.0,1003308000.0,681463000.0,321845000.0,775080493.0,-36870000.0,-5191000.0,483000.0,25427000.0,0.0,24712000.0,-85000000.0,-68652000.0,23418000.0,0.0,18458000.0,18458000.0,18458000.0,0.0,787000.0,0.02,122279000.0,30912000.0,194132000.0,0.0,1.473,10.154,10.192,176719000.0,0.0,4.505,0.22,0.221,147899000.0,293694000.0,932435000.0,932435000.0,0.0,,,,,3789000.0,122279000.0,1.0,172048944.0,172271968.0,176955452.0,5.413,1311011000.0,0.0,10845000.0,0.0,7.61,-44212000.0
50,CNC,MRQ,2008-12-31,2008-12-31,2008-12-31,2021-07-27,3152000.0,1451152000.0,,666343000.0,784809000.0,,2.917,-12568000.0,379099000.0,379099000.0,745946000.0,21423000.0,1.04,1.895,264892000.0,255000.0,264637000.0,264892000.0,17107000.0,9396000.0,0.0,0.0,0.0,39631000.0,49027000.0,0.054,49027000.0,39631000.0,35394000.0,0.125,0.122,0.125,501272000.0,,501272000.0,820333265.0,5.0,4.363,82896000.0,0.482,1.0,156812000.0,0.174,180955000.0,4237000.0,515012000.0,,0.0,441804000.0,109393000.0,332411000.0,949880000.0,640978000.0,308902000.0,845644265.0,103815000.0,-1868000.0,-4682000.0,14919000.0,0.0,10321000.0,-1970000.0,12466000.0,95464000.0,0.0,21423000.0,21423000.0,21423000.0,0.0,0.0,0.024,121342000.0,35470000.0,208243000.0,0.0,1.687,10.128,10.223,175858000.0,0.0,4.928,0.251,0.254,92531000.0,275236000.0,902758000.0,902758000.0,0.0,,,,,3752000.0,121342000.0,1.0,171617304.0,171821164.0,175886192.0,5.254,1270197000.0,0.0,13971000.0,0.0,7.393,25365000.0
51,CNC,MRQ,2008-09-30,2008-09-30,2008-09-30,2021-07-27,349000.0,1358053000.0,,634120000.0,723933000.0,,2.762,-18007000.0,275284000.0,275284000.0,708058000.0,18248000.0,1.063,1.844,249973000.0,276000.0,249697000.0,249973000.0,15623000.0,9789000.0,0.0,0.0,0.0,34770000.0,44559000.0,0.052,44559000.0,34770000.0,30393000.0,0.105,0.102,0.105,477574000.0,,477574000.0,751317040.0,6.0,4.94,21831000.0,0.126,1.0,150541000.0,0.175,186894000.0,4377000.0,549083000.0,,0.0,448588000.0,160376000.0,288212000.0,880479000.0,596765000.0,283714000.0,886710040.0,-82204000.0,-75691000.0,-3187000.0,27877000.0,0.0,24914000.0,-146956000.0,-53258000.0,39838000.0,0.0,18248000.0,18248000.0,18248000.0,0.0,0.0,0.021,118628000.0,31913000.0,200766000.0,0.0,1.857,13.954,13.971,170038000.0,0.0,5.128,0.287,0.287,150351000.0,253813000.0,858599000.0,858599000.0,0.0,,,,,3737000.0,118628000.0,1.0,172932236.0,172931764.0,178121388.0,4.965,1171159000.0,0.0,12145000.0,0.0,6.772,37355000.0
52,CNC,MRQ,2008-06-30,2008-06-30,2008-06-30,2021-07-27,1722000.0,1215065000.0,,578847000.0,636218000.0,,2.65,-14702000.0,357488000.0,357488000.0,686783000.0,18203000.0,1.117,1.643,222095000.0,338000.0,221757000.0,222095000.0,5266000.0,8431000.0,0.0,0.0,0.0,33631000.0,42062000.0,0.051,42062000.0,33631000.0,29566000.0,0.105,0.102,0.105,459768000.0,,459768000.0,681088287.0,6.0,4.709,45258000.0,0.261,1.0,137147000.0,0.166,153186000.0,4065000.0,408439000.0,,0.0,324102000.0,69524000.0,254578000.0,755297000.0,518047000.0,237250000.0,728634287.0,93708000.0,-5624000.0,-4482000.0,5861000.0,0.0,1533000.0,32215000.0,52541000.0,59960000.0,0.0,18203000.0,18203000.0,18203000.0,0.0,0.0,0.022,109270000.0,27877000.0,148535000.0,0.0,1.585,11.899,11.824,157775000.0,0.0,4.197,0.244,0.244,113233000.0,235565000.0,823930000.0,823930000.0,0.0,,,,,3826000.0,109270000.0,1.0,173587680.0,173503776.0,177102404.0,4.749,1061879000.0,0.0,11363000.0,0.0,6.12,60800000.0
53,CNC,MRQ,2008-03-31,2008-03-31,2008-03-31,2021-07-27,3110000.0,1139275000.0,,443610000.0,695665000.0,,2.545,-19879000.0,263780000.0,263780000.0,647434000.0,25623000.0,0.95,1.57,216234000.0,416000.0,215818000.0,216234000.0,2231000.0,7798000.0,0.0,0.0,0.0,44573000.0,52371000.0,0.067,52371000.0,44573000.0,40579000.0,0.147,0.142,0.147,443235000.0,,443235000.0,547458677.0,5.0,3.981,6837000.0,0.039,1.0,131794000.0,0.169,153631000.0,3994000.0,471336000.0,,0.0,385162000.0,60989000.0,324173000.0,696040000.0,466762000.0,229278000.0,608665677.0,-4804000.0,-2194000.0,-5805000.0,8857000.0,0.0,5690000.0,-37210000.0,-15137000.0,26716000.0,0.0,25623000.0,25623000.0,25623000.0,0.0,0.0,0.033,95493000.0,36301000.0,115857000.0,0.0,1.373,10.009,9.901,151265000.0,0.0,3.485,0.211,0.21,81468000.0,217362000.0,779228000.0,779228000.0,0.0,,,,,4013000.0,95493000.0,1.0,174652992.0,174152828.0,178971572.0,4.474,985644000.0,0.0,14956000.0,0.0,5.66,-23152000.0
54,CNC,MRQ,2007-12-31,2007-12-31,2007-12-31,2021-07-27,1571000.0,1121824000.0,,446339000.0,675485000.0,,2.381,-12163000.0,268584000.0,268584000.0,529415000.0,1473000.0,0.917,1.703,207377000.0,971000.0,206406000.0,207377000.0,44016000.0,7426000.0,0.0,0.0,0.0,5663000.0,13089000.0,0.021,13089000.0,5663000.0,1553000.0,0.01,0.007,0.01,415047000.0,,415047000.0,1121454800.0,10.0,8.018,25325000.0,0.145,1.0,97760000.0,0.156,150199000.0,4110000.0,423618000.0,,0.0,363115000.0,46074000.0,317041000.0,706777000.0,486800000.0,219977000.0,1194364800.0,-6464000.0,-9576000.0,767000.0,4748000.0,0.0,4487000.0,-48439000.0,-26700000.0,37488000.0,0.0,1473000.0,1473000.0,1473000.0,33693000.0,0.0,0.002,96261000.0,1499000.0,102944000.0,0.0,2.878,16.272,16.256,135883000.0,0.0,6.86,0.431,0.431,79492000.0,191739000.0,627175000.0,627175000.0,0.0,,,,,4028000.0,96261000.0,1.0,174105656.0,174300788.0,179713540.0,3.598,971625000.0,0.0,80000.0,0.0,5.574,-40461000.0
55,CNC,MRQ,2007-09-30,2007-09-30,2007-09-30,2021-07-27,493000.0,1086240000.0,,450452000.0,635788000.0,,2.346,-12422000.0,275048000.0,275048000.0,625742000.0,15936000.0,0.969,1.659,202138000.0,998000.0,201140000.0,202138000.0,44496000.0,7390000.0,0.0,0.0,0.0,29735000.0,37125000.0,0.05,37125000.0,29735000.0,25564000.0,0.092,0.09,0.092,408549000.0,,408549000.0,903524440.0,8.0,6.266,92456000.0,0.531,1.0,124146000.0,0.166,146980000.0,4171000.0,401511000.0,,0.0,337703000.0,48095000.0,289608000.0,677691000.0,464839000.0,212852000.0,938833440.0,38605000.0,-21089000.0,-4264000.0,-356000.0,0.0,-4389000.0,-61884000.0,-28373000.0,104878000.0,0.0,15936000.0,15936000.0,15936000.0,528000.0,0.0,0.021,100235000.0,23911000.0,102728000.0,0.0,2.298,10.947,10.864,139671000.0,0.0,5.378,0.394,0.393,84813000.0,190266000.0,749888000.0,749888000.0,0.0,,,,,3916000.0,100235000.0,1.0,174585484.0,174131328.0,178514240.0,4.306,939260000.0,0.0,9628000.0,0.0,5.394,-14387000.0
56,CNC,MRQ,2007-06-30,2007-06-30,2007-06-30,2021-07-27,-1046000.0,1050002000.0,,439551000.0,610451000.0,,2.241,-14558000.0,236443000.0,236443000.0,611690000.0,17782000.0,0.977,1.685,201134000.0,972000.0,200162000.0,201134000.0,42019000.0,6717000.0,0.0,0.0,0.0,28229000.0,34946000.0,0.048,34946000.0,28229000.0,24016000.0,0.102,0.1,0.102,391033000.0,,391033000.0,823671639.0,31.0,16.186,9336000.0,0.054,1.0,116041000.0,0.159,150788000.0,4213000.0,413877000.0,,0.0,331079000.0,43360000.0,287719000.0,658969000.0,450028000.0,208941000.0,934207639.0,-75462000.0,-4936000.0,-804000.0,-1168000.0,0.0,-1592000.0,-97764000.0,-81524000.0,23894000.0,0.0,17782000.0,17782000.0,17782000.0,-7607000.0,0.0,0.024,102007000.0,14034000.0,111697000.0,0.0,2.389,-683.4,-535.5,131829000.0,0.0,5.355,0.413,0.413,113491000.0,174330000.0,727731000.0,727731000.0,0.0,,,,,3966000.0,102007000.0,1.0,174455208.0,174469440.0,179261476.0,4.171,899214000.0,0.0,6234000.0,0.0,5.154,-10477000.0
57,CNC,MRQ,2007-03-31,2007-03-31,2007-03-31,2021-07-27,-925000.0,971377000.0,,481534000.0,489843000.0,,2.127,-14794000.0,311905000.0,311905000.0,561966000.0,38211000.0,1.23,1.629,201369000.0,965000.0,200404000.0,201369000.0,38613000.0,6274000.0,0.0,0.0,0.0,48432000.0,54706000.0,0.082,54706000.0,48432000.0,45300000.0,0.22,0.212,0.22,369464000.0,,369464000.0,814904579.0,93.0,26.152,21186000.0,0.122,1.0,102268000.0,0.154,146495000.0,3132000.0,322961000.0,,0.0,225321000.0,43054000.0,182267000.0,601913000.0,391385000.0,210528000.0,910334579.0,40858000.0,-400000.0,224000.0,21614000.0,0.0,22255000.0,-17377000.0,-13031000.0,35980000.0,0.0,38211000.0,38211000.0,38211000.0,-26614000.0,0.0,0.058,86467000.0,15801000.0,75842000.0,0.0,2.464,-64.18,-63.994,121403000.0,0.0,5.247,0.448,0.449,78076000.0,156548000.0,664234000.0,664234000.0,0.0,,,,,3871000.0,86467000.0,1.0,173479672.0,173733276.0,179693360.0,3.823,824882000.0,0.0,7089000.0,0.0,4.748,90149000.0
58,CNC,MRQ,2006-12-31,2006-12-31,2006-12-31,2021-07-27,-1251000.0,894980000.0,,451822000.0,443158000.0,,1.886,-10824000.0,271047000.0,271047000.0,223977000.0,13833000.0,1.165,1.742,175617000.0,971000.0,174646000.0,175617000.0,33816000.0,5314000.0,0.0,0.0,0.0,12108000.0,17422000.0,0.072,17422000.0,12108000.0,9070000.0,0.08,0.088,0.08,326423000.0,,326423000.0,1029619202.0,-44.0,-356.27,59653000.0,0.345,1.0,16849000.0,0.07,145436000.0,3038000.0,266163000.0,,0.0,172842000.0,56790000.0,116052000.0,568557000.0,387951000.0,180606000.0,1060638202.0,70567000.0,149000.0,1740000.0,5897000.0,0.0,8586000.0,-8496000.0,2179000.0,70477000.0,0.0,13833000.0,13833000.0,13833000.0,61229000.0,0.0,0.057,-53033000.0,69882000.0,63893000.0,0.0,3.249,-24.31,-24.279,110688000.0,0.0,6.143,0.582,0.582,74379000.0,118290000.0,240826000.0,240826000.0,0.0,,,,,3736000.0,28065000.0,1.0,172672072.0,173061016.0,196305208.0,1.392,749544000.0,0.0,-4763000.0,0.0,4.331,63871000.0
59,CNC,MRQ,2006-09-30,2006-09-30,2006-09-30,2021-07-27,-1356000.0,813841000.0,,374756000.0,439085000.0,,1.77,-16022000.0,200480000.0,200480000.0,516723000.0,-71193000.0,1.121,1.66,169461000.0,1032000.0,168429000.0,169461000.0,18597000.0,5745000.0,0.0,0.0,0.0,-61931000.0,-56186000.0,-0.089,-56186000.0,-61931000.0,-65013000.0,-0.412,-0.412,-0.412,305905000.0,,305905000.0,744429622.0,-33.0,-194.267,94091000.0,0.544,1.0,114526000.0,0.181,151468000.0,3082000.0,297099000.0,,0.0,214058000.0,67392000.0,146666000.0,507936000.0,334255000.0,173681000.0,710369622.0,69044000.0,-6211000.0,-3201000.0,3374000.0,0.0,290000.0,-41359000.0,-19126000.0,110113000.0,0.0,-71193000.0,-71193000.0,-71193000.0,0.0,0.0,-0.113,181082000.0,-66556000.0,67957000.0,0.0,2.322,-16.294,-16.31,103175000.0,0.0,4.11,0.41,0.41,86108000.0,104457000.0,631249000.0,631249000.0,0.0,,,,,4014000.0,99984000.0,1.0,172839324.0,172876212.0,172876212.0,3.651,662373000.0,0.0,6180000.0,0.0,3.831,40501000.0
60,CNC,MRQ,2006-06-30,2006-06-30,2006-06-30,2021-07-27,-2276000.0,801136000.0,,325702000.0,475434000.0,,2.166,-9336000.0,131436000.0,131436000.0,414546000.0,4965000.0,1.271,1.142,165496000.0,1034000.0,164462000.0,165496000.0,15413000.0,5021000.0,0.0,0.0,0.0,10197000.0,15218000.0,0.031,15218000.0,10197000.0,7741000.0,0.03,0.028,0.03,374039000.0,,374039000.0,1027919744.0,18.0,13.878,-4237000.0,-0.025,1.0,80747000.0,0.163,235579000.0,2456000.0,343426000.0,,0.0,193957000.0,76700000.0,117257000.0,427097000.0,256191000.0,170906000.0,1013779744.0,12924000.0,-20798000.0,1524000.0,32765000.0,0.0,34812000.0,-26987000.0,3147000.0,5099000.0,0.0,4965000.0,4965000.0,4965000.0,0.0,0.0,0.01,74441000.0,6306000.0,52540000.0,0.0,2.71,25.534,25.576,90344000.0,0.0,5.883,0.676,0.677,96852000.0,175650000.0,495293000.0,495293000.0,0.0,,,,,3737000.0,74441000.0,1.0,172338248.0,172678360.0,179356596.0,2.868,565557000.0,0.0,2776000.0,0.0,3.275,69511000.0
61,CNC,MRQ,2006-03-31,2006-03-31,2006-03-31,2021-07-27,-2148000.0,737807000.0,,281044000.0,456763000.0,,2.118,-14136000.0,118512000.0,118512000.0,377260000.0,8766000.0,1.197,1.026,132652000.0,1712000.0,130940000.0,132652000.0,12494000.0,4520000.0,0.0,0.0,0.0,16136000.0,20656000.0,0.045,20656000.0,16136000.0,14138000.0,0.05,0.05,0.05,364249000.0,,364249000.0,1199755669.0,17.0,13.82,-4793000.0,-0.028,1.0,77818000.0,0.171,216327000.0,1998000.0,300843000.0,,0.0,198461000.0,71172000.0,127289000.0,373558000.0,234777000.0,138781000.0,1253966669.0,-28846000.0,-39912000.0,-943000.0,34715000.0,0.0,35226000.0,-73415000.0,-19367000.0,9343000.0,0.0,8766000.0,8766000.0,8766000.0,0.0,0.0,0.019,65222000.0,12596000.0,47779000.0,0.0,3.443,25.086,25.147,82853000.0,0.0,7.293,0.926,0.925,66368000.0,170685000.0,455078000.0,455078000.0,0.0,,,,,3417000.0,65222000.0,1.0,171952920.0,171951568.0,179001084.0,2.647,521480000.0,0.0,5372000.0,0.0,3.033,46267000.0
62,CNC,MRQ,2005-12-31,2005-12-31,2005-12-31,2021-07-27,-1754000.0,668030000.0,,272605000.0,395425000.0,,2.052,-10072000.0,147358000.0,147358000.0,122988000.0,13866000.0,1.27,0.898,93147000.0,699000.0,92448000.0,93147000.0,13648000.0,3411000.0,0.0,0.0,0.0,13069000.0,16480000.0,0.11,16480000.0,13069000.0,11465000.0,0.08,0.077,0.08,352048000.0,,352048000.0,1088580806.0,14.0,11.784,19064000.0,0.111,1.0,26568000.0,0.178,174646000.0,1604000.0,224522000.0,,0.0,180361000.0,56700000.0,123661000.0,315982000.0,214651000.0,101331000.0,1121868806.0,25934000.0,-75000.0,1696000.0,-642000.0,0.0,1467000.0,-4669000.0,5478000.0,29136000.0,0.0,13866000.0,13866000.0,13866000.0,-17931000.0,0.0,0.093,33075000.0,-6507000.0,29790000.0,0.0,3.187,20.166,20.038,67199000.0,0.0,6.572,0.91,0.903,44108000.0,161919000.0,149556000.0,149556000.0,0.0,,,,,3375000.0,33075000.0,1.0,170691336.0,171558564.0,179495904.0,0.872,493384000.0,0.0,-2401000.0,0.0,2.876,57954000.0
63,CNC,MRQ,2005-09-30,2005-09-30,2005-09-30,2021-07-27,-1522000.0,639611000.0,,243801000.0,395810000.0,,1.956,-8069000.0,121424000.0,121424000.0,333052000.0,12106000.0,1.166,0.919,88136000.0,486000.0,87650000.0,88136000.0,12437000.0,3757000.0,0.0,0.0,0.0,17958000.0,21715000.0,0.054,21715000.0,17958000.0,16768000.0,0.07,0.068,0.07,333233000.0,,333233000.0,1051412622.0,12.0,10.725,43868000.0,0.258,1.0,67590000.0,0.169,180796000.0,1190000.0,216413000.0,,0.0,188989000.0,58642000.0,130347000.0,306378000.0,209114000.0,97264000.0,1063793622.0,55826000.0,-34068000.0,1061000.0,34919000.0,0.0,35617000.0,-31728000.0,10409000.0,51937000.0,0.0,12106000.0,12106000.0,12106000.0,0.0,0.0,0.03,52450000.0,15140000.0,47302000.0,0.0,3.192,19.782,19.373,55073000.0,0.0,6.258,0.776,0.778,43235000.0,148053000.0,400642000.0,400642000.0,0.0,,,,,1982000.0,52450000.0,1.0,170002976.0,170328516.0,181113312.0,2.352,458815000.0,0.0,4662000.0,0.0,2.694,34687000.0
64,CNC,MRQ,2005-06-30,2005-06-30,2005-06-30,2021-07-27,-809000.0,574446000.0,,217256000.0,357190000.0,,1.888,-5103000.0,65598000.0,65598000.0,282943000.0,15249000.0,1.115,0.802,53217000.0,486000.0,52731000.0,53217000.0,9657000.0,3119000.0,0.0,0.0,0.0,24843000.0,27962000.0,0.08,27962000.0,24843000.0,24209000.0,0.09,0.085,0.09,318719000.0,,318719000.0,1344471758.0,16.0,13.861,-32005000.0,-0.19,1.0,66685000.0,0.191,145450000.0,634000.0,221834000.0,,0.0,199958000.0,65337000.0,134621000.0,255727000.0,194781000.0,60946000.0,1404409758.0,-37678000.0,-21342000.0,1474000.0,9879000.0,0.0,11388000.0,-22164000.0,4281000.0,-26902000.0,0.0,15249000.0,15249000.0,15249000.0,0.0,0.0,0.044,44365000.0,22320000.0,31045000.0,0.0,4.406,26.488,25.991,48479000.0,0.0,8.395,1.148,1.158,69839000.0,135947000.0,349628000.0,349628000.0,0.0,,,,,2124000.0,44365000.0,1.0,167291216.0,168815784.0,180351088.0,2.071,428996000.0,0.0,8960000.0,0.0,2.541,22475000.0
65,CNC,MRQ,2005-03-31,2005-03-31,2005-03-31,2021-07-27,-1598000.0,560784000.0,,249240000.0,311544000.0,,1.744,-3665000.0,103276000.0,103276000.0,268599000.0,14411000.0,1.123,0.934,43338000.0,486000.0,42852000.0,43338000.0,3935000.0,2782000.0,0.0,0.0,0.0,23438000.0,26220000.0,0.079,26220000.0,23438000.0,22876000.0,0.087,0.08,0.087,289999000.0,,289999000.0,1206473419.0,15.0,13.596,16212000.0,0.098,1.0,63777000.0,0.192,115719000.0,562000.0,163129000.0,,0.0,211824000.0,89288000.0,122536000.0,270785000.0,221998000.0,48787000.0,1243119419.0,19171000.0,0.0,1390000.0,-4121000.0,0.0,-2816000.0,2110000.0,5775000.0,19877000.0,0.0,14411000.0,14411000.0,14411000.0,0.0,0.0,0.043,42459000.0,21318000.0,39995000.0,0.0,4.287,25.586,24.992,45264000.0,0.0,7.497,1.122,1.125,36987000.0,120698000.0,332376000.0,332376000.0,0.0,,,,,3962000.0,42459000.0,1.0,165804524.0,166242348.0,179447956.0,1.999,445065000.0,0.0,8465000.0,0.0,2.677,27242000.0
66,CNC,MRQ,2004-12-31,2004-12-31,2004-12-31,2021-07-27,-407000.0,527934000.0,,224292000.0,303642000.0,,1.646,-15522000.0,84105000.0,84105000.0,231672000.0,12010000.0,1.109,0.946,47459000.0,486000.0,46973000.0,47459000.0,3956000.0,2795000.0,0.0,0.0,0.0,19346000.0,22141000.0,0.077,22141000.0,19346000.0,18983000.0,0.075,0.07,0.075,271312000.0,,271312000.0,1082645348.0,15.0,13.369,26408000.0,0.16,1.0,56392000.0,0.196,116070000.0,363000.0,173059000.0,,0.0,211070000.0,94283000.0,116787000.0,256622000.0,202159000.0,54463000.0,1163644348.0,-4582000.0,-79734000.0,1734000.0,39771000.0,0.0,41012000.0,-87524000.0,7732000.0,41930000.0,0.0,12010000.0,12010000.0,12010000.0,0.0,0.0,0.042,38948000.0,17444000.0,31737000.0,0.0,4.289,26.26,25.962,43248000.0,0.0,7.088,1.163,1.156,31475000.0,106287000.0,288064000.0,288064000.0,0.0,,,,,2064000.0,38948000.0,1.0,164182624.0,164808896.0,177493680.0,1.748,411864000.0,0.0,6973000.0,0.0,2.499,22133000.0
67,CNC,MRQ,2004-09-30,2004-09-30,2004-09-30,2021-07-27,12000.0,421153000.0,,170698000.0,250455000.0,,1.562,-4405000.0,88687000.0,88687000.0,205085000.0,11351000.0,1.121,0.646,7688000.0,288000.0,7400000.0,7688000.0,3670000.0,2518000.0,0.0,0.0,0.0,18154000.0,20672000.0,0.081,20672000.0,18154000.0,18028000.0,0.07,0.065,0.07,255923000.0,,255923000.0,797425633.0,12.0,10.427,22956000.0,0.14,1.0,48658000.0,0.192,23950000.0,126000.0,163945000.0,,0.0,213694000.0,43568000.0,170126000.0,165230000.0,152259000.0,12971000.0,870143633.0,8209000.0,0.0,527000.0,-72000.0,0.0,455000.0,-19607000.0,-15202000.0,27361000.0,0.0,11351000.0,11351000.0,11351000.0,0.0,0.0,0.045,32187000.0,16471000.0,21907000.0,0.0,3.4,20.718,20.471,28831000.0,0.0,5.322,0.946,0.948,22739000.0,94277000.0,253743000.0,253743000.0,0.0,,,,,363000.0,32187000.0,1.0,163484008.0,163891432.0,174560720.0,1.548,397203000.0,3143000.0,6677000.0,0.0,2.424,18439000.0
68,CNC,MRQ,2004-06-30,2004-06-30,2004-06-30,2021-07-27,-1469000.0,389815000.0,,145059000.0,244756000.0,,1.487,-2956000.0,80478000.0,80478000.0,189320000.0,10813000.0,1.077,0.609,7760000.0,288000.0,7472000.0,7760000.0,3650000.0,2430000.0,0.0,0.0,0.0,17273000.0,19703000.0,0.084,19703000.0,17273000.0,17172000.0,0.068,0.062,0.068,242201000.0,,242201000.0,744495739.0,12.0,10.452,14793000.0,0.091,1.0,44288000.0,0.19,25465000.0,101000.0,156916000.0,,0.0,196899000.0,31185000.0,165714000.0,147614000.0,134716000.0,12898000.0,781026739.0,36115000.0,-22000.0,753000.0,-72000.0,0.0,681000.0,17685000.0,20663000.0,17749000.0,0.0,10813000.0,10813000.0,10813000.0,0.0,0.0,0.046,28351000.0,15937000.0,20673000.0,0.0,3.225,19.847,19.275,26008000.0,0.0,4.819,0.903,0.907,21297000.0,82926000.0,233608000.0,233608000.0,0.0,,,,,734000.0,28351000.0,1.0,162080776.0,162885864.0,173497504.0,1.434,364350000.0,3290000.0,6359000.0,0.0,2.237,10343000.0
69,CNC,MRQ,2004-03-31,2004-03-31,2004-03-31,2021-07-27,1258000.0,377383000.0,,111110000.0,266273000.0,,1.44,-2126000.0,44363000.0,44363000.0,182464000.0,10138000.0,0.844,0.622,7832000.0,288000.0,7544000.0,7832000.0,3736000.0,2271000.0,0.0,0.0,0.0,16194000.0,18465000.0,0.082,18465000.0,16194000.0,16104000.0,0.062,0.06,0.062,232628000.0,,232628000.0,560756949.0,10.0,8.616,10239000.0,0.063,1.0,43061000.0,0.191,25836000.0,90000.0,183418000.0,,0.0,223765000.0,32708000.0,191057000.0,144755000.0,131598000.0,13157000.0,616907949.0,-19983000.0,-6983000.0,1052000.0,-363000.0,0.0,689000.0,-33037000.0,-23928000.0,12365000.0,0.0,10138000.0,10138000.0,10138000.0,0.0,0.0,0.045,28377000.0,14684000.0,17733000.0,0.0,2.652,17.02,15.866,24056000.0,0.0,3.824,0.754,0.755,21634000.0,72113000.0,225525000.0,225525000.0,0.0,,,,,805000.0,28377000.0,1.0,161335848.0,161536072.0,172270960.0,1.396,351547000.0,3174000.0,5966000.0,0.0,2.176,-20488000.0
70,CNC,MRQ,2003-12-31,2003-12-31,2003-12-31,2021-07-27,740000.0,362692000.0,,110301000.0,252391000.0,,1.367,-2920000.0,64346000.0,64346000.0,168123000.0,9697000.0,0.856,0.648,8195000.0,579000.0,7616000.0,8195000.0,3673000.0,2149000.0,0.0,0.0,0.0,15488000.0,17637000.0,0.085,17637000.0,15488000.0,15396000.0,0.06,0.057,0.06,220115000.0,,220115000.0,507628907.0,10.0,8.544,30755000.0,0.191,1.0,39188000.0,0.189,19360000.0,92000.0,158395000.0,,0.0,199971000.0,15160000.0,184811000.0,142577000.0,128786000.0,13791000.0,561977907.0,1440000.0,-2643000.0,255000.0,-362000.0,0.0,-110000.0,-32125000.0,-26562000.0,33675000.0,0.0,9697000.0,9697000.0,9697000.0,0.0,0.0,0.047,25384000.0,13804000.0,17965000.0,0.0,2.553,16.891,15.027,23106000.0,0.0,3.501,0.73,0.65,20308000.0,61975000.0,207311000.0,207311000.0,0.0,,,,,2322000.0,25384000.0,1.0,160507792.0,160999912.0,172217232.0,1.288,343332000.0,0.0,5699000.0,0.0,2.132,-18485000.0
71,CNC,MRQ,2003-09-30,2003-09-30,2003-09-30,2021-07-27,1477000.0,328452000.0,,102973000.0,225479000.0,,1.414,-13692000.0,62906000.0,62906000.0,163493000.0,8704000.0,0.965,0.575,8557000.0,869000.0,7688000.0,8557000.0,0.0,1538000.0,0.0,0.0,0.0,13885000.0,15423000.0,0.078,15423000.0,13885000.0,13814000.0,0.06,0.055,0.06,208550000.0,,208550000.0,461236133.0,10.0,8.631,-763000.0,-0.005,1.0,35260000.0,0.177,15232000.0,71000.0,152161000.0,,0.0,175344000.0,10659000.0,164685000.0,119902000.0,106710000.0,13192000.0,504658133.0,19484000.0,-923000.0,81655000.0,8557000.0,0.0,90212000.0,-83657000.0,-69042000.0,12929000.0,0.0,8704000.0,8704000.0,8704000.0,0.0,0.0,0.044,22620000.0,12640000.0,13471000.0,0.0,2.42,16.608,16.735,20953000.0,0.0,3.799,0.717,0.795,22076000.0,52278000.0,198753000.0,198753000.0,0.0,,,,,124000.0,22620000.0,1.0,132848472.0,147445704.0,158737160.0,1.348,313220000.0,2635000.0,5110000.0,0.0,2.124,-3737000.0
72,CNC,MRQ,2003-06-30,2003-06-30,2003-06-30,2021-07-27,1204000.0,220414000.0,,77828000.0,142586000.0,,0.893,-1866000.0,43422000.0,43422000.0,155017000.0,7708000.0,0.803,0.871,0.0,0.0,0.0,0.0,0.0,1382000.0,0.0,0.0,0.0,12174000.0,13556000.0,0.073,13556000.0,12174000.0,12170000.0,0.059,0.054,0.059,117825000.0,,117825000.0,362024392.0,7.0,6.783,-2330000.0,-0.018,1.0,31215000.0,0.168,13039000.0,4000.0,67012000.0,,0.0,105894000.0,9405000.0,96489000.0,102582000.0,96941000.0,5641000.0,421994392.0,-16548000.0,-12000.0,289000.0,0.0,0.0,-929000.0,-15155000.0,-13277000.0,-464000.0,0.0,7708000.0,7708000.0,7708000.0,0.0,0.0,0.041,20879000.0,10336000.0,9810000.0,0.0,3.582,13.632,13.378,8202000.0,0.0,3.211,0.679,0.681,16739000.0,43578000.0,186232000.0,186232000.0,0.0,,,,,103000.0,20879000.0,1.0,131428308.0,131879560.0,142424128.0,1.412,207375000.0,2414000.0,4462000.0,0.0,1.572,-19113000.0
73,CNC,MRQ,2003-03-31,2003-03-31,2003-03-31,2021-07-27,1141000.0,224747000.0,,95802000.0,128945000.0,,0.838,-684000.0,59970000.0,59970000.0,147882000.0,7161000.0,0.886,1.044,0.0,0.0,0.0,0.0,0.0,1379000.0,0.0,0.0,0.0,11421000.0,12800000.0,0.072,12800000.0,11421000.0,11394000.0,0.055,0.05,0.055,109661000.0,,109661000.0,259680631.0,6.0,5.299,9175000.0,0.07,1.0,29552000.0,0.167,13308000.0,27000.0,43291000.0,,0.0,95906000.0,8719000.0,87187000.0,114497000.0,108178000.0,6319000.0,319336631.0,314000.0,-2283000.0,259000.0,0.0,0.0,259000.0,-9804000.0,-6837000.0,9859000.0,0.0,7161000.0,7161000.0,7161000.0,0.0,0.0,0.04,19405000.0,10147000.0,13041000.0,0.0,2.912,11.212,10.867,6998000.0,0.0,2.434,0.588,0.586,19925000.0,35869000.0,177434000.0,177434000.0,0.0,,,,,5000.0,19405000.0,1.0,131189304.0,130786192.0,142058128.0,1.357,211439000.0,2483000.0,4233000.0,0.0,1.617,-12376000.0
74,CNC,MRQ,2002-12-31,2002-12-31,2002-12-31,2021-07-27,1087000.0,210327000.0,,93089000.0,117238000.0,,0.789,-808000.0,59656000.0,59656000.0,116860000.0,6814000.0,0.913,1.05,0.0,0.0,0.0,0.0,0.0,1031000.0,0.0,0.0,0.0,10630000.0,11661000.0,0.082,11661000.0,10630000.0,10612000.0,0.054,0.047,0.054,102183000.0,,102183000.0,305671394.0,7.0,6.969,16720000.0,0.129,1.0,24866000.0,0.175,10695000.0,18000.0,38047000.0,,0.0,89237000.0,9571000.0,79666000.0,107263000.0,101929000.0,5334000.0,361737394.0,3590000.0,-7903000.0,153000.0,0.0,0.0,153000.0,-14091000.0,-5950000.0,17528000.0,0.0,6814000.0,6814000.0,6814000.0,0.0,0.0,0.048,15268000.0,9598000.0,10748000.0,0.0,3.54,14.119,13.654,6295000.0,0.0,2.799,0.784,0.763,16773000.0,28708000.0,141726000.0,141726000.0,0.0,,,,,448000.0,15268000.0,1.0,129230388.0,129519360.0,142563280.0,1.094,199632000.0,2846000.0,3798000.0,0.0,1.541,-8840000.0
75,CNC,MRQ,2002-09-30,2002-09-30,2002-09-30,2021-07-27,931000.0,170766000.0,,79941000.0,90825000.0,,0.739,-679000.0,56066000.0,56066000.0,95728000.0,9273000.0,1.121,0.8,0.0,0.0,0.0,0.0,897000.0,559000.0,0.0,0.0,0.0,14796000.0,15355000.0,0.132,15355000.0,14796000.0,14780000.0,0.072,0.065,0.072,94894000.0,,94894000.0,239597745.0,6.0,6.053,12536000.0,0.098,1.0,20670000.0,0.178,3217000.0,16000.0,40157000.0,,0.0,86808000.0,9834000.0,76974000.0,75872000.0,71326000.0,4546000.0,283933745.0,11730000.0,-3193000.0,244000.0,0.0,0.0,244000.0,-1729000.0,-480000.0,13215000.0,0.0,9273000.0,9273000.0,9273000.0,0.0,0.0,0.08,12642000.0,8028000.0,5235000.0,0.0,2.992,12.547,20.405,5600000.0,0.0,2.224,0.692,0.696,8250000.0,21894000.0,116398000.0,116398000.0,0.0,,,,,215000.0,12642000.0,1.0,127658484.0,128337568.0,142000576.0,0.907,167549000.0,2589000.0,5507000.0,0.0,1.306,8615000.0
76,CNC,MRQ,2002-06-30,2002-06-30,2002-06-30,2021-07-27,226000.0,157736000.0,,65631000.0,92105000.0,,0.681,-1093000.0,44336000.0,44336000.0,88195000.0,5234000.0,0.955,0.871,0.0,0.0,0.0,0.0,0.0,499000.0,0.0,0.0,0.0,8694000.0,9193000.0,0.085,9193000.0,8694000.0,8683000.0,0.043,0.037,0.043,84300000.0,,84300000.0,221541426.0,8.0,7.116,5519000.0,0.045,1.0,19415000.0,0.18,2732000.0,11000.0,41970000.0,,0.0,84884000.0,6132000.0,78752000.0,73436000.0,68698000.0,4738000.0,313279426.0,-47402000.0,0.0,10397000.0,0.0,0.0,10397000.0,-64411000.0,-63313000.0,6612000.0,0.0,5234000.0,5234000.0,5234000.0,0.0,0.0,0.049,11697000.0,7718000.0,5141000.0,0.0,3.716,18.652,7.334,5395000.0,0.0,2.582,0.826,0.844,7524000.0,12620000.0,107610000.0,107610000.0,0.0,,,,,45000.0,11697000.0,1.0,121347744.0,123871320.0,138556552.0,0.869,155004000.0,3806000.0,3449000.0,0.0,1.251,-3067000.0
77,CNC,MRQ,2002-03-31,2002-03-31,2002-03-31,2021-07-27,-188000.0,143122000.0,,110191000.0,32931000.0,,0.562,-1338000.0,91738000.0,91738000.0,79026000.0,4300000.0,1.578,1.102,0.0,0.0,0.0,0.0,0.0,476000.0,0.0,0.0,0.0,7177000.0,7653000.0,0.08,7653000.0,7177000.0,7177000.0,0.036,0.032,0.036,68085000.0,,68085000.0,142235495.0,6.0,5.138,966000.0,0.008,1.0,16727000.0,0.175,2804000.0,0.0,-21243000.0,,0.0,20413000.0,707000.0,19706000.0,75037000.0,69823000.0,5214000.0,231102495.0,2871000.0,0.0,15000.0,0.0,0.0,15000.0,552000.0,5078000.0,2304000.0,0.0,4300000.0,4300000.0,4300000.0,0.0,0.0,0.045,10465000.0,6262000.0,4895000.0,0.0,3.394,15.754,3.218,4724000.0,0.0,1.908,0.657,0.656,9672000.0,7387000.0,95753000.0,95753000.0,0.0,,,,,4000.0,10465000.0,1.0,121101744.0,121096176.0,135811608.0,0.791,140318000.0,3204000.0,2877000.0,0.0,1.159,40368000.0
78,CNC,MRQ,2001-12-31,2001-12-31,2001-12-31,2021-07-27,135000.0,131366000.0,,102047000.0,29319000.0,,3.855,-1095000.0,88867000.0,88867000.0,74968000.0,3920000.0,1.54,1.05,0.0,0.0,0.0,0.0,0.0,573000.0,0.0,0.0,0.0,6808000.0,7381000.0,0.082,7381000.0,6808000.0,6731000.0,-0.042,0.039,-0.042,64089000.0,,64089000.0,163668550.0,7.0,6.753,-10473000.0,-0.63,1.0,15323000.0,0.17,2396000.0,77000.0,-26174000.0,,0.0,22288000.0,1169000.0,21119000.0,67277000.0,66277000.0,1000000.0,221066550.0,27469000.0,6745000.0,41159000.0,-4000000.0,0.0,37075000.0,-228000.0,867000.0,-9378000.0,0.0,3920000.0,3822000.0,3822000.0,0.0,0.0,0.042,9625000.0,5698000.0,6712000.0,0.0,3.449,17.788,2.445,3796000.0,98000.0,1.829,0.677,0.093,7032000.0,3087000.0,90291000.0,90291000.0,0.0,,,,,0.0,9625000.0,1.0,120856428.0,16624792.0,104580364.0,5.431,128970000.0,3303000.0,2811000.0,0.0,7.758,35770000.0
79,CNC,MRQ,2001-09-30,2001-09-30,2001-09-30,2021-07-27,584000.0,103971000.0,,73771000.0,30200000.0,,0.019,-747000.0,61398000.0,61398000.0,70473000.0,3563000.0,0.916,398.717,4000000.0,0.0,4000000.0,4000000.0,0.0,643000.0,0.0,,0.0,6264000.0,6907000.0,0.081,6907000.0,6264000.0,6175000.0,0.315,0.037,0.315,212000.0,,212000.0,,,,10825000.0,0.992,1.0,14941000.0,0.175,2478000.0,89000.0,-36433000.0,,0.0,24768000.0,625000.0,24143000.0,84528000.0,80528000.0,4000000.0,,14919000.0,0.0,-102000.0,0.0,0.0,-102000.0,3449000.0,4152000.0,11572000.0,0.0,3563000.0,3440000.0,3440000.0,0.0,0.0,0.04,9586000.0,5355000.0,16549000.0,0.0,,,,3092000.0,123000.0,,,,8153000.0,-735000.0,85414000.0,85414000.0,0.0,,,,,0.0,9586000.0,1.0,120856428.0,10907268.0,94353348.0,7.831,101493000.0,2666000.0,2612000.0,0.0,9.305,-6757000.0
80,CNC,MRQ,2001-06-30,2001-06-30,2001-06-30,2021-07-27,,,,,,,,-544000.0,,,66466000.0,3230000.0,,,,,,,,300000.0,,,0.0,5444000.0,5744000.0,0.071,5744000.0,5444000.0,5343000.0,0.284,0.035,0.284,,,,,,,-3678000.0,-0.336,1.0,14094000.0,0.175,,101000.0,,,,,,,,,,,-7565000.0,-7995000.0,6000.0,0.0,0.0,6000.0,-4437000.0,-3599000.0,-3134000.0,0.0,3230000.0,3107000.0,3107000.0,0.0,0.0,0.039,9581000.0,4513000.0,,0.0,,,,,123000.0,,,,,,80560000.0,80560000.0,0.0,,,,,0.0,9581000.0,1.0,,10939632.0,92864904.0,7.364,,,2113000.0,,,
81,CNC,MRQ,2001-03-31,2001-03-31,2001-03-31,2021-07-27,135000.0,131366000.0,,102047000.0,29319000.0,,5.894,-1249000.0,88867000.0,88867000.0,58573000.0,2182000.0,1.517,1.05,0.0,0.0,0.0,0.0,0.0,331000.0,0.0,,0.0,3872000.0,4203000.0,0.06,4203000.0,3872000.0,3777000.0,0.189,0.023,0.189,64089000.0,,64089000.0,,,,29879000.0,2.748,1.0,11731000.0,0.167,2396000.0,95000.0,-27174000.0,,0.0,23508000.0,1169000.0,22339000.0,67277000.0,67277000.0,0.0,,35021000.0,7995000.0,11000.0,0.0,0.0,11000.0,3882000.0,-1864000.0,31128000.0,0.0,2182000.0,2059000.0,2059000.0,0.0,0.0,0.029,8825000.0,2906000.0,7712000.0,0.0,,,,3796000.0,123000.0,,,,7032000.0,3087000.0,70304000.0,70304000.0,0.0,,,,,6000.0,8825000.0,1.0,,10873776.0,93015276.0,6.465,128970000.0,3303000.0,1595000.0,0.0,11.861,34770000.0
82,CNC,MRQ,2000-12-31,2000-12-31,2000-12-31,2021-07-27,81000.0,66017000.0,,46716000.0,19301000.0,,-0.817,,19023000.0,19023000.0,48920000.0,3222000.0,0.899,-6.336,4000000.0,0.0,4000000.0,4000000.0,0.0,,0.0,,0.0,2685000.0,,,,2685000.0,2579000.0,0.287,0.043,0.287,-8834000.0,,-8834000.0,,,,,,1.0,10893000.0,0.182,347000.0,106000.0,-1326000.0,,0.0,24281000.0,7400000.0,16881000.0,55973000.0,51973000.0,4000000.0,,,,,,,,,,,,3222000.0,3099000.0,3099000.0,0.0,0.0,0.052,8202000.0,2691000.0,6168000.0,0.0,,,,1360000.0,123000.0,,,,15538000.0,-9285000.0,59813000.0,59813000.0,0.0,,,,,,8202000.0,1.0,,10818312.0,82785072.0,5.529,65670000.0,3298000.0,-643000.0,0.0,6.07,-5257000.0
83,CNC,MRQ,2000-09-30,2000-09-30,2000-09-30,2021-07-27,81000.0,66017000.0,,46716000.0,19301000.0,,,,19023000.0,19023000.0,,,0.899,-6.336,4000000.0,0.0,4000000.0,4000000.0,0.0,,0.0,,0.0,,,,,,,,,,-8834000.0,,-8834000.0,,,,,,1.0,,,347000.0,,-1326000.0,,0.0,24281000.0,7400000.0,16881000.0,55973000.0,51973000.0,4000000.0,,,,,,,,,,,,,,,,,,,,6168000.0,,,,,1360000.0,,,,,15538000.0,-9285000.0,,,,,,,,,,1.0,,,,,65670000.0,3298000.0,,0.0,,-5257000.0
84,CNC,MRQ,1999-12-31,1999-12-31,1999-12-31,2021-07-27,-216000.0,52207000.0,,38978000.0,13229000.0,,-1.514,,22532000.0,22532000.0,,,0.844,-3.066,6350000.0,2350000.0,4000000.0,6350000.0,3601000.0,,0.0,,0.0,,,,,,,,,,-16367000.0,,-16367000.0,,,,,,1.0,,,571000.0,,-10734000.0,,0.0,10557000.0,1131000.0,9426000.0,50188000.0,46188000.0,4000000.0,,,,,,,,,,,,,,,,,,,,2898000.0,,,,,1528000.0,,,,,11451000.0,-16521000.0,,,,,,,,,,1.0,,10811328.0,,,51636000.0,2714000.0,,0.0,4.776,-7210000.0
0,CNC,MRT,2021-06-30,2021-06-30,2021-06-30,2021-07-27,239000000.0,71539000000.0,69726750000.0,25464000000.0,46075000000.0,1.698,44.459,-894000000.0,11018000000.0,11018000000.0,104265000000.0,708000000.0,1.077,1.753,16789000000.0,253000000.0,16536000000.0,16789000000.0,446000000.0,1358000000.0,0.0,0.0,0.0,1803000000.0,3161000000.0,0.027,3161000000.0,1803000000.0,1109000000.0,1.22,1.2,1.22,25911000000.0,25937750000.0,25911000000.0,49628847287.0,28.0,15.7,2863000000.0,4.912,1.0,14121000000.0,0.119,26874000000.0,694000000.0,26794000000.0,26520750000.0,0.0,15038000000.0,1566000000.0,13472000000.0,45411000000.0,23642000000.0,21769000000.0,42498847287.0,-1760000000.0,-1251000000.0,-98000000.0,-116000000.0,0.0,-165000000.0,-5343000000.0,-3181000000.0,3757000000.0,-9000000.0,720000000.0,720000000.0,720000000.0,0.0,-12000000.0,0.006,12609000000.0,1512000000.0,8053000000.0,0.0,1.64,59.026,59.779,2912000000.0,0.0,72.93,0.359,0.359,11202000000.0,6956000000.0,118386000000.0,118386000000.0,0.0,0.01,0.028,0.068,0.015,204000000.0,9868000000.0,1.0,582734777.0,582804000.0,582804000.0,203.132,44665000000.0,0.0,389000000.0,0.0,76.638,1822000000.0
1,CNC,MRT,2021-03-31,2021-03-31,2021-03-31,2021-07-27,176000000.0,70285000000.0,68928750000.0,24440000000.0,45845000000.0,1.669,45.271,-879000000.0,9627000000.0,9627000000.0,99396000000.0,2445000000.0,1.097,1.661,16757000000.0,62000000.0,16695000000.0,16757000000.0,574000000.0,1332000000.0,0.0,0.0,0.0,4317000000.0,5649000000.0,0.049,5649000000.0,4317000000.0,3599000000.0,4.22,4.17,4.22,26342000000.0,25724000000.0,26342000000.0,43148610995.0,10.0,7.638,4907000000.0,8.433,1.0,15677000000.0,0.136,27023000000.0,718000000.0,28113000000.0,25899500000.0,0.0,14907000000.0,1662000000.0,13245000000.0,43749000000.0,22279000000.0,21470000000.0,37169610995.0,847000000.0,-1149000000.0,-97000000.0,-610000000.0,0.0,-652000000.0,-4290000000.0,-2245000000.0,5786000000.0,3000000.0,2461000000.0,2461000000.0,2461000000.0,0.0,-16000000.0,0.021,11729000000.0,3948000000.0,6866000000.0,0.0,1.411,15.103,15.145,2822000000.0,0.0,63.91,0.323,0.323,11601000000.0,7491000000.0,115073000000.0,115073000000.0,0.0,0.036,0.096,0.167,0.038,215000000.0,9850000000.0,1.0,581593037.0,581869000.0,589343000.0,197.764,43262000000.0,0.0,1138000000.0,0.0,74.35,2161000000.0
2,CNC,MRT,2020-12-31,2020-12-31,2020-12-31,2021-07-27,337000000.0,68719000000.0,67965250000.0,23393000000.0,45326000000.0,1.635,45.159,-869000000.0,10800000000.0,10800000000.0,95899000000.0,1794000000.0,1.084,1.659,16779000000.0,97000000.0,16682000000.0,16779000000.0,523000000.0,1259000000.0,0.0,0.0,0.0,3515000000.0,4774000000.0,0.043,4774000000.0,3515000000.0,2787000000.0,3.17,3.12,3.17,25773000000.0,25025750000.0,25773000000.0,39433254850.0,11.0,8.26,4634000000.0,8.12,1.0,15216000000.0,0.137,27040000000.0,728000000.0,26073000000.0,25480250000.0,0.0,14433000000.0,1580000000.0,12853000000.0,42757000000.0,21585000000.0,21172000000.0,34805254850.0,-1174000000.0,-3583000000.0,-626000000.0,839000000.0,0.0,260000000.0,-6955000000.0,-2481000000.0,5503000000.0,18000000.0,1808000000.0,1808000000.0,1808000000.0,0.0,-14000000.0,0.016,12134000000.0,3082000000.0,7069000000.0,0.0,1.35,19.251,18.937,2774000000.0,0.0,60.03,0.313,0.308,9696000000.0,6792000000.0,111115000000.0,111115000000.0,0.0,0.027,0.072,0.138,0.032,281000000.0,9867000000.0,1.0,579797682.0,570722000.0,579135000.0,194.692,41679000000.0,0.0,979000000.0,0.0,73.029,1808000000.0
3,CNC,MRT,2020-09-30,2020-09-30,2020-09-30,2021-07-27,293000000.0,68364000000.0,61034000000.0,27275000000.0,41089000000.0,1.666,44.391,-863000000.0,12198000000.0,12198000000.0,87704000000.0,2015000000.0,1.251,1.652,16826000000.0,89000000.0,16737000000.0,16826000000.0,582000000.0,1084000000.0,0.0,0.0,0.0,3785000000.0,4869000000.0,0.048,4869000000.0,3785000000.0,3121000000.0,3.64,3.59,3.64,25725000000.0,21720250000.0,25725000000.0,37816458210.0,10.0,7.767,1008000000.0,1.739,1.0,13986000000.0,0.138,26094000000.0,664000000.0,25103000000.0,24146750000.0,0.0,11356000000.0,1497000000.0,9859000000.0,42485000000.0,21795000000.0,20690000000.0,33800458210.0,6116000000.0,-2539000000.0,-604000000.0,7631000000.0,0.0,7087000000.0,-2844000000.0,558000000.0,1871000000.0,2000000.0,2029000000.0,2029000000.0,2029000000.0,0.0,-14000000.0,0.02,10642000000.0,3344000000.0,7102000000.0,0.0,1.314,16.659,16.025,2669000000.0,0.0,58.33,0.332,0.332,11670000000.0,6804000000.0,101690000000.0,101690000000.0,0.0,0.033,0.093,0.157,0.037,289000000.0,8879000000.0,1.0,579469539.0,579510000.0,587971000.0,175.476,42270000000.0,0.0,1092000000.0,0.0,72.941,5480000000.0
4,CNC,MRT,2020-06-30,2020-06-30,2020-06-30,2021-07-27,245000000.0,68347000000.0,52506000000.0,26822000000.0,41525000000.0,1.744,43.26,-806000000.0,12798000000.0,12798000000.0,79369000000.0,1546000000.0,1.224,1.722,16814000000.0,106000000.0,16708000000.0,16814000000.0,448000000.0,948000000.0,0.0,0.0,0.0,3099000000.0,4047000000.0,0.044,4047000000.0,3099000000.0,2520000000.0,2.89,2.85,2.89,25056000000.0,18366750000.0,25056000000.0,44774674514.0,14.0,11.064,1918000000.0,3.312,1.0,12207000000.0,0.133,26136000000.0,579000000.0,24309000000.0,21081000000.0,0.0,11789000000.0,1558000000.0,10231000000.0,43142000000.0,21918000000.0,21224000000.0,36803674514.0,6063000000.0,-2538000000.0,-599000000.0,7524000000.0,0.0,6975000000.0,-3635000000.0,-286000000.0,2724000000.0,-1000000.0,1556000000.0,1556000000.0,1556000000.0,0.0,-10000000.0,0.017,9548000000.0,2659000000.0,8704000000.0,0.0,1.469,23.653,21.99,2544000000.0,0.0,63.55,0.402,0.402,10339000000.0,6236000000.0,91576000000.0,91576000000.0,0.0,0.03,0.085,0.147,0.034,269000000.0,7989000000.0,1.0,579129418.0,579189000.0,587498000.0,158.111,42211000000.0,0.0,964000000.0,0.0,72.879,4904000000.0
5,CNC,MRT,2020-03-31,2020-03-31,2020-03-31,2021-07-27,-5000000.0,66431000000.0,44011250000.0,24696000000.0,41735000000.0,1.868,43.254,-731000000.0,9308000000.0,9308000000.0,72581000000.0,836000000.0,1.141,1.815,17279000000.0,129000000.0,17150000000.0,17279000000.0,526000000.0,776000000.0,0.0,0.0,0.0,1730000000.0,2506000000.0,0.03,2506000000.0,1730000000.0,1237000000.0,2.01,1.98,2.01,23549000000.0,15141250000.0,23549000000.0,36462943735.0,21.0,14.55,-804000000.0,-1.477,1.0,9639000000.0,0.117,26315000000.0,493000000.0,26436000000.0,18175000000.0,0.0,11907000000.0,1386000000.0,10521000000.0,42739000000.0,21651000000.0,21088000000.0,34859943735.0,3106000000.0,-2628000000.0,-598000000.0,8169000000.0,0.0,7613000000.0,-4431000000.0,-1067000000.0,-73000000.0,-3000000.0,845000000.0,845000000.0,845000000.0,0.0,-9000000.0,0.01,8355000000.0,1284000000.0,8531000000.0,0.0,1.48,41.254,29.557,2439000000.0,0.0,59.41,0.424,0.393,11304000000.0,5030000000.0,82220000000.0,82220000000.0,0.0,0.019,0.056,0.095,0.021,256000000.0,7308000000.0,1.0,586768957.0,544436000.0,552062000.0,151.019,40116000000.0,0.0,392000000.0,0.0,73.684,3045000000.0
6,CNC,MRT,2019-12-31,2019-12-31,2019-12-31,2021-07-27,134000000.0,40994000000.0,35795750000.0,20323000000.0,20671000000.0,2.085,30.354,-730000000.0,12123000000.0,12123000000.0,65796000000.0,1309000000.0,1.572,2.255,13726000000.0,88000000.0,13638000000.0,13726000000.0,383000000.0,643000000.0,0.0,0.0,0.0,2206000000.0,2849000000.0,0.038,2849000000.0,2206000000.0,1794000000.0,3.19,3.14,3.19,12551000000.0,12139000000.0,12551000000.0,26841359047.0,12.0,9.421,753000000.0,1.821,1.0,8843000000.0,0.118,8926000000.0,412000000.0,20739000000.0,14492750000.0,0.0,8580000000.0,863000000.0,7717000000.0,28302000000.0,12932000000.0,15370000000.0,26015359047.0,6781000000.0,-36000000.0,-75000000.0,6870000000.0,0.0,6832000000.0,-1532000000.0,-766000000.0,1483000000.0,-2000000.0,1321000000.0,1321000000.0,1321000000.0,0.0,-12000000.0,0.018,7062000000.0,1781000000.0,4164000000.0,0.0,2.073,19.694,19.708,2121000000.0,0.0,62.87,0.349,0.348,6247000000.0,4984000000.0,74639000000.0,74639000000.0,0.0,0.037,0.109,0.152,0.03,177000000.0,6533000000.0,1.0,413796072.0,413487000.0,420409000.0,180.511,32068000000.0,0.0,473000000.0,0.0,77.555,7391000000.0
7,CNC,MRT,2019-09-30,2019-09-30,2019-09-30,2021-07-27,145000000.0,34252000000.0,33272500000.0,13457000000.0,20795000000.0,2.174,29.764,-716000000.0,6215000000.0,6215000000.0,63383000000.0,1348000000.0,1.013,1.772,7041000000.0,66000000.0,6975000000.0,7041000000.0,381000000.0,616000000.0,0.0,0.0,0.0,2281000000.0,2897000000.0,0.04,2897000000.0,2281000000.0,1884000000.0,3.28,3.23,3.28,12311000000.0,11730500000.0,12311000000.0,18151568609.0,8.0,6.266,784000000.0,1.895,1.0,8952000000.0,0.124,8958000000.0,397000000.0,12840000000.0,12063000000.0,0.0,8719000000.0,804000000.0,7915000000.0,21816000000.0,13280000000.0,8536000000.0,17892568609.0,-626000000.0,-128000000.0,-95000000.0,363000000.0,0.0,280000000.0,-2410000000.0,-1566000000.0,1500000000.0,4000000.0,1353000000.0,1353000000.0,1353000000.0,0.0,-5000000.0,0.019,7060000000.0,1892000000.0,4010000000.0,0.0,1.453,13.224,13.189,1993000000.0,0.0,43.26,0.247,0.247,5606000000.0,4775000000.0,72335000000.0,72335000000.0,0.0,0.041,0.115,0.189,0.032,146000000.0,6356000000.0,1.0,413605377.0,413616000.0,419956000.0,174.884,25294000000.0,0.0,531000000.0,0.0,61.153,177000000.0
8,CNC,MRT,2019-06-30,2019-06-30,2019-06-30,2021-07-27,119000000.0,34368000000.0,32498750000.0,13596000000.0,20772000000.0,2.14,29.402,-649000000.0,6875000000.0,6875000000.0,60500000000.0,1268000000.0,1.075,1.818,7134000000.0,87000000.0,7047000000.0,7134000000.0,253000000.0,593000000.0,0.0,0.0,0.0,2132000000.0,2725000000.0,0.039,2725000000.0,2132000000.0,1737000000.0,3.1,3.05,3.1,12154000000.0,11316000000.0,12154000000.0,22144509190.0,10.0,8.126,1498000000.0,3.624,1.0,9041000000.0,0.13,9289000000.0,395000000.0,12685000000.0,11034500000.0,0.0,8397000000.0,765000000.0,7632000000.0,22098000000.0,12653000000.0,9445000000.0,21674509190.0,-1642000000.0,-1850000000.0,-96000000.0,558000000.0,0.0,470000000.0,-4261000000.0,-1762000000.0,2147000000.0,2000000.0,1277000000.0,1277000000.0,1277000000.0,0.0,-9000000.0,0.018,7284000000.0,1757000000.0,4032000000.0,0.0,1.783,16.973,16.916,1878000000.0,0.0,52.44,0.312,0.312,5194000000.0,4680000000.0,69541000000.0,69541000000.0,0.0,0.039,0.113,0.193,0.031,150000000.0,6673000000.0,1.0,413320160.0,413370000.0,419671000.0,168.229,25079000000.0,0.0,460000000.0,0.0,60.67,943000000.0
9,CNC,MRT,2019-03-31,2019-03-31,2019-03-31,2021-07-27,38000000.0,33569000000.0,31092500000.0,13616000000.0,19953000000.0,2.102,27.947,-633000000.0,6345000000.0,6345000000.0,56652000000.0,1075000000.0,1.036,1.9,6815000000.0,40000000.0,6775000000.0,6815000000.0,363000000.0,546000000.0,0.0,0.0,0.0,1921000000.0,2467000000.0,0.038,2467000000.0,1921000000.0,1547000000.0,2.67,2.62,2.67,11540000000.0,10930000000.0,11540000000.0,23283347284.0,12.0,9.438,71000000.0,0.172,1.0,8714000000.0,0.133,9189000000.0,374000000.0,11707000000.0,10764750000.0,0.0,7883000000.0,697000000.0,7186000000.0,21925000000.0,13143000000.0,8782000000.0,21939347284.0,667000000.0,-1829000000.0,2682000000.0,1536000000.0,0.0,4157000000.0,-4194000000.0,-1732000000.0,704000000.0,0.0,1082000000.0,1082000000.0,1082000000.0,0.0,-7000000.0,0.017,7111000000.0,1603000000.0,4641000000.0,0.0,1.901,20.277,19.888,1800000000.0,0.0,53.1,0.336,0.335,5819000000.0,4185000000.0,65366000000.0,65366000000.0,0.0,0.035,0.099,0.178,0.029,150000000.0,6336000000.0,1.0,413170382.0,412924000.0,419752000.0,158.3,24380000000.0,0.0,465000000.0,0.0,59.042,473000000.0
10,CNC,MRT,2018-12-31,2018-12-31,2018-12-31,2021-07-27,-56000000.0,30901000000.0,28992750000.0,11998000000.0,18903000000.0,2.073,27.975,-675000000.0,5342000000.0,5342000000.0,51695000000.0,894000000.0,1.002,1.821,6686000000.0,38000000.0,6648000000.0,6686000000.0,385000000.0,495000000.0,0.0,0.0,0.0,1717000000.0,2212000000.0,0.037,2212000000.0,1717000000.0,1374000000.0,2.31,2.26,2.31,10917000000.0,9920750000.0,10917000000.0,23213473815.0,14.0,10.494,559000000.0,1.432,1.0,8421000000.0,0.14,9254000000.0,343000000.0,11020000000.0,9581500000.0,0.0,7583000000.0,722000000.0,6861000000.0,19878000000.0,11971000000.0,7907000000.0,23677473815.0,1261000000.0,-2055000000.0,2708000000.0,1969000000.0,0.0,4612000000.0,-4585000000.0,-1855000000.0,1234000000.0,0.0,900000000.0,900000000.0,900000000.0,0.0,-6000000.0,0.015,6963000000.0,1458000000.0,4051000000.0,0.0,2.169,26.308,24.957,1706000000.0,0.0,57.65,0.394,0.374,5150000000.0,3663000000.0,60116000000.0,60116000000.0,0.0,0.031,0.091,0.179,0.029,145000000.0,6043000000.0,1.0,410710734.0,390248000.0,398506000.0,154.046,21647000000.0,0.0,474000000.0,0.0,55.47,27000000.0
11,CNC,MRT,2018-09-30,2018-09-30,2018-09-30,2021-07-27,-79000000.0,31157000000.0,26731250000.0,13088000000.0,18069000000.0,2.109,25.946,-610000000.0,6847000000.0,6847000000.0,48645000000.0,876000000.0,1.027,1.915,6383000000.0,4000000.0,6379000000.0,6383000000.0,286000000.0,451000000.0,0.0,0.0,0.0,1503000000.0,1954000000.0,0.035,1954000000.0,1503000000.0,1192000000.0,2.465,2.405,2.465,10653000000.0,8904000000.0,10653000000.0,29289060827.0,19.0,14.989,1708000000.0,4.16,1.0,7718000000.0,0.137,9226000000.0,311000000.0,8726000000.0,8577250000.0,0.0,6866000000.0,594000000.0,6272000000.0,20396000000.0,12741000000.0,7655000000.0,29717060827.0,2567000000.0,-2008000000.0,2715000000.0,1761000000.0,0.0,4381000000.0,-4131000000.0,-1525000000.0,2318000000.0,-1000000.0,889000000.0,889000000.0,889000000.0,0.0,-13000000.0,0.016,6467000000.0,1251000000.0,4550000000.0,0.0,2.79,33.428,29.367,1584000000.0,0.0,72.39,0.527,0.527,4647000000.0,3422000000.0,56363000000.0,56363000000.0,0.0,0.033,0.1,0.175,0.027,141000000.0,5747000000.0,1.0,410513342.0,410591000.0,,137.273,21931000000.0,0.0,303000000.0,0.0,53.413,347000000.0
12,CNC,MRT,2018-06-30,2018-06-30,2018-06-30,2021-07-27,-67000000.0,28743000000.0,24442000000.0,12377000000.0,16366000000.0,2.131,27.133,-603000000.0,6707000000.0,6707000000.0,45171000000.0,1061000000.0,1.255,1.7,6279000000.0,4000000.0,6275000000.0,6279000000.0,523000000.0,403000000.0,0.0,0.0,0.0,1774000000.0,2177000000.0,0.042,2177000000.0,1774000000.0,1495000000.0,3.01,2.935,3.01,10610000000.0,7900750000.0,10610000000.0,21505082841.0,12.0,9.878,1264000000.0,3.232,1.0,6908000000.0,0.133,6847000000.0,279000000.0,11606000000.0,8043500000.0,0.0,6348000000.0,602000000.0,5746000000.0,18035000000.0,9862000000.0,8173000000.0,21997082841.0,4101000000.0,-287000000.0,2717000000.0,1671000000.0,0.0,4257000000.0,-2023000000.0,-1146000000.0,1867000000.0,0.0,1075000000.0,1075000000.0,1075000000.0,0.0,-14000000.0,0.021,5358000000.0,1550000000.0,3803000000.0,0.0,2.073,20.462,20.467,1327000000.0,0.0,61.605,0.422,0.463,4067000000.0,3403000000.0,52079000000.0,52079000000.0,0.0,0.044,0.136,0.221,0.034,140000000.0,4843000000.0,1.0,357066518.0,391037000.0,,133.182,21896000000.0,0.0,420000000.0,0.0,55.995,2515000000.0
13,CNC,MRT,2018-03-31,2018-03-31,2018-03-31,2021-07-27,-54000000.0,25170000000.0,22716250000.0,10976000000.0,14194000000.0,2.195,21.57,-557000000.0,5668000000.0,5668000000.0,43356000000.0,1014000000.0,1.008,2.343,5176000000.0,4000000.0,5172000000.0,5176000000.0,638000000.0,379000000.0,0.0,0.0,0.0,1704000000.0,2083000000.0,0.042,2083000000.0,1704000000.0,1443000000.0,2.975,2.905,2.975,7503000000.0,6842750000.0,7503000000.0,19168474238.0,11.0,9.202,1530000000.0,4.399,1.0,6496000000.0,0.13,6814000000.0,261000000.0,6974000000.0,6889750000.0,0.0,6042000000.0,507000000.0,5535000000.0,17582000000.0,10890000000.0,6692000000.0,18541474238.0,833000000.0,-276000000.0,-61000000.0,568000000.0,0.0,441000000.0,-1695000000.0,-875000000.0,2087000000.0,0.0,1029000000.0,1029000000.0,1029000000.0,0.0,-15000000.0,0.021,4997000000.0,1499000000.0,4962000000.0,0.0,2.471,18.019,17.961,1250000000.0,0.0,53.435,0.372,0.373,3648000000.0,3104000000.0,49852000000.0,49852000000.0,0.0,0.045,0.15,0.247,0.034,136000000.0,4671000000.0,1.0,346991190.0,347843000.0,,143.318,18356000000.0,0.0,414000000.0,0.0,52.771,86000000.0
14,CNC,MRT,2017-12-31,2017-12-31,2017-12-31,2021-07-27,-3000000.0,21855000000.0,21764250000.0,8703000000.0,13152000000.0,2.223,19.864,-422000000.0,4072000000.0,4072000000.0,42581000000.0,808000000.0,0.933,2.187,4699000000.0,4000000.0,4695000000.0,4699000000.0,328000000.0,361000000.0,0.0,0.0,0.0,1409000000.0,1770000000.0,0.037,1770000000.0,1409000000.0,1154000000.0,2.4,2.34,2.4,6850000000.0,6484500000.0,6850000000.0,17848511647.0,13.0,10.084,1067000000.0,3.094,1.0,5801000000.0,0.12,6147000000.0,255000000.0,7003000000.0,6584250000.0,0.0,5843000000.0,531000000.0,5312000000.0,14979000000.0,9332000000.0,5647000000.0,17408511647.0,153000000.0,-50000000.0,-65000000.0,44000000.0,0.0,-82000000.0,-1254000000.0,-794000000.0,1489000000.0,0.0,828000000.0,828000000.0,828000000.0,0.0,-20000000.0,0.017,4602000000.0,1199000000.0,4165000000.0,0.0,2.541,21.025,21.017,1104000000.0,0.0,50.44,0.36,0.36,3413000000.0,2748000000.0,48382000000.0,48382000000.0,0.0,0.038,0.128,0.214,0.029,135000000.0,4446000000.0,1.0,345133062.0,344853000.0,353404000.0,140.297,15708000000.0,0.0,326000000.0,0.0,45.55,-629000000.0
15,CNC,MRT,2017-09-30,2017-09-30,2017-09-30,2021-07-27,9000000.0,22000000000.0,21349750000.0,9660000000.0,12340000000.0,2.224,19.249,-396000000.0,4281000000.0,4281000000.0,41400000000.0,844000000.0,0.995,2.308,4721000000.0,4000000.0,4717000000.0,4721000000.0,568000000.0,353000000.0,0.0,0.0,0.0,1731000000.0,2084000000.0,0.044,2084000000.0,1731000000.0,1467000000.0,2.53,2.465,2.53,6640000000.0,6245750000.0,6640000000.0,16985468941.0,10.0,8.15,2235000000.0,6.479,1.0,6087000000.0,0.128,6140000000.0,264000000.0,6591000000.0,6344000000.0,0.0,5522000000.0,595000000.0,4927000000.0,15327000000.0,9709000000.0,5618000000.0,16690468941.0,1227000000.0,-449000000.0,-52000000.0,200000000.0,0.0,120000000.0,-1523000000.0,-678000000.0,2631000000.0,-1000000.0,859000000.0,859000000.0,859000000.0,-3000000.0,-15000000.0,0.018,4545000000.0,1542000000.0,4804000000.0,0.0,2.514,19.43,19.125,1003000000.0,0.0,48.385,0.351,0.351,3955000000.0,2518000000.0,47487000000.0,47487000000.0,0.0,0.04,0.138,0.273,0.036,135000000.0,4248000000.0,1.0,344951306.0,344951306.0,,137.663,15860000000.0,0.0,608000000.0,0.0,45.978,-49000000.0
16,CNC,MRT,2017-06-30,2017-06-30,2017-06-30,2021-07-27,1000000.0,21840000000.0,20758250000.0,9648000000.0,12192000000.0,2.237,18.511,-393000000.0,4425000000.0,4425000000.0,40302000000.0,791000000.0,1.076,2.401,4720000000.0,4000000.0,4716000000.0,4720000000.0,554000000.0,340000000.0,0.0,0.0,0.0,1709000000.0,2049000000.0,0.044,2049000000.0,1709000000.0,1453000000.0,2.365,2.305,2.365,6378000000.0,6013250000.0,6378000000.0,13569542916.0,8.0,6.623,2623000000.0,7.613,1.0,6133000000.0,0.132,6178000000.0,256000000.0,6991000000.0,6176750000.0,0.0,5402000000.0,586000000.0,4816000000.0,15312000000.0,8966000000.0,6346000000.0,13761542916.0,1645000000.0,-435000000.0,-51000000.0,314000000.0,0.0,264000000.0,-1634000000.0,-805000000.0,3016000000.0,-1000000.0,801000000.0,801000000.0,801000000.0,-2000000.0,-10000000.0,0.017,4589000000.0,1544000000.0,4238000000.0,0.0,2.158,17.18,16.888,912000000.0,0.0,39.94,0.296,0.296,3901000000.0,2313000000.0,46435000000.0,46435000000.0,0.0,0.039,0.133,0.277,0.037,127000000.0,4158000000.0,1.0,344555406.0,344555406.0,,134.768,15662000000.0,0.0,652000000.0,0.0,45.456,682000000.0
17,CNC,MRT,2017-03-31,2017-03-31,2017-03-31,2021-07-27,-21000000.0,21362000000.0,20172250000.0,9408000000.0,11954000000.0,2.25,17.638,-344000000.0,4839000000.0,4839000000.0,39288000000.0,708000000.0,1.022,2.494,4647000000.0,4000000.0,4643000000.0,4647000000.0,633000000.0,329000000.0,0.0,0.0,0.0,1633000000.0,1962000000.0,0.043,1962000000.0,1633000000.0,1387000000.0,2.13,2.07,2.13,6070000000.0,5801000000.0,6070000000.0,12983726753.0,8.0,6.618,2559000000.0,7.436,1.0,6090000000.0,0.134,6216000000.0,246000000.0,5752000000.0,5966500000.0,0.0,5361000000.0,725000000.0,4636000000.0,15140000000.0,9202000000.0,5938000000.0,12258726753.0,1337000000.0,-515000000.0,-54000000.0,443000000.0,0.0,391000000.0,-1956000000.0,-1096000000.0,2903000000.0,-1000000.0,717000000.0,717000000.0,717000000.0,-1000000.0,-9000000.0,0.016,4607000000.0,1483000000.0,4275000000.0,0.0,2.02,17.097,16.728,841000000.0,0.0,35.63,0.27,0.27,3121000000.0,2059000000.0,45378000000.0,45378000000.0,0.0,0.036,0.124,0.274,0.036,129000000.0,4042000000.0,1.0,344056322.0,344147936.0,351672580.0,131.856,15146000000.0,0.0,670000000.0,0.0,44.01,206000000.0
18,CNC,MRT,2016-12-31,2016-12-31,2016-12-31,2021-07-27,-36000000.0,20197000000.0,19494750000.0,8365000000.0,11832000000.0,2.083,18.472,-306000000.0,3930000000.0,3930000000.0,35063000000.0,561000000.0,0.97,2.399,4655000000.0,4000000.0,4651000000.0,4655000000.0,313000000.0,278000000.0,0.0,0.0,0.0,1378000000.0,1656000000.0,0.041,1656000000.0,1378000000.0,1161000000.0,1.76,1.71,1.76,5895000000.0,5607750000.0,5895000000.0,11264109689.0,8.0,6.802,1545000000.0,4.841,1.0,5544000000.0,0.137,6257000000.0,217000000.0,6042000000.0,5912750000.0,0.0,5050000000.0,505000000.0,4545000000.0,14143000000.0,8623000000.0,5520000000.0,9657109689.0,2098000000.0,-1297000000.0,-63000000.0,2794000000.0,0.0,2717000000.0,-2469000000.0,-866000000.0,1851000000.0,-1000000.0,562000000.0,562000000.0,562000000.0,0.0,-1000000.0,0.014,4281000000.0,1263000000.0,3763000000.0,0.0,1.638,17.183,16.054,797000000.0,0.0,28.255,0.238,0.222,3215000000.0,1920000000.0,40607000000.0,40607000000.0,0.0,0.029,0.1,0.233,0.034,148000000.0,3673000000.0,1.0,341784098.0,319135214.0,327950814.0,127.241,13940000000.0,0.0,599000000.0,0.0,43.681,-258000000.0
19,CNC,MRT,2016-09-30,2016-09-30,2016-09-30,2021-07-27,46000000.0,19634000000.0,16280250000.0,7755000000.0,11879000000.0,2.15,16.718,-260000000.0,2982000000.0,2982000000.0,30429000000.0,413000000.0,0.859,2.41,4589000000.0,845000000.0,3744000000.0,4589000000.0,573000000.0,218000000.0,0.0,0.0,0.0,1042000000.0,1260000000.0,0.036,1260000000.0,1042000000.0,889000000.0,1.33,1.285,1.33,5710000000.0,4673250000.0,5710000000.0,13216541887.0,13.0,10.489,200000000.0,0.586,1.0,4569000000.0,0.131,6296000000.0,153000000.0,5922000000.0,4945750000.0,0.0,4974000000.0,406000000.0,4568000000.0,13762000000.0,9023000000.0,4739000000.0,11432541887.0,1317000000.0,-850000000.0,-73000000.0,2587000000.0,0.0,2532000000.0,-1676000000.0,-566000000.0,460000000.0,1000000.0,412000000.0,412000000.0,412000000.0,4000000.0,1000000.0,0.012,3610000000.0,959000000.0,3187000000.0,0.0,2.002,27.749,25.173,725000000.0,0.0,33.48,0.327,0.327,3445000000.0,1655000000.0,34998000000.0,34998000000.0,0.0,0.025,0.088,0.211,0.03,135000000.0,3122000000.0,1.0,341473772.0,341549174.0,348624832.0,102.468,13338000000.0,0.0,477000000.0,0.0,39.051,-1268000000.0
20,CNC,MRT,2016-06-30,2016-06-30,2016-06-30,2021-07-27,43000000.0,19496000000.0,13202250000.0,7853000000.0,11643000000.0,2.27,16.208,-186000000.0,2710000000.0,2710000000.0,26157000000.0,359000000.0,0.891,2.498,4494000000.0,845000000.0,3649000000.0,4494000000.0,212000000.0,169000000.0,0.0,0.0,0.0,860000000.0,1029000000.0,0.034,1029000000.0,860000000.0,753000000.0,1.29,1.245,1.29,5529000000.0,3758500000.0,5529000000.0,13010659081.0,15.0,12.644,-146000000.0,-0.428,1.0,3816000000.0,0.127,6316000000.0,107000000.0,6150000000.0,4056500000.0,0.0,4673000000.0,443000000.0,4230000000.0,13809000000.0,8814000000.0,4995000000.0,12166659081.0,743000000.0,-869000000.0,-73000000.0,2599000000.0,0.0,2536000000.0,-1833000000.0,-778000000.0,40000000.0,0.0,358000000.0,358000000.0,358000000.0,2000000.0,1000000.0,0.012,3016000000.0,800000000.0,3218000000.0,0.0,2.201,33.985,27.663,626000000.0,0.0,35.685,0.406,0.406,3488000000.0,1510000000.0,29973000000.0,29973000000.0,0.0,0.027,0.095,0.212,0.029,121000000.0,2640000000.0,1.0,340946030.0,341117556.0,347557074.0,87.867,13180000000.0,0.0,395000000.0,0.0,38.638,-961000000.0
21,CNC,MRT,2016-03-31,2016-03-31,2016-03-31,2021-07-27,10000000.0,18652000000.0,10083750000.0,7551000000.0,11101000000.0,2.438,21.096,-168000000.0,3436000000.0,3436000000.0,21598000000.0,278000000.0,0.959,2.492,4280000000.0,4000000.0,4276000000.0,4280000000.0,197000000.0,119000000.0,0.0,0.0,0.0,634000000.0,753000000.0,0.031,753000000.0,634000000.0,568000000.0,1.16,1.12,1.16,5297000000.0,2861250000.0,5297000000.0,6951293609.0,11.0,9.231,641000000.0,2.553,1.0,2984000000.0,0.121,6088000000.0,66000000.0,5537000000.0,2964500000.0,0.0,4242000000.0,269000000.0,3973000000.0,13199000000.0,7871000000.0,5328000000.0,7490293609.0,1770000000.0,-791000000.0,-71000000.0,2446000000.0,0.0,2385000000.0,-1424000000.0,-465000000.0,809000000.0,0.0,276000000.0,276000000.0,276000000.0,1000000.0,2000000.0,0.011,2388000000.0,596000000.0,3228000000.0,0.0,1.414,27.139,26.539,580000000.0,0.0,30.785,0.305,0.314,2529000000.0,1341000000.0,24582000000.0,24582000000.0,0.0,0.027,0.096,0.214,0.026,106000000.0,2128000000.0,1.0,243309846.0,251086152.0,251086152.0,97.903,12564000000.0,0.0,292000000.0,0.0,50.039,-320000000.0
22,CNC,MRT,2015-12-31,2015-12-31,2015-12-31,2021-07-27,-10000000.0,7339000000.0,7094750000.0,3605000000.0,3734000000.0,3.208,9.055,-150000000.0,1760000000.0,1760000000.0,20014000000.0,357000000.0,0.993,2.325,1221000000.0,5000000.0,1216000000.0,1221000000.0,143000000.0,111000000.0,0.0,0.0,0.0,737000000.0,848000000.0,0.037,848000000.0,737000000.0,694000000.0,1.49,1.44,1.49,2157000000.0,1996250000.0,2157000000.0,7460735478.0,10.0,8.798,508000000.0,2.133,1.0,2746000000.0,0.121,997000000.0,43000000.0,2174000000.0,2054750000.0,0.0,2103000000.0,176000000.0,1927000000.0,5015000000.0,3629000000.0,1386000000.0,7844735478.0,150000000.0,-18000000.0,-53000000.0,338000000.0,0.0,305000000.0,-813000000.0,-652000000.0,658000000.0,0.0,355000000.0,355000000.0,355000000.0,1000000.0,2000000.0,0.016,2041000000.0,705000000.0,976000000.0,0.0,3.637,22.098,22.084,518000000.0,0.0,32.905,0.345,0.344,1279000000.0,1358000000.0,22760000000.0,22760000000.0,0.0,0.05,0.178,0.359,0.032,71000000.0,1802000000.0,1.0,238405576.0,238201488.0,246132740.0,95.549,6342000000.0,0.0,339000000.0,0.0,26.625,-24000000.0
23,CNC,MRT,2015-09-30,2015-09-30,2015-09-30,2021-07-27,-2000000.0,7322000000.0,6716000000.0,3596000000.0,3726000000.0,3.154,8.609,-135000000.0,1665000000.0,1665000000.0,18639000000.0,351000000.0,1.009,2.493,1281000000.0,5000000.0,1276000000.0,1281000000.0,66000000.0,106000000.0,0.0,0.0,0.0,716000000.0,822000000.0,0.039,822000000.0,716000000.0,674000000.0,1.485,1.435,1.485,2051000000.0,1893000000.0,2051000000.0,5635285136.0,8.0,6.856,692000000.0,2.905,1.0,2543000000.0,0.12,1010000000.0,42000000.0,2365000000.0,1841000000.0,0.0,2154000000.0,162000000.0,1992000000.0,5113000000.0,3563000000.0,1550000000.0,6458285136.0,82000000.0,-58000000.0,-38000000.0,324000000.0,0.0,292000000.0,-1036000000.0,-850000000.0,827000000.0,-1000000.0,351000000.0,351000000.0,351000000.0,2000000.0,0.0,0.017,1865000000.0,678000000.0,1035000000.0,0.0,3.149,18.4,18.259,488000000.0,0.0,27.115,0.305,0.305,1281000000.0,1247000000.0,21182000000.0,21182000000.0,0.0,0.052,0.185,0.389,0.034,61000000.0,1638000000.0,1.0,238181270.0,238243048.0,246263620.0,88.909,6312000000.0,0.0,323000000.0,0.0,26.494,33000000.0
24,CNC,MRT,2015-06-30,2015-06-30,2015-06-30,2021-07-27,-4000000.0,7022000000.0,6247086250.0,3838000000.0,3184000000.0,3.156,8.151,-119000000.0,1967000000.0,1967000000.0,17397000000.0,336000000.0,1.11,2.54,1144000000.0,5000000.0,1139000000.0,1144000000.0,68000000.0,100000000.0,0.0,0.0,0.0,643000000.0,743000000.0,0.038,743000000.0,643000000.0,603000000.0,1.445,1.395,1.445,1940000000.0,1788475750.0,1940000000.0,9022737538.0,14.0,12.144,1087000000.0,4.567,1.0,2316000000.0,0.117,959000000.0,40000000.0,1782000000.0,1575643500.0,0.0,1681000000.0,140000000.0,1541000000.0,4927000000.0,3458000000.0,1469000000.0,9560737538.0,708000000.0,-53000000.0,-35000000.0,267000000.0,0.0,260000000.0,-757000000.0,-592000000.0,1206000000.0,-1000000.0,340000000.0,340000000.0,340000000.0,2000000.0,-4000000.0,0.017,1713000000.0,603000000.0,1004000000.0,0.0,4.928,28.12,27.82,462000000.0,0.0,40.2,0.485,0.485,1248000000.0,1154000000.0,19713000000.0,19713000000.0,0.0,0.054,0.19,0.408,0.033,58000000.0,1514000000.0,1.0,237829292.0,238007138.0,245930022.0,82.825,6063000000.0,0.0,263000000.0,0.0,25.474,380000000.0
25,CNC,MRT,2015-03-31,2015-03-31,2015-03-31,2021-07-27,-1000000.0,6696000000.0,5662228000.0,3590000000.0,3106000000.0,3.22,7.733,-112000000.0,1666000000.0,1666000000.0,16137000000.0,296000000.0,1.074,2.561,1128000000.0,5000000.0,1123000000.0,1128000000.0,117000000.0,96000000.0,0.0,0.0,0.0,563000000.0,659000000.0,0.036,659000000.0,563000000.0,525000000.0,1.285,1.24,1.285,1837000000.0,1672517000.0,1837000000.0,7682402554.0,14.0,11.658,904000000.0,3.805,1.0,2094000000.0,0.115,917000000.0,38000000.0,1898000000.0,1498422500.0,0.0,1678000000.0,151000000.0,1527000000.0,4704000000.0,3343000000.0,1361000000.0,8399402554.0,395000000.0,-68000000.0,-33000000.0,311000000.0,0.0,303000000.0,-923000000.0,-750000000.0,1016000000.0,-1000000.0,301000000.0,301000000.0,301000000.0,0.0,-5000000.0,0.017,1571000000.0,523000000.0,1002000000.0,0.0,4.572,27.905,27.506,450000000.0,0.0,35.345,0.461,0.461,1245000000.0,1066000000.0,18231000000.0,18231000000.0,0.0,0.053,0.18,0.376,0.031,53000000.0,1398000000.0,1.0,237640474.0,237567510.0,245144732.0,76.74,5779000000.0,0.0,224000000.0,0.0,24.326,247000000.0
26,CNC,MRT,2014-12-31,2014-12-31,2014-12-31,2021-07-27,-1000000.0,5824000000.0,5099839750.0,2951000000.0,2873000000.0,3.247,7.495,-103000000.0,1610000000.0,1610000000.0,14656000000.0,264000000.0,1.018,2.255,879000000.0,5000000.0,874000000.0,879000000.0,168000000.0,89000000.0,0.0,0.0,0.0,502000000.0,591000000.0,0.036,591000000.0,502000000.0,467000000.0,1.165,1.125,1.165,1744000000.0,1566433500.0,1744000000.0,5464652781.0,11.0,9.246,1120000000.0,4.813,1.0,1904000000.0,0.115,874000000.0,35000000.0,1319000000.0,1331074250.0,0.0,1457000000.0,177000000.0,1280000000.0,3933000000.0,2900000000.0,1033000000.0,6092773781.0,572000000.0,-136000000.0,-29000000.0,194000000.0,0.0,198000000.0,-848000000.0,-609000000.0,1223000000.0,-1000000.0,271000000.0,271000000.0,271000000.0,0.0,-7000000.0,0.016,1440000000.0,464000000.0,768000000.0,0.0,3.494,22.483,22.285,445000000.0,0.0,25.962,0.368,0.365,912000000.0,1003000000.0,16560000000.0,16560000000.0,0.0,0.053,0.173,0.377,0.03,48000000.0,1298000000.0,1.0,234675928.0,232691528.0,240720424.0,71.167,4950000000.0,0.0,196000000.0,0.0,21.273,51000000.0
27,CNC,MRT,2014-09-30,2014-09-30,2014-09-30,2021-07-27,-605000.0,5446345000.0,4526089750.0,2767711000.0,2678634000.0,3.263,6.965,-90617000.0,1582972000.0,1582972000.0,13111523000.0,214164000.0,1.051,2.244,954851000.0,5131000.0,949720000.0,954851000.0,94961000.0,81780000.0,0.0,0.0,0.0,389943000.0,471723000.0,0.032,471723000.0,389943000.0,358204000.0,0.945,0.92,0.945,1632903000.0,1438933500.0,1632903000.0,4477809230.0,11.0,9.492,932713000.0,3.978,1.0,1655888000.0,0.112,880357000.0,31739000.0,1303574000.0,1302324250.0,0.0,1275254000.0,166993000.0,1108261000.0,3664795000.0,2634293000.0,1030502000.0,4845581230.0,841671000.0,-94227000.0,-12222000.0,410429000.0,0.0,417203000.0,-598862000.0,-414018000.0,1023330000.0,0.0,217141000.0,217141000.0,217141000.0,-2000000.0,-2977000.0,0.015,1300217000.0,355671000.0,926780000.0,0.0,2.967,22.315,21.881,424229000.0,0.0,20.677,0.328,0.328,685188000.0,896385000.0,14767411000.0,14767411000.0,0.0,0.048,0.151,0.299,0.026,44748000.0,1206217000.0,1.0,234340768.0,234453936.0,242727500.0,62.986,4565988000.0,0.0,141063000.0,0.0,19.475,133418000.0
28,CNC,MRT,2014-06-30,2014-06-30,2014-06-30,2021-07-27,2214000.0,4682567000.0,3949262750.0,2324886000.0,2357681000.0,3.345,6.389,-79943000.0,1258797000.0,1258797000.0,11696071000.0,184078000.0,1.098,2.084,891025000.0,6135000.0,884890000.0,891025000.0,22472000.0,76072000.0,0.0,0.0,0.0,360199000.0,436271000.0,0.033,436271000.0,360199000.0,330857000.0,0.82,0.797,0.82,1476165000.0,1325592500.0,1476165000.0,3907481722.0,11.0,8.957,633118000.0,2.74,1.0,1514908000.0,0.115,723972000.0,29342000.0,1473116000.0,1259848750.0,0.0,1124313000.0,127348000.0,996965000.0,3076945000.0,2117707000.0,959238000.0,4361193722.0,570240000.0,-90168000.0,-14001000.0,312705000.0,0.0,313671000.0,-456492000.0,-286381000.0,713061000.0,0.0,184514000.0,184514000.0,184514000.0,-1000000.0,-436000.0,0.014,1183245000.0,331663000.0,670343000.0,0.0,2.954,23.636,23.052,423905000.0,0.0,18.902,0.33,0.331,610969000.0,813765000.0,13210979000.0,13210979000.0,0.0,0.047,0.139,0.286,0.027,43045000.0,1121245000.0,1.0,230720472.0,231034732.0,238869032.0,57.182,3958595000.0,0.0,146343000.0,0.0,17.134,207179000.0
29,CNC,MRT,2014-03-31,2014-03-31,2014-03-31,2021-07-27,-614000.0,4446447000.0,3539929750.0,2281849000.0,2164598000.0,3.333,6.144,-75346000.0,1270792000.0,1270792000.0,10435414000.0,175089000.0,1.129,2.055,817080000.0,6110000.0,810970000.0,817080000.0,74260000.0,71309000.0,0.0,0.0,0.0,329682000.0,400991000.0,0.034,400991000.0,329682000.0,302307000.0,0.79,0.768,0.79,1412666000.0,1236103000.0,1412666000.0,3217246405.0,10.0,8.023,515661000.0,2.243,1.0,1362104000.0,0.115,742685000.0,27375000.0,1228607000.0,1189172750.0,0.0,939848000.0,99696000.0,840152000.0,2903588000.0,2021443000.0,882145000.0,3586557405.0,540161000.0,-140000000.0,4157000.0,262437000.0,0.0,284877000.0,-335723000.0,-120377000.0,591007000.0,0.0,174998000.0,174998000.0,174998000.0,1000000.0,91000.0,0.015,1054704000.0,307400000.0,614541000.0,0.0,2.539,20.495,19.699,412699000.0,0.0,15.562,0.304,0.303,570105000.0,764902000.0,11797518000.0,11797518000.0,0.0,0.049,0.142,0.277,0.028,39625000.0,1023704000.0,1.0,230461520.0,229935504.0,237445064.0,51.308,3703762000.0,0.0,127309000.0,0.0,16.108,260406000.0
30,CNC,MRT,2013-12-31,2013-12-31,2013-12-31,2021-07-27,-3000000.0,3529000000.0,3150107250.0,1800000000.0,1729000000.0,3.448,5.7,-68000000.0,1038000000.0,1038000000.0,9655000000.0,166000000.0,1.155,1.853,669000000.0,3000000.0,666000000.0,669000000.0,38000000.0,67000000.0,0.0,0.0,0.0,299000000.0,366000000.0,0.034,366000000.0,299000000.0,272000000.0,0.76,0.735,0.76,1234000000.0,1129363500.0,1234000000.0,3008321712.0,10.0,8.219,314000000.0,1.45,1.0,1208000000.0,0.111,397000000.0,27000000.0,1204000000.0,1159483500.0,0.0,894000000.0,102000000.0,792000000.0,2286000000.0,1559000000.0,727000000.0,3228625712.0,194000000.0,-63000000.0,5000000.0,135000000.0,0.0,154000000.0,-342000000.0,-211000000.0,382000000.0,0.0,165000000.0,165000000.0,165000000.0,0.0,1000000.0,0.015,931000000.0,277000000.0,338000000.0,0.0,2.616,19.567,19.391,395000000.0,0.0,14.738,0.297,0.294,429000000.0,732000000.0,10863000000.0,10863000000.0,0.0,0.052,0.146,0.258,0.028,37000000.0,931000000.0,1.0,219075536.0,216506180.0,224988692.0,50.174,3132000000.0,0.0,107000000.0,0.0,14.466,241000000.0
31,CNC,MRT,2013-09-30,2013-09-30,2013-09-30,2021-07-27,-1845000.0,3139037000.0,2961333500.0,1368435000.0,1770602000.0,3.299,5.393,-57782000.0,741281000.0,741281000.0,8589628000.0,115770000.0,0.987,1.657,520977000.0,3046000.0,517931000.0,520977000.0,41873000.0,66328000.0,0.0,0.0,0.0,272933000.0,339261000.0,0.035,339261000.0,272933000.0,247065000.0,0.56,0.542,0.56,1179539000.0,1059127500.0,1179539000.0,3357024642.0,12.0,9.895,125606000.0,0.574,1.0,1180946000.0,0.121,398089000.0,25868000.0,1133672000.0,1099218000.0,0.0,939541000.0,122631000.0,816910000.0,1953946000.0,1386972000.0,566974000.0,3494234642.0,-55594000.0,-62773000.0,10690000.0,125993000.0,0.0,134606000.0,-373588000.0,-253033000.0,183388000.0,0.0,121061000.0,121061000.0,121061000.0,0.0,-5291000.0,0.012,840428000.0,340518000.0,270381000.0,0.0,2.962,28.863,28.554,390200000.0,0.0,15.99,0.358,0.358,355947000.0,678679000.0,9770574000.0,9770574000.0,0.0,0.041,0.114,0.248,0.028,33835000.0,840461000.0,1.0,218526244.0,218718640.0,227732224.0,44.672,2740948000.0,0.0,126004000.0,0.0,12.532,-18537000.0
32,CNC,MRT,2013-06-30,2013-06-30,2013-06-30,2021-07-27,-4061000.0,3045235000.0,2849308250.0,1342360000.0,1702875000.0,3.307,5.127,-54615000.0,688712000.0,688712000.0,8421769000.0,67151000.0,1.016,1.72,551502000.0,3029000.0,548473000.0,551502000.0,21811000.0,65662000.0,0.0,0.0,0.0,183804000.0,249466000.0,0.026,249466000.0,183804000.0,159684000.0,0.352,0.342,0.352,1118207000.0,1005237500.0,1118207000.0,2660269351.0,14.0,10.664,315224000.0,1.445,1.0,1001358000.0,0.106,397041000.0,24120000.0,1190412000.0,998762000.0,0.0,901235000.0,131330000.0,769905000.0,1922961000.0,1320572000.0,602389000.0,2854907351.0,266564000.0,-66832000.0,12472000.0,140896000.0,0.0,149609000.0,-252884000.0,-131437000.0,369839000.0,0.0,75507000.0,75507000.0,75507000.0,0.0,-8356000.0,0.008,772473000.0,228885000.0,216330000.0,0.0,2.553,37.81,37.259,388965000.0,0.0,13.115,0.303,0.304,357908000.0,629306000.0,9423127000.0,9423127000.0,0.0,0.027,0.075,0.184,0.02,29962000.0,772506000.0,1.0,217682604.0,218116144.0,226406640.0,43.202,2648194000.0,0.0,84177000.0,0.0,12.141,21788000.0
33,CNC,MRT,2013-03-31,2013-03-31,2013-03-31,2021-07-27,4900000.0,2887157000.0,2700387000.0,1375271000.0,1511886000.0,3.304,4.707,-77674000.0,730791000.0,730791000.0,8064823000.0,-10692000.0,1.052,1.928,536153000.0,3419000.0,532734000.0,536153000.0,38175000.0,65078000.0,0.0,0.0,0.0,72453000.0,137531000.0,0.015,137531000.0,72453000.0,50627000.0,0.002,-0.003,0.002,985708000.0,963542750.0,985708000.0,1999670045.0,28.0,14.54,276415000.0,1.32,1.0,858511000.0,0.096,275575000.0,21826000.0,1109850000.0,982012750.0,0.0,894414000.0,146107000.0,748307000.0,1900627000.0,1307094000.0,593533000.0,2304768045.0,297539000.0,0.0,-3727000.0,177358000.0,0.0,166876000.0,-223426000.0,-145752000.0,354089000.0,0.0,1024000.0,1024000.0,1024000.0,0.0,-11716000.0,0.0,745109000.0,113402000.0,180338000.0,0.0,2.338,2250.75,5505.0,382853000.0,0.0,11.01,0.258,0.258,320371000.0,589822000.0,8923334000.0,8923334000.0,0.0,0.0,0.001,0.074,0.008,27000000.0,717109000.0,1.0,209334064.0,209428476.0,217067712.0,42.608,2611582000.0,0.0,49603000.0,0.0,12.47,68177000.0
34,CNC,MRT,2012-12-31,2012-12-31,2012-12-31,2021-07-27,5189000.0,2773905000.0,2549384500.0,1405825000.0,1368080000.0,3.181,4.626,-82000000.0,843952000.0,843952000.0,7297000000.0,-11000000.0,1.144,1.91,538854000.0,3373000.0,535481000.0,538854000.0,34597000.0,66000000.0,0.0,0.0,0.0,69000000.0,135000000.0,0.017,135000000.0,69000000.0,49000000.0,0.01,0.01,0.01,953056000.0,962043000.0,953056000.0,1715675784.0,25.0,12.709,197000000.0,0.956,1.0,813000000.0,0.1,276556000.0,20000000.0,962938000.0,955580500.0,0.0,692871000.0,138101000.0,554770000.0,1820138000.0,1229313000.0,590825000.0,2116986784.0,270000000.0,0.0,3000000.0,178000000.0,0.0,179000000.0,-188000000.0,-106000000.0,279000000.0,0.0,2000000.0,2000000.0,2000000.0,0.0,-13000000.0,0.0,705000000.0,108000000.0,219066000.0,0.0,2.221,1058.493,1025.0,375893000.0,0.0,10.25,0.261,0.26,251473000.0,566820000.0,8110000000.0,8110000000.0,0.0,0.001,0.002,0.072,0.009,25000000.0,677000000.0,1.0,206535296.0,206037464.0,214857500.0,39.362,2497349000.0,0.0,47000000.0,0.0,12.121,176512000.0
35,CNC,MRT,2012-09-30,2012-09-30,2012-09-30,2021-07-27,6702000.0,2690936000.0,2403492250.0,1376505000.0,1314431000.0,3.182,4.672,-87371000.0,796621000.0,796621000.0,6937233000.0,13330000.0,1.075,1.799,395310000.0,3337000.0,391973000.0,395310000.0,131967000.0,65164000.0,0.0,0.0,0.0,57503000.0,122667000.0,0.016,122667000.0,57503000.0,38313000.0,0.115,0.102,0.115,963979000.0,957687500.0,963979000.0,1915645016.0,33.0,15.617,391934000.0,1.899,1.0,711853000.0,0.093,277663000.0,19190000.0,731848000.0,920144000.0,0.0,699634000.0,139920000.0,559714000.0,1733872000.0,1280114000.0,453758000.0,1928775016.0,344964000.0,-1183000.0,5236000.0,36770000.0,0.0,52134000.0,-186475000.0,-97921000.0,479305000.0,0.0,22910000.0,22910000.0,22910000.0,0.0,-9580000.0,0.003,691186000.0,20667000.0,162778000.0,0.0,2.001,84.189,81.326,381781000.0,0.0,9.352,0.252,0.252,316123000.0,557759000.0,7649086000.0,7649086000.0,0.0,0.01,0.024,0.062,0.008,23325000.0,663153000.0,1.0,206230956.0,206339440.0,215224788.0,37.07,2413273000.0,0.0,15403000.0,0.0,11.696,96391000.0
36,CNC,MRT,2012-06-30,2012-06-30,2012-06-30,2021-07-27,5842000.0,2449550000.0,2240132750.0,1073438000.0,1376112000.0,2.903,4.617,-96022000.0,421894000.0,421894000.0,5753098000.0,41248000.0,1.038,1.578,408764000.0,3302000.0,405462000.0,408764000.0,29133000.0,63026000.0,0.0,0.0,0.0,110394000.0,173420000.0,0.027,173420000.0,110394000.0,91487000.0,0.242,0.223,0.242,951428000.0,942370250.0,951428000.0,1469553270.0,13.0,8.474,102620000.0,0.498,1.0,749902000.0,0.115,278769000.0,18907000.0,1123415000.0,961177250.0,0.0,783411000.0,152545000.0,630866000.0,1501563000.0,1034236000.0,467327000.0,1552154270.0,-52556000.0,-1183000.0,5300000.0,51664000.0,0.0,67391000.0,-318589000.0,-221384000.0,198642000.0,0.0,48078000.0,48078000.0,48078000.0,0.0,-6830000.0,0.007,653047000.0,96855000.0,142766000.0,0.0,1.631,32.284,31.157,379970000.0,0.0,7.54,0.239,0.239,400194000.0,553940000.0,6503000000.0,6503000000.0,0.0,0.021,0.051,0.115,0.017,21325000.0,625014000.0,1.0,205856004.0,206063580.0,206063580.0,31.558,2170781000.0,0.0,43409000.0,0.0,10.535,39202000.0
37,CNC,MRT,2012-03-31,2012-03-31,2012-03-31,2021-07-27,6237000.0,2283147000.0,2130356250.0,920377000.0,1362770000.0,2.679,4.791,-71806000.0,432998000.0,432998000.0,4908367000.0,108143000.0,1.036,1.331,350397000.0,3235000.0,347162000.0,350397000.0,17977000.0,60615000.0,0.0,0.0,0.0,199321000.0,259936000.0,0.046,259936000.0,199321000.0,179897000.0,0.555,0.528,0.555,979709000.0,921629750.0,979709000.0,2271283482.0,11.0,8.738,63803000.0,0.312,1.0,798901000.0,0.14,308103000.0,19424000.0,1004121000.0,883708000.0,0.0,732087000.0,126221000.0,605866000.0,1304028000.0,888322000.0,415706000.0,2493403482.0,-59047000.0,-4375000.0,9460000.0,24245000.0,0.0,43293000.0,-237949000.0,-161768000.0,135609000.0,0.0,111451000.0,111451000.0,111451000.0,0.0,-3308000.0,0.02,599997000.0,198904000.0,158356000.0,0.0,2.545,22.372,22.059,352710000.0,0.0,12.242,0.437,0.439,278233000.0,588939000.0,5707268000.0,5707268000.0,0.0,0.052,0.121,0.226,0.035,20152000.0,599997000.0,1.0,203667836.0,204502696.0,214036972.0,27.908,1975044000.0,0.0,68446000.0,0.0,9.658,32055000.0
38,CNC,MRT,2011-12-31,2011-12-31,2011-12-31,2021-07-27,5761000.0,2190336000.0,2060490750.0,940010000.0,1250326000.0,2.529,4.66,-73708000.0,573698000.0,573698000.0,4429776000.0,108363000.0,1.122,1.34,351578000.0,3234000.0,348344000.0,351578000.0,9890000.0,58327000.0,0.0,0.0,0.0,202225000.0,260552000.0,0.05,260552000.0,202225000.0,181905000.0,0.555,0.53,0.555,935634000.0,883953000.0,935634000.0,1894131456.0,9.0,7.27,187988000.0,0.936,1.0,781701000.0,0.15,309411000.0,20320000.0,821192000.0,806187250.0,0.0,636639000.0,130499000.0,506140000.0,1253917000.0,837613000.0,416304000.0,1994492456.0,139532000.0,-4375000.0,8006000.0,-6342000.0,0.0,6912000.0,-129076000.0,-50993000.0,261696000.0,0.0,111218000.0,111218000.0,111218000.0,0.0,-2855000.0,0.021,577898000.0,203803000.0,216504000.0,0.0,2.132,17.933,17.833,349622000.0,0.0,9.898,0.383,0.381,157450000.0,564961000.0,5211477000.0,5211477000.0,0.0,0.054,0.126,0.251,0.039,18171000.0,577898000.0,1.0,201514772.0,200795816.0,209896952.0,25.954,1880925000.0,0.0,70687000.0,0.0,9.367,102397000.0
39,CNC,MRT,2011-09-30,2011-09-30,2011-09-30,2021-07-27,6478000.0,2037498000.0,1998877250.0,766376000.0,1271122000.0,2.509,4.483,-83534000.0,451657000.0,451657000.0,4322167000.0,105418000.0,1.049,1.256,351296000.0,3203000.0,348093000.0,351296000.0,54764000.0,56435000.0,0.0,0.0,0.0,193654000.0,250089000.0,0.05,250089000.0,193654000.0,172679000.0,0.537,0.512,0.537,902710000.0,848529250.0,902710000.0,1307660155.0,7.0,5.229,200764000.0,0.997,1.0,692208000.0,0.138,310776000.0,20975000.0,895981000.0,792877000.0,0.0,636796000.0,106344000.0,530452000.0,1133399000.0,730380000.0,403019000.0,1442470155.0,53991000.0,-36733000.0,10817000.0,60162000.0,0.0,25462000.0,-255769000.0,-135502000.0,284298000.0,0.0,106505000.0,106505000.0,106505000.0,65000.0,-1087000.0,0.021,503760000.0,188448000.0,173708000.0,0.0,1.598,13.544,13.347,345600000.0,0.0,7.168,0.288,0.288,139467000.0,534849000.0,5014375000.0,5014375000.0,0.0,0.053,0.126,0.244,0.039,16913000.0,503760000.0,1.0,201251504.0,201382048.0,210481400.0,24.9,1726722000.0,0.0,66174000.0,0.0,8.574,35996000.0
40,CNC,MRT,2011-06-30,2011-06-30,2011-06-30,2021-07-27,7183000.0,2010444000.0,1938297000.0,774536000.0,1235908000.0,2.494,4.328,-90082000.0,474450000.0,474450000.0,4161131000.0,100405000.0,1.033,1.313,339640000.0,3172000.0,336468000.0,339640000.0,111110000.0,55649000.0,0.0,0.0,0.0,182319000.0,237968000.0,0.049,237968000.0,182319000.0,161058000.0,0.507,0.485,0.507,868466000.0,820425250.0,868466000.0,1588892692.0,9.0,6.677,230260000.0,1.147,1.0,673070000.0,0.139,312323000.0,21261000.0,813538000.0,750939250.0,0.0,597298000.0,78808000.0,518490000.0,1140140000.0,749773000.0,390367000.0,1775574692.0,208850000.0,-42107000.0,10239000.0,72466000.0,0.0,34182000.0,-145674000.0,-13485000.0,320342000.0,0.0,100180000.0,100180000.0,100180000.0,-195000.0,225000.0,0.021,492921000.0,180149000.0,152578000.0,0.0,2.044,17.724,17.52,340392000.0,0.0,8.883,0.367,0.369,152135000.0,505862000.0,4834201000.0,4834201000.0,0.0,0.052,0.122,0.243,0.038,15825000.0,492921000.0,1.0,199895828.0,200668208.0,209957656.0,24.091,1698121000.0,0.0,60878000.0,0.0,8.462,24763000.0
41,CNC,MRT,2011-03-31,2011-03-31,2011-03-31,2021-07-27,5969000.0,2003685000.0,1869070250.0,743829000.0,1259856000.0,2.459,4.166,-112339000.0,492045000.0,492045000.0,3946058000.0,96844000.0,0.91,1.414,305363000.0,3037000.0,302326000.0,305363000.0,127451000.0,53798000.0,0.0,0.0,0.0,176156000.0,229954000.0,0.05,229954000.0,176156000.0,156282000.0,0.48,0.462,0.48,829002000.0,794116250.0,829002000.0,1617960720.0,9.0,7.036,189084000.0,0.95,1.0,649901000.0,0.141,305918000.0,19874000.0,694038000.0,751310750.0,0.0,609505000.0,52699000.0,556806000.0,1172489000.0,817047000.0,355442000.0,1721485720.0,141956000.0,-58369000.0,6249000.0,65765000.0,0.0,21954000.0,-181421000.0,-10713000.0,301423000.0,0.0,94579000.0,94579000.0,94579000.0,31000.0,2265000.0,0.021,483346000.0,166555000.0,214900000.0,0.0,2.077,18.202,17.177,334180000.0,0.0,8.245,0.375,0.357,132023000.0,477488000.0,4595959000.0,4595959000.0,0.0,0.051,0.119,0.234,0.038,14808000.0,483346000.0,1.0,208791476.0,199001720.0,207246884.0,23.095,1697767000.0,0.0,61703000.0,0.0,8.531,-73218000.0
42,CNC,MRT,2010-12-31,2010-12-31,2010-12-31,2021-07-27,6424000.0,1943882000.0,1800816750.0,656821000.0,1287061000.0,2.47,4.071,-118556000.0,434166000.0,434166000.0,3813489000.0,98271000.0,0.858,1.444,330641000.0,2817000.0,327824000.0,330641000.0,117344000.0,52000000.0,0.0,0.0,0.0,172728000.0,224728000.0,0.051,224728000.0,172728000.0,154736000.0,0.487,0.47,0.487,793939000.0,770190500.0,793939000.0,1177206879.0,7.0,5.238,50376000.0,0.258,1.0,634834000.0,0.143,307160000.0,17992000.0,767951000.0,746969500.0,0.0,617225000.0,21346000.0,595879000.0,1146827000.0,765246000.0,381581000.0,1310696879.0,30414000.0,-60388000.0,104729000.0,22041000.0,0.0,72089000.0,-210607000.0,-45083000.0,168932000.0,0.0,94836000.0,94836000.0,94836000.0,-3889000.0,3435000.0,0.021,477765000.0,157069000.0,188320000.0,0.0,1.651,13.821,13.008,326341000.0,0.0,6.335,0.295,0.278,136243000.0,453743000.0,4448323000.0,4448323000.0,0.0,0.053,0.123,0.231,0.039,13874000.0,477765000.0,1.0,206897692.0,195019788.0,201791552.0,22.81,1636722000.0,0.0,59900000.0,0.0,8.393,-108425000.0
43,CNC,MRT,2010-09-30,2010-09-30,2010-09-30,2021-07-27,9661000.0,1795177000.0,1740437250.0,675988000.0,1119189000.0,2.505,4.013,-132377000.0,397666000.0,397666000.0,3743265000.0,95723000.0,1.023,1.254,264176000.0,663000.0,263513000.0,264176000.0,52936000.0,51824000.0,0.0,0.0,0.0,166523000.0,218347000.0,0.05,218347000.0,166523000.0,149875000.0,0.495,0.477,0.495,790294000.0,721917000.0,790294000.0,1206082670.0,7.0,5.524,-86852000.0,-0.441,1.0,616815000.0,0.141,272365000.0,16648000.0,728230000.0,715824000.0,0.0,510021000.0,30857000.0,479164000.0,991245000.0,661092000.0,330153000.0,1218883670.0,3684000.0,-33877000.0,106097000.0,-13309000.0,0.0,89560000.0,-131401000.0,21433000.0,45525000.0,0.0,93152000.0,93152000.0,93152000.0,-34000.0,2571000.0,0.021,467469000.0,149346000.0,145877000.0,0.0,1.542,13.085,11.914,311195000.0,0.0,5.897,0.28,0.266,182379000.0,428344000.0,4360080000.0,4360080000.0,0.0,0.054,0.129,0.233,0.038,13430000.0,467469000.0,1.0,206678028.0,196953624.0,203753428.0,22.138,1522812000.0,0.0,56723000.0,0.0,7.732,14896000.0
44,CNC,MRT,2010-06-30,2010-06-30,2010-06-30,2021-07-27,9400000.0,1733537000.0,1700396500.0,545837000.0,1187700000.0,2.515,3.883,-116882000.0,265600000.0,265600000.0,3663947000.0,96333000.0,0.857,1.25,252799000.0,771000.0,252028000.0,252799000.0,5695000.0,48030000.0,0.0,0.0,0.0,163598000.0,211628000.0,0.049,211628000.0,163598000.0,147744000.0,0.502,0.487,0.502,763230000.0,667908750.0,763230000.0,989948554.0,6.0,4.678,-29062000.0,-0.148,1.0,612506000.0,0.143,268893000.0,15854000.0,815024000.0,675738250.0,0.0,567059000.0,29660000.0,537399000.0,954369000.0,636819000.0,317550000.0,1107313554.0,-118899000.0,-52415000.0,106124000.0,-36147000.0,0.0,74226000.0,-280945000.0,-125068000.0,87820000.0,0.0,91758000.0,91758000.0,91758000.0,226000.0,4575000.0,0.021,465398000.0,147108000.0,167613000.0,0.0,1.451,12.068,10.707,313839000.0,0.0,5.375,0.259,0.247,164420000.0,405682000.0,4276453000.0,4276453000.0,0.0,0.054,0.137,0.242,0.038,13911000.0,465398000.0,1.0,206011824.0,196542208.0,203465272.0,21.758,1464644000.0,0.0,55986000.0,0.0,7.452,-90982000.0
45,CNC,MRT,2010-03-31,2010-03-31,2010-03-31,2021-07-27,7203000.0,1730671000.0,1663564500.0,571902000.0,1158769000.0,2.548,3.879,-95055000.0,350089000.0,350089000.0,3641167000.0,91250000.0,0.835,1.338,232724000.0,660000.0,232064000.0,232724000.0,18362000.0,46298000.0,0.0,0.0,0.0,155881000.0,202179000.0,0.048,202179000.0,155881000.0,139736000.0,0.505,0.49,0.505,733299000.0,613519750.0,733299000.0,1138978299.0,7.0,5.634,91222000.0,0.483,1.0,597983000.0,0.141,251520000.0,16145000.0,676673000.0,618529000.0,0.0,598490000.0,40220000.0,558270000.0,981137000.0,685113000.0,296024000.0,1234999299.0,7860000.0,-35391000.0,100174000.0,-58151000.0,0.0,47834000.0,-226251000.0,-109225000.0,186277000.0,0.0,89215000.0,89215000.0,89215000.0,0.0,2035000.0,0.021,461149000.0,136834000.0,200615000.0,0.0,1.684,13.843,11.901,269492000.0,0.0,6.01,0.291,0.268,110120000.0,382909000.0,4239150000.0,4239150000.0,0.0,0.054,0.145,0.252,0.037,14305000.0,461149000.0,1.0,205490732.0,189042856.0,195046112.0,22.424,1479151000.0,0.0,50521000.0,0.0,7.824,-113211000.0
46,CNC,MRT,2009-12-31,2009-12-31,2009-12-31,2021-07-27,7348000.0,1702364000.0,1619104250.0,616134000.0,1086230000.0,2.534,3.49,-83113000.0,403752000.0,403752000.0,3516808000.0,86245000.0,0.861,1.802,307731000.0,646000.0,307085000.0,307731000.0,91644000.0,44004000.0,0.0,0.0,0.0,148830000.0,192834000.0,0.047,192834000.0,148830000.0,132512000.0,0.485,0.472,0.485,600845000.0,561745000.0,600845000.0,844539322.0,6.0,4.38,165082000.0,0.959,1.0,586056000.0,0.143,247066000.0,16318000.0,643369000.0,593770250.0,0.0,565051000.0,39554000.0,525497000.0,1082937000.0,715908000.0,367029000.0,961189322.0,24653000.0,-38563000.0,-3939000.0,42382000.0,0.0,46545000.0,-270087000.0,-148411000.0,248195000.0,0.0,83671000.0,83671000.0,83671000.0,0.0,2574000.0,0.02,447921000.0,138135000.0,132001000.0,0.0,1.6,11.488,10.912,230421000.0,0.0,5.293,0.234,0.222,103456000.0,358907000.0,4102864000.0,4102864000.0,0.0,0.052,0.149,0.251,0.036,14634000.0,447921000.0,1.0,181613476.0,172139164.0,177265868.0,23.835,1455298000.0,0.0,48841000.0,0.0,8.454,-99774000.0
47,CNC,MRT,2009-09-30,2009-09-30,2009-09-30,2021-07-27,7812000.0,1635014000.0,1556301250.0,614058000.0,1020956000.0,2.514,3.339,-55264000.0,393982000.0,393982000.0,3274203000.0,83897000.0,0.867,1.814,277332000.0,645000.0,276687000.0,277332000.0,68024000.0,40196000.0,0.0,0.0,0.0,146857000.0,187053000.0,0.048,187053000.0,146857000.0,130410000.0,0.472,0.462,0.472,574261000.0,536851750.0,574261000.0,763334376.0,5.0,4.081,217177000.0,1.263,1.0,638693000.0,0.163,242554000.0,16447000.0,567887000.0,561681000.0,0.0,532581000.0,45692000.0,486889000.0,1041757000.0,707923000.0,333834000.0,859077376.0,118698000.0,-33401000.0,-8504000.0,26955000.0,0.0,22902000.0,-176645000.0,-87980000.0,272441000.0,0.0,81379000.0,81379000.0,81379000.0,0.0,2518000.0,0.021,502866000.0,135827000.0,204411000.0,0.0,1.496,10.556,10.032,209920000.0,0.0,4.735,0.22,0.208,104798000.0,335192000.0,3912896000.0,3912896000.0,0.0,0.052,0.152,0.261,0.038,15180000.0,502866000.0,1.0,181431336.0,172007480.0,177166416.0,22.748,1392460000.0,0.0,49031000.0,0.0,8.095,-93865000.0
48,CNC,MRT,2009-06-30,2009-06-30,2009-06-30,2021-07-27,5081000.0,1586209000.0,1487061000.0,685764000.0,900445000.0,2.51,3.172,-60408000.0,384499000.0,384499000.0,3112061000.0,78335000.0,1.034,1.835,288756000.0,243000.0,288513000.0,288756000.0,62958000.0,40077000.0,0.0,0.0,0.0,143869000.0,183946000.0,0.049,183946000.0,143869000.0,127109000.0,0.455,0.445,0.455,545674000.0,512680000.0,545674000.0,808245603.0,6.0,4.394,137013000.0,0.797,1.0,621200000.0,0.166,240835000.0,16760000.0,586187000.0,556980000.0,0.0,455612000.0,61217000.0,394395000.0,1001192000.0,663444000.0,337748000.0,860155603.0,27011000.0,-85180000.0,-12207000.0,66293000.0,0.0,53702000.0,-224112000.0,-78524000.0,197421000.0,0.0,78359000.0,78359000.0,78359000.0,0.0,-24000.0,0.021,491470000.0,129730000.0,181605000.0,0.0,1.576,10.977,10.978,194277000.0,0.0,4.995,0.23,0.23,157863000.0,313924000.0,3733261000.0,3733261000.0,0.0,0.053,0.153,0.258,0.039,15100000.0,491470000.0,1.0,172203324.0,172004628.0,176969356.0,21.704,1345374000.0,0.0,48750000.0,0.0,7.822,22320000.0
49,CNC,MRT,2009-03-31,2009-03-31,2009-03-31,2021-07-27,5136000.0,1552830000.0,1394275000.0,637251000.0,915579000.0,2.523,3.054,-56434000.0,342229000.0,342229000.0,2920031000.0,77119000.0,0.935,1.907,290319000.0,20608000.0,269711000.0,290319000.0,63336000.0,37849000.0,0.0,0.0,0.0,141321000.0,179170000.0,0.051,179170000.0,141321000.0,124656000.0,0.442,0.432,0.442,526200000.0,491203500.0,526200000.0,660873493.0,5.0,3.689,162246000.0,0.942,1.0,597691000.0,0.17,241819000.0,16665000.0,577638000.0,512543000.0,0.0,498273000.0,75400000.0,422873000.0,1003308000.0,681463000.0,321845000.0,775080493.0,78449000.0,-88374000.0,-11868000.0,74084000.0,0.0,61480000.0,-201711000.0,-56903000.0,218680000.0,0.0,76332000.0,76332000.0,76332000.0,0.0,787000.0,0.022,471519000.0,126172000.0,194132000.0,0.0,1.473,10.154,10.192,176719000.0,0.0,4.505,0.22,0.221,147899000.0,293694000.0,3517722000.0,3517722000.0,0.0,0.055,0.155,0.276,0.04,15104000.0,471519000.0,1.0,172048944.0,172271968.0,176955452.0,20.42,1311011000.0,0.0,48324000.0,0.0,7.61,-44212000.0
50,CNC,MRT,2008-12-31,2008-12-31,2008-12-31,2021-07-27,3152000.0,1451152000.0,1290886250.0,666343000.0,784809000.0,2.606,2.896,-65156000.0,379099000.0,379099000.0,2788221000.0,83497000.0,1.04,1.895,264892000.0,255000.0,264637000.0,264892000.0,17107000.0,35414000.0,0.0,0.0,0.0,152605000.0,188019000.0,0.056,188019000.0,152605000.0,135932000.0,0.482,0.47,0.482,501272000.0,470462250.0,501272000.0,820333265.0,5.0,4.363,156822000.0,0.906,1.0,576294000.0,0.171,180955000.0,16673000.0,515012000.0,485967500.0,0.0,441804000.0,109393000.0,332411000.0,949880000.0,640978000.0,308902000.0,845644265.0,110515000.0,-85377000.0,-18156000.0,57514000.0,0.0,42458000.0,-153921000.0,-3388000.0,221978000.0,0.0,83497000.0,83497000.0,83497000.0,0.0,0.0,0.025,444733000.0,131561000.0,208243000.0,0.0,1.687,10.128,10.223,175858000.0,0.0,4.928,0.251,0.254,92531000.0,275236000.0,3364515000.0,3364515000.0,0.0,0.065,0.177,0.314,0.045,15328000.0,444733000.0,1.0,171617304.0,173100748.0,177595820.0,19.437,1270197000.0,0.0,52435000.0,0.0,7.338,25365000.0
51,CNC,MRT,2008-09-30,2008-09-30,2008-09-30,2021-07-27,349000.0,1358053000.0,1208554250.0,634120000.0,723933000.0,2.556,2.762,-64751000.0,275284000.0,275284000.0,2571690000.0,63547000.0,1.063,1.844,249973000.0,276000.0,249697000.0,249973000.0,15623000.0,33444000.0,0.0,0.0,0.0,118637000.0,152081000.0,0.049,152081000.0,118637000.0,102091000.0,0.367,0.355,0.367,477574000.0,448906000.0,477574000.0,751317040.0,6.0,4.94,99251000.0,0.574,1.0,517242000.0,0.167,186894000.0,16546000.0,549083000.0,463119000.0,0.0,448588000.0,160376000.0,288212000.0,880479000.0,596765000.0,283714000.0,886710040.0,236000.0,-93085000.0,-12707000.0,47343000.0,0.0,36624000.0,-200390000.0,-42554000.0,164002000.0,0.0,63547000.0,63547000.0,63547000.0,33693000.0,0.0,0.021,419652000.0,97590000.0,200766000.0,0.0,1.857,13.954,13.971,170038000.0,0.0,5.128,0.287,0.287,150351000.0,253813000.0,3088932000.0,3088932000.0,0.0,0.053,0.142,0.256,0.038,15604000.0,419652000.0,1.0,172932236.0,172931764.0,178121388.0,17.862,1171159000.0,0.0,38544000.0,0.0,6.772,37355000.0
52,CNC,MRT,2008-06-30,2008-06-30,2008-06-30,2021-07-27,1722000.0,1215065000.0,1140601000.0,578847000.0,636218000.0,2.613,2.65,-59166000.0,357488000.0,357488000.0,2489374000.0,61235000.0,1.117,1.643,222095000.0,338000.0,221757000.0,222095000.0,5266000.0,31045000.0,0.0,0.0,0.0,113602000.0,144647000.0,0.049,144647000.0,113602000.0,97262000.0,0.355,0.342,0.355,459768000.0,431649750.0,459768000.0,681088287.0,6.0,4.709,169876000.0,0.979,1.0,490847000.0,0.165,153186000.0,16340000.0,408439000.0,426226000.0,0.0,324102000.0,69524000.0,254578000.0,755297000.0,518047000.0,237250000.0,728634287.0,121045000.0,-38483000.0,-13784000.0,19110000.0,0.0,7321000.0,-115318000.0,-17669000.0,229042000.0,0.0,61235000.0,61235000.0,61235000.0,34221000.0,0.0,0.021,401259000.0,89588000.0,148535000.0,0.0,1.585,11.899,11.824,157775000.0,0.0,4.197,0.244,0.244,113233000.0,235565000.0,2980221000.0,2980221000.0,0.0,0.054,0.142,0.267,0.038,15783000.0,401259000.0,1.0,173587680.0,173503776.0,177102404.0,17.177,1061879000.0,0.0,36027000.0,0.0,6.12,60800000.0
53,CNC,MRT,2008-03-31,2008-03-31,2008-03-31,2021-07-27,3110000.0,1139275000.0,1099335250.0,443610000.0,695665000.0,2.623,2.545,-59022000.0,263780000.0,263780000.0,2414281000.0,60814000.0,0.95,1.57,216234000.0,416000.0,215818000.0,216234000.0,2231000.0,29331000.0,0.0,0.0,0.0,108200000.0,137531000.0,0.048,137531000.0,108200000.0,91712000.0,0.352,0.34,0.352,443235000.0,414466000.0,443235000.0,547458677.0,5.0,3.981,133954000.0,0.769,1.0,469741000.0,0.163,153631000.0,16488000.0,471336000.0,427585500.0,0.0,385162000.0,60989000.0,324173000.0,696040000.0,466762000.0,229278000.0,608665677.0,-48125000.0,-37795000.0,-10106000.0,12081000.0,0.0,4196000.0,-245297000.0,-151734000.0,192976000.0,0.0,60814000.0,60814000.0,60814000.0,26614000.0,0.0,0.021,393996000.0,75745000.0,115857000.0,0.0,1.373,10.009,9.901,151265000.0,0.0,3.485,0.211,0.21,81468000.0,217362000.0,2884022000.0,2884022000.0,0.0,0.055,0.147,0.253,0.038,15923000.0,393996000.0,1.0,174652992.0,174152828.0,178971572.0,16.56,985644000.0,0.0,30898000.0,0.0,5.66,-23152000.0
54,CNC,MRT,2007-12-31,2007-12-31,2007-12-31,2021-07-27,1571000.0,1121824000.0,1057360750.0,446339000.0,675485000.0,2.619,2.383,-53937000.0,268584000.0,268584000.0,2328813000.0,73402000.0,0.917,1.703,207377000.0,971000.0,206406000.0,207377000.0,44016000.0,27807000.0,0.0,0.0,0.0,112059000.0,139866000.0,0.051,139866000.0,112059000.0,96433000.0,0.422,0.41,0.422,415047000.0,396023250.0,415047000.0,1121454800.0,10.0,8.018,148303000.0,0.852,1.0,440215000.0,0.159,150199000.0,15626000.0,423618000.0,390491750.0,0.0,363115000.0,46074000.0,317041000.0,706777000.0,486800000.0,219977000.0,1194364800.0,-2463000.0,-36001000.0,-4077000.0,24838000.0,0.0,20761000.0,-225464000.0,-149628000.0,202240000.0,0.0,73402000.0,73402000.0,73402000.0,0.0,0.0,0.027,384970000.0,55245000.0,102944000.0,0.0,2.878,16.272,16.256,135883000.0,0.0,6.86,0.431,0.431,79492000.0,191739000.0,2769028000.0,2769028000.0,0.0,0.069,0.185,0.287,0.04,15781000.0,384970000.0,1.0,174105656.0,174159800.0,179292328.0,15.899,971625000.0,0.0,23031000.0,0.0,5.579,-40461000.0
55,CNC,MRT,2007-09-30,2007-09-30,2007-09-30,2021-07-27,493000.0,1086240000.0,1000649750.0,450452000.0,635788000.0,2.381,2.346,-52598000.0,275048000.0,275048000.0,2023375000.0,85762000.0,0.969,1.659,202138000.0,998000.0,201140000.0,202138000.0,44496000.0,25695000.0,0.0,0.0,0.0,118504000.0,144199000.0,0.061,144199000.0,118504000.0,103950000.0,0.495,0.49,0.495,408549000.0,373867250.0,408549000.0,903524440.0,8.0,6.266,182631000.0,1.049,1.0,359304000.0,0.151,146980000.0,14554000.0,401511000.0,351128000.0,0.0,337703000.0,48095000.0,289608000.0,677691000.0,464839000.0,212852000.0,938833440.0,74568000.0,-26276000.0,-3104000.0,25987000.0,0.0,24860000.0,-185521000.0,-120749000.0,235229000.0,0.0,85762000.0,85762000.0,85762000.0,27536000.0,0.0,0.036,235676000.0,123628000.0,102728000.0,0.0,2.298,10.947,10.864,139671000.0,0.0,5.378,0.394,0.393,84813000.0,190266000.0,2382679000.0,2382679000.0,0.0,0.086,0.229,0.337,0.05,15489000.0,316774000.0,1.0,174585484.0,174131328.0,178514240.0,13.683,939260000.0,0.0,18188000.0,0.0,5.394,-14387000.0
56,CNC,MRT,2007-06-30,2007-06-30,2007-06-30,2021-07-27,-1046000.0,1050002000.0,932550000.0,439551000.0,610451000.0,2.428,2.241,-56198000.0,236443000.0,236443000.0,1914356000.0,-1367000.0,0.977,1.685,201134000.0,972000.0,200162000.0,201134000.0,42019000.0,24050000.0,0.0,0.0,0.0,26838000.0,50888000.0,0.022,50888000.0,26838000.0,13373000.0,-0.01,-0.012,-0.01,391033000.0,348206250.0,391033000.0,823671639.0,31.0,16.186,184266000.0,1.056,1.0,349684000.0,0.154,150788000.0,13465000.0,413877000.0,325025000.0,0.0,331079000.0,43360000.0,287719000.0,658969000.0,450028000.0,208941000.0,934207639.0,105007000.0,-11398000.0,-2041000.0,29717000.0,0.0,29539000.0,-164996000.0,-111502000.0,240464000.0,0.0,-1367000.0,-1367000.0,-1367000.0,27008000.0,0.0,-0.001,316523000.0,33161000.0,111697000.0,0.0,2.389,-683.4,-535.5,131829000.0,0.0,5.355,0.413,0.413,113491000.0,174330000.0,2264040000.0,2264040000.0,0.0,-0.001,-0.004,0.083,0.012,15587000.0,316523000.0,1.0,174455208.0,174469440.0,179261476.0,12.977,899214000.0,0.0,14740000.0,0.0,5.154,-10477000.0
57,CNC,MRT,2007-03-31,2007-03-31,2007-03-31,2021-07-27,-925000.0,971377000.0,870333500.0,481534000.0,489843000.0,2.334,2.127,-50976000.0,311905000.0,311905000.0,1717212000.0,-14184000.0,1.23,1.629,201369000.0,965000.0,200404000.0,201369000.0,38613000.0,22354000.0,0.0,0.0,0.0,8806000.0,31160000.0,0.015,31160000.0,8806000.0,-2902000.0,-0.082,-0.085,-0.082,369464000.0,343957750.0,369464000.0,814904579.0,93.0,26.152,170693000.0,0.983,1.0,314390000.0,0.155,146495000.0,11708000.0,322961000.0,307412250.0,0.0,225321000.0,43054000.0,182267000.0,601913000.0,391385000.0,210528000.0,910334579.0,193393000.0,-27260000.0,287000.0,63650000.0,0.0,65943000.0,-94219000.0,-26831000.0,221669000.0,0.0,-14184000.0,-14184000.0,-14184000.0,34615000.0,0.0,-0.007,288957000.0,25433000.0,75842000.0,0.0,2.464,-64.18,-63.994,121403000.0,0.0,5.247,0.448,0.449,78076000.0,156548000.0,2031602000.0,2031602000.0,0.0,-0.016,-0.041,0.029,0.004,15358000.0,288957000.0,1.0,173479672.0,173733276.0,179693360.0,11.694,824882000.0,0.0,11282000.0,0.0,4.748,90149000.0
58,CNC,MRT,2006-12-31,2006-12-31,2006-12-31,2021-07-27,-1251000.0,894980000.0,811941000.0,451822000.0,443158000.0,2.245,1.891,-50318000.0,271047000.0,271047000.0,1532506000.0,-43629000.0,1.165,1.742,175617000.0,971000.0,174646000.0,175617000.0,33816000.0,20600000.0,0.0,0.0,0.0,-23490000.0,-2890000.0,-0.002,-2890000.0,-23490000.0,-34064000.0,-0.253,-0.245,-0.253,326423000.0,342654000.0,326423000.0,1029619202.0,-44.0,-356.27,144714000.0,0.838,1.0,289940000.0,0.159,145436000.0,10574000.0,266163000.0,301882750.0,0.0,172842000.0,56790000.0,116052000.0,568557000.0,387951000.0,180606000.0,1060638202.0,123689000.0,-66772000.0,-880000.0,76751000.0,0.0,78914000.0,-150257000.0,-33167000.0,195032000.0,0.0,-43629000.0,-43629000.0,-43629000.0,61229000.0,0.0,-0.024,267712000.0,22228000.0,63893000.0,0.0,3.249,-24.31,-24.279,110688000.0,0.0,6.143,0.582,0.582,74379000.0,118290000.0,1822446000.0,1822446000.0,0.0,-0.054,-0.127,-0.078,-0.013,14904000.0,267712000.0,1.0,172672072.0,172643440.0,178454488.0,10.556,749544000.0,0.0,9565000.0,0.0,4.342,63871000.0
59,CNC,MRT,2006-09-30,2006-09-30,2006-09-30,2021-07-27,-1356000.0,813841000.0,755203500.0,374756000.0,439085000.0,2.292,1.77,-49566000.0,200480000.0,200480000.0,1431517000.0,-43596000.0,1.121,1.66,169461000.0,1032000.0,168429000.0,169461000.0,18597000.0,18697000.0,0.0,0.0,0.0,-22529000.0,-3832000.0,-0.002,-3832000.0,-22529000.0,-31669000.0,-0.252,-0.257,-0.252,305905000.0,349060250.0,305905000.0,744429622.0,-33.0,-194.267,104125000.0,0.602,1.0,299659000.0,0.173,151468000.0,9140000.0,297099000.0,291472500.0,0.0,214058000.0,67392000.0,146666000.0,507936000.0,334255000.0,173681000.0,710369622.0,79056000.0,-66996000.0,-924000.0,70212000.0,0.0,71795000.0,-146430000.0,-29868000.0,153691000.0,0.0,-43596000.0,-43596000.0,-43596000.0,-17931000.0,0.0,-0.025,353820000.0,-54161000.0,67957000.0,0.0,2.322,-16.294,-16.31,103175000.0,0.0,4.11,0.41,0.41,86108000.0,104457000.0,1731176000.0,1731176000.0,0.0,-0.058,-0.125,-0.077,-0.013,14543000.0,272722000.0,1.0,172839324.0,172876212.0,172876212.0,10.014,662373000.0,0.0,11927000.0,0.0,3.831,40501000.0
60,CNC,MRT,2006-06-30,2006-06-30,2006-06-30,2021-07-27,-2276000.0,801136000.0,711646000.0,325702000.0,475434000.0,2.109,2.166,-41613000.0,131436000.0,131436000.0,1247846000.0,39703000.0,1.271,1.142,165496000.0,1034000.0,164462000.0,165496000.0,15413000.0,16709000.0,0.0,0.0,0.0,57360000.0,74069000.0,0.049,74069000.0,57360000.0,50112000.0,0.23,0.222,0.23,374039000.0,355892250.0,374039000.0,1027919744.0,18.0,13.878,53902000.0,0.312,1.0,252723000.0,0.168,235579000.0,7248000.0,343426000.0,271301000.0,0.0,193957000.0,76700000.0,117257000.0,427097000.0,256191000.0,170906000.0,1013779744.0,65838000.0,-94853000.0,3338000.0,101757000.0,0.0,107122000.0,-136799000.0,-333000.0,95515000.0,0.0,39703000.0,39703000.0,39703000.0,-17931000.0,0.0,0.026,225188000.0,27535000.0,52540000.0,0.0,2.71,25.534,25.576,90344000.0,0.0,5.883,0.676,0.677,96852000.0,175650000.0,1500569000.0,1500569000.0,0.0,0.056,0.112,0.211,0.038,12511000.0,225188000.0,1.0,172338248.0,172678360.0,179356596.0,8.69,565557000.0,0.0,10409000.0,0.0,3.275,69511000.0
61,CNC,MRT,2006-03-31,2006-03-31,2006-03-31,2021-07-27,-2148000.0,737807000.0,654973500.0,281044000.0,456763000.0,2.069,2.118,-37380000.0,118512000.0,118512000.0,1116243000.0,49987000.0,1.197,1.026,132652000.0,1712000.0,130940000.0,132652000.0,12494000.0,14807000.0,0.0,0.0,0.0,72006000.0,86813000.0,0.064,86813000.0,72006000.0,66580000.0,0.29,0.28,0.29,364249000.0,342062250.0,364249000.0,1199755669.0,17.0,13.82,26134000.0,0.152,1.0,238661000.0,0.176,216327000.0,5426000.0,300843000.0,240903000.0,0.0,198461000.0,71172000.0,127289000.0,373558000.0,234777000.0,138781000.0,1253966669.0,15236000.0,-95397000.0,3288000.0,78871000.0,0.0,83698000.0,-131976000.0,801000.0,63514000.0,0.0,49987000.0,49987000.0,49987000.0,-17931000.0,0.0,0.037,195112000.0,43549000.0,47779000.0,0.0,3.443,25.086,25.147,82853000.0,0.0,7.293,0.926,0.925,66368000.0,170685000.0,1354904000.0,1354904000.0,0.0,0.076,0.146,0.299,0.053,10898000.0,195112000.0,1.0,171952920.0,171951568.0,179001084.0,7.88,521480000.0,0.0,16593000.0,0.0,3.033,46267000.0
62,CNC,MRT,2005-12-31,2005-12-31,2005-12-31,2021-07-27,-1754000.0,668030000.0,610717750.0,272605000.0,395425000.0,2.018,2.08,-26909000.0,147358000.0,147358000.0,1007582000.0,55632000.0,1.27,0.898,93147000.0,699000.0,92448000.0,93147000.0,13648000.0,13069000.0,0.0,0.0,0.0,79308000.0,92377000.0,0.075,92377000.0,79308000.0,75318000.0,0.328,0.31,0.328,352048000.0,323499750.0,352048000.0,1088580806.0,14.0,11.784,47139000.0,0.279,1.0,224620000.0,0.182,174646000.0,3990000.0,224522000.0,206474500.0,0.0,180361000.0,56700000.0,123661000.0,315982000.0,214651000.0,101331000.0,1121868806.0,63253000.0,-55485000.0,5621000.0,40035000.0,0.0,45656000.0,-56451000.0,25943000.0,74048000.0,0.0,55632000.0,55632000.0,55632000.0,-17931000.0,0.0,0.045,172349000.0,52271000.0,29790000.0,0.0,3.187,20.166,20.038,67199000.0,0.0,6.572,0.91,0.903,44108000.0,161919000.0,1232202000.0,1232202000.0,0.0,0.091,0.172,0.384,0.064,11443000.0,172349000.0,1.0,170691336.0,169250088.0,180110532.0,7.28,493384000.0,0.0,19686000.0,0.0,2.915,57954000.0
63,CNC,MRT,2005-09-30,2005-09-30,2005-09-30,2021-07-27,-1522000.0,639611000.0,575693750.0,243801000.0,395810000.0,2.381,1.956,-32359000.0,121424000.0,121424000.0,1116266000.0,53776000.0,1.166,0.919,88136000.0,486000.0,87650000.0,88136000.0,12437000.0,12453000.0,0.0,0.0,0.0,85585000.0,98038000.0,0.072,98038000.0,85585000.0,82836000.0,0.323,0.303,0.323,333233000.0,303315750.0,333233000.0,1051412622.0,12.0,10.725,54483000.0,0.32,1.0,254444000.0,0.186,180796000.0,2749000.0,216413000.0,193608750.0,0.0,188989000.0,58642000.0,130347000.0,306378000.0,209114000.0,97264000.0,1063793622.0,32737000.0,-135144000.0,5659000.0,80448000.0,0.0,85201000.0,-139306000.0,28197000.0,86842000.0,0.0,53776000.0,53776000.0,53776000.0,0.0,0.0,0.039,178222000.0,76222000.0,47302000.0,0.0,3.192,19.782,19.373,55073000.0,0.0,6.258,0.776,0.778,43235000.0,148053000.0,1370710000.0,1370710000.0,0.0,0.093,0.177,0.442,0.062,10132000.0,178222000.0,1.0,170002976.0,170328516.0,181113312.0,8.047,458815000.0,0.0,29060000.0,0.0,2.694,34687000.0
64,CNC,MRT,2005-06-30,2005-06-30,2005-06-30,2021-07-27,-809000.0,574446000.0,521079250.0,217256000.0,357190000.0,2.349,1.888,-28695000.0,65598000.0,65598000.0,988299000.0,53021000.0,1.115,0.802,53217000.0,486000.0,52731000.0,53217000.0,9657000.0,11214000.0,0.0,0.0,0.0,85781000.0,96995000.0,0.079,96995000.0,85781000.0,84096000.0,0.323,0.3,0.323,318719000.0,283988250.0,318719000.0,1344471758.0,16.0,13.861,33571000.0,0.199,1.0,235512000.0,0.192,145450000.0,1685000.0,221834000.0,180491750.0,0.0,199958000.0,65337000.0,134621000.0,255727000.0,194781000.0,60946000.0,1404409758.0,-14880000.0,-101076000.0,5125000.0,45457000.0,0.0,50039000.0,-127185000.0,2586000.0,62266000.0,0.0,53021000.0,53021000.0,53021000.0,0.0,0.0,0.043,157959000.0,77553000.0,31045000.0,0.0,4.406,26.488,25.991,48479000.0,0.0,8.395,1.148,1.158,69839000.0,135947000.0,1223811000.0,1223811000.0,0.0,0.102,0.187,0.475,0.07,8513000.0,157959000.0,1.0,167291216.0,168815784.0,180351088.0,7.249,428996000.0,0.0,31075000.0,0.0,2.541,22475000.0
65,CNC,MRT,2005-03-31,2005-03-31,2005-03-31,2021-07-27,-1598000.0,560784000.0,474921500.0,249240000.0,311544000.0,2.333,1.744,-26548000.0,103276000.0,103276000.0,894676000.0,48585000.0,1.123,0.934,43338000.0,486000.0,42852000.0,43338000.0,3935000.0,10525000.0,0.0,0.0,0.0,78211000.0,88736000.0,0.08,88736000.0,78211000.0,77059000.0,0.3,0.278,0.3,289999000.0,264858750.0,289999000.0,1206473419.0,15.0,13.596,80369000.0,0.483,1.0,213115000.0,0.192,115719000.0,1152000.0,163129000.0,164262250.0,0.0,211824000.0,89288000.0,122536000.0,270785000.0,221998000.0,48787000.0,1243119419.0,58913000.0,-79756000.0,4404000.0,35506000.0,0.0,39332000.0,-87336000.0,18968000.0,106917000.0,0.0,48585000.0,48585000.0,48585000.0,0.0,0.0,0.044,141945000.0,71170000.0,39995000.0,0.0,4.287,25.586,24.992,45264000.0,0.0,7.497,1.122,1.125,36987000.0,120698000.0,1107791000.0,1107791000.0,0.0,0.102,0.183,0.476,0.071,7123000.0,141945000.0,1.0,165804524.0,166242348.0,179447956.0,6.664,445065000.0,0.0,28474000.0,0.0,2.677,27242000.0
66,CNC,MRT,2004-12-31,2004-12-31,2004-12-31,2021-07-27,-407000.0,527934000.0,429071250.0,224292000.0,303642000.0,2.333,1.662,-25009000.0,84105000.0,84105000.0,808541000.0,44312000.0,1.109,0.946,47459000.0,486000.0,46973000.0,47459000.0,3956000.0,10014000.0,0.0,0.0,0.0,70967000.0,80981000.0,0.081,80981000.0,70967000.0,70287000.0,0.273,0.255,0.273,271312000.0,250516000.0,271312000.0,1082645348.0,15.0,13.369,74396000.0,0.456,1.0,192399000.0,0.192,116070000.0,680000.0,173059000.0,169334500.0,0.0,211070000.0,94283000.0,116787000.0,256622000.0,202159000.0,54463000.0,1163644348.0,19759000.0,-86739000.0,4066000.0,39264000.0,0.0,42837000.0,-122483000.0,-10735000.0,99405000.0,0.0,44312000.0,44312000.0,44312000.0,0.0,0.0,0.044,127863000.0,64536000.0,31737000.0,0.0,4.289,26.26,25.962,43248000.0,0.0,7.088,1.163,1.156,31475000.0,106287000.0,1000940000.0,1000940000.0,0.0,0.103,0.177,0.419,0.071,3966000.0,127863000.0,1.0,164182624.0,163283636.0,174465780.0,6.13,411864000.0,0.0,25975000.0,0.0,2.522,22133000.0
67,CNC,MRT,2004-09-30,2004-09-30,2004-09-30,2021-07-27,12000.0,421153000.0,387760750.0,170698000.0,250455000.0,2.373,1.562,-12407000.0,88687000.0,88687000.0,744992000.0,41999000.0,1.121,0.646,7688000.0,288000.0,7400000.0,7688000.0,3670000.0,9368000.0,0.0,0.0,0.0,67109000.0,76477000.0,0.083,76477000.0,67109000.0,66700000.0,0.26,0.245,0.26,255923000.0,237716750.0,255923000.0,797425633.0,12.0,10.427,78743000.0,0.48,1.0,175195000.0,0.19,23950000.0,409000.0,163945000.0,165668500.0,0.0,213694000.0,43568000.0,170126000.0,165230000.0,152259000.0,12971000.0,870143633.0,25781000.0,-9648000.0,2587000.0,-869000.0,0.0,1715000.0,-67084000.0,-45029000.0,91150000.0,0.0,41999000.0,41999000.0,41999000.0,0.0,0.0,0.046,114299000.0,60896000.0,21907000.0,0.0,3.4,20.718,20.471,28831000.0,0.0,5.322,0.946,0.948,22739000.0,94277000.0,920187000.0,920187000.0,0.0,0.108,0.177,0.405,0.073,4224000.0,114299000.0,1.0,163484008.0,163891432.0,174560720.0,5.615,397203000.0,3143000.0,24701000.0,0.0,2.424,18439000.0
68,CNC,MRT,2004-06-30,2004-06-30,2004-06-30,2021-07-27,-1469000.0,389815000.0,364585500.0,145059000.0,244756000.0,2.373,1.487,-21694000.0,80478000.0,80478000.0,703400000.0,39352000.0,1.077,0.609,7760000.0,288000.0,7472000.0,7760000.0,3650000.0,8388000.0,0.0,0.0,0.0,62840000.0,71228000.0,0.082,71228000.0,62840000.0,62486000.0,0.25,0.235,0.25,242201000.0,225873500.0,242201000.0,744495739.0,12.0,10.452,55024000.0,0.338,1.0,161797000.0,0.187,25465000.0,354000.0,156916000.0,162722500.0,0.0,196899000.0,31185000.0,165714000.0,147614000.0,134716000.0,12898000.0,781026739.0,37056000.0,-10571000.0,83715000.0,7760000.0,0.0,91472000.0,-131134000.0,-98869000.0,76718000.0,0.0,39352000.0,39352000.0,39352000.0,0.0,0.0,0.045,104732000.0,57065000.0,20673000.0,0.0,3.225,19.847,19.275,26008000.0,0.0,4.819,0.903,0.907,21297000.0,82926000.0,865197000.0,865197000.0,0.0,0.108,0.174,0.386,0.073,3985000.0,104732000.0,1.0,162080776.0,162885864.0,173497504.0,5.312,364350000.0,3290000.0,23134000.0,0.0,2.237,10343000.0
69,CNC,MRT,2004-03-31,2004-03-31,2004-03-31,2021-07-27,1258000.0,377383000.0,322235250.0,111110000.0,266273000.0,2.538,1.44,-20604000.0,44363000.0,44363000.0,669097000.0,36247000.0,0.844,0.622,7832000.0,288000.0,7544000.0,7832000.0,3736000.0,7340000.0,0.0,0.0,0.0,57741000.0,65081000.0,0.08,65081000.0,57741000.0,57484000.0,0.241,0.226,0.241,232628000.0,194779500.0,232628000.0,560756949.0,10.0,8.616,37901000.0,0.235,1.0,148724000.0,0.182,25836000.0,257000.0,183418000.0,140246500.0,0.0,223765000.0,32708000.0,191057000.0,144755000.0,131598000.0,13157000.0,616907949.0,-15607000.0,-10561000.0,83251000.0,7832000.0,0.0,89862000.0,-163974000.0,-132809000.0,58505000.0,0.0,36247000.0,36247000.0,36247000.0,0.0,0.0,0.044,97260000.0,51464000.0,17733000.0,0.0,2.652,17.02,15.866,24056000.0,0.0,3.824,0.754,0.755,21634000.0,72113000.0,817821000.0,817821000.0,0.0,0.112,0.186,0.412,0.071,3354000.0,97260000.0,1.0,161335848.0,161536072.0,172270960.0,5.063,351547000.0,3174000.0,21237000.0,0.0,2.176,-20488000.0
70,CNC,MRT,2003-12-31,2003-12-31,2003-12-31,2021-07-27,740000.0,362692000.0,284076250.0,110301000.0,252391000.0,2.71,1.541,-19162000.0,64346000.0,64346000.0,634515000.0,33270000.0,0.856,0.648,8195000.0,579000.0,7616000.0,8195000.0,3673000.0,6448000.0,0.0,0.0,0.0,52968000.0,59416000.0,0.077,59416000.0,52968000.0,52774000.0,0.233,0.217,0.233,220115000.0,164037750.0,220115000.0,507628907.0,10.0,8.544,36837000.0,0.258,1.0,135215000.0,0.176,19360000.0,194000.0,158395000.0,105214750.0,0.0,199971000.0,15160000.0,184811000.0,142577000.0,128786000.0,13791000.0,561977907.0,4690000.0,-5861000.0,82458000.0,8195000.0,0.0,89432000.0,-140741000.0,-115718000.0,55999000.0,0.0,33270000.0,33270000.0,33270000.0,0.0,0.0,0.043,88288000.0,46927000.0,17965000.0,0.0,2.553,16.891,15.027,23106000.0,0.0,3.501,0.73,0.65,20308000.0,61975000.0,769730000.0,769730000.0,0.0,0.117,0.203,0.503,0.069,2554000.0,88288000.0,1.0,160507792.0,142817704.0,153688608.0,5.39,343332000.0,0.0,19504000.0,0.0,2.404,-18485000.0
71,CNC,MRT,2003-09-30,2003-09-30,2003-09-30,2021-07-27,1477000.0,328452000.0,245985000.0,102973000.0,225479000.0,2.863,1.414,-17050000.0,62906000.0,62906000.0,583252000.0,30387000.0,0.965,0.575,8557000.0,869000.0,7688000.0,8557000.0,0.0,5330000.0,0.0,0.0,0.0,48110000.0,53440000.0,0.076,53440000.0,48110000.0,47990000.0,0.227,0.206,0.227,208550000.0,134554750.0,208550000.0,461236133.0,10.0,8.631,22802000.0,0.155,1.0,120893000.0,0.172,15232000.0,120000.0,152161000.0,75127750.0,0.0,175344000.0,10659000.0,164685000.0,119902000.0,106710000.0,13192000.0,504658133.0,6840000.0,-11121000.0,82356000.0,8557000.0,0.0,89695000.0,-122707000.0,-95106000.0,39852000.0,0.0,30387000.0,30387000.0,30387000.0,0.0,0.0,0.043,78172000.0,42721000.0,13471000.0,0.0,2.42,16.608,16.735,20953000.0,0.0,3.799,0.717,0.795,22076000.0,52278000.0,704145000.0,704145000.0,0.0,0.124,0.226,0.64,0.068,680000.0,78172000.0,1.0,132848472.0,147445704.0,158737160.0,4.776,313220000.0,2635000.0,17603000.0,0.0,2.124,-3737000.0
72,CNC,MRT,2003-06-30,2003-06-30,2003-06-30,2021-07-27,1204000.0,220414000.0,206563500.0,77828000.0,142586000.0,3.01,0.893,-4037000.0,43422000.0,43422000.0,515487000.0,30956000.0,0.803,0.871,0.0,0.0,0.0,0.0,0.0,4351000.0,0.0,0.0,0.0,49021000.0,53372000.0,0.086,53372000.0,49021000.0,48956000.0,0.24,0.216,0.24,117825000.0,106140750.0,117825000.0,362024392.0,7.0,6.783,36101000.0,0.274,1.0,106303000.0,0.171,13039000.0,65000.0,67012000.0,47126750.0,0.0,105894000.0,9405000.0,96489000.0,102582000.0,96941000.0,5641000.0,421994392.0,-914000.0,-13391000.0,945000.0,0.0,0.0,-273000.0,-40779000.0,-26544000.0,40138000.0,0.0,30956000.0,30956000.0,30956000.0,0.0,0.0,0.05,68194000.0,38109000.0,9810000.0,0.0,3.582,13.632,13.378,8202000.0,0.0,3.211,0.679,0.681,16739000.0,43578000.0,621790000.0,621790000.0,0.0,0.15,0.292,1.04,0.079,771000.0,68194000.0,1.0,131428308.0,131879560.0,142424128.0,4.715,207375000.0,2414000.0,18000000.0,0.0,1.572,-19113000.0
73,CNC,MRT,2003-03-31,2003-03-31,2003-03-31,2021-07-27,1141000.0,224747000.0,190894000.0,95802000.0,128945000.0,2.845,0.838,-3264000.0,59970000.0,59970000.0,448665000.0,28482000.0,0.886,1.044,0.0,0.0,0.0,0.0,0.0,3468000.0,0.0,0.0,0.0,45541000.0,49009000.0,0.09,49009000.0,45541000.0,45469000.0,0.224,0.2,0.224,109661000.0,97759500.0,109661000.0,259680631.0,6.0,5.299,43950000.0,0.336,1.0,94503000.0,0.174,13308000.0,72000.0,43291000.0,40866250.0,0.0,95906000.0,8719000.0,87187000.0,114497000.0,108178000.0,6319000.0,319336631.0,-31768000.0,-13379000.0,11053000.0,0.0,0.0,11053000.0,-90035000.0,-76580000.0,47214000.0,0.0,28482000.0,28482000.0,28482000.0,0.0,0.0,0.052,59012000.0,35491000.0,13041000.0,0.0,2.912,11.212,10.867,6998000.0,0.0,2.434,0.588,0.586,19925000.0,35869000.0,543168000.0,543168000.0,0.0,0.149,0.291,1.114,0.084,713000.0,59012000.0,1.0,131189304.0,130786192.0,142058128.0,4.153,211439000.0,2483000.0,16987000.0,0.0,1.617,-12376000.0
74,CNC,MRT,2002-12-31,2002-12-31,2002-12-31,2021-07-27,1087000.0,210327000.0,170487750.0,93089000.0,117238000.0,2.707,0.813,-3918000.0,59656000.0,59656000.0,379809000.0,25621000.0,0.913,1.05,0.0,0.0,0.0,0.0,0.0,2565000.0,0.0,0.0,0.0,41297000.0,43862000.0,0.095,43862000.0,41297000.0,41252000.0,0.205,0.182,0.205,102183000.0,87365500.0,102183000.0,305671394.0,7.0,6.969,35741000.0,0.284,1.0,81678000.0,0.177,10695000.0,45000.0,38047000.0,24732750.0,0.0,89237000.0,9571000.0,79666000.0,107263000.0,101929000.0,5334000.0,361737394.0,-29211000.0,-11096000.0,10809000.0,0.0,0.0,10809000.0,-79679000.0,-64665000.0,39659000.0,0.0,25621000.0,25621000.0,25621000.0,0.0,0.0,0.056,50072000.0,31606000.0,10748000.0,0.0,3.54,14.119,13.654,6295000.0,0.0,2.799,0.784,0.763,16773000.0,28708000.0,461487000.0,461487000.0,0.0,0.15,0.293,1.67,0.089,712000.0,50072000.0,1.0,129230388.0,125728320.0,139728928.0,3.671,199632000.0,2846000.0,15631000.0,0.0,1.588,-8840000.0
75,CNC,MRT,2002-09-30,2002-09-30,2002-09-30,2021-07-27,931000.0,170766000.0,150747500.0,79941000.0,90825000.0,2.72,0.739,-4205000.0,56066000.0,56066000.0,337917000.0,22727000.0,1.121,0.8,0.0,0.0,0.0,0.0,897000.0,2107000.0,0.0,0.0,0.0,37475000.0,39582000.0,0.097,39582000.0,37475000.0,37371000.0,0.109,0.173,0.109,94894000.0,77842000.0,94894000.0,239597745.0,6.0,6.053,8548000.0,0.067,1.0,72135000.0,0.176,3217000.0,104000.0,40157000.0,8677500.0,0.0,86808000.0,9834000.0,76974000.0,75872000.0,71326000.0,4546000.0,283933745.0,-5332000.0,3552000.0,51815000.0,-4000000.0,0.0,47731000.0,-65816000.0,-57848000.0,12753000.0,0.0,22727000.0,22629000.0,22629000.0,0.0,0.0,0.055,44429000.0,27706000.0,5235000.0,0.0,2.992,12.547,20.405,5600000.0,98000.0,2.224,0.692,0.696,8250000.0,21894000.0,410052000.0,410052000.0,0.0,0.15,0.291,4.319,0.091,264000.0,44429000.0,1.0,127658484.0,128337568.0,142000576.0,3.195,167549000.0,2589000.0,14644000.0,0.0,1.306,8615000.0
76,CNC,MRT,2002-06-30,2002-06-30,2002-06-30,2021-07-27,226000.0,157736000.0,134048750.0,65631000.0,92105000.0,2.828,0.681,-4273000.0,44336000.0,44336000.0,312662000.0,17017000.0,0.955,0.871,0.0,0.0,0.0,0.0,0.0,2191000.0,0.0,0.0,0.0,28943000.0,31134000.0,0.082,31134000.0,28943000.0,28766000.0,0.352,0.146,0.352,84300000.0,54171500.0,84300000.0,221541426.0,8.0,7.116,6837000.0,0.055,1.0,66406000.0,0.175,2732000.0,177000.0,41970000.0,-10470000.0,0.0,84884000.0,6132000.0,78752000.0,73436000.0,68698000.0,4738000.0,313279426.0,-2143000.0,6745000.0,51469000.0,-4000000.0,0.0,47385000.0,-60638000.0,-53216000.0,11110000.0,0.0,17017000.0,16796000.0,16796000.0,0.0,0.0,0.044,41373000.0,25033000.0,5141000.0,0.0,3.716,18.652,7.334,5395000.0,221000.0,2.582,0.826,0.844,7524000.0,12620000.0,379068000.0,379068000.0,0.0,0.125,0.31,-2.764,0.076,49000.0,41373000.0,1.0,121347744.0,123871320.0,138556552.0,3.06,155004000.0,3806000.0,11749000.0,0.0,1.251,-3067000.0
77,CNC,MRT,2002-03-31,2002-03-31,2002-03-31,2021-07-27,-188000.0,143122000.0,137244000.0,110191000.0,32931000.0,2.565,0.562,-3724000.0,91738000.0,91738000.0,290933000.0,15013000.0,1.578,1.102,0.0,0.0,0.0,0.0,0.0,1992000.0,0.0,0.0,0.0,25693000.0,27685000.0,0.079,27685000.0,25693000.0,25426000.0,0.593,0.143,0.593,68085000.0,66087000.0,68085000.0,142235495.0,6.0,5.138,-2360000.0,-0.019,1.0,61085000.0,0.174,2804000.0,267000.0,-21243000.0,-24208500.0,0.0,20413000.0,707000.0,19706000.0,75037000.0,69823000.0,5214000.0,231102495.0,37694000.0,-1250000.0,41078000.0,-4000000.0,0.0,36994000.0,-664000.0,6498000.0,1364000.0,0.0,15013000.0,14669000.0,14669000.0,0.0,0.0,0.042,39257000.0,21828000.0,4895000.0,0.0,3.394,15.754,3.218,4724000.0,344000.0,1.908,0.657,0.656,9672000.0,7387000.0,352018000.0,352018000.0,0.0,0.107,0.222,-1.061,0.073,4000.0,39257000.0,1.0,121101744.0,121096176.0,135811608.0,2.907,140318000.0,3204000.0,10413000.0,0.0,1.159,40368000.0
78,CNC,MRT,2001-12-31,2001-12-31,2001-12-31,2021-07-27,135000.0,131366000.0,98691500.0,102047000.0,29319000.0,3.309,3.855,-3635000.0,88867000.0,88867000.0,270480000.0,12895000.0,1.54,1.05,0.0,0.0,0.0,0.0,0.0,1847000.0,0.0,0.0,0.0,22388000.0,24235000.0,0.074,24235000.0,22388000.0,22026000.0,0.748,0.135,0.748,64089000.0,27627500.0,64089000.0,163668550.0,7.0,6.753,26553000.0,1.597,1.0,56089000.0,0.172,2396000.0,362000.0,-26174000.0,-13750000.0,0.0,22288000.0,1169000.0,21119000.0,67277000.0,66277000.0,1000000.0,221066550.0,69844000.0,6745000.0,41074000.0,-4000000.0,0.0,36990000.0,2666000.0,-444000.0,30188000.0,0.0,12895000.0,12428000.0,12428000.0,0.0,0.0,0.038,37617000.0,18472000.0,6712000.0,0.0,3.449,17.788,2.445,3796000.0,467000.0,1.829,0.677,0.093,7032000.0,3087000.0,326569000.0,326569000.0,0.0,0.126,0.45,-1.628,0.069,6000.0,37617000.0,1.0,120856428.0,16624792.0,96233968.0,19.643,128970000.0,3303000.0,9131000.0,0.0,7.758,35770000.0
79,CNC,MRT,2001-09-30,2001-09-30,2001-09-30,2021-07-27,584000.0,103971000.0,84994000.0,73771000.0,30200000.0,3.484,0.019,,61398000.0,61398000.0,244432000.0,12197000.0,0.916,398.717,4000000.0,0.0,4000000.0,4000000.0,0.0,,0.0,,0.0,18265000.0,,,,18265000.0,17874000.0,1.075,0.139,1.075,212000.0,-4311000.0,212000.0,,,,,,1.0,51659000.0,0.174,2478000.0,391000.0,-36433000.0,-18879500.0,0.0,24768000.0,625000.0,24143000.0,84528000.0,80528000.0,4000000.0,,,,,,,,,,,,12197000.0,11705000.0,11705000.0,0.0,0.0,0.04,36194000.0,15465000.0,16549000.0,0.0,,,,3092000.0,492000.0,,,,8153000.0,-735000.0,296091000.0,296091000.0,0.0,0.138,-2.715,-0.967,0.062,,36194000.0,1.0,120856428.0,10907268.0,94353348.0,27.146,101493000.0,2666000.0,5677000.0,0.0,9.305,-6757000.0
80,CNC,MRT,2001-06-30,2001-06-30,2001-06-30,2021-07-27,,,,,,,,,,,,,,,,,,,,,,,0.0,,,,,,,,,,,,,,,,,,1.0,,,,,,,,,,,,,,,,,,,,,,,,,,,,,,,,,,,,,,,,,,,,,,,,,,,,,,1.0,,10939632.0,,,,,,,,
81,CNC,MRT,2001-03-31,2001-03-31,2001-03-31,2021-07-27,135000.0,131366000.0,,102047000.0,29319000.0,,5.894,,88867000.0,88867000.0,,,1.517,1.05,0.0,0.0,0.0,0.0,0.0,,0.0,,0.0,,,,,,,,,,64089000.0,,64089000.0,,,,,,1.0,,,2396000.0,,-27174000.0,,0.0,23508000.0,1169000.0,22339000.0,67277000.0,67277000.0,0.0,,,,,,,,,,,,,,,,,,,,7712000.0,,,,,3796000.0,,,,,7032000.0,3087000.0,,,,,,,,,,1.0,,10873776.0,,,128970000.0,3303000.0,,0.0,11.861,34770000.0
82,CNC,MRT,2000-12-31,2000-12-31,2000-12-31,2021-07-27,81000.0,66017000.0,59112000.0,46716000.0,19301000.0,3.745,-0.817,-642000.0,19023000.0,19023000.0,182495000.0,7728000.0,0.899,-6.336,4000000.0,0.0,4000000.0,4000000.0,0.0,1034000.0,0.0,,0.0,7796000.0,8830000.0,0.04,8830000.0,7796000.0,7185000.0,0.669,0.094,0.669,-8834000.0,-12600500.0,-8834000.0,,,,12816000.0,1.185,1.0,38855000.0,0.176,347000.0,611000.0,-1326000.0,-6030000.0,0.0,24281000.0,7400000.0,16881000.0,55973000.0,51973000.0,4000000.0,,-3509000.0,-1097000.0,0.0,-2350000.0,0.0,-2350000.0,-14617000.0,-12878000.0,13458000.0,0.0,7728000.0,7236000.0,7236000.0,0.0,0.0,0.033,32335000.0,6520000.0,6168000.0,0.0,,,,1360000.0,492000.0,,,,15538000.0,-9285000.0,221350000.0,221350000.0,0.0,0.122,-0.574,-1.293,0.035,0.0,32335000.0,1.0,,10818312.0,81835140.0,20.461,65670000.0,3298000.0,-543000.0,0.0,6.07,-5257000.0
83,CNC,MRT,2000-09-30,2000-09-30,2000-09-30,2021-07-27,81000.0,66017000.0,,46716000.0,19301000.0,,,,19023000.0,19023000.0,,,0.899,-6.336,4000000.0,0.0,4000000.0,4000000.0,0.0,,0.0,,,,,,,,,,,,-8834000.0,,-8834000.0,,,,,,1.0,,,347000.0,,-1326000.0,,0.0,24281000.0,7400000.0,16881000.0,55973000.0,51973000.0,4000000.0,,,,,,,,,,,,,,,,,,,,6168000.0,,,,,1360000.0,,,,,15538000.0,-9285000.0,,,,,,,,,,1.0,,,,,65670000.0,3298000.0,,0.0,,-5257000.0
84,CNC,MRT,1999-12-31,1999-12-31,1999-12-31,2021-07-27,-216000.0,52207000.0,,38978000.0,13229000.0,,-1.514,-827000.0,22532000.0,22532000.0,178285000.0,-9411000.0,0.844,-3.066,6350000.0,2350000.0,4000000.0,6350000.0,3601000.0,1142000.0,0.0,,0.0,-8913000.0,-7771000.0,-0.039,-7771000.0,-8913000.0,-9411000.0,-0.916,-0.916,-0.916,-16367000.0,,-16367000.0,,,,4300000.0,0.398,1.0,23144000.0,0.115,571000.0,498000.0,-10734000.0,,0.0,10557000.0,1131000.0,9426000.0,50188000.0,46188000.0,4000000.0,,4755000.0,178000.0,-6000.0,2350000.0,0.0,2544000.0,-2916000.0,-2267000.0,5127000.0,0.0,-9411000.0,-9903000.0,-9903000.0,3927000.0,0.0,-0.049,29756000.0,-6612000.0,2898000.0,0.0,,,,1528000.0,492000.0,,,,11451000.0,-16521000.0,201429000.0,201429000.0,0.0,,,,-0.044,0.0,29756000.0,1.0,,10811328.0,10811328.0,18.631,51636000.0,2714000.0,0.0,0.0,4.776,-7210000.0
85,CNC,MRT,1998-12-31,1998-12-31,1998-12-31,2021-07-27,,,,,,,,-610000.0,,,132199000.0,-6962000.0,,,,,,,,1107000.0,,,0.0,-7733000.0,-6626000.0,-0.044,-6626000.0,-7733000.0,-8504000.0,-0.565,-0.565,-0.565,,,,,,,-8110000.0,-0.647,1.0,18239000.0,0.121,,771000.0,,,,,,,,,,,-199000.0,1658000.0,-1647000.0,-6467000.0,0.0,9507000.0,-2206000.0,-3196000.0,-7500000.0,0.0,-6962000.0,-7084000.0,-7084000.0,2223000.0,0.0,-0.047,25066000.0,-6827000.0,,0.0,,,,,122000.0,,,,,,150438000.0,150438000.0,0.0,,,,-0.051,0.0,25066000.0,1.0,,12533208.0,12533208.0,12.003,,,-1542000.0,,,
86,CNC,MRT,1997-12-31,1997-12-31,1997-12-31,2021-07-27,,,,,,,,-827000.0,,,,,,,,,,,,1142000.0,,,0.0,,,,,,,,,,,,,,,,4300000.0,,1.0,,,,,,,,,,,,,,,4755000.0,178000.0,-6000.0,2350000.0,0.0,2544000.0,-2916000.0,-2267000.0,5127000.0,0.0,,,,,,,,,,,,,,,,,,,,,,,,,,,,0.0,,1.0,,,,,,,,,,
87,CNC,MRT,1996-12-31,1996-12-31,1996-12-31,2021-07-27,,,,,,,,-642000.0,,,,,,,,,,,,1034000.0,,,0.0,,,,,,,,,,,,,,,,12816000.0,,1.0,,,,,,,,,,,,,,,-3509000.0,-1097000.0,0.0,-2350000.0,0.0,-2350000.0,-14617000.0,-12878000.0,13458000.0,0.0,,,,,,,,,,,,,,,,,,,,,,,,,,,,0.0,,1.0,,,,,,,,,,
