None,ticker,dimension,calendardate,datekey,reportperiod,lastupdated,accoci,assets,assetsavg,assetsc,assetsnc,assetturnover,bvps,capex,cashneq,cashnequsd,cor,consolinc,currentratio,de,debt,debtc,debtnc,debtusd,deferredrev,depamor,deposits,divyield,dps,ebit,ebitda,ebitdamargin,ebitdausd,ebitusd,ebt,eps,epsdil,epsusd,equity,equityavg,equityusd,ev,evebit,evebitda,fcf,fcfps,fxusd,gp,grossmargin,intangibles,intexp,invcap,invcapavg,inventory,investments,investmentsc,investmentsnc,liabilities,liabilitiesc,liabilitiesnc,marketcap,ncf,ncfbus,ncfcommon,ncfdebt,ncfdiv,ncff,ncfi,ncfinv,ncfo,ncfx,netinc,netinccmn,netinccmnusd,netincdis,netincnci,netmargin,opex,opinc,payables,payoutratio,pb,pe,pe1,ppnenet,prefdivis,price,ps,ps1,receivables,retearn,revenue,revenueusd,rnd,roa,roe,roic,ros,sbcomp,sgna,sharefactor,sharesbas,shareswa,shareswadil,sps,tangibles,taxassets,taxexp,taxliabilities,tbvps,workingcapital
0,SCHW,MRY,2020-12-31,2020-12-31,2020-12-31,2021-08-07,5394000000.0,549009000000.0,434906750000.0,,,0.027,39.23,-631000000.0,90747000000.0,90747000000.0,0.0,3299000000.0,,8.793,13632000000.0,,,13632000000.0,0.0,604000000.0,358022000000.0,0.014,0.72,4300000000.0,4904000000.0,0.419,4904000000.0,4300000000.0,4300000000.0,2.13,2.12,2.13,56060000000.0,36119000000.0,56060000000.0,50321874209.0,12.0,10.261,6221000000.0,4.353,1.0,11691000000.0,1.0,21943000000.0,0.0,449951000000.0,357911750000.0,0.0,361213000000.0,,,492949000000.0,,,99529874209.0,24983000000.0,14748000000.0,79000000.0,2370000000.0,-1280000000.0,143982000000.0,-125851000000.0,-139983000000.0,6852000000.0,0.0,3299000000.0,3043000000.0,3043000000.0,0.0,0.0,0.26,7391000000.0,4300000000.0,104201000000.0,0.338,1.775,32.708,24.901,2883000000.0,256000000.0,53.04,8.513,6.483,64440000000.0,21975000000.0,11691000000.0,11691000000.0,0.0,0.007,0.084,0.012,0.368,204000000.0,6179000000.0,1.0,1876505924.0,1429000000,1435000000.0,8.181,527066000000.0,0.0,1001000000.0,0.0,368.836,
1,SCHW,MRY,2019-12-31,2019-12-31,2019-12-31,2021-08-07,88000000.0,294005000000.0,283032000000.0,,,0.038,16.587,-708000000.0,49828000000.0,49828000000.0,0.0,3704000000.0,,12.521,7430000000.0,,,7430000000.0,0.0,349000000.0,220094000000.0,0.014,0.68,4848000000.0,5197000000.0,0.485,5197000000.0,4848000000.0,4848000000.0,2.69,2.67,2.69,21745000000.0,21511000000.0,21745000000.0,31996609670.0,7.0,6.157,8617000000.0,6.573,1.0,10721000000.0,1.0,1355000000.0,0.0,250252000000.0,246282750000.0,0.0,214340000000.0,,,272260000000.0,,,60985609670.0,7350000000.0,0.0,-2102000000.0,593000000.0,-1060000000.0,-13939000000.0,11964000000.0,12728000000.0,9325000000.0,0.0,3704000000.0,3526000000.0,3526000000.0,0.0,0.0,0.329,5873000000.0,4848000000.0,39220000000.0,0.253,2.805,17.296,17.68,2128000000.0,178000000.0,47.56,5.688,5.816,21767000000.0,19960000000.0,10721000000.0,10721000000.0,0.0,0.012,0.164,0.02,0.452,183000000.0,5141000000.0,1.0,1282287840.0,1311000000,1320000000.0,8.178,292650000000.0,0.0,1144000000.0,0.0,223.227,
2,SCHW,MRY,2018-12-31,2018-12-31,2018-12-31,2021-08-07,-252000000.0,296482000000.0,269696500000.0,,,0.038,15.334,-570000000.0,41501000000.0,41501000000.0,0.0,3507000000.0,,13.344,6878000000.0,,,6878000000.0,0.0,306000000.0,231423000000.0,0.011,0.46,4562000000.0,4868000000.0,0.48,4868000000.0,4562000000.0,4562000000.0,2.47,2.45,2.47,20670000000.0,20232750000.0,20670000000.0,31557304826.0,7.0,6.483,11886000000.0,8.818,1.0,10132000000.0,1.0,1227000000.0,0.0,260632000000.0,243305250000.0,0.0,227196000000.0,,,275812000000.0,,,56084304826.0,19067000000.0,0.0,-875000000.0,-12885000000.0,-787000000.0,47166000000.0,-40555000000.0,-39889000000.0,12456000000.0,0.0,3507000000.0,3329000000.0,3329000000.0,0.0,0.0,0.329,5570000000.0,4562000000.0,32726000000.0,0.186,2.713,16.847,16.814,1769000000.0,178000000.0,41.53,5.535,5.525,21651000000.0,17329000000.0,10132000000.0,10132000000.0,0.0,0.012,0.165,0.019,0.45,197000000.0,4762000000.0,1.0,1350452801.0,1348000000,1361000000.0,7.516,295255000000.0,0.0,1055000000.0,0.0,219.032,
3,SCHW,MRY,2017-12-31,2017-12-31,2017-12-31,2021-08-07,-152000000.0,243274000000.0,230412500000.0,,,0.037,13.835,-400000000.0,29356000000.0,29356000000.0,0.0,2354000000.0,,12.132,19753000000.0,,,19753000000.0,0.0,269000000.0,169656000000.0,0.006,0.32,3650000000.0,3919000000.0,0.455,3919000000.0,3650000000.0,3650000000.0,1.63,1.61,1.63,18525000000.0,17755750000.0,18525000000.0,48947408435.0,13.0,12.49,-1239000000.0,-0.925,1.0,8618000000.0,1.0,1227000000.0,0.0,232444000000.0,208942000000.0,0.0,187938000000.0,,,224749000000.0,,,68865408435.0,1287000000.0,0.0,171000000.0,16872000000.0,-592000000.0,22599000000.0,-20473000000.0,-20014000000.0,-839000000.0,0.0,2354000000.0,2180000000.0,2180000000.0,0.0,0.0,0.253,4968000000.0,3650000000.0,32530000000.0,0.196,3.717,31.59,31.515,1471000000.0,174000000.0,51.37,7.991,7.981,21225000000.0,14408000000.0,8618000000.0,8618000000.0,0.0,0.009,0.123,0.017,0.424,153000000.0,4252000000.0,1.0,1340576376.0,1339000000,1353000000.0,6.436,242047000000.0,0.0,1296000000.0,0.0,180.767,
4,SCHW,MRY,2016-12-31,2016-12-31,2016-12-31,2021-08-07,-163000000.0,223383000000.0,205442500000.0,,,0.036,12.403,-346000000.0,33002000000.0,33002000000.0,0.0,1889000000.0,,12.603,2876000000.0,,,2876000000.0,0.0,234000000.0,163454000000.0,0.007,0.27,2993000000.0,3227000000.0,0.432,3227000000.0,2993000000.0,2993000000.0,1.32,1.31,1.32,16421000000.0,15348500000.0,16421000000.0,27693279168.0,9.0,8.582,3257000000.0,2.46,1.0,7478000000.0,1.0,1371000000.0,0.0,191886000000.0,177684750000.0,0.0,168420000000.0,,,206962000000.0,,,52324279168.0,-209000000.0,0.0,144000000.0,-7000000.0,-486000000.0,34963000000.0,-38775000000.0,-38390000000.0,3603000000.0,0.0,1889000000.0,1746000000.0,1746000000.0,0.0,0.0,0.233,4485000000.0,2993000000.0,38301000000.0,0.205,3.186,29.968,29.902,1299000000.0,143000000.0,39.47,6.997,6.988,17883000000.0,12649000000.0,7478000000.0,7478000000.0,0.0,0.008,0.114,0.017,0.4,141000000.0,3872000000.0,1.0,1325672135.0,1324000000,1334000000.0,5.648,222012000000.0,0.0,1104000000.0,0.0,167.683,
5,SCHW,MRY,2015-12-31,2015-12-31,2015-12-31,2021-08-07,-134000000.0,183705000000.0,169475750000.0,,,0.038,10.192,-266000000.0,31576000000.0,31576000000.0,0.0,1447000000.0,,12.707,2877000000.0,,,2877000000.0,0.0,224000000.0,129502000000.0,0.007,0.24,2279000000.0,2503000000.0,0.392,2503000000.0,2279000000.0,2279000000.0,1.04,1.03,1.04,13402000000.0,12794750000.0,13402000000.0,18637114344.0,8.0,7.446,980000000.0,0.745,1.0,6380000000.0,1.0,1408000000.0,0.0,153598000000.0,142320000000.0,0.0,130520000000.0,,,170303000000.0,,,43353114344.0,615000000.0,0.0,90000000.0,989000000.0,-387000000.0,27992000000.0,-28623000000.0,-28322000000.0,1246000000.0,0.0,1447000000.0,1364000000.0,1364000000.0,0.0,0.0,0.214,4101000000.0,2279000000.0,35773000000.0,0.231,3.235,31.784,31.663,1145000000.0,83000000.0,32.93,6.795,6.787,17895000000.0,11253000000.0,6380000000.0,6380000000.0,0.0,0.008,0.107,0.016,0.357,135000000.0,3535000000.0,1.0,1316523363.0,1315000000,1327000000.0,4.852,182297000000.0,0.0,832000000.0,0.0,138.629,
6,SCHW,MRY,2014-12-31,2014-12-31,2014-12-31,2021-08-07,165000000.0,154642000000.0,147388250000.0,,,0.041,9.058,-400000000.0,32144000000.0,32144000000.0,0.0,1321000000.0,,12.102,1899000000.0,,,1899000000.0,0.0,199000000.0,102815000000.0,0.008,0.24,2115000000.0,2314000000.0,0.382,2314000000.0,2115000000.0,2115000000.0,0.96,0.95,0.96,11803000000.0,11315250000.0,11803000000.0,12843163755.0,6.0,5.55,1948000000.0,1.495,1.0,6058000000.0,1.0,1454000000.0,0.0,122943000000.0,119255000000.0,0.0,103087000000.0,,,142839000000.0,,,39421163755.0,3635000000.0,0.0,189000000.0,-6000000.0,-373000000.0,9682000000.0,-8395000000.0,-7984000000.0,2348000000.0,0.0,1321000000.0,1261000000.0,1261000000.0,0.0,0.0,0.208,3943000000.0,2115000000.0,36309000000.0,0.25,3.34,31.262,31.448,1039000000.0,60000000.0,30.19,6.507,6.493,16138000000.0,10198000000.0,6058000000.0,6058000000.0,0.0,0.009,0.111,0.018,0.349,115000000.0,3433000000.0,1.0,1305768922.0,1303000000,1315000000.0,4.649,153188000000.0,0.0,794000000.0,0.0,117.566,
7,SCHW,MRY,2013-12-31,2013-12-31,2013-12-31,2021-08-07,9000000.0,143642000000.0,138271000000.0,,,0.039,8.079,-249000000.0,31281000000.0,31281000000.0,0.0,1071000000.0,,12.837,1903000000.0,,,1903000000.0,0.0,202000000.0,92972000000.0,0.009,0.24,1705000000.0,1907000000.0,0.351,1907000000.0,1705000000.0,1705000000.0,0.78,0.78,0.78,10381000000.0,9982500000.0,10381000000.0,4541647174.0,3.0,2.382,1407000000.0,1.095,1.0,5435000000.0,1.0,1493000000.0,0.0,112771000000.0,106216000000.0,0.0,94872000000.0,,,133261000000.0,,,33519647174.0,-4935000000.0,0.0,258000000.0,-31000000.0,-368000000.0,13459000000.0,-20050000000.0,-19803000000.0,1656000000.0,0.0,1071000000.0,1010000000.0,1010000000.0,0.0,0.0,0.186,3730000000.0,1705000000.0,36800000000.0,0.308,3.229,33.188,33.333,790000000.0,61000000.0,26.0,6.167,6.147,14460000000.0,9253000000.0,5435000000.0,5435000000.0,0.0,0.007,0.101,0.016,0.314,116000000.0,3228000000.0,1.0,1289217199.0,1285000000,1293000000.0,4.23,142149000000.0,0.0,634000000.0,0.0,110.622,
8,SCHW,MRY,2012-12-31,2012-12-31,2012-12-31,2021-08-07,298000000.0,133637000000.0,118648250000.0,,,0.041,7.521,-148000000.0,41132000000.0,41132000000.0,0.0,928000000.0,,12.936,1632000000.0,,,1632000000.0,0.0,196000000.0,79377000000.0,0.017,0.24,1450000000.0,1646000000.0,0.337,1646000000.0,1450000000.0,1450000000.0,0.69,0.69,0.69,9589000000.0,9125250000.0,9589000000.0,-13477588110.0,-9.0,-8.188,1118000000.0,0.877,1.0,4883000000.0,1.0,1547000000.0,0.0,92590000000.0,84211500000.0,0.0,75679000000.0,,,124048000000.0,,,18310411890.0,3984000000.0,-80000000.0,35000000.0,-82000000.0,-337000000.0,18978000000.0,-16260000000.0,-16035000000.0,1266000000.0,0.0,928000000.0,883000000.0,883000000.0,0.0,0.0,0.181,3433000000.0,1450000000.0,41398000000.0,0.348,1.91,20.737,20.812,675000000.0,45000000.0,14.36,3.75,3.75,13791000000.0,8554000000.0,4883000000.0,4883000000.0,0.0,0.007,0.097,0.017,0.297,105000000.0,2963000000.0,1.0,1275098321.0,1275000000,1275000000.0,3.83,132090000000.0,0.0,522000000.0,0.0,103.6,
9,SCHW,MRY,2011-12-31,2011-12-31,2011-12-31,2021-08-07,8000000.0,108553000000.0,100978500000.0,,,0.046,6.277,-180000000.0,34713000000.0,34713000000.0,0.0,864000000.0,,13.072,2001000000.0,,,2001000000.0,0.0,155000000.0,60854000000.0,0.021,0.24,1392000000.0,1547000000.0,0.33,1547000000.0,1392000000.0,1392000000.0,0.7,0.7,0.7,7714000000.0,7147500000.0,7714000000.0,-17082946695.0,-12.0,-11.043,2284000000.0,1.858,1.0,4691000000.0,1.0,1487000000.0,0.0,74354000000.0,70170500000.0,0.0,59548000000.0,,,100839000000.0,,,14300053305.0,3748000000.0,54000000.0,96000000.0,-116000000.0,-295000000.0,9951000000.0,-8667000000.0,-8548000000.0,2464000000.0,0.0,864000000.0,864000000.0,864000000.0,0.0,0.0,0.184,3299000000.0,1392000000.0,36587000000.0,0.343,1.854,16.551,16.086,685000000.0,0.0,11.26,3.048,2.95,11302000000.0,7978000000.0,4691000000.0,4691000000.0,0.0,0.009,0.121,0.02,0.297,99000000.0,2868000000.0,1.0,1269986972.0,1229000000,1229000000.0,3.817,107066000000.0,0.0,528000000.0,0.0,87.116,
10,SCHW,MRY,2010-12-31,2010-12-31,2010-12-31,2021-08-07,16000000.0,92568000000.0,85124500000.0,,,0.05,5.214,-129000000.0,27680000000.0,27680000000.0,0.0,454000000.0,,13.868,2006000000.0,,,2006000000.0,0.0,146000000.0,50590000000.0,0.014,0.24,779000000.0,925000000.0,0.218,925000000.0,779000000.0,779000000.0,0.38,0.38,0.38,6226000000.0,5952750000.0,6226000000.0,-3315498891.0,-4.0,-3.584,-138000000.0,-0.116,1.0,4248000000.0,1.0,685000000.0,0.0,66209000000.0,59307500000.0,0.0,51002000000.0,,,86342000000.0,,,20443501109.0,-3310000000.0,-44000000.0,578000000.0,496000000.0,-288000000.0,12109000000.0,-15410000000.0,-15242000000.0,-9000000.0,0.0,454000000.0,454000000.0,454000000.0,0.0,0.0,0.107,3469000000.0,779000000.0,32250000000.0,0.632,3.284,45.03,45.026,624000000.0,0.0,17.11,4.813,4.809,11650000000.0,7409000000.0,4248000000.0,4248000000.0,0.0,0.005,0.076,0.013,0.183,87000000.0,2589000000.0,1.0,1194827651.0,1194000000,1194000000.0,3.558,91883000000.0,0.0,325000000.0,0.0,76.954,
11,SCHW,MRY,2009-12-31,2009-12-31,2009-12-31,2021-08-07,-191000000.0,75431000000.0,65143500000.0,,,0.064,4.373,-140000000.0,26614000000.0,26614000000.0,0.0,787000000.0,,13.869,1512000000.0,,,1512000000.0,0.0,159000000.0,38820000000.0,0.013,0.24,1276000000.0,1435000000.0,0.342,1435000000.0,1276000000.0,1276000000.0,0.68,0.68,0.68,5073000000.0,4722750000.0,5073000000.0,-2167690778.0,-2.0,-1.511,1297000000.0,1.118,1.0,4193000000.0,1.0,528000000.0,0.0,49801000000.0,41089250000.0,0.0,37327000000.0,,,70358000000.0,,,21871309222.0,2799000000.0,0.0,53000000.0,667000000.0,-279000000.0,15419000000.0,-14057000000.0,-13914000000.0,1437000000.0,0.0,787000000.0,787000000.0,787000000.0,0.0,0.0,0.188,2917000000.0,1276000000.0,28619000000.0,0.353,4.311,27.791,27.676,641000000.0,0.0,18.82,5.216,5.207,9187000000.0,7243000000.0,4193000000.0,4193000000.0,0.0,0.012,0.167,0.031,0.304,75000000.0,2534000000.0,1.0,1162131202.0,1160000000,1160000000.0,3.615,74903000000.0,0.0,489000000.0,0.0,64.572,
12,SCHW,MRY,2008-12-31,2008-12-31,2008-12-31,2021-08-07,-553000000.0,51675000000.0,49336500000.0,,,0.104,3.51,-188000000.0,20127000000.0,20127000000.0,0.0,1212000000.0,,11.725,883000000.0,,,883000000.0,0.0,152000000.0,23841000000.0,0.014,0.22,2010000000.0,2162000000.0,0.42,2162000000.0,2010000000.0,2010000000.0,1.06,1.05,1.06,4061000000.0,3894250000.0,4061000000.0,483589029.0,0.0,0.224,-186000000.0,-0.161,1.0,5150000000.0,1.0,528000000.0,0.0,31903000000.0,32280250000.0,0.0,21400000000.0,,,47614000000.0,,,18679589029.0,-1322000000.0,-5000000.0,-219000000.0,-20000000.0,-253000000.0,9577000000.0,-10901000000.0,-10707000000.0,2000000.0,0.0,1212000000.0,1212000000.0,1212000000.0,18000000.0,0.0,0.235,3122000000.0,2028000000.0,21356000000.0,0.208,4.6,15.412,15.255,661000000.0,0.0,16.17,3.627,3.633,7888000000.0,6735000000.0,5150000000.0,5150000000.0,0.0,0.025,0.311,0.062,0.39,19000000.0,2754000000.0,1.0,1155200311.0,1157000000,1157000000.0,4.451,51147000000.0,0.0,798000000.0,0.0,44.207,
13,SCHW,MRY,2007-12-31,2007-12-31,2007-12-31,2021-08-07,-17000000.0,42286000000.0,44469250000.0,,,0.112,3.054,-168000000.0,15567000000.0,15567000000.0,0.0,2407000000.0,,10.331,899000000.0,,,899000000.0,0.0,156000000.0,13822000000.0,0.047,1.2,3140000000.0,3296000000.0,0.66,3296000000.0,3140000000.0,3140000000.0,1.98,1.96,1.98,3732000000.0,4283750000.0,3732000000.0,15902103984.0,5.0,4.825,1578000000.0,1.291,1.0,4994000000.0,1.0,525000000.0,0.0,27093000000.0,30455000000.0,0.0,11688000000.0,,,38554000000.0,,,29547103984.0,2257000000.0,-119000000.0,-2328000000.0,506000000.0,-1500000000.0,144000000.0,367000000.0,588000000.0,1746000000.0,0.0,2407000000.0,2407000000.0,2407000000.0,-1287000000.0,0.0,0.482,3141000000.0,1853000000.0,22212000000.0,0.606,7.917,12.275,12.904,617000000.0,0.0,25.55,5.917,6.252,13039000000.0,5776000000.0,4994000000.0,4994000000.0,0.0,0.054,0.562,0.103,0.629,-50000000.0,2817000000.0,1.0,1156442426.0,1222000000,1222000000.0,4.087,41761000000.0,0.0,733000000.0,0.0,34.174,
14,SCHW,MRY,2006-12-31,2006-12-31,2006-12-31,2021-08-07,-36000000.0,48992000000.0,47655000000.0,,,0.09,3.894,-59000000.0,15369000000.0,15369000000.0,0.0,1227000000.0,,8.783,388000000.0,,,388000000.0,0.0,157000000.0,11020000000.0,0.007,0.135,1812000000.0,1969000000.0,0.457,1969000000.0,1812000000.0,1812000000.0,0.97,0.95,0.97,5008000000.0,4719000000.0,5008000000.0,10922233799.0,6.0,5.547,1701000000.0,1.323,1.0,4309000000.0,1.0,419000000.0,0.0,33592000000.0,32643750000.0,0.0,8750000000.0,,,43984000000.0,,,24422233799.0,2602000000.0,0.0,-615000000.0,-68000000.0,-173000000.0,4082000000.0,-3240000000.0,-2731000000.0,1760000000.0,0.0,1227000000.0,1227000000.0,1227000000.0,-336000000.0,0.0,0.285,2833000000.0,1476000000.0,22119000000.0,0.139,4.877,19.904,19.938,602000000.0,0.0,19.34,5.668,5.772,11577000000.0,4901000000.0,4309000000.0,4309000000.0,0.0,0.026,0.26,0.056,0.421,-25000000.0,2533000000.0,1.0,1262783547.0,1286000000,1286000000.0,3.351,48573000000.0,406000000.0,585000000.0,0.0,37.771,
15,SCHW,MRY,2005-12-31,2005-12-31,2005-12-31,2021-08-07,-33000000.0,47351000000.0,46401000000.0,,,0.078,3.402,-78000000.0,17097000000.0,17097000000.0,0.0,725000000.0,,9.641,462000000.0,,,462000000.0,0.0,179000000.0,6969000000.0,0.006,0.089,1118000000.0,1297000000.0,0.358,1297000000.0,1118000000.0,1118000000.0,0.56,0.55,0.56,4450000000.0,4348000000.0,4450000000.0,2860411002.0,3.0,2.205,699000000.0,0.534,1.0,3619000000.0,1.0,419000000.0,0.0,30297000000.0,28036500000.0,0.0,6158000000.0,,,42901000000.0,,,18916411002.0,-346000000.0,4000000.0,-582000000.0,-56000000.0,-116000000.0,2245000000.0,-3368000000.0,-2230000000.0,777000000.0,0.0,725000000.0,725000000.0,725000000.0,-91000000.0,0.0,0.2,2592000000.0,1027000000.0,26219000000.0,0.159,4.251,26.092,26.196,699000000.0,0.0,14.67,5.227,5.302,11600000000.0,3847000000.0,3619000000.0,3619000000.0,0.0,0.016,0.167,0.04,0.309,47000000.0,2272000000.0,1.0,1289462236.0,1308000000,1308000000.0,2.767,46932000000.0,171000000.0,393000000.0,0.0,35.881,
16,SCHW,MRY,2004-12-31,2004-12-31,2004-12-31,2021-08-07,-5000000.0,47133000000.0,46668250000.0,,,0.073,3.213,-177000000.0,21797000000.0,21797000000.0,0.0,286000000.0,,9.746,1248000000.0,,,1248000000.0,0.0,197000000.0,11118000000.0,0.006,0.074,483000000.0,680000000.0,0.199,680000000.0,483000000.0,483000000.0,0.21,0.21,0.21,4386000000.0,4583750000.0,4386000000.0,-4095171848.0,-8.0,-6.022,416000000.0,0.305,1.0,3416000000.0,1.0,964000000.0,0.0,25620000000.0,24543000000.0,0.0,12177000000.0,,,42747000000.0,,,16109828152.0,-315000000.0,270000000.0,-314000000.0,-179000000.0,-101000000.0,1883000000.0,-2791000000.0,-1676000000.0,593000000.0,0.0,286000000.0,286000000.0,286000000.0,64000000.0,0.0,0.084,2869000000.0,547000000.0,28985000000.0,0.352,3.673,56.328,56.952,903000000.0,0.0,11.96,4.716,4.779,10323000000.0,3258000000.0,3416000000.0,3416000000.0,0.0,0.006,0.062,0.02,0.141,42000000.0,2361000000.0,1.0,1346975598.0,1365000000,1365000000.0,2.503,46169000000.0,0.0,197000000.0,0.0,33.823,
17,SCHW,MRY,2003-12-31,2003-12-31,2003-12-31,2021-08-07,-13000000.0,45866000000.0,42975500000.0,,,0.091,3.271,-147000000.0,24126000000.0,24126000000.0,0.0,472000000.0,,9.282,1768000000.0,,,1768000000.0,0.0,277000000.0,8308000000.0,0.004,0.05,713000000.0,990000000.0,0.254,990000000.0,713000000.0,713000000.0,0.35,0.35,0.35,4461000000.0,4252000000.0,4461000000.0,-6693944350.0,-9.0,-6.762,-58000000.0,-0.043,1.0,3896000000.0,1.0,951000000.0,0.0,22557000000.0,19599750000.0,0.0,9699000000.0,,,41405000000.0,,,16062055650.0,-194000000.0,-304000000.0,2000000.0,388000000.0,-68000000.0,3399000000.0,-3682000000.0,-3231000000.0,89000000.0,0.0,472000000.0,472000000.0,472000000.0,4000000.0,0.0,0.121,3179000000.0,717000000.0,29969000000.0,0.143,3.601,34.03,33.829,943000000.0,0.0,11.84,4.123,4.145,9057000000.0,3125000000.0,3896000000.0,3896000000.0,0.0,0.011,0.111,0.036,0.183,29000000.0,2637000000.0,1.0,1356592538.0,1364000000,1364000000.0,2.856,44915000000.0,0.0,241000000.0,0.0,32.929,
18,SCHW,MRY,2002-12-31,2002-12-31,2002-12-31,2021-08-07,-18000000.0,39705000000.0,38434250000.0,,,0.103,2.917,-154000000.0,24119000000.0,24119000000.0,0.0,109000000.0,,8.899,1150000000.0,,,1150000000.0,0.0,309000000.0,5231000000.0,0.004,0.044,209000000.0,518000000.0,0.131,518000000.0,209000000.0,209000000.0,0.08,0.08,0.08,4011000000.0,4191750000.0,4011000000.0,-5727425743.0,-27.0,-11.057,40000000.0,0.029,1.0,3944000000.0,1.0,609000000.0,0.0,16127000000.0,17919000000.0,0.0,6271000000.0,,,35694000000.0,,,14578574257.0,-1392000000.0,26000000.0,-265000000.0,-169000000.0,-60000000.0,-711000000.0,-733000000.0,-605000000.0,194000000.0,0.0,109000000.0,109000000.0,109000000.0,52000000.0,0.0,0.028,3695000000.0,249000000.0,28011000000.0,0.55,3.635,133.748,135.625,868000000.0,0.0,10.85,3.696,3.783,7067000000.0,2769000000.0,3944000000.0,3944000000.0,0.0,0.003,0.026,0.012,0.053,31000000.0,2821000000.0,1.0,1343647397.0,1375000000,1375000000.0,2.868,39096000000.0,0.0,100000000.0,0.0,28.433,
19,SCHW,MRY,2001-12-31,2001-12-31,2001-12-31,2021-08-07,-37000000.0,40464000000.0,37683000000.0,,,0.114,2.976,-301000000.0,22148000000.0,22148000000.0,0.0,199000000.0,,8.72,1308000000.0,,,1308000000.0,0.0,394000000.0,5448000000.0,0.003,0.046,270000000.0,664000000.0,0.155,664000000.0,270000000.0,270000000.0,0.14,0.14,0.14,4163000000.0,4242250000.0,4163000000.0,3475135353.0,13.0,5.234,-887000000.0,-0.634,1.0,4292000000.0,1.0,628000000.0,0.0,18996000000.0,19717500000.0,0.0,5746000000.0,,,36301000000.0,,,21142135353.0,-469000000.0,270000000.0,-338000000.0,184000000.0,-61000000.0,924000000.0,-807000000.0,-776000000.0,-586000000.0,0.0,199000000.0,199000000.0,199000000.0,28000000.0,0.0,0.046,4115000000.0,177000000.0,28218000000.0,0.329,5.079,106.242,110.5,1058000000.0,0.0,15.47,4.926,5.043,10066000000.0,2794000000.0,4292000000.0,4292000000.0,0.0,0.005,0.047,0.014,0.063,69000000.0,3125000000.0,1.0,1366653869.0,1399000000,1399000000.0,3.068,39836000000.0,0.0,71000000.0,0.0,28.475,
20,SCHW,MRY,2000-12-31,2000-12-31,2000-12-31,2021-08-07,-14000000.0,38154000000.0,35582118250.0,,,0.163,3.013,-705000000.0,14301000000.0,14301000000.0,0.0,718000000.0,,8.02,1109000000.0,,,1109000000.0,0.0,308000000.0,4209000000.0,0.001,0.041,1231000000.0,1539000000.0,0.266,1539000000.0,1231000000.0,1231000000.0,0.53,0.51,0.53,4230000000.0,3803344500.0,4230000000.0,32904974686.0,27.0,21.381,2211000000.0,1.575,1.0,5788000000.0,1.0,605000000.0,0.0,24357000000.0,26453540500.0,0.0,4765000000.0,,,33924000000.0,,,39268198686.0,1966000000.0,-35000000.0,85000000.0,450000000.0,-62000000.0,477000000.0,-1423000000.0,-683000000.0,2916000000.0,-4000000.0,718000000.0,718000000.0,718000000.0,0.0,0.0,0.124,4557000000.0,1231000000.0,27329000000.0,0.077,9.283,54.691,53.547,1133000000.0,0.0,28.38,6.784,6.884,16680000000.0,2713000000.0,5788000000.0,5788000000.0,0.0,0.02,0.189,0.047,0.213,412000000.0,3769000000.0,1.0,1383657459.0,1404000000,1404000000.0,4.123,37549000000.0,0.0,513000000.0,0.0,26.744,
21,SCHW,MRY,1999-12-31,1999-12-31,1999-12-31,2021-08-07,-8920000.0,34322112000.0,26600368500.0,,,0.169,1.876,-370000000.0,11438572000.0,11438572000.0,0.0,666000000.0,,12.325,659157000.0,,,659157000.0,0.0,181000000.0,4204943000.0,0.001,0.037,1099000000.0,1280000000.0,0.285,1280000000.0,1099000000.0,1099000000.0,0.51,0.49,0.51,2575776000.0,2066311000.0,2575776000.0,21789348103.0,20.0,17.023,724000000.0,0.527,1.0,4486000000.0,1.0,53723000.0,0.0,23488974000.0,16906909000.0,0.0,4022425000.0,,,31746336000.0,,,31363806103.0,980000000.0,-26000000.0,12000000.0,99000000.0,-61000000.0,840000000.0,-956000000.0,-560000000.0,1094000000.0,2000000.0,666000000.0,666000000.0,666000000.0,0.0,0.0,0.148,3387000000.0,1099000000.0,25639115000.0,0.073,12.176,47.093,50.0,678208000.0,0.0,25.5,6.991,7.805,17544469000.0,2144683000.0,4486000000.0,4486000000.0,0.0,0.025,0.322,0.065,0.245,250000000.0,2906000000.0,1.0,1229953180.0,1373000000,1373000000.0,3.267,34268389000.0,0.0,433000000.0,0.0,24.959,
22,SCHW,MRY,1998-12-31,1998-12-31,1998-12-31,2021-08-07,1308000.0,22264390000.0,19392270500.0,,,0.164,1.064,-199168000.0,11398871000.0,11398871000.0,0.0,410129000.0,,14.585,351000000.0,,,351000000.0,0.0,158550000.0,0.0,0.002,0.036,677638000.0,836188000.0,0.263,836188000.0,677638000.0,677638000.0,0.32,0.31,0.32,1428622000.0,1281628000.0,1428622000.0,14092166298.0,21.0,16.853,575390000.0,0.428,1.0,3177870000.0,1.0,46274000.0,0.0,11170245000.0,10390373750.0,0.0,242115000.0,,,20835768000.0,,,22528056298.0,421667000.0,-23584000.0,-172338000.0,-53193000.0,-56041000.0,59317000.0,-412048000.0,-189296000.0,774558000.0,-160000.0,410129000.0,410129000.0,410129000.0,0.0,0.0,0.129,2500232000.0,677638000.0,19866519000.0,0.113,15.769,54.929,58.531,396163000.0,0.0,18.73,7.089,7.915,9980474000.0,1254953000.0,3177870000.0,3177870000.0,0.0,0.021,0.32,0.065,0.213,101480000.0,2100938000.0,1.0,1202779300.0,1342895000,1342895000.0,2.366,22218116000.0,0.0,267509000.0,0.0,16.545,
23,SCHW,MRY,1997-12-31,1997-12-31,1997-12-31,2021-08-07,920000.0,16481707000.0,15130237500.0,,,0.152,0.934,-139416000.0,7571471000.0,7571471000.0,0.0,270277000.0,,13.393,361049000.0,,,361049000.0,0.0,124682000.0,0.0,0.003,0.031,447247000.0,571929000.0,0.249,571929000.0,447247000.0,447247000.0,0.227,0.22,0.227,1145117000.0,999836000.0,1145117000.0,,,,128661000.0,0.105,1.0,2298750000.0,1.0,55854000.0,0.0,9215431000.0,7669902500.0,0.0,282569000.0,,,15336590000.0,,,11229117137.0,164130000.0,-1200000.0,-3704000.0,77351000.0,-37091000.0,36556000.0,-140616000.0,0.0,268077000.0,113000.0,270277000.0,270277000.0,270277000.0,0.0,0.0,0.118,1851503000.0,447247000.0,14497509000.0,0.137,9.806,41.547,41.057,342273000.0,0.0,9.32,4.885,4.973,8018583000.0,955496000.0,2298750000.0,2298750000.0,0.0,0.018,0.27,0.058,0.195,24385000.0,1497877000.0,1.0,1204840894.0,1226589000,1226589000.0,1.874,16425853000.0,0.0,176970000.0,0.0,13.391,
24,SCHW,MRY,1996-12-31,1996-12-31,1996-12-31,2021-08-07,3280000.0,13778768000.0,,,,,0.706,-159812000.0,7869288000.0,7869288000.0,0.0,233803000.0,,15.124,283816000.0,,,283816000.0,0.0,98342000.0,0.0,0.006,0.027,394063000.0,492405000.0,0.266,492405000.0,394063000.0,394063000.0,0.2,0.193,0.2,854555000.0,,854555000.0,,,,197866000.0,0.163,1.0,1850922000.0,1.0,68922000.0,0.0,6124374000.0,,0.0,127866000.0,,,12924213000.0,,,,178321000.0,-4709000.0,-20332000.0,36541000.0,-31495000.0,-15286000.0,-164521000.0,0.0,357678000.0,450000.0,233803000.0,233803000.0,233803000.0,0.0,0.0,0.126,1456859000.0,394063000.0,12279714000.0,0.135,,,23.704,315376000.0,0.0,4.741,,3.102,5243758000.0,723085000.0,1850922000.0,1850922000.0,0.0,,,,0.213,26693000.0,1197669000.0,1.0,,1210956000,1210956000.0,1.528,13709846000.0,0.0,160260000.0,0.0,11.322,
25,SCHW,MRY,1995-12-31,1995-12-31,1995-12-31,2021-08-07,,,,,,,,-165630000.0,,,0.0,172604000.0,,,,,,,,68793000.0,,0.007,0.021,277104000.0,345897000.0,0.244,345897000.0,277104000.0,277104000.0,0.149,0.142,0.149,,,,,,,86998000.0,0.072,1.0,1419903000.0,1.0,,0.0,,,,,,,,,,,53965000.0,-68244000.0,-5722000.0,67219000.0,-24249000.0,75545000.0,-273502000.0,0.0,252628000.0,-706000.0,172604000.0,172604000.0,172604000.0,0.0,0.0,0.122,1142799000.0,277104000.0,,0.141,,,20.015,,0.0,2.982,,2.53,,,1419903000.0,1419903000.0,0.0,,,,0.195,3307000.0,927712000.0,1.0,,1204713000,1204713000.0,1.179,,,104500000.0,,,
0,SCHW,MRQ,2021-06-30,2021-06-30,2021-06-30,2021-08-07,2408000000.0,574532000000.0,,,,,30.461,-239000000.0,70256000000.0,70256000000.0,0.0,1265000000.0,,9.001,22208000000.0,,,22208000000.0,0.0,289000000.0,368638000000.0,0.01,0.18,1719000000.0,2008000000.0,0.444,2008000000.0,1719000000.0,1719000000.0,0.59,0.59,0.59,57450000000.0,,57450000000.0,68937876579.0,11.0,9.827,-833000000.0,-0.442,1.0,4527000000.0,1.0,21638000000.0,0.0,504846000000.0,,0.0,388517000000.0,,,517082000000.0,,,137344876579.0,-18709000000.0,0.0,47000000.0,2019000000.0,-455000000.0,-254000000.0,-17861000000.0,-17612000000.0,-594000000.0,0.0,1265000000.0,1117000000.0,1117000000.0,0.0,0.0,0.247,2808000000.0,1719000000.0,105012000000.0,0.305,2.391,32.936,30.464,3136000000.0,148000000.0,72.81,8.657,8.655,82245000000.0,23809000000.0,4527000000.0,4527000000.0,0.0,,,,,59000000.0,2098000000.0,1.0,1886346334.0,1886000000,1896000000.0,2.4,552894000000.0,0.0,454000000.0,0.0,293.157,
1,SCHW,MRQ,2021-03-31,2021-03-31,2021-03-31,2021-08-07,878000000.0,563457000000.0,,,,,29.54,-186000000.0,88605000000.0,88605000000.0,0.0,1484000000.0,,9.135,20198000000.0,,,20198000000.0,0.0,283000000.0,369898000000.0,0.011,0.18,1960000000.0,2243000000.0,0.476,2243000000.0,1960000000.0,1960000000.0,0.74,0.73,0.74,55594000000.0,,55594000000.0,45576159303.0,9.0,7.591,-4928000000.0,-2.618,1.0,4715000000.0,1.0,21790000000.0,0.0,473260000000.0,,0.0,367427000000.0,,,507863000000.0,,,122691159303.0,2879000000.0,0.0,97000000.0,6470000000.0,-445000000.0,20779000000.0,-13158000000.0,-12934000000.0,-4742000000.0,0.0,1484000000.0,1388000000.0,1388000000.0,0.0,0.0,0.294,2755000000.0,1960000000.0,101339000000.0,0.243,2.207,33.394,28.588,3054000000.0,96000000.0,65.18,8.898,8.896,74711000000.0,23029000000.0,4715000000.0,4715000000.0,0.0,,,,,100000000.0,2156000000.0,1.0,1882343653.0,1882000000,1892000000.0,2.505,541667000000.0,0.0,476000000.0,0.0,287.815,
2,SCHW,MRQ,2020-12-31,2020-12-31,2020-12-31,2021-08-07,5394000000.0,549009000000.0,,,,,39.23,-166000000.0,90747000000.0,90747000000.0,0.0,1135000000.0,,8.793,13632000000.0,,,13632000000.0,0.0,277000000.0,358022000000.0,0.014,0.18,1476000000.0,1753000000.0,0.42,1753000000.0,1476000000.0,1476000000.0,0.58,0.58,0.58,56060000000.0,,56060000000.0,50321874209.0,12.0,10.261,13091000000.0,9.161,1.0,4176000000.0,1.0,21943000000.0,0.0,449951000000.0,,0.0,361213000000.0,,,492949000000.0,,,99529874209.0,32198000000.0,11992000000.0,44000000.0,1981000000.0,-406000000.0,41347000000.0,-22406000000.0,-34389000000.0,13257000000.0,0.0,1135000000.0,1050000000.0,1050000000.0,0.0,0.0,0.251,2700000000.0,1476000000.0,104201000000.0,0.31,1.775,32.708,24.901,2883000000.0,85000000.0,53.04,8.513,6.483,64440000000.0,21975000000.0,4176000000.0,4176000000.0,0.0,,,,,80000000.0,2171000000.0,1.0,1876505924.0,1429000000,1435000000.0,2.922,527066000000.0,0.0,341000000.0,0.0,368.836,
3,SCHW,MRQ,2020-09-30,2020-09-30,2020-09-30,2021-08-07,5686000000.0,419355000000.0,,,,,24.306,-130000000.0,57044000000.0,57044000000.0,0.0,698000000.0,,12.385,7836000000.0,,,7836000000.0,0.0,122000000.0,320717000000.0,0.02,0.18,889000000.0,1011000000.0,0.413,1011000000.0,889000000.0,889000000.0,0.48,0.48,0.48,31331000000.0,,31331000000.0,-11548504615.0,-3.0,-2.651,-210000000.0,-0.163,1.0,2448000000.0,1.0,2995000000.0,0.0,367152000000.0,,0.0,326044000000.0,,,388024000000.0,,,46687495385.0,-7951000000.0,-12000000.0,6000000.0,-700000000.0,-327000000.0,18129000000.0,-26000000000.0,-25817000000.0,-80000000.0,0.0,698000000.0,615000000.0,615000000.0,0.0,0.0,0.251,1559000000.0,889000000.0,52006000000.0,0.375,1.49,16.71,16.619,2346000000.0,83000000.0,36.23,4.613,4.614,25441000000.0,21261000000.0,2448000000.0,2448000000.0,0.0,,,,,33000000.0,1328000000.0,1.0,1288641882.0,1289000000,1294000000.0,1.899,416360000000.0,0.0,191000000.0,0.0,323.01,
4,SCHW,MRQ,2020-06-30,2020-06-30,2020-06-30,2021-08-07,5611000000.0,400484000000.0,,,,,23.925,-179000000.0,66762000000.0,66762000000.0,0.0,671000000.0,,11.996,8526000000.0,,,8526000000.0,0.0,109000000.0,301566000000.0,0.021,0.18,888000000.0,997000000.0,0.407,997000000.0,888000000.0,888000000.0,0.48,0.48,0.48,30815000000.0,,30815000000.0,-50807687978.0,-12.0,-10.88,-16622000000.0,-12.905,1.0,2450000000.0,1.0,3011000000.0,0.0,339237000000.0,,0.0,302087000000.0,,,369669000000.0,,,43437312022.0,-48394000000.0,2768000000.0,6000000.0,0.0,-266000000.0,26298000000.0,-58249000000.0,-60759000000.0,-16443000000.0,0.0,671000000.0,621000000.0,621000000.0,0.0,0.0,0.253,1562000000.0,888000000.0,50135000000.0,0.375,1.41,14.048,14.058,2314000000.0,50000000.0,33.74,4.183,4.185,21421000000.0,20876000000.0,2450000000.0,2450000000.0,0.0,,,,,35000000.0,1317000000.0,1.0,1287412923.0,1288000000,1294000000.0,1.902,397473000000.0,0.0,217000000.0,0.0,308.597,
5,SCHW,MRQ,2020-03-31,2020-03-31,2020-03-31,2021-08-07,3995000000.0,370779000000.0,,,,,20.412,-156000000.0,102767000000.0,102767000000.0,0.0,795000000.0,,13.114,8522000000.0,,,8522000000.0,0.0,96000000.0,277477000000.0,0.021,0.18,1047000000.0,1143000000.0,0.437,1143000000.0,1047000000.0,1047000000.0,0.59,0.58,0.59,26270000000.0,,26270000000.0,844575162.0,0.0,0.169,9962000000.0,7.74,1.0,2617000000.0,1.0,1227000000.0,0.0,275307000000.0,,0.0,240753000000.0,,,344509000000.0,,,43242575162.0,49130000000.0,0.0,23000000.0,1089000000.0,-281000000.0,58208000000.0,-19196000000.0,-19018000000.0,10118000000.0,0.0,795000000.0,757000000.0,757000000.0,0.0,0.0,0.289,1570000000.0,1047000000.0,49251000000.0,0.305,1.646,12.877,12.981,2291000000.0,38000000.0,33.62,4.074,4.076,19001000000.0,20487000000.0,2617000000.0,2617000000.0,0.0,,,,,56000000.0,1363000000.0,1.0,1286215799.0,1287000000,1294000000.0,2.033,369552000000.0,0.0,252000000.0,0.0,287.142,
6,SCHW,MRQ,2019-12-31,2019-12-31,2019-12-31,2021-08-07,88000000.0,294005000000.0,,,,,16.935,-193000000.0,49828000000.0,49828000000.0,0.0,852000000.0,,12.521,7430000000.0,,,7430000000.0,0.0,94000000.0,220094000000.0,0.014,0.17,1112000000.0,1206000000.0,0.463,1206000000.0,1112000000.0,1112000000.0,0.63,0.62,0.63,21745000000.0,,21745000000.0,31996609670.0,7.0,6.157,4111000000.0,3.202,1.0,2606000000.0,1.0,1355000000.0,0.0,250252000000.0,,0.0,214340000000.0,,,272260000000.0,,,60985609670.0,13293000000.0,0.0,-203000000.0,0.0,-252000000.0,10284000000.0,-1295000000.0,-1064000000.0,4304000000.0,0.0,852000000.0,801000000.0,801000000.0,0.0,0.0,0.307,1494000000.0,1112000000.0,39220000000.0,0.27,2.805,17.296,17.68,2128000000.0,51000000.0,47.56,5.688,5.816,21767000000.0,19960000000.0,2606000000.0,2606000000.0,0.0,,,,,52000000.0,1299000000.0,1.0,1282287840.0,1284000000,1293000000.0,2.03,292650000000.0,0.0,260000000.0,0.0,227.921,
7,SCHW,MRQ,2019-09-30,2019-09-30,2019-09-30,2021-08-07,144000000.0,278987000000.0,,,,,16.426,-205000000.0,36416000000.0,36416000000.0,0.0,951000000.0,,12.065,7427000000.0,,,7427000000.0,0.0,88000000.0,209327000000.0,0.015,0.17,1236000000.0,1324000000.0,0.488,1324000000.0,1236000000.0,1236000000.0,0.7,0.7,0.7,21354000000.0,,21354000000.0,23758469575.0,5.0,4.499,5197000000.0,3.998,1.0,2711000000.0,1.0,1227000000.0,0.0,248771000000.0,,0.0,214069000000.0,,,257633000000.0,,,54679469575.0,-1898000000.0,0.0,-792000000.0,0.0,-271000000.0,-111000000.0,-7189000000.0,-6957000000.0,5402000000.0,0.0,951000000.0,913000000.0,913000000.0,0.0,0.0,0.337,1475000000.0,1236000000.0,37358000000.0,0.243,2.561,15.147,15.379,2017000000.0,38000000.0,41.83,5.07,5.043,22386000000.0,19374000000.0,2711000000.0,2711000000.0,0.0,,,,,36000000.0,1303000000.0,1.0,1307183112.0,1300000000,1308000000.0,2.085,277760000000.0,0.0,285000000.0,0.0,213.662,
8,SCHW,MRQ,2019-06-30,2019-06-30,2019-06-30,2021-08-07,99000000.0,276321000000.0,,,,,16.054,-171000000.0,38345000000.0,38345000000.0,0.0,937000000.0,,11.961,7424000000.0,,,7424000000.0,0.0,84000000.0,208375000000.0,0.015,0.17,1236000000.0,1320000000.0,0.492,1320000000.0,1236000000.0,1236000000.0,0.67,0.66,0.67,21320000000.0,,21320000000.0,14001027625.0,3.0,2.665,2043000000.0,1.538,1.0,2681000000.0,1.0,1227000000.0,0.0,244173000000.0,,0.0,210151000000.0,,,255001000000.0,,,53654027625.0,-7506000000.0,0.0,-1133000000.0,593000000.0,-261000000.0,-11883000000.0,2163000000.0,2350000000.0,2214000000.0,0.0,937000000.0,887000000.0,887000000.0,0.0,0.0,0.331,1445000000.0,1236000000.0,35635000000.0,0.254,2.517,14.979,14.996,1909000000.0,50000000.0,40.19,5.037,5.011,21891000000.0,18680000000.0,2681000000.0,2681000000.0,0.0,,,,,39000000.0,1257000000.0,1.0,1335009396.0,1328000000,1337000000.0,2.019,275094000000.0,0.0,299000000.0,0.0,207.149,
9,SCHW,MRQ,2019-03-31,2019-03-31,2019-03-31,2021-08-07,-71000000.0,282815000000.0,,,,,16.223,-139000000.0,46482000000.0,46482000000.0,0.0,964000000.0,,12.078,6829000000.0,,,6829000000.0,0.0,83000000.0,219454000000.0,0.012,0.17,1264000000.0,1347000000.0,0.495,1347000000.0,1264000000.0,1264000000.0,0.69,0.69,0.69,21625000000.0,,21625000000.0,22371527386.0,5.0,4.352,-2734000000.0,-2.051,1.0,2723000000.0,1.0,1227000000.0,0.0,241935000000.0,,0.0,209456000000.0,,,261190000000.0,,,56994527386.0,3461000000.0,0.0,26000000.0,0.0,-276000000.0,-12229000000.0,18285000000.0,18399000000.0,-2595000000.0,0.0,964000000.0,925000000.0,925000000.0,0.0,0.0,0.34,1259000000.0,1464000000.0,31303000000.0,0.246,2.636,16.247,16.383,1813000000.0,39000000.0,42.76,5.45,5.451,21145000000.0,18017000000.0,2723000000.0,2723000000.0,0.0,,,,,56000000.0,1082000000.0,1.0,1332893531.0,1333000000,1344000000.0,2.043,281588000000.0,0.0,300000000.0,0.0,211.244,
10,SCHW,MRQ,2018-12-31,2018-12-31,2018-12-31,2021-08-07,-252000000.0,296482000000.0,,,,,15.368,-170000000.0,41501000000.0,41501000000.0,0.0,935000000.0,,13.344,6878000000.0,,,6878000000.0,0.0,80000000.0,231423000000.0,0.011,0.13,1210000000.0,1290000000.0,0.483,1290000000.0,1210000000.0,1210000000.0,0.66,0.66,0.66,20670000000.0,,20670000000.0,31557304826.0,7.0,6.483,7631000000.0,5.674,1.0,2669000000.0,1.0,1227000000.0,0.0,260632000000.0,,0.0,227196000000.0,,,275812000000.0,,,56084304826.0,11133000000.0,0.0,-983000000.0,1085000000.0,-208000000.0,17867000000.0,-14535000000.0,-14343000000.0,7801000000.0,0.0,935000000.0,885000000.0,885000000.0,0.0,0.0,0.332,1459000000.0,1210000000.0,32726000000.0,0.197,2.713,16.847,16.814,1769000000.0,50000000.0,41.53,5.535,5.525,21651000000.0,17329000000.0,2669000000.0,2669000000.0,0.0,,,,,84000000.0,1267000000.0,1.0,1350452801.0,1345000000,1355000000.0,1.984,295255000000.0,0.0,275000000.0,0.0,219.52,
11,SCHW,MRQ,2018-09-30,2018-09-30,2018-09-30,2021-08-07,-304000000.0,272102000000.0,,,,,15.421,-147000000.0,30317000000.0,30317000000.0,0.0,923000000.0,,12.06,5790000000.0,,,5790000000.0,0.0,78000000.0,213408000000.0,0.008,0.13,1219000000.0,1297000000.0,0.503,1297000000.0,1219000000.0,1219000000.0,0.66,0.65,0.66,20834000000.0,,20834000000.0,47931735784.0,11.0,10.42,1128000000.0,0.835,1.0,2579000000.0,1.0,1227000000.0,0.0,246348000000.0,,0.0,213574000000.0,,,251268000000.0,,,66404735784.0,8176000000.0,0.0,9000000.0,-2000000.0,-225000000.0,13267000000.0,-6366000000.0,-6196000000.0,1275000000.0,0.0,923000000.0,885000000.0,885000000.0,0.0,0.0,0.343,1360000000.0,1219000000.0,29373000000.0,0.197,3.187,22.179,22.14,1683000000.0,38000000.0,49.15,6.842,6.842,23209000000.0,16615000000.0,2579000000.0,2579000000.0,0.0,,,,,30000000.0,1154000000.0,1.0,1351062783.0,1351000000,1364000000.0,1.909,270875000000.0,0.0,296000000.0,0.0,200.5,
12,SCHW,MRQ,2018-06-30,2018-06-30,2018-06-30,2021-08-07,-278000000.0,261882000000.0,,,,,14.887,-131000000.0,24262000000.0,24262000000.0,0.0,866000000.0,,12.031,5789000000.0,,,5789000000.0,0.0,75000000.0,199922000000.0,0.007,0.1,1131000000.0,1206000000.0,0.485,1206000000.0,1131000000.0,1131000000.0,0.6,0.6,0.6,20097000000.0,,20097000000.0,46103355544.0,11.0,10.679,3001000000.0,2.223,1.0,2486000000.0,1.0,1320000000.0,0.0,242089000000.0,,0.0,209408000000.0,,,241785000000.0,,,68943355544.0,1293000000.0,0.0,50000000.0,1659000000.0,-170000000.0,11276000000.0,-13115000000.0,-12973000000.0,3132000000.0,0.0,866000000.0,813000000.0,813000000.0,0.0,0.0,0.327,1355000000.0,1131000000.0,33666000000.0,0.167,3.431,25.687,25.678,1599000000.0,53000000.0,51.1,7.42,7.425,23376000000.0,15903000000.0,2486000000.0,2486000000.0,0.0,,,,,33000000.0,1158000000.0,1.0,1349185040.0,1350000000,1364000000.0,1.841,260562000000.0,0.0,265000000.0,0.0,193.009,
13,SCHW,MRQ,2018-03-31,2018-03-31,2018-03-31,2021-08-07,-260000000.0,248320000000.0,,,,,14.35,-122000000.0,26968000000.0,26968000000.0,0.0,783000000.0,,11.846,4128000000.0,,,4128000000.0,0.0,73000000.0,190184000000.0,0.007,0.1,1002000000.0,1075000000.0,0.448,1075000000.0,1002000000.0,1002000000.0,0.55,0.55,0.55,19330000000.0,,19330000000.0,60709846118.0,16.0,14.858,126000000.0,0.094,1.0,2398000000.0,1.0,1328000000.0,0.0,224152000000.0,,0.0,194399000000.0,,,228990000000.0,,,70312846118.0,-1535000000.0,0.0,49000000.0,-15627000000.0,-184000000.0,4756000000.0,-6539000000.0,-6377000000.0,248000000.0,0.0,783000000.0,746000000.0,746000000.0,0.0,0.0,0.311,1396000000.0,1002000000.0,32210000000.0,0.182,3.637,29.285,29.173,1540000000.0,37000000.0,52.22,7.869,7.872,22047000000.0,15222000000.0,2398000000.0,2398000000.0,0.0,,,,,50000000.0,1183000000.0,1.0,1346473499.0,1347000000,1362000000.0,1.78,246992000000.0,0.0,219000000.0,0.0,183.365,
14,SCHW,MRQ,2017-12-31,2017-12-31,2017-12-31,2021-08-07,-152000000.0,243274000000.0,,,,,13.804,-133000000.0,29356000000.0,29356000000.0,0.0,597000000.0,,12.132,19753000000.0,,,19753000000.0,0.0,69000000.0,169656000000.0,0.006,0.08,953000000.0,1022000000.0,0.456,1022000000.0,953000000.0,953000000.0,0.41,0.4,0.41,18525000000.0,,18525000000.0,48947408435.0,13.0,12.49,-3423000000.0,-2.551,1.0,2242000000.0,1.0,1227000000.0,0.0,232444000000.0,,0.0,187938000000.0,,,224749000000.0,,,68865408435.0,-761000000.0,0.0,73000000.0,11485000000.0,-136000000.0,15771000000.0,-13242000000.0,-13102000000.0,-3290000000.0,0.0,597000000.0,550000000.0,550000000.0,0.0,0.0,0.245,1289000000.0,953000000.0,32530000000.0,0.195,3.717,31.59,31.515,1471000000.0,47000000.0,51.37,7.991,7.981,21225000000.0,14408000000.0,2242000000.0,2242000000.0,0.0,,,,,42000000.0,1098000000.0,1.0,1340576376.0,1342000000,1356000000.0,1.671,242047000000.0,0.0,356000000.0,0.0,180.363,
15,SCHW,MRQ,2017-09-30,2017-09-30,2017-09-30,2021-08-07,-106000000.0,230714000000.0,,,,,13.463,-103000000.0,28186000000.0,28186000000.0,0.0,618000000.0,,11.798,8268000000.0,,,8268000000.0,0.0,69000000.0,165263000000.0,0.007,0.08,945000000.0,1014000000.0,0.468,1014000000.0,945000000.0,945000000.0,0.43,0.42,0.43,18027000000.0,,18027000000.0,34333085880.0,10.0,9.078,3206000000.0,2.394,1.0,2165000000.0,1.0,1342000000.0,0.0,209454000000.0,,0.0,179097000000.0,,,212687000000.0,,,58573085880.0,4668000000.0,0.0,27000000.0,4448000000.0,-163000000.0,7273000000.0,-5914000000.0,-5773000000.0,3309000000.0,0.0,618000000.0,575000000.0,575000000.0,0.0,0.0,0.266,1220000000.0,945000000.0,36907000000.0,0.186,3.249,27.786,27.684,1392000000.0,43000000.0,43.74,7.016,7.016,19126000000.0,13963000000.0,2165000000.0,2165000000.0,0.0,,,,,27000000.0,1044000000.0,1.0,1339119476.0,1339000000,1353000000.0,1.617,229372000000.0,0.0,327000000.0,0.0,171.301,
16,SCHW,MRQ,2017-06-30,2017-06-30,2017-06-30,2021-08-07,-112000000.0,220601000000.0,,,,,13.071,-84000000.0,28058000000.0,28058000000.0,0.0,575000000.0,,11.614,3818000000.0,,,3818000000.0,0.0,66000000.0,162300000000.0,0.007,0.08,909000000.0,975000000.0,0.458,975000000.0,909000000.0,909000000.0,0.4,0.39,0.4,17489000000.0,,17489000000.0,30605227837.0,9.0,8.45,635000000.0,0.475,1.0,2130000000.0,1.0,1352000000.0,0.0,195009000000.0,,0.0,169521000000.0,,,203112000000.0,,,57443227837.0,-24000000.0,0.0,13000000.0,-302000000.0,-135000000.0,-5013000000.0,4270000000.0,4362000000.0,719000000.0,0.0,575000000.0,530000000.0,530000000.0,0.0,0.0,0.249,1221000000.0,909000000.0,34973000000.0,0.2,3.285,28.679,28.45,1335000000.0,45000000.0,42.96,7.094,7.099,18903000000.0,13495000000.0,2130000000.0,2130000000.0,0.0,,,,,32000000.0,1043000000.0,1.0,1337132864.0,1338000000,1351000000.0,1.592,219249000000.0,0.0,334000000.0,0.0,163.863,
17,SCHW,MRQ,2017-03-31,2017-03-31,2017-03-31,2021-08-07,-132000000.0,227061000000.0,,,,,12.711,-80000000.0,30956000000.0,30956000000.0,0.0,564000000.0,,12.371,4118000000.0,,,4118000000.0,0.0,65000000.0,166889000000.0,0.007,0.08,843000000.0,908000000.0,0.436,908000000.0,843000000.0,843000000.0,0.39,0.39,0.39,16982000000.0,,16982000000.0,24354095419.0,8.0,7.113,-1657000000.0,-1.24,1.0,2081000000.0,1.0,1362000000.0,0.0,198861000000.0,,0.0,174671000000.0,,,210079000000.0,,,54480095419.0,-2596000000.0,0.0,58000000.0,1241000000.0,-158000000.0,4568000000.0,-5587000000.0,-5501000000.0,-1577000000.0,0.0,564000000.0,525000000.0,525000000.0,0.0,0.0,0.252,1238000000.0,843000000.0,36910000000.0,0.205,3.208,28.994,28.739,1305000000.0,39000000.0,40.81,6.989,6.995,17450000000.0,13069000000.0,2081000000.0,2081000000.0,0.0,,,,,52000000.0,1067000000.0,1.0,1334969258.0,1336000000,1351000000.0,1.558,225699000000.0,0.0,279000000.0,0.0,168.936,
18,SCHW,MRQ,2016-12-31,2016-12-31,2016-12-31,2021-08-07,-163000000.0,223383000000.0,,,,,12.347,-74000000.0,33002000000.0,33002000000.0,0.0,522000000.0,,12.603,2876000000.0,,,2876000000.0,0.0,61000000.0,163454000000.0,0.007,0.07,824000000.0,885000000.0,0.449,885000000.0,824000000.0,824000000.0,0.36,0.36,0.36,16421000000.0,,16421000000.0,27693279168.0,9.0,8.582,2555000000.0,1.921,1.0,1972000000.0,1.0,1371000000.0,0.0,191886000000.0,,0.0,168420000000.0,,,206962000000.0,,,52324279168.0,1338000000.0,0.0,113000000.0,-3003000000.0,-121000000.0,11440000000.0,-12731000000.0,-12643000000.0,2629000000.0,0.0,522000000.0,478000000.0,478000000.0,0.0,0.0,0.242,1148000000.0,824000000.0,38301000000.0,0.194,3.186,29.968,29.902,1299000000.0,44000000.0,39.47,6.997,6.988,17883000000.0,12649000000.0,1972000000.0,1972000000.0,0.0,,,,,40000000.0,981000000.0,1.0,1325672135.0,1330000000,1340000000.0,1.483,222012000000.0,0.0,302000000.0,0.0,166.926,
19,SCHW,MRQ,2016-09-30,2016-09-30,2016-09-30,2021-08-07,31000000.0,209337000000.0,,,,,11.684,-77000000.0,30508000000.0,30508000000.0,0.0,503000000.0,,12.532,5877000000.0,,,5877000000.0,0.0,60000000.0,149630000000.0,0.008,0.07,794000000.0,854000000.0,0.446,854000000.0,794000000.0,794000000.0,0.36,0.35,0.36,15470000000.0,,15470000000.0,18074234859.0,6.0,5.936,-626000000.0,-0.473,1.0,1914000000.0,1.0,1381000000.0,0.0,183325000000.0,,0.0,157563000000.0,,,193867000000.0,,,41767234859.0,-2545000000.0,0.0,12000000.0,-2001000000.0,-135000000.0,10214000000.0,-12210000000.0,-12122000000.0,-549000000.0,0.0,503000000.0,470000000.0,470000000.0,0.0,0.0,0.246,1120000000.0,794000000.0,36458000000.0,0.194,2.7,25.375,25.056,1266000000.0,33000000.0,31.57,5.803,5.808,17327000000.0,12261000000.0,1914000000.0,1914000000.0,0.0,,,,,26000000.0,961000000.0,1.0,1323003955.0,1324000000,1334000000.0,1.446,207956000000.0,0.0,291000000.0,0.0,157.066,
20,SCHW,MRQ,2016-06-30,2016-06-30,2016-06-30,2021-08-07,-17000000.0,198052000000.0,,,,,11.339,-139000000.0,31569000000.0,31569000000.0,0.0,452000000.0,,12.212,7876000000.0,,,7876000000.0,0.0,57000000.0,137295000000.0,0.01,0.07,720000000.0,777000000.0,0.425,777000000.0,720000000.0,720000000.0,0.31,0.3,0.31,14990000000.0,,14990000000.0,6412000931.0,2.0,2.265,1753000000.0,1.326,1.0,1828000000.0,1.0,1390000000.0,0.0,172969000000.0,,0.0,144730000000.0,,,183062000000.0,,,33452000931.0,2519000000.0,0.0,12000000.0,4198000000.0,-120000000.0,5699000000.0,-5072000000.0,-4924000000.0,1892000000.0,0.0,452000000.0,406000000.0,406000000.0,0.0,0.0,0.222,1108000000.0,720000000.0,36071000000.0,0.226,2.232,21.708,21.449,1242000000.0,46000000.0,25.31,4.862,4.863,17830000000.0,11882000000.0,1828000000.0,1828000000.0,0.0,,,,,28000000.0,960000000.0,1.0,1321691068.0,1322000000,1333000000.0,1.383,196662000000.0,0.0,268000000.0,0.0,148.761,
21,SCHW,MRQ,2016-03-31,2016-03-31,2016-03-31,2021-08-07,-120000000.0,190998000000.0,,,,,10.986,-56000000.0,30717000000.0,30717000000.0,0.0,412000000.0,,12.16,3677000000.0,,,3677000000.0,0.0,56000000.0,135689000000.0,0.009,0.06,655000000.0,711000000.0,0.403,711000000.0,655000000.0,655000000.0,0.3,0.29,0.3,14513000000.0,,14513000000.0,8315051658.0,3.0,3.107,-425000000.0,-0.322,1.0,1764000000.0,1.0,1399000000.0,0.0,162559000000.0,,0.0,139472000000.0,,,176485000000.0,,,37001051658.0,-1521000000.0,0.0,7000000.0,799000000.0,-110000000.0,7610000000.0,-8762000000.0,-8701000000.0,-369000000.0,0.0,412000000.0,392000000.0,392000000.0,0.0,0.0,0.222,1109000000.0,655000000.0,35130000000.0,0.2,2.55,25.257,25.018,1159000000.0,20000000.0,28.02,5.591,5.593,17066000000.0,11567000000.0,1764000000.0,1764000000.0,0.0,,,,,47000000.0,970000000.0,1.0,1320522900.0,1321000000,1330000000.0,1.335,189599000000.0,0.0,243000000.0,0.0,143.527,
22,SCHW,MRQ,2015-12-31,2015-12-31,2015-12-31,2021-08-07,-134000000.0,183705000000.0,,,,,10.192,-62000000.0,31576000000.0,31576000000.0,0.0,416000000.0,,12.707,2877000000.0,,,2877000000.0,0.0,58000000.0,129502000000.0,0.007,0.06,645000000.0,703000000.0,0.416,703000000.0,645000000.0,645000000.0,0.29,0.29,0.29,13402000000.0,,13402000000.0,18637114344.0,8.0,7.446,830000000.0,0.631,1.0,1691000000.0,1.0,1408000000.0,0.0,153598000000.0,,0.0,130520000000.0,,,170303000000.0,,,43353114344.0,1612000000.0,0.0,23000000.0,-3000000.0,-99000000.0,10425000000.0,-9705000000.0,-9626000000.0,892000000.0,0.0,416000000.0,378000000.0,378000000.0,0.0,0.0,0.224,1046000000.0,645000000.0,35773000000.0,0.207,3.235,31.784,31.663,1145000000.0,38000000.0,32.93,6.795,6.787,17895000000.0,11253000000.0,1691000000.0,1691000000.0,0.0,,,,,37000000.0,902000000.0,1.0,1316523363.0,1315000000,1330000000.0,1.286,182297000000.0,0.0,229000000.0,0.0,138.629,
23,SCHW,MRQ,2015-09-30,2015-09-30,2015-09-30,2021-08-07,19000000.0,170402000000.0,,,,,10.027,-79000000.0,27609000000.0,27609000000.0,0.0,376000000.0,,11.913,2893000000.0,,,2893000000.0,0.0,57000000.0,119017000000.0,0.008,0.06,583000000.0,640000000.0,0.401,640000000.0,583000000.0,583000000.0,0.28,0.28,0.28,13196000000.0,,13196000000.0,13567220183.0,6.0,5.634,1012000000.0,0.769,1.0,1597000000.0,1.0,1419000000.0,0.0,144267000000.0,,0.0,121610000000.0,,,157206000000.0,,,37574220183.0,1349000000.0,0.0,17000000.0,-2000000.0,-100000000.0,6608000000.0,-6350000000.0,-6257000000.0,1091000000.0,0.0,376000000.0,365000000.0,365000000.0,0.0,0.0,0.229,1014000000.0,583000000.0,33747000000.0,0.214,2.847,28.574,28.56,1126000000.0,11000000.0,28.56,6.022,6.023,17672000000.0,10952000000.0,1597000000.0,1597000000.0,0.0,,,,,29000000.0,870000000.0,1.0,1315623956.0,1316000000,1328000000.0,1.214,168983000000.0,0.0,207000000.0,0.0,128.407,
24,SCHW,MRQ,2015-06-30,2015-06-30,2015-06-30,2021-08-07,174000000.0,163627000000.0,,,,,9.454,-70000000.0,26901000000.0,26901000000.0,0.0,353000000.0,,12.171,2894000000.0,,,2894000000.0,0.0,55000000.0,112911000000.0,0.007,0.06,567000000.0,622000000.0,0.397,622000000.0,567000000.0,567000000.0,0.25,0.25,0.25,12423000000.0,,12423000000.0,17386405210.0,8.0,7.446,498000000.0,0.379,1.0,1566000000.0,1.0,1431000000.0,0.0,138189000000.0,,0.0,115787000000.0,,,151204000000.0,,,42886405210.0,6000000.0,0.0,22000000.0,-2000000.0,-88000000.0,3344000000.0,-3906000000.0,-3832000000.0,568000000.0,0.0,353000000.0,330000000.0,330000000.0,0.0,0.0,0.211,999000000.0,567000000.0,33998000000.0,0.24,3.452,33.983,34.01,1091000000.0,23000000.0,32.65,6.924,6.926,17535000000.0,10664000000.0,1566000000.0,1566000000.0,0.0,,,,,30000000.0,858000000.0,1.0,1313519302.0,1314000000,1326000000.0,1.192,162196000000.0,0.0,214000000.0,0.0,123.437,
25,SCHW,MRQ,2015-03-31,2015-03-31,2015-03-31,2021-08-07,231000000.0,160169000000.0,,,,,9.267,-55000000.0,28395000000.0,28395000000.0,0.0,302000000.0,,12.174,2895000000.0,,,2895000000.0,0.0,54000000.0,109503000000.0,0.008,0.06,484000000.0,538000000.0,0.353,538000000.0,484000000.0,484000000.0,0.22,0.22,0.22,12158000000.0,,12158000000.0,9663487535.0,5.0,4.235,-1360000000.0,-1.037,1.0,1526000000.0,1.0,1443000000.0,0.0,133226000000.0,,0.0,111947000000.0,,,148011000000.0,,,39908487535.0,-2352000000.0,0.0,28000000.0,996000000.0,-100000000.0,7615000000.0,-8662000000.0,-8607000000.0,-1305000000.0,0.0,302000000.0,291000000.0,291000000.0,0.0,0.0,0.191,1042000000.0,484000000.0,34027000000.0,0.273,3.282,32.341,32.383,1058000000.0,11000000.0,30.44,6.536,6.541,16470000000.0,10412000000.0,1526000000.0,1526000000.0,0.0,,,,,39000000.0,905000000.0,1.0,1311054124.0,1312000000,1323000000.0,1.163,158726000000.0,0.0,182000000.0,0.0,120.98,
26,SCHW,MRQ,2014-12-31,2014-12-31,2014-12-31,2021-08-07,165000000.0,154642000000.0,,,,,9.272,-90000000.0,32144000000.0,32144000000.0,0.0,350000000.0,,12.102,1899000000.0,,,1899000000.0,0.0,54000000.0,102815000000.0,0.008,0.06,554000000.0,608000000.0,0.392,608000000.0,554000000.0,554000000.0,0.25,0.25,0.25,11803000000.0,,11803000000.0,12843163755.0,6.0,5.55,770000000.0,0.605,1.0,1551000000.0,1.0,1454000000.0,0.0,122943000000.0,,0.0,103087000000.0,,,142839000000.0,,,39421163755.0,2775000000.0,0.0,51000000.0,-1000000.0,-87000000.0,5454000000.0,-3539000000.0,-3446000000.0,860000000.0,0.0,350000000.0,329000000.0,329000000.0,0.0,0.0,0.212,997000000.0,554000000.0,36309000000.0,0.24,3.34,31.262,31.448,1039000000.0,21000000.0,30.19,6.507,6.493,16138000000.0,10198000000.0,1551000000.0,1551000000.0,0.0,,,,,35000000.0,860000000.0,1.0,1305768922.0,1273000000,1321000000.0,1.218,153188000000.0,0.0,204000000.0,0.0,120.336,
27,SCHW,MRQ,2014-09-30,2014-09-30,2014-09-30,2021-08-07,163000000.0,147444000000.0,,,,,8.718,-145000000.0,28478000000.0,28478000000.0,0.0,321000000.0,,11.851,1900000000.0,,,1900000000.0,0.0,49000000.0,97345000000.0,0.008,0.06,518000000.0,567000000.0,0.366,567000000.0,518000000.0,518000000.0,0.24,0.24,0.24,11473000000.0,,11473000000.0,14281610592.0,7.0,6.339,842000000.0,0.64,1.0,1551000000.0,1.0,1460000000.0,0.0,119406000000.0,,0.0,99860000000.0,,,135971000000.0,,,38305610592.0,1756000000.0,0.0,57000000.0,-1000000.0,-100000000.0,1615000000.0,-846000000.0,-701000000.0,987000000.0,0.0,321000000.0,312000000.0,312000000.0,0.0,0.0,0.201,1033000000.0,518000000.0,35230000000.0,0.25,3.339,31.168,31.266,991000000.0,9000000.0,29.39,6.447,6.509,15874000000.0,9949000000.0,1551000000.0,1551000000.0,0.0,,,,,26000000.0,906000000.0,1.0,1303355243.0,1316000000,1316000000.0,1.179,145984000000.0,0.0,197000000.0,0.0,110.93,
28,SCHW,MRQ,2014-06-30,2014-06-30,2014-06-30,2021-08-07,186000000.0,143401000000.0,,,,,8.507,-112000000.0,25925000000.0,25925000000.0,0.0,324000000.0,,11.838,1901000000.0,,,1901000000.0,0.0,48000000.0,95688000000.0,0.009,0.06,521000000.0,569000000.0,0.385,569000000.0,521000000.0,521000000.0,0.23,0.23,0.23,11170000000.0,,11170000000.0,9220709329.0,5.0,4.189,320000000.0,0.244,1.0,1478000000.0,1.0,1471000000.0,0.0,117906000000.0,,0.0,99150000000.0,,,132231000000.0,,,35039709329.0,-341000000.0,0.0,16000000.0,-2000000.0,-86000000.0,27000000.0,-800000000.0,-688000000.0,432000000.0,0.0,324000000.0,302000000.0,302000000.0,0.0,0.0,0.204,957000000.0,521000000.0,33209000000.0,0.261,3.137,29.224,29.272,883000000.0,22000000.0,26.93,6.079,6.134,15192000000.0,9715000000.0,1478000000.0,1478000000.0,0.0,,,,,25000000.0,834000000.0,1.0,1301140339.0,1313000000,1313000000.0,1.126,141930000000.0,0.0,197000000.0,0.0,108.096,
29,SCHW,MRQ,2014-03-31,2014-03-31,2014-03-31,2021-08-07,108000000.0,144066000000.0,,,,,8.249,-53000000.0,27721000000.0,27721000000.0,0.0,326000000.0,,12.321,1902000000.0,,,1902000000.0,0.0,48000000.0,95591000000.0,0.009,0.06,522000000.0,570000000.0,0.386,570000000.0,522000000.0,522000000.0,0.24,0.24,0.24,10815000000.0,,10815000000.0,6111832530.0,3.0,2.917,16000000.0,0.012,1.0,1478000000.0,1.0,1482000000.0,0.0,116765000000.0,,0.0,98250000000.0,,,133251000000.0,,,35489832530.0,-555000000.0,0.0,65000000.0,-2000000.0,-100000000.0,2586000000.0,-3210000000.0,-3149000000.0,69000000.0,0.0,326000000.0,318000000.0,318000000.0,0.0,0.0,0.215,956000000.0,522000000.0,34226000000.0,0.25,3.282,31.407,31.414,820000000.0,8000000.0,27.33,6.312,6.372,15053000000.0,9492000000.0,1478000000.0,1478000000.0,0.0,,,,,29000000.0,833000000.0,1.0,1298566869.0,1311000000,1311000000.0,1.127,142584000000.0,0.0,196000000.0,0.0,108.76,
30,SCHW,MRQ,2013-12-31,2013-12-31,2013-12-31,2021-08-07,9000000.0,143642000000.0,,,,,8.136,-73000000.0,31281000000.0,31281000000.0,0.0,319000000.0,,12.837,1903000000.0,,,1903000000.0,0.0,49000000.0,92972000000.0,0.009,0.06,498000000.0,547000000.0,0.381,547000000.0,498000000.0,498000000.0,0.23,0.23,0.23,10381000000.0,,10381000000.0,4541647174.0,3.0,2.382,758000000.0,0.594,1.0,1435000000.0,1.0,1493000000.0,0.0,112771000000.0,,0.0,94872000000.0,,,133261000000.0,,,33519647174.0,366000000.0,0.0,118000000.0,-2000000.0,-85000000.0,1828000000.0,-2293000000.0,-2220000000.0,831000000.0,0.0,319000000.0,297000000.0,297000000.0,0.0,0.0,0.207,937000000.0,498000000.0,36800000000.0,0.261,3.229,33.188,33.333,790000000.0,22000000.0,26.0,6.167,6.147,14460000000.0,9253000000.0,1435000000.0,1435000000.0,0.0,,,,,33000000.0,814000000.0,1.0,1289217199.0,1276000000,1308000000.0,1.125,142149000000.0,0.0,179000000.0,0.0,111.402,
31,SCHW,MRQ,2013-09-30,2013-09-30,2013-09-30,2021-08-07,46000000.0,140211000000.0,,,,,7.757,-65000000.0,30882000000.0,30882000000.0,0.0,290000000.0,,12.947,1904000000.0,,,1904000000.0,0.0,51000000.0,91187000000.0,0.011,0.06,464000000.0,515000000.0,0.375,515000000.0,464000000.0,464000000.0,0.22,0.22,0.22,10053000000.0,,10053000000.0,-4452014586.0,-3.0,-2.538,596000000.0,0.46,1.0,1373000000.0,1.0,1505000000.0,0.0,109728000000.0,,0.0,92681000000.0,,,130158000000.0,,,27162985414.0,1128000000.0,0.0,59000000.0,274000000.0,-99000000.0,7072000000.0,-6605000000.0,-6540000000.0,661000000.0,0.0,290000000.0,282000000.0,282000000.0,0.0,0.0,0.205,909000000.0,464000000.0,35739000000.0,0.273,2.702,30.114,30.2,738000000.0,8000000.0,21.14,5.209,5.254,13635000000.0,9034000000.0,1373000000.0,1373000000.0,0.0,,,,,24000000.0,774000000.0,1.0,1284909433.0,1296000000,1296000000.0,1.059,138706000000.0,0.0,174000000.0,0.0,107.026,
32,SCHW,MRQ,2013-06-30,2013-06-30,2013-06-30,2021-08-07,3000000.0,135907000000.0,,,,,7.547,-62000000.0,33245000000.0,33245000000.0,0.0,256000000.0,,12.982,1630000000.0,,,1630000000.0,0.0,51000000.0,84345000000.0,0.011,0.06,412000000.0,463000000.0,0.346,463000000.0,412000000.0,412000000.0,0.18,0.18,0.18,9720000000.0,,9720000000.0,-5023037211.0,-3.0,-3.044,470000000.0,0.365,1.0,1337000000.0,1.0,1521000000.0,0.0,102771000000.0,,0.0,86452000000.0,,,126187000000.0,,,27173962789.0,-697000000.0,0.0,56000000.0,-1000000.0,-86000000.0,1888000000.0,-3117000000.0,-3055000000.0,532000000.0,0.0,256000000.0,233000000.0,233000000.0,0.0,0.0,0.174,925000000.0,412000000.0,39002000000.0,0.333,2.796,31.671,31.687,711000000.0,23000000.0,21.23,5.394,5.428,13220000000.0,8830000000.0,1337000000.0,1337000000.0,0.0,,,,,22000000.0,800000000.0,1.0,1279979406.0,1288000000,1288000000.0,1.038,134386000000.0,0.0,156000000.0,0.0,104.337,
33,SCHW,MRQ,2013-03-31,2013-03-31,2013-03-31,2021-08-07,300000000.0,133324000000.0,,,,,7.626,-49000000.0,33828000000.0,33828000000.0,0.0,206000000.0,,12.638,1631000000.0,,,1631000000.0,0.0,51000000.0,82424000000.0,0.014,0.06,331000000.0,382000000.0,0.296,382000000.0,331000000.0,331000000.0,0.15,0.15,0.15,9776000000.0,,9776000000.0,-16892429411.0,-12.0,-10.133,-417000000.0,-0.325,1.0,1290000000.0,1.0,1533000000.0,0.0,99594000000.0,,0.0,83574000000.0,,,123548000000.0,,,22607570589.0,-5732000000.0,0.0,25000000.0,-302000000.0,-98000000.0,2671000000.0,-8035000000.0,-7988000000.0,-368000000.0,0.0,206000000.0,198000000.0,198000000.0,0.0,0.0,0.153,959000000.0,331000000.0,38040000000.0,0.4,2.313,25.516,25.638,681000000.0,8000000.0,17.69,4.536,4.55,12921000000.0,8674000000.0,1290000000.0,1290000000.0,0.0,,,,,37000000.0,840000000.0,1.0,1277985901.0,1282000000,1282000000.0,1.006,131791000000.0,0.0,125000000.0,0.0,102.801,
34,SCHW,MRQ,2012-12-31,2012-12-31,2012-12-31,2021-08-07,298000000.0,133637000000.0,,,,,7.503,-41000000.0,41132000000.0,41132000000.0,0.0,211000000.0,,12.936,1632000000.0,,,1632000000.0,0.0,50000000.0,79377000000.0,0.017,0.06,344000000.0,394000000.0,0.324,394000000.0,344000000.0,344000000.0,0.15,0.15,0.15,9589000000.0,,9589000000.0,-13477588110.0,-9.0,-8.188,852000000.0,0.667,1.0,1215000000.0,1.0,1547000000.0,0.0,92590000000.0,,0.0,75679000000.0,,,124048000000.0,,,18310411890.0,4140000000.0,-80000000.0,9000000.0,125000000.0,-85000000.0,10665000000.0,-7418000000.0,-7290000000.0,893000000.0,0.0,211000000.0,189000000.0,189000000.0,0.0,0.0,0.156,871000000.0,344000000.0,41398000000.0,0.4,1.91,20.737,20.812,675000000.0,22000000.0,14.36,3.75,3.75,13791000000.0,8554000000.0,1215000000.0,1215000000.0,0.0,,,,,26000000.0,751000000.0,1.0,1275098321.0,1278000000,1278000000.0,0.951,132090000000.0,0.0,133000000.0,0.0,103.357,
35,SCHW,MRQ,2012-09-30,2012-09-30,2012-09-30,2021-08-07,312000000.0,117658000000.0,,,,,7.424,-31000000.0,33564000000.0,33564000000.0,0.0,247000000.0,,11.431,1776000000.0,,,1776000000.0,0.0,50000000.0,68756000000.0,0.019,0.06,361000000.0,411000000.0,0.344,411000000.0,361000000.0,361000000.0,0.19,0.19,0.19,9465000000.0,,9465000000.0,-12523552680.0,-9.0,-8.069,574000000.0,0.45,1.0,1196000000.0,1.0,1451000000.0,0.0,84419000000.0,,0.0,68675000000.0,,,108193000000.0,,,16289447320.0,434000000.0,0.0,6000000.0,-204000000.0,-98000000.0,2183000000.0,-2354000000.0,-2333000000.0,605000000.0,0.0,247000000.0,238000000.0,238000000.0,0.0,0.0,0.199,835000000.0,361000000.0,36206000000.0,0.316,1.721,19.008,19.371,672000000.0,9000000.0,12.785,3.407,3.41,12521000000.0,8442000000.0,1196000000.0,1196000000.0,0.0,,,,,25000000.0,719000000.0,1.0,1274106165.0,1275000000,1275000000.0,0.938,116207000000.0,0.0,114000000.0,0.0,91.143,
36,SCHW,MRQ,2012-06-30,2012-06-30,2012-06-30,2021-08-07,154000000.0,111816000000.0,,,,,7.151,-34000000.0,30812000000.0,30812000000.0,0.0,275000000.0,,11.274,1999000000.0,,,1999000000.0,0.0,48000000.0,66257000000.0,0.019,0.06,432000000.0,480000000.0,0.374,480000000.0,432000000.0,432000000.0,0.2,0.2,0.2,9110000000.0,,9110000000.0,-15238730155.0,-11.0,-9.895,-364000000.0,-0.286,1.0,1283000000.0,1.0,1469000000.0,0.0,81534000000.0,,0.0,65819000000.0,,,102706000000.0,,,16460269845.0,1295000000.0,0.0,5000000.0,-2000000.0,-77000000.0,4393000000.0,-2768000000.0,-2734000000.0,-330000000.0,0.0,275000000.0,261000000.0,261000000.0,0.0,0.0,0.203,851000000.0,432000000.0,33165000000.0,0.3,1.807,19.619,19.892,677000000.0,14000000.0,12.93,3.454,3.456,12272000000.0,8280000000.0,1283000000.0,1283000000.0,0.0,,,,,29000000.0,731000000.0,1.0,1273029377.0,1274000000,1274000000.0,1.007,110347000000.0,0.0,157000000.0,0.0,86.615,
37,SCHW,MRQ,2012-03-31,2012-03-31,2012-03-31,2021-08-07,76000000.0,111482000000.0,,,,,6.549,-42000000.0,33699000000.0,33699000000.0,0.0,195000000.0,,12.372,2000000000.0,,,2000000000.0,0.0,48000000.0,62259000000.0,0.017,0.06,313000000.0,361000000.0,0.304,361000000.0,313000000.0,313000000.0,0.15,0.15,0.15,8337000000.0,,8337000000.0,-14442811738.0,-11.0,-9.765,56000000.0,0.044,1.0,1189000000.0,1.0,1480000000.0,0.0,78303000000.0,,0.0,63041000000.0,,,103145000000.0,,,18269188262.0,-1885000000.0,0.0,15000000.0,-1000000.0,-77000000.0,1737000000.0,-3720000000.0,-3678000000.0,98000000.0,0.0,195000000.0,195000000.0,195000000.0,0.0,0.0,0.164,876000000.0,313000000.0,37576000000.0,0.4,2.191,22.389,22.108,684000000.0,0.0,14.37,3.91,3.915,11795000000.0,8097000000.0,1189000000.0,1189000000.0,0.0,,,,,25000000.0,762000000.0,1.0,1271342259.0,1273000000,1273000000.0,0.934,110002000000.0,0.0,118000000.0,0.0,86.412,
38,SCHW,MRQ,2011-12-31,2011-12-31,2011-12-31,2021-08-07,8000000.0,108553000000.0,,,,,6.084,-43000000.0,34713000000.0,34713000000.0,0.0,163000000.0,,13.072,2001000000.0,,,2001000000.0,0.0,48000000.0,60854000000.0,0.021,0.06,252000000.0,300000000.0,0.27,300000000.0,252000000.0,252000000.0,0.12,0.13,0.12,7714000000.0,,7714000000.0,-17082946695.0,-12.0,-11.043,409000000.0,0.323,1.0,1113000000.0,1.0,1487000000.0,0.0,74354000000.0,,0.0,59548000000.0,,,100839000000.0,,,14300053305.0,2303000000.0,-30000000.0,7000000.0,-1000000.0,-77000000.0,6697000000.0,-4846000000.0,-4769000000.0,452000000.0,0.0,163000000.0,163000000.0,163000000.0,0.0,0.0,0.146,861000000.0,252000000.0,36587000000.0,0.5,1.854,16.551,16.086,685000000.0,0.0,11.26,3.048,2.95,11302000000.0,7978000000.0,1113000000.0,1113000000.0,0.0,,,,,26000000.0,743000000.0,1.0,1269986972.0,1268000000,1268000000.0,0.878,107066000000.0,0.0,89000000.0,0.0,84.437,
39,SCHW,MRQ,2011-09-30,2011-09-30,2011-09-30,2021-08-07,56000000.0,102906000000.0,,,,,6.229,-60000000.0,33385000000.0,33385000000.0,0.0,220000000.0,,12.443,2002000000.0,,,2002000000.0,0.0,39000000.0,54078000000.0,0.021,0.06,360000000.0,399000000.0,0.338,399000000.0,360000000.0,360000000.0,0.18,0.18,0.18,7655000000.0,,7655000000.0,-14673946809.0,-11.0,-9.692,34000000.0,0.028,1.0,1181000000.0,1.0,1470000000.0,0.0,70053000000.0,,0.0,54969000000.0,,,95251000000.0,,,13630053191.0,-90000000.0,84000000.0,16000000.0,-112000000.0,-73000000.0,1570000000.0,-1754000000.0,-1783000000.0,94000000.0,0.0,220000000.0,220000000.0,220000000.0,0.0,0.0,0.186,821000000.0,360000000.0,37953000000.0,0.333,1.781,16.622,16.574,665000000.0,0.0,11.27,2.897,2.944,11643000000.0,7892000000.0,1181000000.0,1181000000.0,0.0,,,,,26000000.0,709000000.0,1.0,1209410221.0,1229000000,1229000000.0,0.961,101436000000.0,0.0,140000000.0,0.0,82.535,
40,SCHW,MRQ,2011-06-30,2011-06-30,2011-06-30,2021-08-07,45000000.0,97572000000.0,,,,,5.565,-39000000.0,30308000000.0,30308000000.0,0.0,238000000.0,,13.489,2004000000.0,,,2004000000.0,0.0,33000000.0,52339000000.0,0.015,0.06,386000000.0,419000000.0,0.352,419000000.0,386000000.0,386000000.0,0.2,0.2,0.2,6734000000.0,,6734000000.0,-6763298574.0,-6.0,-5.014,576000000.0,0.476,1.0,1190000000.0,1.0,631000000.0,0.0,68637000000.0,,0.0,52937000000.0,,,90838000000.0,,,19850701426.0,918000000.0,0.0,35000000.0,-60000000.0,-73000000.0,984000000.0,-681000000.0,-647000000.0,615000000.0,0.0,238000000.0,238000000.0,238000000.0,0.0,0.0,0.2,804000000.0,386000000.0,35273000000.0,0.3,2.948,27.418,27.417,639000000.0,0.0,16.45,4.328,4.339,12100000000.0,7745000000.0,1190000000.0,1190000000.0,0.0,,,,,29000000.0,700000000.0,1.0,1206729570.0,1210000000,1210000000.0,0.983,96941000000.0,0.0,148000000.0,0.0,80.117,
41,SCHW,MRQ,2011-03-31,2011-03-31,2011-03-31,2021-08-07,34000000.0,94883000000.0,,,,,5.374,-38000000.0,28619000000.0,28619000000.0,0.0,243000000.0,,13.627,2005000000.0,,,2005000000.0,0.0,35000000.0,51259000000.0,0.013,0.06,394000000.0,429000000.0,0.355,429000000.0,394000000.0,394000000.0,0.2,0.2,0.2,6487000000.0,,6487000000.0,-3978246362.0,-3.0,-3.051,1265000000.0,1.048,1.0,1207000000.0,1.0,631000000.0,0.0,67638000000.0,,0.0,52242000000.0,,,88396000000.0,,,21695753638.0,617000000.0,0.0,38000000.0,57000000.0,-72000000.0,700000000.0,-1386000000.0,-1349000000.0,1303000000.0,0.0,243000000.0,243000000.0,243000000.0,0.0,0.0,0.201,813000000.0,394000000.0,33732000000.0,0.3,3.344,31.398,31.632,627000000.0,0.0,18.03,4.846,4.861,11806000000.0,7580000000.0,1207000000.0,1207000000.0,0.0,,,,,18000000.0,716000000.0,1.0,1203314123.0,1207000000,1207000000.0,1.0,94252000000.0,0.0,151000000.0,0.0,78.088,
42,SCHW,MRQ,2010-12-31,2010-12-31,2010-12-31,2021-08-07,16000000.0,92568000000.0,,,,,5.188,-47000000.0,27680000000.0,27680000000.0,0.0,119000000.0,,13.868,2006000000.0,,,2006000000.0,0.0,38000000.0,50590000000.0,0.014,0.06,229000000.0,267000000.0,0.237,267000000.0,229000000.0,229000000.0,0.1,0.1,0.1,6226000000.0,,6226000000.0,-3315498891.0,-4.0,-3.584,-498000000.0,-0.415,1.0,1127000000.0,1.0,685000000.0,0.0,66209000000.0,,0.0,51002000000.0,,,86342000000.0,,,20443501109.0,-770000000.0,-44000000.0,12000000.0,-1000000.0,-73000000.0,1689000000.0,-2008000000.0,-1918000000.0,-451000000.0,0.0,119000000.0,119000000.0,119000000.0,0.0,0.0,0.106,898000000.0,229000000.0,32250000000.0,0.6,3.284,45.03,45.026,624000000.0,0.0,17.11,4.813,4.809,11650000000.0,7409000000.0,1127000000.0,1127000000.0,0.0,,,,,23000000.0,669000000.0,1.0,1194827651.0,1200000000,1200000000.0,0.939,91883000000.0,0.0,110000000.0,0.0,76.569,
43,SCHW,MRQ,2010-09-30,2010-09-30,2010-09-30,2021-08-07,3000000.0,87298000000.0,,,,,5.054,-28000000.0,25767000000.0,25767000000.0,0.0,124000000.0,,13.465,2008000000.0,,,2008000000.0,0.0,35000000.0,48836000000.0,0.017,0.06,199000000.0,234000000.0,0.22,234000000.0,199000000.0,199000000.0,0.1,0.1,0.1,6035000000.0,,6035000000.0,-10480267256.0,-13.0,-10.894,138000000.0,0.116,1.0,1063000000.0,1.0,528000000.0,0.0,63011000000.0,,0.0,49047000000.0,,,81263000000.0,,,16594732744.0,-3809000000.0,0.0,4000000.0,700000000.0,-72000000.0,3576000000.0,-7551000000.0,-7523000000.0,166000000.0,0.0,124000000.0,124000000.0,124000000.0,0.0,0.0,0.117,864000000.0,199000000.0,29159000000.0,0.6,2.75,33.256,33.902,610000000.0,0.0,13.9,4.041,4.041,10352000000.0,7363000000.0,1063000000.0,1063000000.0,0.0,,,,,24000000.0,615000000.0,1.0,1193865665.0,1194000000,1194000000.0,0.89,86770000000.0,0.0,75000000.0,0.0,72.672,
44,SCHW,MRQ,2010-06-30,2010-06-30,2010-06-30,2021-08-07,-65000000.0,82295000000.0,,,,,4.92,-25000000.0,28383000000.0,28383000000.0,0.0,205000000.0,,12.998,1308000000.0,,,1308000000.0,0.0,36000000.0,45887000000.0,0.017,0.06,338000000.0,374000000.0,0.346,374000000.0,338000000.0,338000000.0,0.17,0.17,0.17,5879000000.0,,5879000000.0,-7567052278.0,-8.0,-6.968,840000000.0,0.703,1.0,1080000000.0,1.0,528000000.0,0.0,54692000000.0,,0.0,41448000000.0,,,76416000000.0,,,16923947722.0,3216000000.0,0.0,7000000.0,-2000000.0,-71000000.0,3767000000.0,-1416000000.0,-1395000000.0,865000000.0,0.0,205000000.0,205000000.0,205000000.0,0.0,0.0,0.19,742000000.0,338000000.0,27821000000.0,0.353,2.879,29.433,29.542,617000000.0,0.0,14.18,4.174,4.179,10380000000.0,7310000000.0,1080000000.0,1080000000.0,0.0,,,,,21000000.0,641000000.0,1.0,1193508302.0,1195000000,1195000000.0,0.904,81767000000.0,0.0,133000000.0,0.0,68.424,
45,SCHW,MRQ,2010-03-31,2010-03-31,2010-03-31,2021-08-07,-111000000.0,78337000000.0,,,,,4.774,-29000000.0,25800000000.0,25800000000.0,0.0,6000000.0,,12.814,1309000000.0,,,1309000000.0,0.0,37000000.0,42055000000.0,0.013,0.06,13000000.0,50000000.0,0.051,50000000.0,13000000.0,13000000.0,0.0,0.0,0.0,5671000000.0,,5671000000.0,-2819477465.0,-3.0,-2.591,-618000000.0,-0.52,1.0,978000000.0,1.0,528000000.0,0.0,53318000000.0,,0.0,40374000000.0,,,72666000000.0,,,22282522535.0,-1947000000.0,0.0,555000000.0,-201000000.0,-72000000.0,3077000000.0,-4435000000.0,-4406000000.0,-589000000.0,0.0,6000000.0,6000000.0,6000000.0,0.0,0.0,0.006,965000000.0,13000000.0,27966000000.0,,3.929,38.752,38.143,628000000.0,0.0,18.69,5.488,5.469,9907000000.0,7177000000.0,978000000.0,978000000.0,0.0,,,,,19000000.0,664000000.0,1.0,1192216294.0,1188000000,1188000000.0,0.823,77809000000.0,0.0,7000000.0,0.0,65.496,
46,SCHW,MRQ,2009-12-31,2009-12-31,2009-12-31,2021-08-07,-191000000.0,75431000000.0,,,,,4.373,-32000000.0,26614000000.0,26614000000.0,0.0,164000000.0,,13.869,1512000000.0,,,1512000000.0,0.0,38000000.0,38820000000.0,0.013,0.06,266000000.0,304000000.0,0.308,304000000.0,266000000.0,266000000.0,0.14,0.14,0.14,5073000000.0,,5073000000.0,-2167690778.0,-2.0,-1.511,705000000.0,0.608,1.0,986000000.0,1.0,528000000.0,0.0,49801000000.0,,0.0,37327000000.0,,,70358000000.0,,,21871309222.0,125000000.0,0.0,7000000.0,-1000000.0,-70000000.0,3257000000.0,-3869000000.0,-3834000000.0,737000000.0,0.0,164000000.0,164000000.0,164000000.0,0.0,0.0,0.166,720000000.0,266000000.0,28619000000.0,0.429,4.311,27.791,27.676,641000000.0,0.0,18.82,5.216,5.207,9187000000.0,7243000000.0,986000000.0,986000000.0,0.0,,,,,21000000.0,626000000.0,1.0,1162131202.0,1160000000,1160000000.0,0.85,74903000000.0,0.0,102000000.0,0.0,64.572,
47,SCHW,MRQ,2009-09-30,2009-09-30,2009-09-30,2021-08-07,-246000000.0,67984000000.0,,,,,4.216,-39000000.0,25555000000.0,25555000000.0,0.0,200000000.0,,12.866,1516000000.0,,,1516000000.0,0.0,38000000.0,35500000000.0,0.013,0.06,320000000.0,358000000.0,0.354,358000000.0,320000000.0,320000000.0,0.17,0.17,0.17,4903000000.0,,4903000000.0,-1095668554.0,-1.0,-0.653,-445000000.0,-0.383,1.0,1011000000.0,1.0,528000000.0,0.0,43417000000.0,,0.0,31923000000.0,,,63081000000.0,,,22230331446.0,-1246000000.0,0.0,15000000.0,-39000000.0,-70000000.0,3704000000.0,-4544000000.0,-4506000000.0,-406000000.0,0.0,200000000.0,200000000.0,200000000.0,0.0,0.0,0.198,691000000.0,320000000.0,24688000000.0,0.353,4.534,23.878,23.642,646000000.0,0.0,19.15,4.95,4.959,8449000000.0,7149000000.0,1011000000.0,1011000000.0,0.0,,,,,19000000.0,590000000.0,1.0,1160852817.0,1163000000,1163000000.0,0.869,67456000000.0,0.0,120000000.0,0.0,58.002,
48,SCHW,MRQ,2009-06-30,2009-06-30,2009-06-30,2021-08-07,-362000000.0,62261000000.0,,,,,3.978,-37000000.0,24886000000.0,24886000000.0,0.0,205000000.0,,12.494,1560000000.0,,,1560000000.0,0.0,41000000.0,31705000000.0,0.014,0.06,335000000.0,376000000.0,0.347,376000000.0,335000000.0,335000000.0,0.18,0.18,0.18,4614000000.0,,4614000000.0,-1303313914.0,-1.0,-0.702,910000000.0,0.784,1.0,1085000000.0,1.0,528000000.0,0.0,38407000000.0,,0.0,27018000000.0,,,57647000000.0,,,20334686086.0,2827000000.0,0.0,19000000.0,746000000.0,-70000000.0,5757000000.0,-3877000000.0,-3840000000.0,947000000.0,0.0,205000000.0,205000000.0,205000000.0,0.0,0.0,0.189,750000000.0,335000000.0,23067000000.0,0.333,4.407,19.647,19.489,650000000.0,0.0,17.54,4.298,4.301,8194000000.0,7019000000.0,1085000000.0,1085000000.0,0.0,,,,,18000000.0,641000000.0,1.0,1159332160.0,1160000000,1160000000.0,0.935,61733000000.0,0.0,130000000.0,0.0,53.218,
49,SCHW,MRQ,2009-03-31,2009-03-31,2009-03-31,2021-08-07,-500000000.0,54898000000.0,,,,,3.721,-32000000.0,22454000000.0,22454000000.0,0.0,218000000.0,,11.764,816000000.0,,,816000000.0,0.0,42000000.0,26637000000.0,0.015,0.06,355000000.0,397000000.0,0.357,397000000.0,355000000.0,355000000.0,0.19,0.19,0.19,4301000000.0,,4301000000.0,-1305752118.0,-1.0,-0.649,127000000.0,0.11,1.0,1111000000.0,1.0,528000000.0,0.0,32732000000.0,,0.0,23088000000.0,,,50597000000.0,,,17938247882.0,1093000000.0,0.0,12000000.0,-39000000.0,-69000000.0,2701000000.0,-1767000000.0,-1734000000.0,159000000.0,0.0,218000000.0,218000000.0,218000000.0,0.0,0.0,0.196,756000000.0,355000000.0,21785000000.0,0.316,4.171,15.945,15.816,649000000.0,0.0,15.5,3.621,3.617,7149000000.0,6883000000.0,1111000000.0,1111000000.0,0.0,,,,,17000000.0,677000000.0,1.0,1157306315.0,1156000000,1156000000.0,0.961,54370000000.0,0.0,137000000.0,0.0,47.033,
50,SCHW,MRQ,2008-12-31,2008-12-31,2008-12-31,2021-08-07,-553000000.0,51675000000.0,,,,,3.51,-60000000.0,20127000000.0,20127000000.0,0.0,308000000.0,,11.725,883000000.0,,,883000000.0,0.0,39000000.0,23841000000.0,0.014,0.06,507000000.0,546000000.0,0.425,546000000.0,507000000.0,507000000.0,0.27,0.27,0.27,4061000000.0,,4061000000.0,483589029.0,0.0,0.224,654000000.0,0.565,1.0,1284000000.0,1.0,528000000.0,0.0,31903000000.0,,0.0,21400000000.0,,,47614000000.0,,,18679589029.0,119000000.0,-5000000.0,15000000.0,-1000000.0,-68000000.0,1831000000.0,-2426000000.0,-2365000000.0,714000000.0,0.0,308000000.0,308000000.0,308000000.0,0.0,0.0,0.24,777000000.0,507000000.0,21356000000.0,0.222,4.6,15.412,15.255,661000000.0,0.0,16.17,3.627,3.633,7888000000.0,6735000000.0,1284000000.0,1284000000.0,0.0,,,,,17000000.0,678000000.0,1.0,1155200311.0,1157000000,1157000000.0,1.11,51147000000.0,0.0,199000000.0,0.0,44.207,
51,SCHW,MRQ,2008-09-30,2008-09-30,2008-09-30,2021-08-07,-285000000.0,52760000000.0,,,,,3.509,-47000000.0,19077000000.0,19077000000.0,0.0,304000000.0,,11.985,881000000.0,,,881000000.0,0.0,38000000.0,21959000000.0,0.008,0.06,499000000.0,537000000.0,0.429,537000000.0,499000000.0,499000000.0,0.26,0.26,0.26,4063000000.0,,4063000000.0,16233616728.0,8.0,7.433,-535000000.0,-0.462,1.0,1251000000.0,1.0,528000000.0,0.0,34036000000.0,,0.0,19806000000.0,,,48697000000.0,,,29944616728.0,84000000.0,0.0,41000000.0,-2000000.0,-70000000.0,2032000000.0,-1460000000.0,-1413000000.0,-488000000.0,0.0,304000000.0,304000000.0,304000000.0,0.0,0.0,0.243,752000000.0,499000000.0,23960000000.0,0.231,7.37,24.707,24.528,633000000.0,0.0,26.0,5.746,5.778,11649000000.0,6496000000.0,1251000000.0,1251000000.0,0.0,,,,,-31000000.0,649000000.0,1.0,1151716028.0,1158000000,1158000000.0,1.08,52232000000.0,462000000.0,195000000.0,0.0,45.105,
52,SCHW,MRQ,2008-06-30,2008-06-30,2008-06-30,2021-08-07,-142000000.0,48360000000.0,,,,,3.372,-33000000.0,14593000000.0,14593000000.0,0.0,295000000.0,,11.429,882000000.0,,,882000000.0,0.0,37000000.0,19909000000.0,0.058,0.05,496000000.0,533000000.0,0.407,533000000.0,496000000.0,496000000.0,0.26,0.26,0.26,3891000000.0,,3891000000.0,8586172041.0,3.0,2.519,65000000.0,0.056,1.0,1308000000.0,1.0,528000000.0,0.0,34121000000.0,,0.0,18245000000.0,,,44469000000.0,,,23548172041.0,448000000.0,0.0,54000000.0,-16000000.0,-57000000.0,4349000000.0,-3999000000.0,-3967000000.0,98000000.0,0.0,295000000.0,295000000.0,295000000.0,18000000.0,0.0,0.226,794000000.0,514000000.0,22289000000.0,0.192,6.052,9.643,9.828,623000000.0,0.0,20.54,4.485,4.514,13435000000.0,6261000000.0,1308000000.0,1308000000.0,0.0,,,,,16000000.0,704000000.0,1.0,1146454335.0,1154000000,1154000000.0,1.133,47832000000.0,345000000.0,201000000.0,0.0,41.449,
53,SCHW,MRQ,2008-03-31,2008-03-31,2008-03-31,2021-08-07,-135000000.0,44551000000.0,,,,,3.073,-48000000.0,15865000000.0,15865000000.0,0.0,305000000.0,,11.507,903000000.0,,,903000000.0,0.0,38000000.0,15560000000.0,0.064,0.05,508000000.0,546000000.0,0.418,546000000.0,508000000.0,508000000.0,0.27,0.26,0.27,3562000000.0,,3562000000.0,7159061321.0,2.0,2.121,-370000000.0,-0.319,1.0,1307000000.0,1.0,528000000.0,0.0,29061000000.0,,0.0,14440000000.0,,,40989000000.0,,,21827061321.0,-1973000000.0,0.0,-329000000.0,-1000000.0,-58000000.0,1365000000.0,-3016000000.0,-2962000000.0,-322000000.0,0.0,305000000.0,305000000.0,305000000.0,0.0,0.0,0.233,799000000.0,508000000.0,23004000000.0,0.185,6.128,8.949,9.097,628000000.0,0.0,18.83,4.24,4.239,12179000000.0,6024000000.0,1307000000.0,1307000000.0,0.0,,,,,17000000.0,723000000.0,1.0,1159164170.0,1159000000,1159000000.0,1.128,44023000000.0,335000000.0,203000000.0,0.0,37.984,
54,SCHW,MRQ,2007-12-31,2007-12-31,2007-12-31,2021-08-07,-17000000.0,42286000000.0,,,,,3.212,-52000000.0,15567000000.0,15567000000.0,0.0,308000000.0,,10.331,899000000.0,,,899000000.0,0.0,39000000.0,13822000000.0,0.047,0.05,529000000.0,568000000.0,0.422,568000000.0,529000000.0,529000000.0,0.27,0.27,0.27,3732000000.0,,3732000000.0,15902103984.0,5.0,4.825,526000000.0,0.453,1.0,1345000000.0,1.0,525000000.0,0.0,27093000000.0,,0.0,11688000000.0,,,38554000000.0,,,29547103984.0,1895000000.0,-2000000.0,67000000.0,267000000.0,-58000000.0,1644000000.0,-327000000.0,-272000000.0,578000000.0,0.0,308000000.0,308000000.0,308000000.0,-3000000.0,0.0,0.229,819000000.0,526000000.0,22212000000.0,0.185,7.917,12.275,12.904,617000000.0,0.0,25.55,5.917,6.252,13039000000.0,5776000000.0,1345000000.0,1345000000.0,0.0,,,,,-5000000.0,735000000.0,1.0,1156442426.0,1162000000,1162000000.0,1.157,41761000000.0,0.0,221000000.0,0.0,35.939,
55,SCHW,MRQ,2007-09-30,2007-09-30,2007-09-30,2021-08-07,-12000000.0,39309000000.0,,,,,2.826,-33000000.0,14270000000.0,14270000000.0,0.0,1534000000.0,,10.582,625000000.0,,,625000000.0,0.0,39000000.0,12470000000.0,0.056,1.05,1723000000.0,1762000000.0,1.365,1762000000.0,1723000000.0,1723000000.0,1.29,1.28,1.29,3394000000.0,,3394000000.0,14853290929.0,5.0,4.393,494000000.0,0.411,1.0,1291000000.0,1.0,525000000.0,0.0,25139000000.0,,0.0,11109000000.0,,,35915000000.0,,,27088290929.0,1398000000.0,0.0,-2004000000.0,239000000.0,-1317000000.0,-2271000000.0,3142000000.0,3175000000.0,527000000.0,0.0,1534000000.0,1534000000.0,1534000000.0,-1211000000.0,0.0,1.188,779000000.0,512000000.0,21195000000.0,0.814,7.981,10.557,10.189,604000000.0,0.0,21.6,5.709,5.467,11977000000.0,5526000000.0,1291000000.0,1291000000.0,0.0,,,,,-12000000.0,692000000.0,1.0,1254087543.0,1201000000,1201000000.0,1.075,38784000000.0,241000000.0,189000000.0,0.0,32.293,
56,SCHW,MRQ,2007-06-30,2007-06-30,2007-06-30,2021-08-07,-56000000.0,49004000000.0,,,,,4.037,-44000000.0,12619000000.0,12619000000.0,0.0,292000000.0,,8.658,384000000.0,,,384000000.0,0.0,39000000.0,11685000000.0,0.009,0.05,460000000.0,499000000.0,0.414,499000000.0,460000000.0,460000000.0,0.24,0.23,0.24,5074000000.0,,5074000000.0,12221016991.0,6.0,5.887,767000000.0,0.61,1.0,1205000000.0,1.0,524000000.0,0.0,36245000000.0,,0.0,11019000000.0,,,43930000000.0,,,25633016991.0,214000000.0,0.0,-98000000.0,0.0,-62000000.0,1303000000.0,-1900000000.0,-1800000000.0,811000000.0,0.0,292000000.0,292000000.0,292000000.0,-36000000.0,0.0,0.242,781000000.0,424000000.0,21203000000.0,0.208,5.052,19.748,19.731,609000000.0,0.0,20.52,5.671,5.707,12361000000.0,5308000000.0,1205000000.0,1205000000.0,0.0,,,,,-19000000.0,703000000.0,1.0,1249172368.0,1257000000,1257000000.0,0.959,48480000000.0,405000000.0,168000000.0,0.0,38.568,
57,SCHW,MRQ,2007-03-31,2007-03-31,2007-03-31,2021-08-07,-29000000.0,47278000000.0,,,,,3.898,-39000000.0,13799000000.0,13799000000.0,0.0,273000000.0,,8.58,387000000.0,,,387000000.0,0.0,39000000.0,11443000000.0,0.009,0.05,428000000.0,467000000.0,0.405,467000000.0,428000000.0,428000000.0,0.22,0.22,0.22,4935000000.0,,4935000000.0,8210518170.0,4.0,4.079,-209000000.0,-0.165,1.0,1153000000.0,1.0,523000000.0,0.0,33343000000.0,,0.0,9293000000.0,,,42343000000.0,,,23191518170.0,-1250000000.0,-117000000.0,-293000000.0,0.0,-63000000.0,-532000000.0,-548000000.0,-515000000.0,-170000000.0,0.0,273000000.0,273000000.0,273000000.0,-37000000.0,0.0,0.237,762000000.0,391000000.0,21133000000.0,0.227,4.699,18.45,18.29,606000000.0,0.0,18.29,5.261,5.253,11494000000.0,5078000000.0,1153000000.0,1153000000.0,0.0,,,,,-14000000.0,687000000.0,1.0,1267988965.0,1266000000,1266000000.0,0.911,46755000000.0,377000000.0,155000000.0,0.0,36.931,
58,SCHW,MRQ,2006-12-31,2006-12-31,2006-12-31,2021-08-07,-36000000.0,48992000000.0,,,,,3.922,-40000000.0,15369000000.0,15369000000.0,0.0,467000000.0,,8.783,388000000.0,,,388000000.0,0.0,38000000.0,11020000000.0,0.007,0.05,615000000.0,653000000.0,0.596,653000000.0,615000000.0,615000000.0,0.37,0.36,0.37,5008000000.0,,5008000000.0,10922233799.0,6.0,5.547,376000000.0,0.294,1.0,1096000000.0,1.0,419000000.0,0.0,33592000000.0,,0.0,8750000000.0,,,43984000000.0,,,24422233799.0,1190000000.0,0.0,-52000000.0,0.0,-64000000.0,1022000000.0,-248000000.0,-218000000.0,416000000.0,0.0,467000000.0,467000000.0,467000000.0,-243000000.0,0.0,0.426,724000000.0,372000000.0,22119000000.0,0.135,4.877,19.904,19.938,602000000.0,0.0,19.34,5.668,5.772,11577000000.0,4901000000.0,1096000000.0,1096000000.0,0.0,,,,,-6000000.0,646000000.0,1.0,1262783547.0,1277000000,1277000000.0,0.858,48573000000.0,406000000.0,148000000.0,0.0,38.037,
59,SCHW,MRQ,2006-09-30,2006-09-30,2006-09-30,2021-08-07,-32000000.0,47140000000.0,,,,,3.629,-32000000.0,14823000000.0,14823000000.0,0.0,266000000.0,,9.173,1323000000.0,,,1323000000.0,0.0,39000000.0,17895000000.0,0.006,0.03,418000000.0,457000000.0,0.429,457000000.0,418000000.0,418000000.0,0.21,0.21,0.21,4634000000.0,,4634000000.0,9967652100.0,7.0,6.297,-447000000.0,-0.35,1.0,1066000000.0,1.0,945000000.0,0.0,32695000000.0,,0.0,18464000000.0,,,42506000000.0,,,22865652100.0,404000000.0,0.0,-250000000.0,-28000000.0,-38000000.0,1160000000.0,-341000000.0,-26000000.0,-415000000.0,0.0,266000000.0,266000000.0,266000000.0,-36000000.0,0.0,0.25,684000000.0,382000000.0,21967000000.0,0.143,4.934,24.145,23.88,698000000.0,0.0,17.91,6.445,6.446,11107000000.0,4498000000.0,1066000000.0,1066000000.0,0.0,,,,,-3000000.0,614000000.0,1.0,1276697493.0,1277000000,1277000000.0,0.835,46195000000.0,0.0,152000000.0,0.0,36.175,
60,SCHW,MRQ,2006-06-30,2006-06-30,2006-06-30,2021-08-07,-61000000.0,46866000000.0,,,,,3.556,32000000.0,14766000000.0,14766000000.0,0.0,251000000.0,,9.184,1868000000.0,,,1868000000.0,0.0,39000000.0,15668000000.0,0.006,0.03,397000000.0,436000000.0,0.399,436000000.0,397000000.0,397000000.0,0.2,0.19,0.2,4602000000.0,,4602000000.0,5204707175.0,4.0,3.451,1054000000.0,0.815,1.0,1093000000.0,1.0,947000000.0,0.0,33021000000.0,,0.0,17799000000.0,,,42264000000.0,,,20609707175.0,801000000.0,0.0,-249000000.0,-40000000.0,-39000000.0,1050000000.0,-1271000000.0,-1298000000.0,1022000000.0,0.0,251000000.0,251000000.0,251000000.0,-28000000.0,0.0,0.23,724000000.0,369000000.0,23449000000.0,0.15,4.478,23.209,22.829,705000000.0,0.0,15.98,5.693,5.712,11565000000.0,4270000000.0,1093000000.0,1093000000.0,0.0,,,,,-1000000.0,646000000.0,1.0,1289718847.0,1294000000,1294000000.0,0.845,45919000000.0,0.0,146000000.0,0.0,35.486,
61,SCHW,MRQ,2006-03-31,2006-03-31,2006-03-31,2021-08-07,-47000000.0,47622000000.0,,,,,3.574,-19000000.0,16723000000.0,16723000000.0,0.0,243000000.0,,9.281,1318000000.0,,,1318000000.0,0.0,41000000.0,14893000000.0,0.005,0.025,382000000.0,423000000.0,0.401,423000000.0,382000000.0,382000000.0,0.19,0.19,0.19,4632000000.0,,4632000000.0,5794732035.0,5.0,4.064,718000000.0,0.554,1.0,1054000000.0,1.0,950000000.0,0.0,31267000000.0,,0.0,16609000000.0,,,42990000000.0,,,22197732035.0,207000000.0,0.0,-64000000.0,0.0,-32000000.0,850000000.0,-1380000000.0,-1189000000.0,737000000.0,0.0,243000000.0,243000000.0,243000000.0,-29000000.0,0.0,0.231,701000000.0,353000000.0,25529000000.0,0.132,4.792,26.972,26.891,773000000.0,0.0,17.21,6.142,6.172,11549000000.0,4058000000.0,1054000000.0,1054000000.0,0.0,,,,,-15000000.0,627000000.0,1.0,1289815923.0,1296000000,1296000000.0,0.813,46672000000.0,0.0,139000000.0,0.0,36.012,
62,SCHW,MRQ,2005-12-31,2005-12-31,2005-12-31,2021-08-07,-33000000.0,47351000000.0,,,,,3.466,-1000000.0,17097000000.0,17097000000.0,0.0,187000000.0,,9.641,462000000.0,,,462000000.0,0.0,22000000.0,6969000000.0,0.006,0.025,245000000.0,267000000.0,0.797,267000000.0,245000000.0,245000000.0,0.15,0.14,0.15,4450000000.0,,4450000000.0,2860411002.0,3.0,2.205,735000000.0,0.572,1.0,335000000.0,1.0,419000000.0,0.0,30297000000.0,,0.0,6158000000.0,,,42901000000.0,,,18916411002.0,543000000.0,4000000.0,-64000000.0,-199000000.0,-32000000.0,908000000.0,-1101000000.0,-40000000.0,736000000.0,0.0,187000000.0,187000000.0,187000000.0,-96000000.0,0.0,0.558,186000000.0,149000000.0,26219000000.0,0.167,4.251,26.092,26.196,699000000.0,0.0,14.67,5.227,5.302,11600000000.0,3847000000.0,335000000.0,335000000.0,0.0,,,,,12000000.0,188000000.0,1.0,1289462236.0,1284000000,1284000000.0,0.261,46932000000.0,171000000.0,58000000.0,0.0,36.551,
63,SCHW,MRQ,2005-09-30,2005-09-30,2005-09-30,2021-08-07,-26000000.0,45373000000.0,,,,,3.325,-25000000.0,17435000000.0,17435000000.0,0.0,207000000.0,,9.433,1379000000.0,,,1379000000.0,0.0,52000000.0,12909000000.0,0.006,0.022,330000000.0,382000000.0,0.336,382000000.0,330000000.0,330000000.0,0.16,0.16,0.16,4349000000.0,,4349000000.0,494592423.0,1.0,0.435,-102000000.0,-0.078,1.0,1138000000.0,1.0,954000000.0,0.0,28363000000.0,,0.0,14213000000.0,,,41024000000.0,,,18745592423.0,-727000000.0,2000000.0,-157000000.0,-337000000.0,-29000000.0,406000000.0,-1056000000.0,-1033000000.0,-77000000.0,0.0,207000000.0,207000000.0,207000000.0,-1000000.0,0.0,0.182,809000000.0,329000000.0,25487000000.0,0.138,4.31,31.718,32.067,825000000.0,0.0,14.43,5.269,5.305,10952000000.0,3692000000.0,1138000000.0,1138000000.0,0.0,,,,,19000000.0,715000000.0,1.0,1299070854.0,1308000000,1308000000.0,0.87,44419000000.0,0.0,123000000.0,0.0,33.959,
64,SCHW,MRQ,2005-06-30,2005-06-30,2005-06-30,2021-08-07,-12000000.0,46475000000.0,,,,,3.286,-29000000.0,19974000000.0,19974000000.0,0.0,186000000.0,,9.763,1723000000.0,,,1723000000.0,0.0,51000000.0,11985000000.0,0.007,0.022,303000000.0,354000000.0,0.326,354000000.0,303000000.0,303000000.0,0.14,0.14,0.14,4318000000.0,,4318000000.0,-4449254850.0,-7.0,-5.576,248000000.0,0.189,1.0,1087000000.0,1.0,959000000.0,0.0,27265000000.0,,0.0,13315000000.0,,,42157000000.0,,,14773745150.0,476000000.0,-2000000.0,-139000000.0,351000000.0,-29000000.0,740000000.0,-541000000.0,-510000000.0,277000000.0,0.0,186000000.0,186000000.0,186000000.0,0.0,0.0,0.171,784000000.0,303000000.0,27177000000.0,0.157,3.421,43.072,43.385,852000000.0,0.0,11.28,4.32,4.334,10400000000.0,3529000000.0,1087000000.0,1087000000.0,0.0,,,,,7000000.0,684000000.0,1.0,1309729180.0,1314000000,1314000000.0,0.827,45516000000.0,0.0,117000000.0,0.0,34.639,
65,SCHW,MRQ,2005-03-31,2005-03-31,2005-03-31,2021-08-07,-22000000.0,46405000000.0,,,,,3.224,-23000000.0,20592000000.0,20592000000.0,0.0,145000000.0,,9.855,1369000000.0,,,1369000000.0,0.0,54000000.0,11428000000.0,0.008,0.02,240000000.0,294000000.0,0.278,294000000.0,240000000.0,240000000.0,0.11,0.11,0.11,4275000000.0,,4275000000.0,-6680840764.0,-14.0,-9.942,-182000000.0,-0.137,1.0,1059000000.0,1.0,961000000.0,0.0,26221000000.0,,0.0,12730000000.0,,,42130000000.0,,,13868159236.0,-638000000.0,0.0,-222000000.0,129000000.0,-26000000.0,191000000.0,-670000000.0,-647000000.0,-159000000.0,0.0,145000000.0,145000000.0,145000000.0,6000000.0,0.0,0.137,813000000.0,246000000.0,28055000000.0,0.182,3.244,51.364,52.55,874000000.0,0.0,10.51,4.119,4.139,10275000000.0,3372000000.0,1059000000.0,1059000000.0,0.0,,,,,9000000.0,685000000.0,1.0,1319520384.0,1326000000,1326000000.0,0.799,45444000000.0,0.0,95000000.0,0.0,34.271,
66,SCHW,MRQ,2004-12-31,2004-12-31,2004-12-31,2021-08-07,-5000000.0,47133000000.0,,,,,3.249,-26000000.0,21797000000.0,21797000000.0,0.0,53000000.0,,9.746,1248000000.0,,,1248000000.0,0.0,30000000.0,11118000000.0,0.006,0.02,77000000.0,107000000.0,0.391,107000000.0,77000000.0,77000000.0,0.04,0.04,0.04,4386000000.0,,4386000000.0,-4095171848.0,-8.0,-6.022,298000000.0,0.221,1.0,274000000.0,1.0,964000000.0,0.0,25620000000.0,,0.0,12177000000.0,,,42747000000.0,,,16109828152.0,374000000.0,270000000.0,-195000000.0,135000000.0,-27000000.0,499000000.0,-449000000.0,274000000.0,324000000.0,0.0,53000000.0,53000000.0,53000000.0,-15000000.0,0.0,0.193,212000000.0,62000000.0,28985000000.0,0.5,3.673,56.328,56.952,903000000.0,0.0,11.96,4.716,4.779,10323000000.0,3258000000.0,274000000.0,274000000.0,0.0,,,,,-2000000.0,130000000.0,1.0,1346975598.0,1350000000,1350000000.0,0.203,46169000000.0,0.0,24000000.0,0.0,34.199,
67,SCHW,MRQ,2004-09-30,2004-09-30,2004-09-30,2021-08-07,-8000000.0,45935000000.0,,,,,3.339,-66000000.0,21656000000.0,21656000000.0,0.0,-41000000.0,,9.085,1451000000.0,,,1451000000.0,0.0,58000000.0,10199000000.0,0.007,0.02,-15000000.0,43000000.0,0.043,43000000.0,-15000000.0,-15000000.0,-0.03,-0.03,-0.03,4555000000.0,,4555000000.0,-9139970253.0,-14.0,-10.47,-507000000.0,-0.372,1.0,1000000000.0,1.0,958000000.0,0.0,24772000000.0,,0.0,11565000000.0,,,41380000000.0,,,12558029747.0,-324000000.0,1000000.0,-143000000.0,122000000.0,-28000000.0,106000000.0,11000000.0,-24000000.0,-441000000.0,0.0,-41000000.0,-41000000.0,-41000000.0,87000000.0,0.0,-0.041,928000000.0,72000000.0,28301000000.0,-0.667,2.757,32.961,32.821,932000000.0,0.0,9.19,2.987,2.982,9484000000.0,3256000000.0,1000000000.0,1000000000.0,0.0,,,,,12000000.0,710000000.0,1.0,1366488547.0,1364000000,1364000000.0,0.733,44977000000.0,0.0,26000000.0,0.0,32.974,
68,SCHW,MRQ,2004-06-30,2004-06-30,2004-06-30,2021-08-07,-30000000.0,47321000000.0,,,,,3.446,-51000000.0,23022000000.0,23022000000.0,0.0,113000000.0,,9.0,1324000000.0,,,1324000000.0,0.0,53000000.0,10045000000.0,0.006,0.02,175000000.0,228000000.0,0.221,228000000.0,175000000.0,175000000.0,0.08,0.08,0.08,4732000000.0,,4732000000.0,-8605032423.0,-10.0,-7.866,981000000.0,0.714,1.0,1034000000.0,1.0,1201000000.0,0.0,24422000000.0,,0.0,11621000000.0,,,42589000000.0,,,13115967577.0,68000000.0,-1000000.0,4000000.0,-195000000.0,-27000000.0,555000000.0,-1519000000.0,-1467000000.0,1032000000.0,0.0,113000000.0,113000000.0,113000000.0,-6000000.0,0.0,0.109,865000000.0,169000000.0,29972000000.0,0.25,2.772,23.891,24.025,942000000.0,0.0,9.61,3.122,3.141,9623000000.0,3334000000.0,1034000000.0,1034000000.0,0.0,,,,,13000000.0,756000000.0,1.0,1364824930.0,1373000000,1373000000.0,0.753,46120000000.0,0.0,62000000.0,0.0,33.591,
69,SCHW,MRQ,2004-03-31,2004-03-31,2004-03-31,2021-08-07,6000000.0,46284000000.0,,,,,3.391,-34000000.0,23255000000.0,23255000000.0,0.0,161000000.0,,8.928,1534000000.0,,,1534000000.0,0.0,56000000.0,9271000000.0,0.005,0.014,246000000.0,302000000.0,0.273,302000000.0,246000000.0,246000000.0,0.12,0.12,0.12,4662000000.0,,4662000000.0,-6587648853.0,-8.0,-5.887,-356000000.0,-0.259,1.0,1108000000.0,1.0,1205000000.0,0.0,23358000000.0,,0.0,10280000000.0,,,41622000000.0,,,15819351147.0,-433000000.0,0.0,20000000.0,-241000000.0,-19000000.0,723000000.0,-834000000.0,-459000000.0,-322000000.0,0.0,161000000.0,161000000.0,161000000.0,-2000000.0,0.0,0.145,864000000.0,244000000.0,29562000000.0,0.117,3.393,28.148,27.643,943000000.0,0.0,11.61,3.78,3.815,9762000000.0,3254000000.0,1108000000.0,1108000000.0,0.0,,,,,19000000.0,765000000.0,1.0,1362562545.0,1375000000,1375000000.0,0.806,45079000000.0,0.0,85000000.0,0.0,32.785,
70,SCHW,MRQ,2003-12-31,2003-12-31,2003-12-31,2021-08-07,-13000000.0,45866000000.0,,,,,3.249,-50000000.0,24126000000.0,24126000000.0,0.0,148000000.0,,9.282,1768000000.0,,,1768000000.0,0.0,65000000.0,8308000000.0,0.004,0.014,235000000.0,300000000.0,0.282,300000000.0,235000000.0,235000000.0,0.11,0.11,0.11,4461000000.0,,4461000000.0,-6693944350.0,-9.0,-6.762,671000000.0,0.489,1.0,1062000000.0,1.0,951000000.0,0.0,22557000000.0,,0.0,9699000000.0,,,41405000000.0,,,16062055650.0,331000000.0,-348000000.0,10000000.0,-406000000.0,-19000000.0,1385000000.0,-1747000000.0,-1349000000.0,721000000.0,0.0,148000000.0,148000000.0,148000000.0,-2000000.0,0.0,0.139,829000000.0,233000000.0,29969000000.0,0.127,3.601,34.03,33.829,943000000.0,0.0,11.84,4.123,4.145,9057000000.0,3125000000.0,1062000000.0,1062000000.0,0.0,,,,,10000000.0,693000000.0,1.0,1356592538.0,1373000000,1373000000.0,0.773,44915000000.0,0.0,87000000.0,0.0,32.713,
71,SCHW,MRQ,2003-09-30,2003-09-30,2003-09-30,2021-08-07,-12000000.0,43760000000.0,,,,,3.157,-32000000.0,24934000000.0,24934000000.0,0.0,127000000.0,,9.148,2178000000.0,,,2178000000.0,0.0,65000000.0,6508000000.0,0.004,0.014,199000000.0,264000000.0,0.265,264000000.0,199000000.0,199000000.0,0.09,0.09,0.09,4312000000.0,,4312000000.0,-6476630926.0,-17.0,-9.71,199000000.0,0.146,1.0,997000000.0,1.0,605000000.0,0.0,20399000000.0,,0.0,8435000000.0,,,39448000000.0,,,16130369074.0,490000000.0,-1000000.0,11000000.0,61000000.0,-19000000.0,1332000000.0,-1101000000.0,-1068000000.0,231000000.0,0.0,127000000.0,127000000.0,127000000.0,-3000000.0,0.0,0.127,801000000.0,196000000.0,29444000000.0,0.156,3.741,65.838,66.167,976000000.0,0.0,11.91,4.297,4.334,7972000000.0,3007000000.0,997000000.0,997000000.0,0.0,,,,,10000000.0,658000000.0,1.0,1354355086.0,1366000000,1366000000.0,0.73,43155000000.0,0.0,72000000.0,0.0,31.592,
72,SCHW,MRQ,2003-06-30,2003-06-30,2003-06-30,2021-08-07,-9000000.0,41836000000.0,,,,,3.073,-33000000.0,24732000000.0,24732000000.0,0.0,126000000.0,,9.011,2125000000.0,,,2125000000.0,0.0,71000000.0,5229000000.0,0.004,0.011,182000000.0,253000000.0,0.249,253000000.0,182000000.0,182000000.0,0.1,0.09,0.1,4179000000.0,,4179000000.0,-9392340317.0,-51.0,-19.69,-390000000.0,-0.287,1.0,1018000000.0,1.0,604000000.0,0.0,18625000000.0,,0.0,7384000000.0,,,37657000000.0,,,13625659683.0,-289000000.0,0.0,6000000.0,494000000.0,-15000000.0,507000000.0,-439000000.0,-406000000.0,-357000000.0,0.0,126000000.0,126000000.0,126000000.0,0.0,0.0,0.124,836000000.0,182000000.0,29091000000.0,0.11,3.261,119.523,112.111,1011000000.0,0.0,10.09,3.608,3.633,7325000000.0,2905000000.0,1018000000.0,1018000000.0,0.0,,,,,2000000.0,683000000.0,1.0,1350412258.0,1360000000,1360000000.0,0.749,41232000000.0,0.0,56000000.0,0.0,30.318,
73,SCHW,MRQ,2003-03-31,2003-03-31,2003-03-31,2021-08-07,-11000000.0,40440000000.0,,,,,2.989,-32000000.0,24643000000.0,24643000000.0,0.0,71000000.0,,8.97,1625000000.0,,,1625000000.0,0.0,76000000.0,5207000000.0,0.006,0.011,94000000.0,170000000.0,0.189,170000000.0,94000000.0,94000000.0,0.05,0.05,0.05,4056000000.0,,4056000000.0,-13203740237.0,-83.0,-28.58,-538000000.0,-0.396,1.0,900000000.0,1.0,604000000.0,0.0,16818000000.0,,0.0,6889000000.0,,,36384000000.0,,,9765259763.0,-726000000.0,45000000.0,-25000000.0,239000000.0,-15000000.0,175000000.0,-395000000.0,-408000000.0,-506000000.0,0.0,71000000.0,71000000.0,71000000.0,3000000.0,0.0,0.079,803000000.0,97000000.0,28298000000.0,0.22,2.408,113.55,120.333,1048000000.0,0.0,7.22,2.573,2.581,6513000000.0,2802000000.0,900000000.0,900000000.0,0.0,,,,,7000000.0,673000000.0,1.0,1352529053.0,1357000000,1357000000.0,0.663,39836000000.0,0.0,23000000.0,0.0,29.356,
74,SCHW,MRQ,2002-12-31,2002-12-31,2002-12-31,2021-08-07,-18000000.0,39705000000.0,,,,,2.962,-40000000.0,24119000000.0,24119000000.0,0.0,-79000000.0,,8.899,1150000000.0,,,1150000000.0,0.0,69000000.0,5231000000.0,0.004,0.011,-89000000.0,-20000000.0,-0.024,-20000000.0,-89000000.0,-89000000.0,-0.06,-0.06,-0.06,4011000000.0,,4011000000.0,-5727425743.0,-27.0,-11.057,531000000.0,0.392,1.0,839000000.0,1.0,609000000.0,0.0,16127000000.0,,0.0,6271000000.0,,,35694000000.0,,,14578574257.0,513000000.0,0.0,-58000000.0,-248000000.0,-15000000.0,210000000.0,-126000000.0,-86000000.0,571000000.0,0.0,-79000000.0,-79000000.0,-79000000.0,42000000.0,0.0,-0.094,886000000.0,-47000000.0,28011000000.0,-0.183,3.635,133.748,135.625,868000000.0,0.0,10.85,3.696,3.783,7067000000.0,2769000000.0,839000000.0,839000000.0,0.0,,,,,9000000.0,610000000.0,1.0,1343647397.0,1354000000,1354000000.0,0.62,39096000000.0,0.0,-10000000.0,0.0,28.874,
75,SCHW,MRQ,2002-09-30,2002-09-30,2002-09-30,2021-08-07,-22000000.0,37568000000.0,,,,,3.051,-42000000.0,21718000000.0,21718000000.0,0.0,-4000000.0,,8.068,1412000000.0,,,1412000000.0,0.0,78000000.0,4700000000.0,0.005,0.011,-4000000.0,74000000.0,0.073,74000000.0,-4000000.0,-4000000.0,0.0,0.0,0.0,4143000000.0,,4143000000.0,-6213524756.0,-22.0,-10.087,298000000.0,0.219,1.0,1020000000.0,1.0,627000000.0,0.0,16635000000.0,,0.0,6217000000.0,,,33425000000.0,,,11874475244.0,4000000.0,-2000000.0,-195000000.0,-635000000.0,-15000000.0,-502000000.0,166000000.0,210000000.0,340000000.0,0.0,-4000000.0,-4000000.0,-4000000.0,3000000.0,0.0,-0.004,1021000000.0,-1000000.0,26095000000.0,,2.866,67.854,66.923,917000000.0,0.0,8.7,2.894,2.88,7248000000.0,2882000000.0,1020000000.0,1020000000.0,0.0,,,,,5000000.0,728000000.0,1.0,1364882212.0,1358000000,1358000000.0,0.751,36941000000.0,0.0,0.0,0.0,27.203,
76,SCHW,MRQ,2002-06-30,2002-06-30,2002-06-30,2021-08-07,-26000000.0,37643000000.0,,,,,3.137,-40000000.0,20113000000.0,20113000000.0,0.0,98000000.0,,7.664,2025000000.0,,,2025000000.0,0.0,80000000.0,4357000000.0,0.004,0.011,158000000.0,238000000.0,0.23,238000000.0,158000000.0,158000000.0,0.07,0.07,0.07,4345000000.0,,4345000000.0,-2853219494.0,-9.0,-4.259,683000000.0,0.493,1.0,1037000000.0,1.0,626000000.0,0.0,18929000000.0,,0.0,6440000000.0,,,33298000000.0,,,15358780506.0,648000000.0,8000000.0,-27000000.0,79000000.0,-15000000.0,278000000.0,-354000000.0,-322000000.0,723000000.0,1000000.0,98000000.0,98000000.0,98000000.0,3000000.0,0.0,0.095,876000000.0,161000000.0,25746000000.0,0.157,3.535,79.994,80.0,961000000.0,0.0,11.2,3.741,3.778,8650000000.0,2914000000.0,1037000000.0,1037000000.0,0.0,,,,,7000000.0,736000000.0,1.0,1371319688.0,1385000000,1385000000.0,0.749,37017000000.0,0.0,60000000.0,0.0,26.727,
77,SCHW,MRQ,2002-03-31,2002-03-31,2002-03-31,2021-08-07,-38000000.0,38821000000.0,,,,,3.073,-32000000.0,20155000000.0,20155000000.0,0.0,94000000.0,,8.096,1943000000.0,,,1943000000.0,0.0,82000000.0,4117000000.0,0.004,0.011,144000000.0,226000000.0,0.216,226000000.0,144000000.0,144000000.0,0.07,0.07,0.07,4268000000.0,,4268000000.0,-2897466471.0,-12.0,-4.629,-1472000000.0,-1.06,1.0,1048000000.0,1.0,624000000.0,0.0,19985000000.0,,0.0,6180000000.0,,,34553000000.0,,,17942533529.0,-2557000000.0,20000000.0,15000000.0,635000000.0,-15000000.0,-697000000.0,-419000000.0,-407000000.0,-1440000000.0,-1000000.0,94000000.0,94000000.0,94000000.0,4000000.0,0.0,0.09,912000000.0,136000000.0,27201000000.0,0.157,4.204,91.544,93.5,1002000000.0,0.0,13.09,4.334,4.392,9991000000.0,2845000000.0,1048000000.0,1048000000.0,0.0,,,,,10000000.0,747000000.0,1.0,1370705388.0,1389000000,1389000000.0,0.754,38197000000.0,0.0,50000000.0,0.0,27.5,
78,SCHW,MRQ,2001-12-31,2001-12-31,2001-12-31,2021-08-07,-37000000.0,40464000000.0,,,,,3.001,-35000000.0,22148000000.0,22148000000.0,0.0,-13000000.0,,8.72,1308000000.0,,,1308000000.0,0.0,93000000.0,5448000000.0,0.003,0.011,-15000000.0,78000000.0,0.078,78000000.0,-15000000.0,-15000000.0,-0.01,-0.01,-0.01,4163000000.0,,4163000000.0,3475135353.0,13.0,5.234,132000000.0,0.095,1.0,998000000.0,1.0,628000000.0,0.0,18996000000.0,,0.0,5746000000.0,,,36301000000.0,,,21142135353.0,646000000.0,21000000.0,-44000000.0,-449000000.0,-15000000.0,567000000.0,-87000000.0,-73000000.0,167000000.0,-1000000.0,-13000000.0,-13000000.0,-13000000.0,28000000.0,0.0,-0.013,985000000.0,13000000.0,28218000000.0,-1.1,5.079,106.242,110.5,1058000000.0,0.0,15.47,4.926,5.043,10066000000.0,2794000000.0,998000000.0,998000000.0,0.0,,,,,17000000.0,727000000.0,1.0,1366653869.0,1387000000,1387000000.0,0.72,39836000000.0,0.0,-2000000.0,0.0,28.721,
79,SCHW,MRQ,2001-09-30,2001-09-30,2001-09-30,2021-08-07,-39000000.0,37130000000.0,,,,,2.995,-58000000.0,19408000000.0,19408000000.0,0.0,13000000.0,,7.887,1741000000.0,,,1741000000.0,0.0,102000000.0,4373000000.0,0.004,0.011,26000000.0,128000000.0,0.125,128000000.0,26000000.0,26000000.0,0.01,0.01,0.01,4178000000.0,,4178000000.0,1027841589.0,2.0,1.138,723000000.0,0.518,1.0,1023000000.0,1.0,505000000.0,0.0,18958000000.0,,0.0,5518000000.0,,,32952000000.0,,,15886841589.0,1187000000.0,-1000000.0,-164000000.0,666000000.0,-16000000.0,721000000.0,-316000000.0,-257000000.0,781000000.0,1000000.0,13000000.0,13000000.0,13000000.0,0.0,0.0,0.013,997000000.0,26000000.0,25481000000.0,1.1,3.802,45.262,46.0,1124000000.0,0.0,11.5,3.432,3.466,9670000000.0,2849000000.0,1023000000.0,1023000000.0,0.0,,,,,13000000.0,746000000.0,1.0,1381464486.0,1395000000,1395000000.0,0.733,36625000000.0,0.0,13000000.0,0.0,26.254,
80,SCHW,MRQ,2001-06-30,2001-06-30,2001-06-30,2021-08-07,-36000000.0,35909000000.0,,,,,3.077,-79000000.0,15935000000.0,15935000000.0,0.0,102000000.0,,7.307,1076000000.0,,,1076000000.0,0.0,99000000.0,4139000000.0,0.003,0.013,95000000.0,194000000.0,0.181,194000000.0,95000000.0,95000000.0,0.07,0.07,0.07,4323000000.0,,4323000000.0,5482654711.0,8.0,5.007,62000000.0,0.044,1.0,1071000000.0,1.0,515000000.0,0.0,20535000000.0,,0.0,5347000000.0,,,31586000000.0,,,21830654711.0,-130000000.0,262000000.0,-138000000.0,23000000.0,-15000000.0,-158000000.0,-113000000.0,-296000000.0,141000000.0,0.0,102000000.0,102000000.0,102000000.0,0.0,0.0,0.095,1097000000.0,-26000000.0,25058000000.0,0.186,5.05,45.481,46.324,1152000000.0,0.0,15.75,4.429,4.49,12108000000.0,2867000000.0,1071000000.0,1071000000.0,0.0,,,,,12000000.0,790000000.0,1.0,1386073315.0,1405000000,1405000000.0,0.762,35394000000.0,0.0,-7000000.0,0.0,25.191,
81,SCHW,MRQ,2001-03-31,2001-03-31,2001-03-31,2021-08-07,-40000000.0,37229000000.0,,,,,3.053,-129000000.0,17401000000.0,17401000000.0,0.0,97000000.0,,7.648,1053000000.0,,,1053000000.0,0.0,100000000.0,4066000000.0,0.003,0.011,164000000.0,264000000.0,0.22,264000000.0,164000000.0,164000000.0,0.07,0.07,0.07,4305000000.0,,4305000000.0,8195643298.0,9.0,6.658,-1804000000.0,-1.279,1.0,1200000000.0,1.0,500000000.0,0.0,20381000000.0,,0.0,4887000000.0,,,32924000000.0,,,21387006298.0,-2172000000.0,-12000000.0,8000000.0,-56000000.0,-15000000.0,-206000000.0,-291000000.0,-150000000.0,-1675000000.0,0.0,97000000.0,97000000.0,97000000.0,0.0,0.0,0.081,1036000000.0,164000000.0,26748000000.0,0.157,4.968,41.528,41.676,1176000000.0,0.0,15.42,4.064,4.132,12394000000.0,2795000000.0,1200000000.0,1200000000.0,0.0,,,,,27000000.0,862000000.0,1.0,1386965389.0,1410000000,1410000000.0,0.851,36729000000.0,0.0,67000000.0,0.0,26.049,
82,SCHW,MRQ,2000-12-31,2000-12-31,2000-12-31,2021-08-07,-14000000.0,38154000000.0,,,,,3.0,-238000000.0,14301000000.0,14301000000.0,0.0,139000000.0,,8.02,1109000000.0,,,1109000000.0,0.0,91000000.0,4209000000.0,0.001,0.011,226000000.0,317000000.0,0.237,317000000.0,226000000.0,226000000.0,0.1,0.1,0.1,4230000000.0,,4230000000.0,32904974686.0,27.0,21.381,2860000000.0,2.028,1.0,1335000000.0,1.0,605000000.0,0.0,24357000000.0,,0.0,4765000000.0,,,33924000000.0,,,39268198686.0,3020000000.0,-12000000.0,9000000.0,-4000000.0,-15000000.0,409000000.0,-482000000.0,-232000000.0,3098000000.0,-5000000.0,139000000.0,139000000.0,139000000.0,0.0,0.0,0.104,1109000000.0,226000000.0,27329000000.0,0.11,9.283,54.691,53.547,1133000000.0,0.0,28.38,6.784,6.884,16680000000.0,2713000000.0,1335000000.0,1335000000.0,0.0,,,,,36000000.0,925000000.0,1.0,1383657459.0,1410000000,1410000000.0,0.947,37549000000.0,0.0,87000000.0,0.0,26.63,
83,SCHW,MRQ,2000-09-30,2000-09-30,2000-09-30,2021-08-07,-15549000.0,35507641000.0,,,,,2.857,-193000000.0,7476923000.0,7476923000.0,0.0,142000000.0,,7.785,1113699000.0,,,1113699000.0,0.0,80000000.0,3790141000.0,0.001,0.011,240000000.0,320000000.0,0.242,320000000.0,240000000.0,240000000.0,0.1,0.1,0.1,4042021000.0,,4042021000.0,42644681992.0,32.0,26.841,493000000.0,0.348,1.0,1323000000.0,1.0,501940000.0,0.0,28642477000.0,,0.0,4500891000.0,,,31465620000.0,,,48970660992.0,328000000.0,-6000000.0,14000000.0,15000000.0,-15000000.0,-158000000.0,-209000000.0,-10000000.0,686000000.0,9000000.0,142000000.0,142000000.0,142000000.0,0.0,0.0,0.107,1083000000.0,240000000.0,25282011000.0,0.11,12.115,63.669,61.155,962372000.0,0.0,35.47,8.551,8.764,21197878000.0,2589562000.0,1323000000.0,1323000000.0,0.0,,,,,100000000.0,907000000.0,1.0,1380621962.0,1415000000,1415000000.0,0.935,35005701000.0,0.0,98000000.0,0.0,24.739,
84,SCHW,MRQ,2000-06-30,2000-06-30,2000-06-30,2021-08-07,-17883000.0,34926378000.0,,,,,2.7,-150000000.0,7424187000.0,7424187000.0,0.0,137000000.0,,8.194,1098208000.0,,,1098208000.0,0.0,77000000.0,3962319000.0,0.001,0.009,253000000.0,330000000.0,0.235,330000000.0,253000000.0,253000000.0,0.1,0.09,0.1,3798708000.0,,3798708000.0,33969769871.0,26.0,21.909,-1415000000.0,-1.006,1.0,1404000000.0,1.0,515933000.0,0.0,28084466000.0,,0.0,4504683000.0,,,31127670000.0,,,42459439871.0,-1463000000.0,-27000000.0,33000000.0,230000000.0,-16000000.0,214000000.0,-405000000.0,-228000000.0,-1265000000.0,-7000000.0,137000000.0,137000000.0,137000000.0,0.0,0.0,0.098,1151000000.0,253000000.0,24712284000.0,0.09,11.177,55.052,57.0,839150000.0,0.0,33.63,7.835,8.731,20738957000.0,2462360000.0,1404000000.0,1404000000.0,0.0,,,,,216000000.0,928000000.0,1.0,1262546532.0,1407000000,1407000000.0,0.998,34410445000.0,0.0,116000000.0,0.0,24.457,
85,SCHW,MRQ,2000-03-31,2000-03-31,2000-03-31,2021-08-07,59000.0,33740454000.0,,,,,2.261,-124000000.0,9144799000.0,9144799000.0,0.0,300000000.0,,9.736,655129000.0,,,655129000.0,0.0,60000000.0,0.0,0.001,0.009,512000000.0,572000000.0,0.331,572000000.0,512000000.0,512000000.0,0.23,0.22,0.23,3142649000.0,,3142649000.0,37630837708.0,28.0,24.267,273000000.0,0.196,1.0,1726000000.0,1.0,520565000.0,0.0,24730219000.0,,0.0,413070000.0,,,30597805000.0,,,47720493708.0,81000000.0,10000000.0,29000000.0,209000000.0,-16000000.0,12000000.0,-327000000.0,-213000000.0,397000000.0,-1000000.0,300000000.0,300000000.0,300000000.0,0.0,0.0,0.174,1214000000.0,512000000.0,28828151000.0,0.039,15.185,59.296,61.29,667431000.0,0.0,38.0,9.299,10.293,22695441000.0,2067070000.0,1726000000.0,1726000000.0,0.0,,,,,60000000.0,1009000000.0,1.0,1255802466.0,1390000000,1390000000.0,1.242,33219889000.0,0.0,212000000.0,0.0,23.899,
86,SCHW,MRQ,1999-12-31,1999-12-31,1999-12-31,2021-08-07,-8920000.0,34322112000.0,,,,,1.876,-117246000.0,11438572000.0,11438572000.0,0.0,190147000.0,,12.325,659157000.0,,,659157000.0,0.0,51918000.0,4204943000.0,0.001,0.009,314843000.0,366761000.0,0.288,366761000.0,314843000.0,314843000.0,0.15,0.14,0.15,2575776000.0,,2575776000.0,21789348103.0,20.0,17.023,406826000.0,0.296,1.0,1273597000.0,1.0,53723000.0,0.0,23488974000.0,,0.0,4022425000.0,,,31746336000.0,,,31363806103.0,818843000.0,-18137000.0,-3988000.0,49297000.0,-15464000.0,588531000.0,-296670000.0,-161287000.0,524072000.0,2910000.0,190147000.0,190147000.0,190147000.0,0.0,0.0,0.149,958754000.0,314843000.0,25639115000.0,0.06,12.176,47.093,50.0,678208000.0,0.0,25.5,6.991,7.805,17544469000.0,2144683000.0,1273597000.0,1273597000.0,0.0,,,,,225369000.0,823902000.0,1.0,1229953180.0,1373123000,1373123000.0,0.928,34268389000.0,0.0,124696000.0,0.0,24.957,
87,SCHW,MRQ,1999-09-30,1999-09-30,1999-09-30,2021-08-07,1075000.0,25088022000.0,,,,,1.494,-119278000.0,10039470000.0,10039470000.0,0.0,144107000.0,,11.204,465012000.0,,,465012000.0,0.0,45897000.0,0.0,0.002,0.009,235863000.0,281760000.0,0.277,281760000.0,235863000.0,235863000.0,0.11,0.11,0.11,2055794000.0,,2055794000.0,18884940618.0,18.0,15.559,200208000.0,0.146,1.0,1015722000.0,1.0,46097000.0,0.0,15467467000.0,,0.0,303980000.0,,,23032228000.0,,,27347258618.0,206820000.0,-2116000.0,-378000.0,-16968000.0,-15453000.0,101280000.0,-213674000.0,-92280000.0,319486000.0,-272000.0,144107000.0,144107000.0,144107000.0,0.0,0.0,0.142,779859000.0,235863000.0,21841368000.0,0.082,13.303,43.718,47.132,532145000.0,0.0,22.293,6.34,7.11,13980765000.0,1635272000.0,1015722000.0,1015722000.0,0.0,,,,,-13033000.0,683359000.0,1.0,1226701194.0,1375736000,1375736000.0,0.738,25041925000.0,0.0,91756000.0,0.0,18.203,
88,SCHW,MRQ,1999-06-30,1999-06-30,1999-06-30,2021-08-07,-1044000.0,23552061000.0,,,,,1.391,-77514000.0,8873365000.0,8873365000.0,0.0,170533000.0,,11.3,411047000.0,,,411047000.0,0.0,48316000.0,0.0,0.001,0.009,281879000.0,330195000.0,0.296,330195000.0,281879000.0,281879000.0,0.13,0.12,0.13,1914742000.0,,1914742000.0,34732315561.0,36.0,30.745,244010000.0,0.177,1.0,1116206000.0,1.0,46332000.0,0.0,15043411000.0,,0.0,320273000.0,,,21637319000.0,,,44494958561.0,70302000.0,-90000.0,-12606000.0,66671000.0,-18796000.0,132504000.0,-384037000.0,-306433000.0,321524000.0,311000.0,170533000.0,170533000.0,170533000.0,0.0,0.0,0.153,834327000.0,281879000.0,20513988000.0,0.069,23.238,76.82,80.741,454912000.0,0.0,36.333,11.115,12.497,13659935000.0,1522081000.0,1116206000.0,1116206000.0,0.0,,,,,20905000.0,712016000.0,1.0,1224631887.0,1376992000,1376992000.0,0.811,23505729000.0,0.0,111346000.0,0.0,17.07,
89,SCHW,MRQ,1999-03-31,1999-03-31,1999-03-31,2021-08-07,61000.0,23439279000.0,,,,,1.367,-55962000.0,10113723000.0,10113723000.0,0.0,142867000.0,,12.636,351080000.0,,,351080000.0,0.0,34869000.0,0.0,0.001,0.009,236092000.0,270961000.0,0.285,270961000.0,236092000.0,236092000.0,0.12,0.113,0.12,1718932000.0,,1718932000.0,28014867115.0,35.0,29.163,-127044000.0,-0.101,1.0,951585000.0,1.0,48852000.0,0.0,13627784000.0,,0.0,316656000.0,,,21720347000.0,,,39062738115.0,-115965000.0,-5657000.0,28972000.0,0.0,-11287000.0,17685000.0,-61619000.0,0.0,-71082000.0,-949000.0,142867000.0,142867000.0,142867000.0,0.0,0.0,0.15,715493000.0,236092000.0,20763258000.0,0.075,22.725,80.536,84.325,418890000.0,0.0,32.043,11.081,11.433,12311085000.0,1386533000.0,951585000.0,951585000.0,0.0,,,,,16759000.0,601820000.0,1.0,1219059756.0,1257753000,1257753000.0,0.757,23390427000.0,0.0,93225000.0,0.0,18.597,
90,SCHW,MRQ,1998-12-31,1998-12-31,1998-12-31,2021-08-07,1308000.0,22264390000.0,,,,,1.064,-54326000.0,11398871000.0,11398871000.0,0.0,168037000.0,,14.585,351000000.0,,,351000000.0,0.0,53925000.0,0.0,0.002,0.009,276924000.0,330849000.0,0.269,330849000.0,276924000.0,276924000.0,0.113,0.11,0.113,1428622000.0,,1428622000.0,14092166298.0,21.0,16.853,184939000.0,0.138,1.0,1230233000.0,1.0,46274000.0,0.0,11170245000.0,,0.0,242115000.0,,,20835768000.0,,,22528056298.0,198142000.0,-23584000.0,-46722000.0,-43146000.0,-24116000.0,226905000.0,-267206000.0,-189296000.0,239265000.0,-822000.0,168037000.0,168037000.0,168037000.0,0.0,0.0,0.137,953309000.0,276924000.0,19866519000.0,0.08,15.769,54.929,58.531,396163000.0,0.0,18.73,7.089,7.915,9980474000.0,1254953000.0,1230233000.0,1230233000.0,0.0,,,,,73683000.0,799101000.0,1.0,1202779300.0,1342895000,1342895000.0,0.916,22218116000.0,0.0,108887000.0,0.0,16.545,
91,SCHW,MRQ,1998-09-30,1998-09-30,1998-09-30,2021-08-07,2416000.0,18846013000.0,,,,,1.061,-59441000.0,8786892000.0,8786892000.0,0.0,97772000.0,,13.431,351002000.0,,,351002000.0,0.0,35175000.0,0.0,0.004,0.009,162499000.0,197674000.0,0.28,197674000.0,162499000.0,162499000.0,0.087,0.08,0.087,1305908000.0,,1305908000.0,2877925748.0,6.0,4.484,174680000.0,0.142,1.0,705271000.0,1.0,49270000.0,0.0,10360853000.0,,0.0,212538000.0,,,17540105000.0,,,10511739748.0,105444000.0,0.0,-19065000.0,-40047000.0,-10640000.0,-69752000.0,-59441000.0,0.0,234121000.0,516000.0,97772000.0,97772000.0,97772000.0,0.0,0.0,0.139,542772000.0,162499000.0,16697514000.0,0.103,8.049,34.448,34.453,389784000.0,0.0,8.751,4.093,4.193,9271639000.0,1165827000.0,705271000.0,705271000.0,0.0,,,,,12761000.0,451178000.0,1.0,1201189154.0,1230568500,1230568500.0,0.573,18796743000.0,0.0,64727000.0,0.0,15.275,
92,SCHW,MRQ,1998-06-30,1998-06-30,1998-06-30,2021-08-07,1518000.0,18265142000.0,,,,,0.988,-47625000.0,8024818000.0,8024818000.0,0.0,76356000.0,,14.037,391004000.0,,,391004000.0,0.0,35255000.0,0.0,0.005,0.009,125881000.0,161136000.0,0.253,161136000.0,125881000.0,125881000.0,0.06,0.06,0.06,1214682000.0,,1214682000.0,19916596.0,0.0,0.033,51247000.0,0.042,1.0,637960000.0,1.0,50791000.0,0.0,10580537000.0,,0.0,232389000.0,,,17050460000.0,,,8709876596.0,10326000.0,0.0,-60121000.0,30000000.0,-10681000.0,-40802000.0,-47625000.0,0.0,98872000.0,-119000.0,76356000.0,76356000.0,76356000.0,0.0,0.0,0.12,512079000.0,125881000.0,16188014000.0,0.15,7.17,30.679,31.255,364518000.0,0.0,7.251,3.52,3.601,9427090000.0,1078659000.0,637960000.0,637960000.0,0.0,,,,,8262000.0,433375000.0,1.0,1201178200.0,1229077500,1229077500.0,0.519,18214351000.0,0.0,49525000.0,0.0,14.82,
93,SCHW,MRQ,1998-03-31,1998-03-31,1998-03-31,2021-08-07,1654000.0,18193537000.0,,,,,0.952,-37776000.0,9050997000.0,9050997000.0,0.0,67964000.0,,14.454,361037000.0,,,361037000.0,0.0,34195000.0,0.0,0.004,0.009,112334000.0,146529000.0,0.242,146529000.0,112334000.0,112334000.0,0.057,0.053,0.057,1177300000.0,,1177300000.0,2963789998.0,7.0,5.107,164524000.0,0.133,1.0,604406000.0,1.0,53717000.0,0.0,9449860000.0,,0.0,234083000.0,,,17016237000.0,,,10174211998.0,107755000.0,0.0,-46430000.0,0.0,-10604000.0,-57034000.0,-37776000.0,0.0,202300000.0,265000.0,67964000.0,67964000.0,67964000.0,0.0,0.0,0.112,492072000.0,112334000.0,16184002000.0,0.158,8.642,37.473,37.365,348671000.0,0.0,8.444,4.297,4.411,8340655000.0,1012856000.0,604406000.0,604406000.0,0.0,,,,,6774000.0,417284000.0,1.0,1204840894.0,1236720000,1236720000.0,0.489,18139820000.0,0.0,44370000.0,0.0,14.668,
94,SCHW,MRQ,1997-12-31,1997-12-31,1997-12-31,2021-08-07,920000.0,16481707000.0,,,,,0.927,-36201000.0,7571471000.0,7571471000.0,0.0,63055000.0,,13.393,361049000.0,,,361049000.0,0.0,32275000.0,0.0,0.003,0.009,104244000.0,136519000.0,0.22,136519000.0,104244000.0,104244000.0,0.051,0.051,0.051,1145117000.0,,1145117000.0,,,,-91336000.0,-0.074,1.0,620473000.0,1.0,55854000.0,0.0,9215431000.0,,0.0,282569000.0,,,15336590000.0,,,11229117137.0,-60104000.0,-1200000.0,1206000.0,41036000.0,-10709000.0,31533000.0,-37401000.0,0.0,-55135000.0,899000.0,63055000.0,63055000.0,63055000.0,0.0,0.0,0.102,516229000.0,104244000.0,14497509000.0,0.176,9.806,41.547,41.057,342273000.0,0.0,9.32,4.885,4.973,8018583000.0,955496000.0,620473000.0,620473000.0,0.0,,,,,2542000.0,406220000.0,1.0,1204840894.0,1234842000,1234842000.0,0.502,16425853000.0,0.0,41189000.0,0.0,13.302,
95,SCHW,MRQ,1997-09-30,1997-09-30,1997-09-30,2021-08-07,,,,,,,,-33594000.0,,,0.0,76525000.0,,,,,,,,34948000.0,,0.004,0.007,126940000.0,161888000.0,0.265,161888000.0,126940000.0,126940000.0,0.064,0.062,0.064,,,,,,,100727000.0,0.082,1.0,611839000.0,1.0,,0.0,,,,,,,,,,,124097000.0,0.0,7202000.0,26315000.0,-8811000.0,24706000.0,-33594000.0,0.0,134321000.0,-1336000.0,76525000.0,76525000.0,76525000.0,0.0,0.0,0.125,484899000.0,126940000.0,,0.109,,,,,0.0,7.944,,,,,611839000.0,611839000.0,0.0,,,,,8543000.0,389341000.0,1.0,,1228504500,1228504500.0,0.498,,,50415000.0,,,
96,SCHW,MRQ,1997-06-30,1997-06-30,1997-06-30,2021-08-07,,,,,,,,-36894000.0,,,0.0,63962000.0,,,,,,,,29686000.0,,0.005,0.007,105743000.0,135429000.0,0.255,135429000.0,105743000.0,105743000.0,0.053,0.051,0.053,,,,,,,35591000.0,0.029,1.0,530784000.0,1.0,,0.0,,,,,,,,,,,20058000.0,0.0,-17633000.0,10000000.0,-8809000.0,-16442000.0,-36894000.0,0.0,72485000.0,909000.0,63962000.0,63962000.0,63962000.0,0.0,0.0,0.121,425041000.0,105743000.0,,0.132,,,,,0.0,6.0,,,,,530784000.0,530784000.0,0.0,,,,,8331000.0,350647000.0,1.0,,1222366500,1222366500.0,0.434,,,41781000.0,,,
97,SCHW,MRQ,1997-03-31,1997-03-31,1997-03-31,2021-08-07,,,,,,,,-32727000.0,,,0.0,66735000.0,,,,,,,,27773000.0,,0.006,0.007,110320000.0,138093000.0,0.258,138093000.0,110320000.0,110320000.0,0.058,0.056,0.058,,,,,,,83679000.0,0.069,1.0,535654000.0,1.0,,0.0,,,,,,,,,,,80079000.0,0.0,5521000.0,0.0,-8762000.0,-3241000.0,-32727000.0,0.0,116406000.0,-359000.0,66735000.0,66735000.0,66735000.0,0.0,0.0,0.125,425334000.0,110320000.0,,0.121,,,,,0.0,4.741,,,,,535654000.0,535654000.0,0.0,,,,,4969000.0,351669000.0,1.0,,1220566500,1220566500.0,0.439,,,43585000.0,,,
98,SCHW,MRQ,1996-12-31,1996-12-31,1996-12-31,2021-08-07,3280000.0,13778768000.0,,,,,0.706,,7869288000.0,7869288000.0,,,,15.124,283816000.0,,,283816000.0,0.0,,0.0,0.006,0.007,,,,,,,,,,854555000.0,,854555000.0,,,,,,1.0,,,68922000.0,,6124374000.0,,0.0,127866000.0,,,12924213000.0,,,,,,,,,,,,,,,,,,,,,,12279714000.0,,,,23.704,315376000.0,,4.741,,3.102,5243758000.0,723085000.0,,,,,,,,,,1.0,,1210956000,,,13709846000.0,0.0,,0.0,11.322,
0,SCHW,MRT,2021-06-30,2021-06-30,2021-06-30,2021-08-07,2408000000.0,574532000000.0,526588250000.0,,,0.03,30.461,-721000000.0,70256000000.0,70256000000.0,0.0,4582000000.0,,9.001,22208000000.0,,,22208000000.0,0.0,971000000.0,368638000000.0,0.01,0.72,6044000000.0,7015000000.0,0.442,7015000000.0,6044000000.0,6044000000.0,2.39,2.38,2.39,57450000000.0,50108750000.0,57450000000.0,68937876579.0,11.0,9.827,7120000000.0,3.775,1.0,15866000000.0,1.0,21638000000.0,0.0,504846000000.0,448802250000.0,0.0,388517000000.0,,,517082000000.0,,,137344876579.0,8417000000.0,11980000000.0,194000000.0,9770000000.0,-1633000000.0,80001000000.0,-79425000000.0,-90752000000.0,7841000000.0,0.0,4582000000.0,4170000000.0,4170000000.0,0.0,0.0,0.263,9822000000.0,6044000000.0,105012000000.0,0.301,2.391,32.936,30.464,3136000000.0,412000000.0,72.81,8.657,8.655,82245000000.0,23809000000.0,15866000000.0,15866000000.0,0.0,0.008,0.083,0.013,0.381,272000000.0,7753000000.0,1.0,1886346334.0,1886000000,1896000000.0,8.413,552894000000.0,0.0,1462000000.0,0.0,293.157,
1,SCHW,MRT,2021-03-31,2021-03-31,2021-03-31,2021-08-07,878000000.0,563457000000.0,483076250000.0,,,0.029,29.54,-661000000.0,88605000000.0,88605000000.0,0.0,3988000000.0,,9.135,20198000000.0,,,20198000000.0,0.0,791000000.0,369898000000.0,0.011,0.72,5213000000.0,6004000000.0,0.435,6004000000.0,5213000000.0,5213000000.0,2.28,2.27,2.28,55594000000.0,43450000000.0,55594000000.0,45576159303.0,9.0,7.591,-8669000000.0,-4.606,1.0,13789000000.0,1.0,21790000000.0,0.0,473260000000.0,407400000000.0,0.0,367427000000.0,,,507863000000.0,,,122691159303.0,-21268000000.0,14748000000.0,153000000.0,7751000000.0,-1444000000.0,106553000000.0,-119813000000.0,-133899000000.0,-8008000000.0,0.0,3988000000.0,3674000000.0,3674000000.0,0.0,0.0,0.266,8576000000.0,5213000000.0,101339000000.0,0.316,2.207,33.394,28.588,3054000000.0,314000000.0,65.18,8.898,8.896,74711000000.0,23029000000.0,13789000000.0,13789000000.0,0.0,0.008,0.085,0.013,0.378,248000000.0,6972000000.0,1.0,1882343653.0,1882000000,1892000000.0,7.327,541667000000.0,0.0,1225000000.0,0.0,287.815,
2,SCHW,MRT,2020-12-31,2020-12-31,2020-12-31,2021-08-07,5394000000.0,549009000000.0,434906750000.0,,,0.027,39.23,-631000000.0,90747000000.0,90747000000.0,0.0,3299000000.0,,8.793,13632000000.0,,,13632000000.0,0.0,604000000.0,358022000000.0,0.014,0.72,4300000000.0,4904000000.0,0.419,4904000000.0,4300000000.0,4300000000.0,2.13,2.12,2.13,56060000000.0,36119000000.0,56060000000.0,50321874209.0,12.0,10.261,6221000000.0,4.353,1.0,11691000000.0,1.0,21943000000.0,0.0,449951000000.0,357911750000.0,0.0,361213000000.0,,,492949000000.0,,,99529874209.0,24983000000.0,14748000000.0,79000000.0,2370000000.0,-1280000000.0,143982000000.0,-125851000000.0,-139983000000.0,6852000000.0,0.0,3299000000.0,3043000000.0,3043000000.0,0.0,0.0,0.26,7391000000.0,4300000000.0,104201000000.0,0.338,1.775,32.708,24.901,2883000000.0,256000000.0,53.04,8.513,6.483,64440000000.0,21975000000.0,11691000000.0,11691000000.0,0.0,0.007,0.084,0.012,0.368,204000000.0,6179000000.0,1.0,1876505924.0,1429000000,1435000000.0,8.181,527066000000.0,0.0,1001000000.0,0.0,368.836,
3,SCHW,MRT,2020-09-30,2020-09-30,2020-09-30,2021-08-07,5686000000.0,419355000000.0,371155750000.0,,,0.027,24.306,-658000000.0,57044000000.0,57044000000.0,0.0,3016000000.0,,12.385,7836000000.0,,,7836000000.0,0.0,421000000.0,320717000000.0,0.02,0.71,3936000000.0,4357000000.0,0.43,4357000000.0,3936000000.0,3936000000.0,2.18,2.16,2.18,31331000000.0,27540250000.0,31331000000.0,-11548504615.0,-3.0,-2.651,-2759000000.0,-2.14,1.0,10121000000.0,1.0,2995000000.0,0.0,367152000000.0,307987000000.0,0.0,326044000000.0,,,388024000000.0,,,46687495385.0,6078000000.0,2756000000.0,-168000000.0,389000000.0,-1126000000.0,112919000000.0,-104740000000.0,-106658000000.0,-2101000000.0,0.0,3016000000.0,2794000000.0,2794000000.0,0.0,0.0,0.276,6185000000.0,3936000000.0,52006000000.0,0.326,1.49,16.71,16.619,2346000000.0,222000000.0,36.23,4.613,4.614,25441000000.0,21261000000.0,10121000000.0,10121000000.0,0.0,0.008,0.101,0.013,0.389,176000000.0,5307000000.0,1.0,1288641882.0,1289000000,1294000000.0,7.852,416360000000.0,0.0,920000000.0,0.0,323.01,
4,SCHW,MRT,2020-06-30,2020-06-30,2020-06-30,2021-08-07,5611000000.0,400484000000.0,336063750000.0,,,0.031,23.925,-733000000.0,66762000000.0,66762000000.0,0.0,3269000000.0,,11.996,8526000000.0,,,8526000000.0,0.0,387000000.0,301566000000.0,0.021,0.7,4283000000.0,4670000000.0,0.45,4670000000.0,4283000000.0,4283000000.0,2.4,2.38,2.4,30815000000.0,25046000000.0,30815000000.0,-50807687978.0,-12.0,-10.88,2648000000.0,2.056,1.0,10384000000.0,1.0,3011000000.0,0.0,339237000000.0,278391750000.0,0.0,302087000000.0,,,369669000000.0,,,43437312022.0,12131000000.0,2768000000.0,-966000000.0,1089000000.0,-1070000000.0,94679000000.0,-85929000000.0,-87798000000.0,3381000000.0,0.0,3269000000.0,3092000000.0,3092000000.0,0.0,0.0,0.298,6101000000.0,4283000000.0,50135000000.0,0.292,1.41,14.048,14.058,2314000000.0,177000000.0,33.74,4.183,4.185,21421000000.0,20876000000.0,10384000000.0,10384000000.0,0.0,0.009,0.123,0.015,0.412,179000000.0,5282000000.0,1.0,1287412923.0,1288000000,1294000000.0,8.062,397473000000.0,0.0,1014000000.0,0.0,308.597,
5,SCHW,MRT,2020-03-31,2020-03-31,2020-03-31,2021-08-07,3995000000.0,370779000000.0,305023000000.0,,,0.035,20.412,-725000000.0,102767000000.0,102767000000.0,0.0,3535000000.0,,13.114,8522000000.0,,,8522000000.0,0.0,362000000.0,277477000000.0,0.021,0.69,4631000000.0,4993000000.0,0.47,4993000000.0,4631000000.0,4631000000.0,2.59,2.56,2.59,26270000000.0,22672250000.0,26270000000.0,844575162.0,0.0,0.169,21313000000.0,16.56,1.0,10615000000.0,1.0,1227000000.0,0.0,275307000000.0,254625750000.0,0.0,240753000000.0,,,344509000000.0,,,43242575162.0,53019000000.0,0.0,-2105000000.0,1682000000.0,-1065000000.0,56498000000.0,-25517000000.0,-24689000000.0,22038000000.0,0.0,3535000000.0,3358000000.0,3358000000.0,0.0,0.0,0.316,5984000000.0,4631000000.0,49251000000.0,0.266,1.646,12.877,12.981,2291000000.0,177000000.0,33.62,4.074,4.076,19001000000.0,20487000000.0,10615000000.0,10615000000.0,0.0,0.011,0.148,0.018,0.436,183000000.0,5222000000.0,1.0,1286215799.0,1287000000,1294000000.0,8.248,369552000000.0,0.0,1096000000.0,0.0,287.142,
6,SCHW,MRT,2019-12-31,2019-12-31,2019-12-31,2021-08-07,88000000.0,294005000000.0,283032000000.0,,,0.038,16.587,-708000000.0,49828000000.0,49828000000.0,0.0,3704000000.0,,12.521,7430000000.0,,,7430000000.0,0.0,349000000.0,220094000000.0,0.014,0.68,4848000000.0,5197000000.0,0.485,5197000000.0,4848000000.0,4848000000.0,2.69,2.67,2.69,21745000000.0,21511000000.0,21745000000.0,31996609670.0,7.0,6.157,8617000000.0,6.573,1.0,10721000000.0,1.0,1355000000.0,0.0,250252000000.0,246282750000.0,0.0,214340000000.0,,,272260000000.0,,,60985609670.0,7350000000.0,0.0,-2102000000.0,593000000.0,-1060000000.0,-13939000000.0,11964000000.0,12728000000.0,9325000000.0,0.0,3704000000.0,3526000000.0,3526000000.0,0.0,0.0,0.329,5873000000.0,4848000000.0,39220000000.0,0.253,2.805,17.296,17.68,2128000000.0,178000000.0,47.56,5.688,5.816,21767000000.0,19960000000.0,10721000000.0,10721000000.0,0.0,0.012,0.164,0.02,0.452,183000000.0,5141000000.0,1.0,1282287840.0,1311000000,1320000000.0,8.178,292650000000.0,0.0,1144000000.0,0.0,223.227,
7,SCHW,MRT,2019-09-30,2019-09-30,2019-09-30,2021-08-07,144000000.0,278987000000.0,283651250000.0,,,0.038,16.426,-685000000.0,36416000000.0,36416000000.0,0.0,3787000000.0,,12.065,7427000000.0,,,7427000000.0,0.0,335000000.0,209327000000.0,0.015,0.64,4946000000.0,5281000000.0,0.49,5281000000.0,4946000000.0,4946000000.0,2.72,2.71,2.72,21354000000.0,21242250000.0,21354000000.0,23758469575.0,5.0,4.499,12137000000.0,9.336,1.0,10784000000.0,1.0,1227000000.0,0.0,248771000000.0,248877750000.0,0.0,214069000000.0,,,257633000000.0,,,54679469575.0,5190000000.0,0.0,-2882000000.0,1678000000.0,-1016000000.0,-6356000000.0,-1276000000.0,-551000000.0,12822000000.0,0.0,3787000000.0,3610000000.0,3610000000.0,0.0,0.0,0.335,5638000000.0,5146000000.0,37358000000.0,0.235,2.561,15.147,15.379,2017000000.0,177000000.0,41.83,5.07,5.043,22386000000.0,19374000000.0,10784000000.0,10784000000.0,0.0,0.013,0.17,0.02,0.459,215000000.0,4909000000.0,1.0,1307183112.0,1300000000,1308000000.0,8.295,277760000000.0,0.0,1159000000.0,0.0,213.662,
8,SCHW,MRT,2019-06-30,2019-06-30,2019-06-30,2021-08-07,99000000.0,276321000000.0,281930000000.0,,,0.038,16.054,-627000000.0,38345000000.0,38345000000.0,0.0,3759000000.0,,11.961,7424000000.0,,,7424000000.0,0.0,325000000.0,208375000000.0,0.015,0.6,4929000000.0,5254000000.0,0.493,5254000000.0,4929000000.0,4929000000.0,2.68,2.66,2.68,21320000000.0,21112250000.0,21320000000.0,14001027625.0,3.0,2.665,8068000000.0,6.075,1.0,10652000000.0,1.0,1227000000.0,0.0,244173000000.0,248272000000.0,0.0,210151000000.0,,,255001000000.0,,,53654027625.0,15264000000.0,0.0,-2081000000.0,1676000000.0,-970000000.0,7022000000.0,-453000000.0,210000000.0,8695000000.0,0.0,3759000000.0,3582000000.0,3582000000.0,0.0,0.0,0.336,5523000000.0,5129000000.0,35635000000.0,0.224,2.517,14.979,14.996,1909000000.0,177000000.0,40.19,5.037,5.011,21891000000.0,18680000000.0,10652000000.0,10652000000.0,0.0,0.013,0.17,0.02,0.463,209000000.0,4760000000.0,1.0,1335009396.0,1328000000,1337000000.0,8.021,275094000000.0,0.0,1170000000.0,0.0,207.149,
9,SCHW,MRT,2019-03-31,2019-03-31,2019-03-31,2021-08-07,-71000000.0,282815000000.0,278320250000.0,,,0.038,16.223,-587000000.0,46482000000.0,46482000000.0,0.0,3688000000.0,,12.078,6829000000.0,,,6829000000.0,0.0,316000000.0,219454000000.0,0.012,0.53,4824000000.0,5140000000.0,0.492,5140000000.0,4824000000.0,4824000000.0,2.61,2.6,2.61,21625000000.0,20806500000.0,21625000000.0,22371527386.0,5.0,4.352,9026000000.0,6.771,1.0,10457000000.0,1.0,1227000000.0,0.0,241935000000.0,247751000000.0,0.0,209456000000.0,,,261190000000.0,,,56994527386.0,24063000000.0,0.0,-898000000.0,2742000000.0,-879000000.0,30181000000.0,-15731000000.0,-15113000000.0,9613000000.0,0.0,3688000000.0,3508000000.0,3508000000.0,0.0,0.0,0.335,5433000000.0,5024000000.0,31303000000.0,0.203,2.636,16.247,16.383,1813000000.0,180000000.0,42.76,5.45,5.451,21145000000.0,18017000000.0,10457000000.0,10457000000.0,0.0,0.013,0.169,0.019,0.461,203000000.0,4661000000.0,1.0,1332893531.0,1333000000,1344000000.0,7.845,281588000000.0,0.0,1136000000.0,0.0,211.244,
10,SCHW,MRT,2018-12-31,2018-12-31,2018-12-31,2021-08-07,-252000000.0,296482000000.0,269696500000.0,,,0.038,15.334,-570000000.0,41501000000.0,41501000000.0,0.0,3507000000.0,,13.344,6878000000.0,,,6878000000.0,0.0,306000000.0,231423000000.0,0.011,0.46,4562000000.0,4868000000.0,0.48,4868000000.0,4562000000.0,4562000000.0,2.47,2.45,2.47,20670000000.0,20232750000.0,20670000000.0,31557304826.0,7.0,6.483,11886000000.0,8.818,1.0,10132000000.0,1.0,1227000000.0,0.0,260632000000.0,243305250000.0,0.0,227196000000.0,,,275812000000.0,,,56084304826.0,19067000000.0,0.0,-875000000.0,-12885000000.0,-787000000.0,47166000000.0,-40555000000.0,-39889000000.0,12456000000.0,0.0,3507000000.0,3329000000.0,3329000000.0,0.0,0.0,0.329,5570000000.0,4562000000.0,32726000000.0,0.186,2.713,16.847,16.814,1769000000.0,178000000.0,41.53,5.535,5.525,21651000000.0,17329000000.0,10132000000.0,10132000000.0,0.0,0.012,0.165,0.019,0.45,197000000.0,4762000000.0,1.0,1350452801.0,1348000000,1361000000.0,7.516,295255000000.0,0.0,1055000000.0,0.0,219.032,
11,SCHW,MRT,2018-09-30,2018-09-30,2018-09-30,2021-08-07,-304000000.0,272102000000.0,256394500000.0,,,0.038,15.421,-533000000.0,30317000000.0,30317000000.0,0.0,3169000000.0,,12.06,5790000000.0,,,5790000000.0,0.0,295000000.0,213408000000.0,0.008,0.41,4305000000.0,4600000000.0,0.474,4600000000.0,4305000000.0,4305000000.0,2.22,2.2,2.22,20834000000.0,19696500000.0,20834000000.0,47931735784.0,11.0,10.42,832000000.0,0.616,1.0,9705000000.0,1.0,1227000000.0,0.0,246348000000.0,236258250000.0,0.0,213574000000.0,,,251268000000.0,,,66404735784.0,7173000000.0,0.0,181000000.0,-2485000000.0,-715000000.0,45070000000.0,-39262000000.0,-38648000000.0,1365000000.0,0.0,3169000000.0,2994000000.0,2994000000.0,0.0,0.0,0.309,5400000000.0,4305000000.0,29373000000.0,0.185,3.187,22.179,22.14,1683000000.0,175000000.0,49.15,6.842,6.842,23209000000.0,16615000000.0,9705000000.0,9705000000.0,0.0,0.012,0.152,0.018,0.444,155000000.0,4593000000.0,1.0,1351062783.0,1351000000,1364000000.0,7.184,270875000000.0,0.0,1136000000.0,0.0,200.5,
12,SCHW,MRT,2018-06-30,2018-06-30,2018-06-30,2021-08-07,-278000000.0,261882000000.0,246047500000.0,,,0.038,14.887,-489000000.0,24262000000.0,24262000000.0,0.0,2864000000.0,,12.031,5789000000.0,,,5789000000.0,0.0,286000000.0,199922000000.0,0.007,0.36,4031000000.0,4317000000.0,0.465,4317000000.0,4031000000.0,4031000000.0,1.99,1.97,1.99,20097000000.0,18994750000.0,20097000000.0,46103355544.0,11.0,10.679,2910000000.0,2.156,1.0,9291000000.0,1.0,1320000000.0,0.0,242089000000.0,227034750000.0,0.0,209408000000.0,,,241785000000.0,,,68943355544.0,3665000000.0,0.0,199000000.0,1965000000.0,-653000000.0,39076000000.0,-38810000000.0,-38225000000.0,3399000000.0,0.0,2864000000.0,2684000000.0,2684000000.0,0.0,0.0,0.289,5260000000.0,4031000000.0,33666000000.0,0.181,3.431,25.687,25.678,1599000000.0,180000000.0,51.1,7.42,7.425,23376000000.0,15903000000.0,9291000000.0,9291000000.0,0.0,0.011,0.141,0.018,0.434,152000000.0,4483000000.0,1.0,1349185040.0,1350000000,1364000000.0,6.882,260562000000.0,0.0,1167000000.0,0.0,193.009,
13,SCHW,MRT,2018-03-31,2018-03-31,2018-03-31,2021-08-07,-260000000.0,248320000000.0,235727250000.0,,,0.038,14.35,-442000000.0,26968000000.0,26968000000.0,0.0,2573000000.0,,11.846,4128000000.0,,,4128000000.0,0.0,277000000.0,190184000000.0,0.007,0.34,3809000000.0,4086000000.0,0.457,4086000000.0,3809000000.0,3809000000.0,1.79,1.76,1.79,19330000000.0,18342750000.0,19330000000.0,60709846118.0,16.0,14.858,544000000.0,0.404,1.0,8935000000.0,1.0,1328000000.0,0.0,224152000000.0,215264750000.0,0.0,194399000000.0,,,228990000000.0,,,70312846118.0,2348000000.0,0.0,162000000.0,4000000.0,-618000000.0,22787000000.0,-21425000000.0,-20890000000.0,986000000.0,0.0,2573000000.0,2401000000.0,2401000000.0,0.0,0.0,0.269,5126000000.0,3809000000.0,32210000000.0,0.19,3.637,29.285,29.173,1540000000.0,172000000.0,52.22,7.869,7.872,22047000000.0,15222000000.0,8935000000.0,8935000000.0,0.0,0.01,0.131,0.018,0.426,151000000.0,4368000000.0,1.0,1346473499.0,1347000000,1362000000.0,6.633,246992000000.0,0.0,1236000000.0,0.0,183.365,
14,SCHW,MRT,2017-12-31,2017-12-31,2017-12-31,2021-08-07,-152000000.0,243274000000.0,230412500000.0,,,0.037,13.835,-400000000.0,29356000000.0,29356000000.0,0.0,2354000000.0,,12.132,19753000000.0,,,19753000000.0,0.0,269000000.0,169656000000.0,0.006,0.32,3650000000.0,3919000000.0,0.455,3919000000.0,3650000000.0,3650000000.0,1.63,1.61,1.63,18525000000.0,17755750000.0,18525000000.0,48947408435.0,13.0,12.49,-1239000000.0,-0.925,1.0,8618000000.0,1.0,1227000000.0,0.0,232444000000.0,208942000000.0,0.0,187938000000.0,,,224749000000.0,,,68865408435.0,1287000000.0,0.0,171000000.0,16872000000.0,-592000000.0,22599000000.0,-20473000000.0,-20014000000.0,-839000000.0,0.0,2354000000.0,2180000000.0,2180000000.0,0.0,0.0,0.253,4968000000.0,3650000000.0,32530000000.0,0.196,3.717,31.59,31.515,1471000000.0,174000000.0,51.37,7.991,7.981,21225000000.0,14408000000.0,8618000000.0,8618000000.0,0.0,0.009,0.123,0.017,0.424,153000000.0,4252000000.0,1.0,1340576376.0,1339000000,1353000000.0,6.436,242047000000.0,0.0,1296000000.0,0.0,180.767,
15,SCHW,MRT,2017-09-30,2017-09-30,2017-09-30,2021-08-07,-106000000.0,230714000000.0,225439750000.0,,,0.037,13.463,-341000000.0,28186000000.0,28186000000.0,0.0,2279000000.0,,11.798,8268000000.0,,,8268000000.0,0.0,261000000.0,165263000000.0,0.007,0.31,3521000000.0,3782000000.0,0.453,3782000000.0,3521000000.0,3521000000.0,1.58,1.56,1.58,18027000000.0,17229750000.0,18027000000.0,34333085880.0,10.0,9.078,4739000000.0,3.539,1.0,8348000000.0,1.0,1342000000.0,0.0,209454000000.0,198802500000.0,0.0,179097000000.0,,,212687000000.0,,,58573085880.0,3386000000.0,0.0,211000000.0,2384000000.0,-577000000.0,18268000000.0,-19962000000.0,-19555000000.0,5080000000.0,0.0,2279000000.0,2108000000.0,2108000000.0,0.0,0.0,0.253,4827000000.0,3521000000.0,36907000000.0,0.196,3.249,27.786,27.684,1392000000.0,171000000.0,43.74,7.016,7.016,19126000000.0,13963000000.0,8348000000.0,8348000000.0,0.0,0.009,0.122,0.018,0.422,151000000.0,4135000000.0,1.0,1339119476.0,1339000000,1353000000.0,6.235,229372000000.0,0.0,1242000000.0,0.0,171.301,
16,SCHW,MRT,2017-06-30,2017-06-30,2017-06-30,2021-08-07,-112000000.0,220601000000.0,220095500000.0,,,0.037,13.071,-315000000.0,28058000000.0,28058000000.0,0.0,2164000000.0,,11.614,3818000000.0,,,3818000000.0,0.0,252000000.0,162300000000.0,0.007,0.3,3370000000.0,3622000000.0,0.447,3622000000.0,3370000000.0,3370000000.0,1.51,1.49,1.51,17489000000.0,16590500000.0,17489000000.0,30605227837.0,9.0,8.45,907000000.0,0.678,1.0,8097000000.0,1.0,1352000000.0,0.0,195009000000.0,192270250000.0,0.0,169521000000.0,,,203112000000.0,,,57443227837.0,-3827000000.0,0.0,196000000.0,-4065000000.0,-549000000.0,21209000000.0,-26258000000.0,-25904000000.0,1222000000.0,0.0,2164000000.0,2003000000.0,2003000000.0,0.0,0.0,0.247,4727000000.0,3370000000.0,34973000000.0,0.199,3.285,28.679,28.45,1335000000.0,161000000.0,42.96,7.094,7.099,18903000000.0,13495000000.0,8097000000.0,8097000000.0,0.0,0.009,0.121,0.018,0.416,150000000.0,4052000000.0,1.0,1337132864.0,1338000000,1351000000.0,6.052,219249000000.0,0.0,1206000000.0,0.0,163.863,
17,SCHW,MRT,2017-03-31,2017-03-31,2017-03-31,2021-08-07,-132000000.0,227061000000.0,214458250000.0,,,0.036,12.711,-370000000.0,30956000000.0,30956000000.0,0.0,2041000000.0,,12.371,4118000000.0,,,4118000000.0,0.0,243000000.0,166889000000.0,0.007,0.29,3181000000.0,3424000000.0,0.439,3424000000.0,3181000000.0,3181000000.0,1.42,1.4,1.42,16982000000.0,15965750000.0,16982000000.0,24354095419.0,8.0,7.113,2025000000.0,1.516,1.0,7795000000.0,1.0,1362000000.0,0.0,198861000000.0,186760250000.0,0.0,174671000000.0,,,210079000000.0,,,54480095419.0,-1284000000.0,0.0,195000000.0,435000000.0,-534000000.0,31921000000.0,-35600000000.0,-35190000000.0,2395000000.0,0.0,2041000000.0,1879000000.0,1879000000.0,0.0,0.0,0.241,4614000000.0,3181000000.0,36910000000.0,0.204,3.208,28.994,28.739,1305000000.0,162000000.0,40.81,6.989,6.995,17450000000.0,13069000000.0,7795000000.0,7795000000.0,0.0,0.009,0.118,0.017,0.408,146000000.0,3969000000.0,1.0,1334969258.0,1336000000,1351000000.0,5.835,225699000000.0,0.0,1140000000.0,0.0,168.936,
18,SCHW,MRT,2016-12-31,2016-12-31,2016-12-31,2021-08-07,-163000000.0,223383000000.0,205442500000.0,,,0.036,12.403,-346000000.0,33002000000.0,33002000000.0,0.0,1889000000.0,,12.603,2876000000.0,,,2876000000.0,0.0,234000000.0,163454000000.0,0.007,0.27,2993000000.0,3227000000.0,0.432,3227000000.0,2993000000.0,2993000000.0,1.32,1.31,1.32,16421000000.0,15348500000.0,16421000000.0,27693279168.0,9.0,8.582,3257000000.0,2.46,1.0,7478000000.0,1.0,1371000000.0,0.0,191886000000.0,177684750000.0,0.0,168420000000.0,,,206962000000.0,,,52324279168.0,-209000000.0,0.0,144000000.0,-7000000.0,-486000000.0,34963000000.0,-38775000000.0,-38390000000.0,3603000000.0,0.0,1889000000.0,1746000000.0,1746000000.0,0.0,0.0,0.233,4485000000.0,2993000000.0,38301000000.0,0.205,3.186,29.968,29.902,1299000000.0,143000000.0,39.47,6.997,6.988,17883000000.0,12649000000.0,7478000000.0,7478000000.0,0.0,0.008,0.114,0.017,0.4,141000000.0,3872000000.0,1.0,1325672135.0,1324000000,1334000000.0,5.648,222012000000.0,0.0,1104000000.0,0.0,167.683,
19,SCHW,MRT,2016-09-30,2016-09-30,2016-09-30,2021-08-07,31000000.0,209337000000.0,195523000000.0,,,0.037,11.684,-334000000.0,30508000000.0,30508000000.0,0.0,1783000000.0,,12.532,5877000000.0,,,5877000000.0,0.0,231000000.0,149630000000.0,0.008,0.26,2814000000.0,3045000000.0,0.423,3045000000.0,2814000000.0,2814000000.0,1.26,1.23,1.26,15470000000.0,14593750000.0,15470000000.0,18074234859.0,6.0,5.936,1532000000.0,1.157,1.0,7197000000.0,1.0,1381000000.0,0.0,183325000000.0,168112750000.0,0.0,157563000000.0,,,193867000000.0,,,41767234859.0,65000000.0,0.0,54000000.0,2993000000.0,-464000000.0,33948000000.0,-35749000000.0,-35373000000.0,1866000000.0,0.0,1783000000.0,1646000000.0,1646000000.0,0.0,0.0,0.229,4383000000.0,2814000000.0,36458000000.0,0.206,2.7,25.375,25.056,1266000000.0,137000000.0,31.57,5.803,5.808,17327000000.0,12261000000.0,7197000000.0,7197000000.0,0.0,0.008,0.113,0.017,0.391,138000000.0,3793000000.0,1.0,1323003955.0,1324000000,1334000000.0,5.436,207956000000.0,0.0,1031000000.0,0.0,157.066,
20,SCHW,MRT,2016-06-30,2016-06-30,2016-06-30,2021-08-07,-17000000.0,198052000000.0,185789250000.0,,,0.037,11.339,-336000000.0,31569000000.0,31569000000.0,0.0,1656000000.0,,12.212,7876000000.0,,,7876000000.0,0.0,228000000.0,137295000000.0,0.01,0.25,2603000000.0,2831000000.0,0.411,2831000000.0,2603000000.0,2603000000.0,1.18,1.16,1.18,14990000000.0,14025250000.0,14990000000.0,6412000931.0,2.0,2.265,3170000000.0,2.398,1.0,6880000000.0,1.0,1390000000.0,0.0,172969000000.0,158348250000.0,0.0,144730000000.0,,,183062000000.0,,,33452000931.0,3959000000.0,0.0,59000000.0,4992000000.0,-429000000.0,30342000000.0,-29889000000.0,-29508000000.0,3506000000.0,0.0,1656000000.0,1541000000.0,1541000000.0,0.0,0.0,0.224,4277000000.0,2603000000.0,36071000000.0,0.212,2.232,21.708,21.449,1242000000.0,115000000.0,25.31,4.862,4.863,17830000000.0,11882000000.0,6880000000.0,6880000000.0,0.0,0.008,0.11,0.016,0.378,141000000.0,3702000000.0,1.0,1321691068.0,1322000000,1333000000.0,5.204,196662000000.0,0.0,947000000.0,0.0,148.761,
21,SCHW,MRT,2016-03-31,2016-03-31,2016-03-31,2021-08-07,-120000000.0,190998000000.0,177183000000.0,,,0.037,10.986,-267000000.0,30717000000.0,30717000000.0,0.0,1557000000.0,,12.16,3677000000.0,,,3677000000.0,0.0,226000000.0,135689000000.0,0.009,0.24,2450000000.0,2676000000.0,0.404,2676000000.0,2450000000.0,2450000000.0,1.12,1.11,1.12,14513000000.0,13383500000.0,14513000000.0,8315051658.0,3.0,3.107,1915000000.0,1.45,1.0,6618000000.0,1.0,1399000000.0,0.0,162559000000.0,149653250000.0,0.0,139472000000.0,,,176485000000.0,,,37001051658.0,1446000000.0,0.0,69000000.0,792000000.0,-397000000.0,27987000000.0,-28723000000.0,-28416000000.0,2182000000.0,0.0,1557000000.0,1465000000.0,1465000000.0,0.0,0.0,0.221,4168000000.0,2450000000.0,35130000000.0,0.214,2.55,25.257,25.018,1159000000.0,92000000.0,28.02,5.591,5.593,17066000000.0,11567000000.0,6618000000.0,6618000000.0,0.0,0.008,0.109,0.016,0.37,143000000.0,3600000000.0,1.0,1320522900.0,1321000000,1330000000.0,5.01,189599000000.0,0.0,893000000.0,0.0,143.527,
22,SCHW,MRT,2015-12-31,2015-12-31,2015-12-31,2021-08-07,-134000000.0,183705000000.0,169475750000.0,,,0.038,10.192,-266000000.0,31576000000.0,31576000000.0,0.0,1447000000.0,,12.707,2877000000.0,,,2877000000.0,0.0,224000000.0,129502000000.0,0.007,0.24,2279000000.0,2503000000.0,0.392,2503000000.0,2279000000.0,2279000000.0,1.04,1.03,1.04,13402000000.0,12794750000.0,13402000000.0,18637114344.0,8.0,7.446,980000000.0,0.745,1.0,6380000000.0,1.0,1408000000.0,0.0,153598000000.0,142320000000.0,0.0,130520000000.0,,,170303000000.0,,,43353114344.0,615000000.0,0.0,90000000.0,989000000.0,-387000000.0,27992000000.0,-28623000000.0,-28322000000.0,1246000000.0,0.0,1447000000.0,1364000000.0,1364000000.0,0.0,0.0,0.214,4101000000.0,2279000000.0,35773000000.0,0.231,3.235,31.784,31.663,1145000000.0,83000000.0,32.93,6.795,6.787,17895000000.0,11253000000.0,6380000000.0,6380000000.0,0.0,0.008,0.107,0.016,0.357,135000000.0,3535000000.0,1.0,1316523363.0,1315000000,1327000000.0,4.852,182297000000.0,0.0,832000000.0,0.0,138.629,
23,SCHW,MRT,2015-09-30,2015-09-30,2015-09-30,2021-08-07,19000000.0,170402000000.0,162210000000.0,,,0.038,10.027,-294000000.0,27609000000.0,27609000000.0,0.0,1381000000.0,,11.913,2893000000.0,,,2893000000.0,0.0,220000000.0,119017000000.0,0.008,0.24,2188000000.0,2408000000.0,0.386,2408000000.0,2188000000.0,2188000000.0,1.0,1.0,1.0,13196000000.0,12395000000.0,13196000000.0,13567220183.0,6.0,5.634,920000000.0,0.699,1.0,6240000000.0,1.0,1419000000.0,0.0,144267000000.0,134656250000.0,0.0,121610000000.0,,,157206000000.0,,,37574220183.0,1778000000.0,0.0,118000000.0,991000000.0,-375000000.0,23021000000.0,-22457000000.0,-22142000000.0,1214000000.0,0.0,1381000000.0,1315000000.0,1315000000.0,0.0,0.0,0.211,4052000000.0,2188000000.0,33747000000.0,0.24,2.847,28.574,28.56,1126000000.0,66000000.0,28.56,6.022,6.023,17672000000.0,10952000000.0,6240000000.0,6240000000.0,0.0,0.008,0.106,0.016,0.351,133000000.0,3493000000.0,1.0,1315623956.0,1316000000,1328000000.0,4.742,168983000000.0,0.0,807000000.0,0.0,128.407,
24,SCHW,MRT,2015-06-30,2015-06-30,2015-06-30,2021-08-07,174000000.0,163627000000.0,156470500000.0,,,0.04,9.454,-360000000.0,26901000000.0,26901000000.0,0.0,1326000000.0,,12.171,2894000000.0,,,2894000000.0,0.0,212000000.0,112911000000.0,0.007,0.24,2123000000.0,2335000000.0,0.377,2335000000.0,2123000000.0,2123000000.0,0.96,0.96,0.96,12423000000.0,11964250000.0,12423000000.0,17386405210.0,8.0,7.446,750000000.0,0.571,1.0,6194000000.0,1.0,1431000000.0,0.0,138189000000.0,128441000000.0,0.0,115787000000.0,,,151204000000.0,,,42886405210.0,2185000000.0,0.0,158000000.0,992000000.0,-375000000.0,18028000000.0,-16953000000.0,-16586000000.0,1110000000.0,0.0,1326000000.0,1262000000.0,1262000000.0,0.0,0.0,0.204,4071000000.0,2123000000.0,33998000000.0,0.25,3.452,33.983,34.01,1091000000.0,64000000.0,32.65,6.924,6.926,17535000000.0,10664000000.0,6194000000.0,6194000000.0,0.0,0.008,0.105,0.017,0.343,130000000.0,3529000000.0,1.0,1313519302.0,1314000000,1326000000.0,4.714,162196000000.0,0.0,797000000.0,0.0,123.437,
25,SCHW,MRT,2015-03-31,2015-03-31,2015-03-31,2021-08-07,231000000.0,160169000000.0,151414000000.0,,,0.04,9.267,-402000000.0,28395000000.0,28395000000.0,0.0,1297000000.0,,12.174,2895000000.0,,,2895000000.0,0.0,205000000.0,109503000000.0,0.008,0.24,2077000000.0,2282000000.0,0.374,2282000000.0,2077000000.0,2077000000.0,0.94,0.94,0.94,12158000000.0,11651000000.0,12158000000.0,9663487535.0,5.0,4.235,572000000.0,0.436,1.0,6106000000.0,1.0,1443000000.0,0.0,133226000000.0,123370250000.0,0.0,111947000000.0,,,148011000000.0,,,39908487535.0,1838000000.0,0.0,152000000.0,992000000.0,-373000000.0,14711000000.0,-13847000000.0,-13442000000.0,974000000.0,0.0,1297000000.0,1234000000.0,1234000000.0,0.0,0.0,0.202,4029000000.0,2077000000.0,34027000000.0,0.255,3.282,32.341,32.383,1058000000.0,63000000.0,30.44,6.536,6.541,16470000000.0,10412000000.0,6106000000.0,6106000000.0,0.0,0.008,0.106,0.017,0.34,125000000.0,3505000000.0,1.0,1311054124.0,1312000000,1323000000.0,4.654,158726000000.0,0.0,780000000.0,0.0,120.98,
26,SCHW,MRT,2014-12-31,2014-12-31,2014-12-31,2021-08-07,165000000.0,154642000000.0,147388250000.0,,,0.041,9.058,-400000000.0,32144000000.0,32144000000.0,0.0,1321000000.0,,12.102,1899000000.0,,,1899000000.0,0.0,199000000.0,102815000000.0,0.008,0.24,2115000000.0,2314000000.0,0.382,2314000000.0,2115000000.0,2115000000.0,0.96,0.95,0.96,11803000000.0,11315250000.0,11803000000.0,12843163755.0,6.0,5.55,1948000000.0,1.495,1.0,6058000000.0,1.0,1454000000.0,0.0,122943000000.0,119255000000.0,0.0,103087000000.0,,,142839000000.0,,,39421163755.0,3635000000.0,0.0,189000000.0,-6000000.0,-373000000.0,9682000000.0,-8395000000.0,-7984000000.0,2348000000.0,0.0,1321000000.0,1261000000.0,1261000000.0,0.0,0.0,0.208,3943000000.0,2115000000.0,36309000000.0,0.25,3.34,31.262,31.448,1039000000.0,60000000.0,30.19,6.507,6.493,16138000000.0,10198000000.0,6058000000.0,6058000000.0,0.0,0.009,0.111,0.018,0.349,115000000.0,3433000000.0,1.0,1305768922.0,1303000000,1315000000.0,4.649,153188000000.0,0.0,794000000.0,0.0,117.566,
27,SCHW,MRT,2014-09-30,2014-09-30,2014-09-30,2021-08-07,163000000.0,147444000000.0,144638250000.0,,,0.041,8.718,-383000000.0,28478000000.0,28478000000.0,0.0,1290000000.0,,11.851,1900000000.0,,,1900000000.0,0.0,194000000.0,97345000000.0,0.008,0.24,2059000000.0,2253000000.0,0.379,2253000000.0,2059000000.0,2059000000.0,0.94,0.94,0.94,11473000000.0,10959750000.0,11473000000.0,14281610592.0,7.0,6.339,1936000000.0,1.471,1.0,5942000000.0,1.0,1460000000.0,0.0,119406000000.0,116712000000.0,0.0,99860000000.0,,,135971000000.0,,,38305610592.0,1226000000.0,0.0,256000000.0,-7000000.0,-371000000.0,6056000000.0,-7149000000.0,-6758000000.0,2319000000.0,0.0,1290000000.0,1229000000.0,1229000000.0,0.0,0.0,0.207,3883000000.0,2059000000.0,35230000000.0,0.255,3.339,31.168,31.266,991000000.0,61000000.0,29.39,6.447,6.509,15874000000.0,9949000000.0,5942000000.0,5942000000.0,0.0,0.008,0.112,0.018,0.347,113000000.0,3387000000.0,1.0,1303355243.0,1316000000,1316000000.0,4.515,145984000000.0,0.0,769000000.0,0.0,110.93,
28,SCHW,MRT,2014-06-30,2014-06-30,2014-06-30,2021-08-07,186000000.0,143401000000.0,142830000000.0,,,0.04,8.507,-303000000.0,25925000000.0,25925000000.0,0.0,1259000000.0,,11.838,1901000000.0,,,1901000000.0,0.0,196000000.0,95688000000.0,0.009,0.24,2005000000.0,2201000000.0,0.382,2201000000.0,2005000000.0,2005000000.0,0.92,0.92,0.92,11170000000.0,10604750000.0,11170000000.0,9220709329.0,5.0,4.189,1690000000.0,1.287,1.0,5764000000.0,1.0,1471000000.0,0.0,117906000000.0,114292500000.0,0.0,99150000000.0,,,132231000000.0,,,35039709329.0,598000000.0,0.0,258000000.0,268000000.0,-370000000.0,11513000000.0,-12908000000.0,-12597000000.0,1993000000.0,0.0,1259000000.0,1199000000.0,1199000000.0,0.0,0.0,0.208,3759000000.0,2005000000.0,33209000000.0,0.261,3.137,29.224,29.272,883000000.0,60000000.0,26.93,6.079,6.134,15192000000.0,9715000000.0,5764000000.0,5764000000.0,0.0,0.008,0.113,0.018,0.348,111000000.0,3255000000.0,1.0,1301140339.0,1313000000,1313000000.0,4.39,141930000000.0,0.0,746000000.0,0.0,108.096,
29,SCHW,MRT,2014-03-31,2014-03-31,2014-03-31,2021-08-07,108000000.0,144066000000.0,140956500000.0,,,0.04,8.249,-253000000.0,27721000000.0,27721000000.0,0.0,1191000000.0,,12.321,1902000000.0,,,1902000000.0,0.0,199000000.0,95591000000.0,0.009,0.24,1896000000.0,2095000000.0,0.373,2095000000.0,1896000000.0,1896000000.0,0.87,0.87,0.87,10815000000.0,10242250000.0,10815000000.0,6111832530.0,3.0,2.917,1840000000.0,1.404,1.0,5623000000.0,1.0,1482000000.0,0.0,116765000000.0,110508750000.0,0.0,98250000000.0,,,133251000000.0,,,35489832530.0,242000000.0,0.0,298000000.0,269000000.0,-370000000.0,13374000000.0,-15225000000.0,-14964000000.0,2093000000.0,0.0,1191000000.0,1130000000.0,1130000000.0,0.0,0.0,0.201,3727000000.0,1896000000.0,34226000000.0,0.276,3.282,31.407,31.414,820000000.0,61000000.0,27.33,6.312,6.372,15053000000.0,9492000000.0,5623000000.0,5623000000.0,0.0,0.008,0.11,0.017,0.337,108000000.0,3221000000.0,1.0,1298566869.0,1311000000,1311000000.0,4.289,142584000000.0,0.0,705000000.0,0.0,108.76,
30,SCHW,MRT,2013-12-31,2013-12-31,2013-12-31,2021-08-07,9000000.0,143642000000.0,138271000000.0,,,0.039,8.079,-249000000.0,31281000000.0,31281000000.0,0.0,1071000000.0,,12.837,1903000000.0,,,1903000000.0,0.0,202000000.0,92972000000.0,0.009,0.24,1705000000.0,1907000000.0,0.351,1907000000.0,1705000000.0,1705000000.0,0.78,0.78,0.78,10381000000.0,9982500000.0,10381000000.0,4541647174.0,3.0,2.382,1407000000.0,1.095,1.0,5435000000.0,1.0,1493000000.0,0.0,112771000000.0,106216000000.0,0.0,94872000000.0,,,133261000000.0,,,33519647174.0,-4935000000.0,0.0,258000000.0,-31000000.0,-368000000.0,13459000000.0,-20050000000.0,-19803000000.0,1656000000.0,0.0,1071000000.0,1010000000.0,1010000000.0,0.0,0.0,0.186,3730000000.0,1705000000.0,36800000000.0,0.308,3.229,33.188,33.333,790000000.0,61000000.0,26.0,6.167,6.147,14460000000.0,9253000000.0,5435000000.0,5435000000.0,0.0,0.007,0.101,0.016,0.314,116000000.0,3228000000.0,1.0,1289217199.0,1285000000,1293000000.0,4.23,142149000000.0,0.0,634000000.0,0.0,110.622,
31,SCHW,MRT,2013-09-30,2013-09-30,2013-09-30,2021-08-07,46000000.0,140211000000.0,135769750000.0,,,0.038,7.757,-217000000.0,30882000000.0,30882000000.0,0.0,963000000.0,,12.947,1904000000.0,,,1904000000.0,0.0,203000000.0,91187000000.0,0.011,0.24,1551000000.0,1754000000.0,0.336,1754000000.0,1551000000.0,1551000000.0,0.7,0.7,0.7,10053000000.0,9784500000.0,10053000000.0,-4452014586.0,-3.0,-2.538,1501000000.0,1.158,1.0,5215000000.0,1.0,1505000000.0,0.0,109728000000.0,101170750000.0,0.0,92681000000.0,,,130158000000.0,,,27162985414.0,-1161000000.0,-80000000.0,149000000.0,96000000.0,-368000000.0,22296000000.0,-25175000000.0,-24873000000.0,1718000000.0,0.0,963000000.0,902000000.0,902000000.0,0.0,0.0,0.173,3664000000.0,1551000000.0,35739000000.0,0.343,2.702,30.114,30.2,738000000.0,61000000.0,21.14,5.209,5.254,13635000000.0,9034000000.0,5215000000.0,5215000000.0,0.0,0.007,0.092,0.015,0.297,109000000.0,3165000000.0,1.0,1284909433.0,1296000000,1296000000.0,4.024,138706000000.0,0.0,588000000.0,0.0,107.026,
32,SCHW,MRT,2013-06-30,2013-06-30,2013-06-30,2021-08-07,3000000.0,135907000000.0,130131500000.0,,,0.039,7.547,-183000000.0,33245000000.0,33245000000.0,0.0,920000000.0,,12.982,1630000000.0,,,1630000000.0,0.0,202000000.0,84345000000.0,0.011,0.24,1448000000.0,1650000000.0,0.328,1650000000.0,1448000000.0,1448000000.0,0.67,0.67,0.67,9720000000.0,9637500000.0,9720000000.0,-5023037211.0,-3.0,-3.044,1479000000.0,1.148,1.0,5038000000.0,1.0,1521000000.0,0.0,102771000000.0,94843500000.0,0.0,86452000000.0,,,126187000000.0,,,27173962789.0,-1855000000.0,-80000000.0,96000000.0,-382000000.0,-367000000.0,17407000000.0,-20924000000.0,-20666000000.0,1662000000.0,0.0,920000000.0,858000000.0,858000000.0,0.0,0.0,0.17,3590000000.0,1448000000.0,39002000000.0,0.358,2.796,31.671,31.687,711000000.0,62000000.0,21.23,5.394,5.428,13220000000.0,8830000000.0,5038000000.0,5038000000.0,0.0,0.007,0.089,0.015,0.287,110000000.0,3110000000.0,1.0,1279979406.0,1288000000,1288000000.0,3.911,134386000000.0,0.0,528000000.0,0.0,104.337,
33,SCHW,MRT,2013-03-31,2013-03-31,2013-03-31,2021-08-07,300000000.0,133324000000.0,124108750000.0,,,0.04,7.626,-155000000.0,33828000000.0,33828000000.0,0.0,939000000.0,,12.638,1631000000.0,,,1631000000.0,0.0,199000000.0,82424000000.0,0.014,0.24,1468000000.0,1667000000.0,0.334,1667000000.0,1468000000.0,1468000000.0,0.69,0.69,0.69,9776000000.0,9485000000.0,9776000000.0,-16892429411.0,-12.0,-10.133,645000000.0,0.503,1.0,4984000000.0,1.0,1533000000.0,0.0,99594000000.0,89534250000.0,0.0,83574000000.0,,,123548000000.0,,,22607570589.0,137000000.0,-80000000.0,45000000.0,-383000000.0,-358000000.0,19912000000.0,-20575000000.0,-20345000000.0,800000000.0,0.0,939000000.0,886000000.0,886000000.0,0.0,0.0,0.178,3516000000.0,1468000000.0,38040000000.0,0.348,2.313,25.516,25.638,681000000.0,53000000.0,17.69,4.536,4.55,12921000000.0,8674000000.0,4984000000.0,4984000000.0,0.0,0.007,0.093,0.016,0.295,117000000.0,3041000000.0,1.0,1277985901.0,1282000000,1282000000.0,3.888,131791000000.0,0.0,529000000.0,0.0,102.801,
34,SCHW,MRT,2012-12-31,2012-12-31,2012-12-31,2021-08-07,298000000.0,133637000000.0,118648250000.0,,,0.041,7.521,-148000000.0,41132000000.0,41132000000.0,0.0,928000000.0,,12.936,1632000000.0,,,1632000000.0,0.0,196000000.0,79377000000.0,0.017,0.24,1450000000.0,1646000000.0,0.337,1646000000.0,1450000000.0,1450000000.0,0.69,0.69,0.69,9589000000.0,9125250000.0,9589000000.0,-13477588110.0,-9.0,-8.188,1118000000.0,0.877,1.0,4883000000.0,1.0,1547000000.0,0.0,92590000000.0,84211500000.0,0.0,75679000000.0,,,124048000000.0,,,18310411890.0,3984000000.0,-80000000.0,35000000.0,-82000000.0,-337000000.0,18978000000.0,-16260000000.0,-16035000000.0,1266000000.0,0.0,928000000.0,883000000.0,883000000.0,0.0,0.0,0.181,3433000000.0,1450000000.0,41398000000.0,0.348,1.91,20.737,20.812,675000000.0,45000000.0,14.36,3.75,3.75,13791000000.0,8554000000.0,4883000000.0,4883000000.0,0.0,0.007,0.097,0.017,0.297,105000000.0,2963000000.0,1.0,1275098321.0,1275000000,1275000000.0,3.83,132090000000.0,0.0,522000000.0,0.0,103.6,
35,SCHW,MRT,2012-09-30,2012-09-30,2012-09-30,2021-08-07,312000000.0,117658000000.0,112377250000.0,,,0.043,7.424,-150000000.0,33564000000.0,33564000000.0,0.0,880000000.0,,11.431,1776000000.0,,,1776000000.0,0.0,194000000.0,68756000000.0,0.019,0.24,1358000000.0,1552000000.0,0.325,1552000000.0,1358000000.0,1358000000.0,0.66,0.67,0.66,9465000000.0,8656500000.0,9465000000.0,-12523552680.0,-9.0,-8.069,675000000.0,0.529,1.0,4781000000.0,1.0,1451000000.0,0.0,84419000000.0,79652500000.0,0.0,68675000000.0,,,108193000000.0,,,16289447320.0,2147000000.0,-30000000.0,33000000.0,-208000000.0,-329000000.0,15010000000.0,-13688000000.0,-13514000000.0,825000000.0,0.0,880000000.0,857000000.0,857000000.0,0.0,0.0,0.179,3423000000.0,1358000000.0,36206000000.0,0.364,1.721,19.008,19.371,672000000.0,23000000.0,12.785,3.407,3.41,12521000000.0,8442000000.0,4781000000.0,4781000000.0,0.0,0.008,0.099,0.017,0.284,105000000.0,2955000000.0,1.0,1274106165.0,1275000000,1275000000.0,3.75,116207000000.0,0.0,478000000.0,0.0,91.143,
36,SCHW,MRT,2012-06-30,2012-06-30,2012-06-30,2021-08-07,154000000.0,111816000000.0,108689250000.0,,,0.044,7.151,-179000000.0,30812000000.0,30812000000.0,0.0,853000000.0,,11.274,1999000000.0,,,1999000000.0,0.0,183000000.0,66257000000.0,0.019,0.24,1357000000.0,1540000000.0,0.323,1540000000.0,1357000000.0,1357000000.0,0.65,0.66,0.65,9110000000.0,8204000000.0,9110000000.0,-15238730155.0,-11.0,-9.895,135000000.0,0.106,1.0,4766000000.0,1.0,1469000000.0,0.0,81534000000.0,76061000000.0,0.0,65819000000.0,,,102706000000.0,,,16460269845.0,1623000000.0,54000000.0,43000000.0,-116000000.0,-304000000.0,14397000000.0,-13088000000.0,-12964000000.0,314000000.0,0.0,853000000.0,839000000.0,839000000.0,0.0,0.0,0.176,3409000000.0,1357000000.0,33165000000.0,0.369,1.807,19.619,19.892,677000000.0,14000000.0,12.93,3.454,3.456,12272000000.0,8280000000.0,4766000000.0,4766000000.0,0.0,0.008,0.102,0.018,0.285,106000000.0,2945000000.0,1.0,1273029377.0,1274000000,1274000000.0,3.741,110347000000.0,0.0,504000000.0,0.0,86.615,
37,SCHW,MRT,2012-03-31,2012-03-31,2012-03-31,2021-08-07,76000000.0,111482000000.0,105128250000.0,,,0.044,6.549,-184000000.0,33699000000.0,33699000000.0,0.0,816000000.0,,12.372,2000000000.0,,,2000000000.0,0.0,168000000.0,62259000000.0,0.017,0.24,1311000000.0,1479000000.0,0.316,1479000000.0,1311000000.0,1311000000.0,0.65,0.66,0.65,8337000000.0,7610000000.0,8337000000.0,-14442811738.0,-11.0,-9.765,1075000000.0,0.844,1.0,4673000000.0,1.0,1480000000.0,0.0,78303000000.0,72836750000.0,0.0,63041000000.0,,,103145000000.0,,,18269188262.0,1246000000.0,54000000.0,73000000.0,-174000000.0,-300000000.0,10988000000.0,-11001000000.0,-10877000000.0,1259000000.0,0.0,816000000.0,816000000.0,816000000.0,0.0,0.0,0.175,3362000000.0,1311000000.0,37576000000.0,0.369,2.191,22.389,22.108,684000000.0,0.0,14.37,3.91,3.915,11795000000.0,8097000000.0,4673000000.0,4673000000.0,0.0,0.008,0.107,0.018,0.281,106000000.0,2914000000.0,1.0,1271342259.0,1273000000,1273000000.0,3.671,110002000000.0,0.0,495000000.0,0.0,86.412,
38,SCHW,MRT,2011-12-31,2011-12-31,2011-12-31,2021-08-07,8000000.0,108553000000.0,100978500000.0,,,0.046,6.277,-180000000.0,34713000000.0,34713000000.0,0.0,864000000.0,,13.072,2001000000.0,,,2001000000.0,0.0,155000000.0,60854000000.0,0.021,0.24,1392000000.0,1547000000.0,0.33,1547000000.0,1392000000.0,1392000000.0,0.7,0.7,0.7,7714000000.0,7147500000.0,7714000000.0,-17082946695.0,-12.0,-11.043,2284000000.0,1.858,1.0,4691000000.0,1.0,1487000000.0,0.0,74354000000.0,70170500000.0,0.0,59548000000.0,,,100839000000.0,,,14300053305.0,3748000000.0,54000000.0,96000000.0,-116000000.0,-295000000.0,9951000000.0,-8667000000.0,-8548000000.0,2464000000.0,0.0,864000000.0,864000000.0,864000000.0,0.0,0.0,0.184,3299000000.0,1392000000.0,36587000000.0,0.343,1.854,16.551,16.086,685000000.0,0.0,11.26,3.048,2.95,11302000000.0,7978000000.0,4691000000.0,4691000000.0,0.0,0.009,0.121,0.02,0.297,99000000.0,2868000000.0,1.0,1269986972.0,1229000000,1229000000.0,3.817,107066000000.0,0.0,528000000.0,0.0,87.116,
39,SCHW,MRT,2011-09-30,2011-09-30,2011-09-30,2021-08-07,56000000.0,102906000000.0,96982250000.0,,,0.049,6.229,-184000000.0,33385000000.0,33385000000.0,0.0,820000000.0,,12.443,2002000000.0,,,2002000000.0,0.0,145000000.0,54078000000.0,0.021,0.24,1369000000.0,1514000000.0,0.322,1514000000.0,1369000000.0,1369000000.0,0.68,0.68,0.68,7655000000.0,6775500000.0,7655000000.0,-14673946809.0,-11.0,-9.692,1377000000.0,1.12,1.0,4705000000.0,1.0,1470000000.0,0.0,70053000000.0,68134250000.0,0.0,54969000000.0,,,95251000000.0,,,13630053191.0,675000000.0,40000000.0,101000000.0,-116000000.0,-291000000.0,4943000000.0,-5829000000.0,-5697000000.0,1561000000.0,0.0,820000000.0,820000000.0,820000000.0,0.0,0.0,0.174,3336000000.0,1369000000.0,37953000000.0,0.353,1.781,16.622,16.574,665000000.0,0.0,11.27,2.897,2.944,11643000000.0,7892000000.0,4705000000.0,4705000000.0,0.0,0.008,0.121,0.02,0.291,96000000.0,2794000000.0,1.0,1209410221.0,1229000000,1229000000.0,3.828,101436000000.0,0.0,549000000.0,0.0,82.535,
40,SCHW,MRT,2011-06-30,2011-06-30,2011-06-30,2021-08-07,45000000.0,97572000000.0,93080250000.0,,,0.049,5.565,-152000000.0,30308000000.0,30308000000.0,0.0,724000000.0,,13.489,2004000000.0,,,2004000000.0,0.0,141000000.0,52339000000.0,0.015,0.24,1208000000.0,1349000000.0,0.294,1349000000.0,1208000000.0,1208000000.0,0.6,0.6,0.6,6734000000.0,6370500000.0,6734000000.0,-6763298574.0,-6.0,-5.014,1481000000.0,1.224,1.0,4587000000.0,1.0,631000000.0,0.0,68637000000.0,66373750000.0,0.0,52937000000.0,,,90838000000.0,,,19850701426.0,-3044000000.0,-44000000.0,89000000.0,696000000.0,-290000000.0,6949000000.0,-11626000000.0,-11437000000.0,1633000000.0,0.0,724000000.0,724000000.0,724000000.0,0.0,0.0,0.158,3379000000.0,1208000000.0,35273000000.0,0.4,2.948,27.418,27.417,639000000.0,0.0,16.45,4.328,4.339,12100000000.0,7745000000.0,4587000000.0,4587000000.0,0.0,0.008,0.114,0.018,0.263,94000000.0,2700000000.0,1.0,1206729570.0,1210000000,1210000000.0,3.791,96941000000.0,0.0,484000000.0,0.0,80.117,
41,SCHW,MRT,2011-03-31,2011-03-31,2011-03-31,2021-08-07,34000000.0,94883000000.0,89261000000.0,,,0.05,5.374,-138000000.0,28619000000.0,28619000000.0,0.0,691000000.0,,13.627,2005000000.0,,,2005000000.0,0.0,144000000.0,51259000000.0,0.013,0.24,1160000000.0,1304000000.0,0.291,1304000000.0,1160000000.0,1160000000.0,0.57,0.57,0.57,6487000000.0,6156750000.0,6487000000.0,-3978246362.0,-3.0,-3.051,1745000000.0,1.446,1.0,4477000000.0,1.0,631000000.0,0.0,67638000000.0,62887500000.0,0.0,52242000000.0,,,88396000000.0,,,21695753638.0,-746000000.0,-44000000.0,61000000.0,754000000.0,-288000000.0,9732000000.0,-12361000000.0,-12185000000.0,1883000000.0,0.0,691000000.0,691000000.0,691000000.0,0.0,0.0,0.154,3317000000.0,1160000000.0,33732000000.0,0.421,3.344,31.398,31.632,627000000.0,0.0,18.03,4.846,4.861,11806000000.0,7580000000.0,4477000000.0,4477000000.0,0.0,0.008,0.112,0.018,0.259,86000000.0,2641000000.0,1.0,1203314123.0,1207000000,1207000000.0,3.709,94252000000.0,0.0,469000000.0,0.0,78.088,
42,SCHW,MRT,2010-12-31,2010-12-31,2010-12-31,2021-08-07,16000000.0,92568000000.0,85124500000.0,,,0.05,5.214,-129000000.0,27680000000.0,27680000000.0,0.0,454000000.0,,13.868,2006000000.0,,,2006000000.0,0.0,146000000.0,50590000000.0,0.014,0.24,779000000.0,925000000.0,0.218,925000000.0,779000000.0,779000000.0,0.38,0.38,0.38,6226000000.0,5952750000.0,6226000000.0,-3315498891.0,-4.0,-3.584,-138000000.0,-0.116,1.0,4248000000.0,1.0,685000000.0,0.0,66209000000.0,59307500000.0,0.0,51002000000.0,,,86342000000.0,,,20443501109.0,-3310000000.0,-44000000.0,578000000.0,496000000.0,-288000000.0,12109000000.0,-15410000000.0,-15242000000.0,-9000000.0,0.0,454000000.0,454000000.0,454000000.0,0.0,0.0,0.107,3469000000.0,779000000.0,32250000000.0,0.632,3.284,45.03,45.026,624000000.0,0.0,17.11,4.813,4.809,11650000000.0,7409000000.0,4248000000.0,4248000000.0,0.0,0.005,0.076,0.013,0.183,87000000.0,2589000000.0,1.0,1194827651.0,1194000000,1194000000.0,3.558,91883000000.0,0.0,325000000.0,0.0,76.954,
43,SCHW,MRT,2010-09-30,2010-09-30,2010-09-30,2021-08-07,3000000.0,87298000000.0,80840250000.0,,,0.051,5.054,-114000000.0,25767000000.0,25767000000.0,0.0,499000000.0,,13.465,2008000000.0,,,2008000000.0,0.0,146000000.0,48836000000.0,0.017,0.24,816000000.0,962000000.0,0.234,962000000.0,816000000.0,816000000.0,0.41,0.41,0.41,6035000000.0,5664500000.0,6035000000.0,-10480267256.0,-13.0,-10.894,1065000000.0,0.892,1.0,4107000000.0,1.0,528000000.0,0.0,63011000000.0,55205500000.0,0.0,49047000000.0,,,81263000000.0,,,16594732744.0,-2415000000.0,0.0,573000000.0,496000000.0,-285000000.0,13677000000.0,-17271000000.0,-17158000000.0,1179000000.0,0.0,499000000.0,499000000.0,499000000.0,0.0,0.0,0.121,3291000000.0,816000000.0,29159000000.0,0.585,2.75,33.256,33.902,610000000.0,0.0,13.9,4.041,4.041,10352000000.0,7363000000.0,4107000000.0,4107000000.0,0.0,0.006,0.088,0.015,0.199,85000000.0,2546000000.0,1.0,1193865665.0,1194000000,1194000000.0,3.44,86770000000.0,0.0,317000000.0,0.0,72.672,
44,SCHW,MRT,2010-06-30,2010-06-30,2010-06-30,2021-08-07,-65000000.0,82295000000.0,76011750000.0,,,0.053,4.92,-125000000.0,28383000000.0,28383000000.0,0.0,575000000.0,,12.998,1308000000.0,,,1308000000.0,0.0,149000000.0,45887000000.0,0.017,0.24,937000000.0,1086000000.0,0.268,1086000000.0,937000000.0,937000000.0,0.48,0.48,0.48,5879000000.0,5381500000.0,5879000000.0,-7567052278.0,-8.0,-6.968,482000000.0,0.403,1.0,4055000000.0,1.0,528000000.0,0.0,54692000000.0,50307000000.0,0.0,41448000000.0,,,76416000000.0,,,16923947722.0,148000000.0,0.0,584000000.0,-243000000.0,-283000000.0,13805000000.0,-14264000000.0,-14141000000.0,607000000.0,0.0,575000000.0,575000000.0,575000000.0,0.0,0.0,0.142,3118000000.0,937000000.0,27821000000.0,0.5,2.879,29.433,29.542,617000000.0,0.0,14.18,4.174,4.179,10380000000.0,7310000000.0,4055000000.0,4055000000.0,0.0,0.008,0.107,0.019,0.231,80000000.0,2521000000.0,1.0,1193508302.0,1195000000,1195000000.0,3.393,81767000000.0,0.0,362000000.0,0.0,68.424,
45,SCHW,MRT,2010-03-31,2010-03-31,2010-03-31,2021-08-07,-111000000.0,78337000000.0,71003250000.0,,,0.057,4.774,-137000000.0,25800000000.0,25800000000.0,0.0,575000000.0,,12.814,1309000000.0,,,1309000000.0,0.0,154000000.0,42055000000.0,0.013,0.24,934000000.0,1088000000.0,0.268,1088000000.0,934000000.0,934000000.0,0.49,0.49,0.49,5671000000.0,5065250000.0,5671000000.0,-2819477465.0,-3.0,-2.591,552000000.0,0.465,1.0,4060000000.0,1.0,528000000.0,0.0,53318000000.0,46235750000.0,0.0,40374000000.0,,,72666000000.0,,,22282522535.0,-241000000.0,0.0,596000000.0,505000000.0,-282000000.0,15795000000.0,-16725000000.0,-16586000000.0,689000000.0,0.0,575000000.0,575000000.0,575000000.0,0.0,0.0,0.142,3126000000.0,934000000.0,27966000000.0,0.49,3.929,38.752,38.143,628000000.0,0.0,18.69,5.488,5.469,9907000000.0,7177000000.0,4060000000.0,4060000000.0,0.0,0.008,0.114,0.02,0.23,77000000.0,2521000000.0,1.0,1192216294.0,1188000000,1188000000.0,3.418,77809000000.0,0.0,359000000.0,0.0,65.496,
46,SCHW,MRT,2009-12-31,2009-12-31,2009-12-31,2021-08-07,-191000000.0,75431000000.0,65143500000.0,,,0.064,4.373,-140000000.0,26614000000.0,26614000000.0,0.0,787000000.0,,13.869,1512000000.0,,,1512000000.0,0.0,159000000.0,38820000000.0,0.013,0.24,1276000000.0,1435000000.0,0.342,1435000000.0,1276000000.0,1276000000.0,0.68,0.68,0.68,5073000000.0,4722750000.0,5073000000.0,-2167690778.0,-2.0,-1.511,1297000000.0,1.118,1.0,4193000000.0,1.0,528000000.0,0.0,49801000000.0,41089250000.0,0.0,37327000000.0,,,70358000000.0,,,21871309222.0,2799000000.0,0.0,53000000.0,667000000.0,-279000000.0,15419000000.0,-14057000000.0,-13914000000.0,1437000000.0,0.0,787000000.0,787000000.0,787000000.0,0.0,0.0,0.188,2917000000.0,1276000000.0,28619000000.0,0.353,4.311,27.791,27.676,641000000.0,0.0,18.82,5.216,5.207,9187000000.0,7243000000.0,4193000000.0,4193000000.0,0.0,0.012,0.167,0.031,0.304,75000000.0,2534000000.0,1.0,1162131202.0,1160000000,1160000000.0,3.615,74903000000.0,0.0,489000000.0,0.0,64.572,
47,SCHW,MRT,2009-09-30,2009-09-30,2009-09-30,2021-08-07,-246000000.0,67984000000.0,59204500000.0,,,0.076,4.216,-168000000.0,25555000000.0,25555000000.0,0.0,931000000.0,,12.866,1516000000.0,,,1516000000.0,0.0,160000000.0,35500000000.0,0.013,0.24,1517000000.0,1677000000.0,0.373,1677000000.0,1517000000.0,1517000000.0,0.81,0.81,0.81,4903000000.0,4469750000.0,4903000000.0,-1095668554.0,-1.0,-0.653,1246000000.0,1.071,1.0,4491000000.0,1.0,528000000.0,0.0,43417000000.0,36614750000.0,0.0,31923000000.0,,,63081000000.0,,,22230331446.0,2793000000.0,-5000000.0,61000000.0,667000000.0,-277000000.0,13993000000.0,-12614000000.0,-12445000000.0,1414000000.0,0.0,931000000.0,931000000.0,931000000.0,0.0,0.0,0.207,2974000000.0,1517000000.0,24688000000.0,0.296,4.534,23.878,23.642,646000000.0,0.0,19.15,4.95,4.959,8449000000.0,7149000000.0,4491000000.0,4491000000.0,0.0,0.016,0.208,0.041,0.338,71000000.0,2586000000.0,1.0,1160852817.0,1163000000,1163000000.0,3.862,67456000000.0,0.0,586000000.0,0.0,58.002,
48,SCHW,MRT,2009-06-30,2009-06-30,2009-06-30,2021-08-07,-362000000.0,62261000000.0,55398500000.0,,,0.085,3.978,-176000000.0,24886000000.0,24886000000.0,0.0,1035000000.0,,12.494,1560000000.0,,,1560000000.0,0.0,160000000.0,31705000000.0,0.014,0.24,1696000000.0,1856000000.0,0.392,1856000000.0,1696000000.0,1696000000.0,0.9,0.9,0.9,4614000000.0,4259750000.0,4614000000.0,-1303313914.0,-1.0,-0.702,1156000000.0,0.997,1.0,4731000000.0,1.0,528000000.0,0.0,38407000000.0,34269500000.0,0.0,27018000000.0,,,57647000000.0,,,20334686086.0,4123000000.0,-5000000.0,87000000.0,704000000.0,-277000000.0,12321000000.0,-9530000000.0,-9352000000.0,1332000000.0,0.0,1035000000.0,1035000000.0,1035000000.0,0.0,0.0,0.219,3035000000.0,1696000000.0,23067000000.0,0.267,4.407,19.647,19.489,650000000.0,0.0,17.54,4.298,4.301,8194000000.0,7019000000.0,4731000000.0,4731000000.0,0.0,0.019,0.243,0.049,0.358,21000000.0,2645000000.0,1.0,1159332160.0,1160000000,1160000000.0,4.078,61733000000.0,0.0,661000000.0,0.0,53.218,
49,SCHW,MRT,2009-03-31,2009-03-31,2009-03-31,2021-08-07,-500000000.0,54898000000.0,51923250000.0,,,0.095,3.721,-172000000.0,22454000000.0,22454000000.0,0.0,1125000000.0,,11.764,816000000.0,,,816000000.0,0.0,156000000.0,26637000000.0,0.015,0.23,1857000000.0,2013000000.0,0.406,2013000000.0,1857000000.0,1857000000.0,0.98,0.98,0.98,4301000000.0,4079000000.0,4301000000.0,-1305752118.0,-1.0,-0.649,311000000.0,0.269,1.0,4954000000.0,1.0,528000000.0,0.0,32732000000.0,33198000000.0,0.0,23088000000.0,,,50597000000.0,,,17938247882.0,1744000000.0,-5000000.0,122000000.0,-58000000.0,-264000000.0,10913000000.0,-9652000000.0,-9479000000.0,483000000.0,0.0,1125000000.0,1125000000.0,1125000000.0,18000000.0,0.0,0.227,3079000000.0,1875000000.0,21785000000.0,0.235,4.171,15.945,15.816,649000000.0,0.0,15.5,3.621,3.617,7149000000.0,6883000000.0,4954000000.0,4954000000.0,0.0,0.022,0.276,0.056,0.375,19000000.0,2708000000.0,1.0,1157306315.0,1156000000,1156000000.0,4.285,54370000000.0,0.0,732000000.0,0.0,47.033,
50,SCHW,MRT,2008-12-31,2008-12-31,2008-12-31,2021-08-07,-553000000.0,51675000000.0,49336500000.0,,,0.104,3.51,-188000000.0,20127000000.0,20127000000.0,0.0,1212000000.0,,11.725,883000000.0,,,883000000.0,0.0,152000000.0,23841000000.0,0.014,0.22,2010000000.0,2162000000.0,0.42,2162000000.0,2010000000.0,2010000000.0,1.06,1.05,1.06,4061000000.0,3894250000.0,4061000000.0,483589029.0,0.0,0.224,-186000000.0,-0.161,1.0,5150000000.0,1.0,528000000.0,0.0,31903000000.0,32280250000.0,0.0,21400000000.0,,,47614000000.0,,,18679589029.0,-1322000000.0,-5000000.0,-219000000.0,-20000000.0,-253000000.0,9577000000.0,-10901000000.0,-10707000000.0,2000000.0,0.0,1212000000.0,1212000000.0,1212000000.0,18000000.0,0.0,0.235,3122000000.0,2028000000.0,21356000000.0,0.208,4.6,15.412,15.255,661000000.0,0.0,16.17,3.627,3.633,7888000000.0,6735000000.0,5150000000.0,5150000000.0,0.0,0.025,0.311,0.062,0.39,19000000.0,2754000000.0,1.0,1155200311.0,1157000000,1157000000.0,4.451,51147000000.0,0.0,798000000.0,0.0,44.207,
51,SCHW,MRT,2008-09-30,2008-09-30,2008-09-30,2021-08-07,-285000000.0,52760000000.0,46989250000.0,,,0.111,3.509,-180000000.0,19077000000.0,19077000000.0,0.0,1212000000.0,,11.985,881000000.0,,,881000000.0,0.0,152000000.0,21959000000.0,0.008,0.21,2032000000.0,2184000000.0,0.419,2184000000.0,2032000000.0,2032000000.0,1.06,1.05,1.06,4063000000.0,3812000000.0,4063000000.0,16233616728.0,8.0,7.433,-314000000.0,-0.271,1.0,5211000000.0,1.0,528000000.0,0.0,34036000000.0,31077750000.0,0.0,19806000000.0,,,48697000000.0,,,29944616728.0,454000000.0,-2000000.0,-167000000.0,248000000.0,-243000000.0,9390000000.0,-8802000000.0,-8614000000.0,-134000000.0,0.0,1212000000.0,1212000000.0,1212000000.0,15000000.0,0.0,0.233,3164000000.0,2047000000.0,23960000000.0,0.198,7.37,24.707,24.528,633000000.0,0.0,26.0,5.746,5.778,11649000000.0,6496000000.0,5211000000.0,5211000000.0,0.0,0.026,0.318,0.065,0.39,-3000000.0,2811000000.0,1.0,1151716028.0,1158000000,1158000000.0,4.5,52232000000.0,462000000.0,820000000.0,0.0,45.105,
52,SCHW,MRT,2008-06-30,2008-06-30,2008-06-30,2021-08-07,-142000000.0,48360000000.0,43626500000.0,,,0.12,3.372,-166000000.0,14593000000.0,14593000000.0,0.0,2442000000.0,,11.429,882000000.0,,,882000000.0,0.0,153000000.0,19909000000.0,0.058,1.2,3256000000.0,3409000000.0,0.649,3409000000.0,3256000000.0,3256000000.0,2.09,2.07,2.09,3891000000.0,3644750000.0,3891000000.0,8586172041.0,3.0,2.519,715000000.0,0.62,1.0,5251000000.0,1.0,528000000.0,0.0,34121000000.0,28853500000.0,0.0,18245000000.0,,,44469000000.0,,,23548172041.0,1768000000.0,-2000000.0,-2212000000.0,489000000.0,-1490000000.0,5087000000.0,-4200000000.0,-4026000000.0,881000000.0,0.0,2442000000.0,2442000000.0,2442000000.0,-1196000000.0,0.0,0.465,3191000000.0,2060000000.0,22289000000.0,0.574,6.052,9.643,9.828,623000000.0,0.0,20.54,4.485,4.514,13435000000.0,6261000000.0,5251000000.0,5251000000.0,0.0,0.056,0.67,0.113,0.62,16000000.0,2854000000.0,1.0,1146454335.0,1154000000,1154000000.0,4.55,47832000000.0,345000000.0,814000000.0,0.0,41.449,
53,SCHW,MRT,2008-03-31,2008-03-31,2008-03-31,2021-08-07,-135000000.0,44551000000.0,43787500000.0,,,0.118,3.073,-177000000.0,15865000000.0,15865000000.0,0.0,2439000000.0,,11.507,903000000.0,,,903000000.0,0.0,155000000.0,15560000000.0,0.064,1.2,3220000000.0,3375000000.0,0.656,3375000000.0,3220000000.0,3220000000.0,2.07,2.04,2.07,3562000000.0,3940500000.0,3562000000.0,7159061321.0,2.0,2.121,1417000000.0,1.223,1.0,5148000000.0,1.0,528000000.0,0.0,29061000000.0,29384500000.0,0.0,14440000000.0,,,40989000000.0,,,21827061321.0,1534000000.0,-2000000.0,-2364000000.0,505000000.0,-1495000000.0,2041000000.0,-2101000000.0,-1859000000.0,1594000000.0,0.0,2439000000.0,2439000000.0,2439000000.0,-1250000000.0,0.0,0.474,3178000000.0,1970000000.0,23004000000.0,0.58,6.128,8.949,9.097,628000000.0,0.0,18.83,4.24,4.239,12179000000.0,6024000000.0,5148000000.0,5148000000.0,0.0,0.056,0.619,0.11,0.625,-19000000.0,2853000000.0,1.0,1159164170.0,1159000000,1159000000.0,4.442,44023000000.0,335000000.0,781000000.0,0.0,37.984,
54,SCHW,MRT,2007-12-31,2007-12-31,2007-12-31,2021-08-07,-17000000.0,42286000000.0,44469250000.0,,,0.112,3.054,-168000000.0,15567000000.0,15567000000.0,0.0,2407000000.0,,10.331,899000000.0,,,899000000.0,0.0,156000000.0,13822000000.0,0.047,1.2,3140000000.0,3296000000.0,0.66,3296000000.0,3140000000.0,3140000000.0,1.98,1.96,1.98,3732000000.0,4283750000.0,3732000000.0,15902103984.0,5.0,4.825,1578000000.0,1.291,1.0,4994000000.0,1.0,525000000.0,0.0,27093000000.0,30455000000.0,0.0,11688000000.0,,,38554000000.0,,,29547103984.0,2257000000.0,-119000000.0,-2328000000.0,506000000.0,-1500000000.0,144000000.0,367000000.0,588000000.0,1746000000.0,0.0,2407000000.0,2407000000.0,2407000000.0,-1287000000.0,0.0,0.482,3141000000.0,1853000000.0,22212000000.0,0.606,7.917,12.275,12.904,617000000.0,0.0,25.55,5.917,6.252,13039000000.0,5776000000.0,4994000000.0,4994000000.0,0.0,0.054,0.562,0.103,0.629,-50000000.0,2817000000.0,1.0,1156442426.0,1222000000,1222000000.0,4.087,41761000000.0,0.0,733000000.0,0.0,34.174,
55,SCHW,MRT,2007-09-30,2007-09-30,2007-09-30,2021-08-07,-12000000.0,39309000000.0,46145750000.0,,,0.103,2.826,-156000000.0,14270000000.0,14270000000.0,0.0,2566000000.0,,10.582,625000000.0,,,625000000.0,0.0,155000000.0,12470000000.0,0.056,1.2,3226000000.0,3381000000.0,0.713,3381000000.0,3226000000.0,3226000000.0,2.12,2.09,2.12,3394000000.0,4602750000.0,3394000000.0,14853290929.0,5.0,4.393,1428000000.0,1.189,1.0,4745000000.0,1.0,525000000.0,0.0,25139000000.0,32079750000.0,0.0,11109000000.0,,,35915000000.0,,,27088290929.0,1552000000.0,-117000000.0,-2447000000.0,239000000.0,-1506000000.0,-478000000.0,446000000.0,642000000.0,1584000000.0,0.0,2566000000.0,2566000000.0,2566000000.0,-1527000000.0,0.0,0.541,3046000000.0,1699000000.0,21195000000.0,0.566,7.981,10.557,10.189,604000000.0,0.0,21.6,5.709,5.467,11977000000.0,5526000000.0,4745000000.0,4745000000.0,0.0,0.056,0.557,0.101,0.68,-51000000.0,2728000000.0,1.0,1254087543.0,1201000000,1201000000.0,3.951,38784000000.0,241000000.0,660000000.0,0.0,32.293,
56,SCHW,MRT,2007-06-30,2007-06-30,2007-06-30,2021-08-07,-56000000.0,49004000000.0,48103500000.0,,,0.094,4.037,-155000000.0,12619000000.0,12619000000.0,0.0,1298000000.0,,8.658,384000000.0,,,384000000.0,0.0,155000000.0,11685000000.0,0.009,0.18,1921000000.0,2076000000.0,0.459,2076000000.0,1921000000.0,1921000000.0,1.04,1.02,1.04,5074000000.0,4912750000.0,5074000000.0,12221016991.0,6.0,5.887,487000000.0,0.387,1.0,4520000000.0,1.0,524000000.0,0.0,36245000000.0,33968750000.0,0.0,11019000000.0,,,43930000000.0,,,25633016991.0,558000000.0,-117000000.0,-693000000.0,-28000000.0,-227000000.0,2953000000.0,-3037000000.0,-2559000000.0,642000000.0,0.0,1298000000.0,1298000000.0,1298000000.0,-352000000.0,0.0,0.287,2951000000.0,1569000000.0,21203000000.0,0.173,5.052,19.748,19.731,609000000.0,0.0,20.52,5.671,5.707,12361000000.0,5308000000.0,4520000000.0,4520000000.0,0.0,0.027,0.264,0.057,0.425,-42000000.0,2650000000.0,1.0,1249172368.0,1257000000,1257000000.0,3.596,48480000000.0,405000000.0,623000000.0,0.0,38.568,
57,SCHW,MRT,2007-03-31,2007-03-31,2007-03-31,2021-08-07,-29000000.0,47278000000.0,47569000000.0,,,0.093,3.898,-79000000.0,13799000000.0,13799000000.0,0.0,1257000000.0,,8.58,387000000.0,,,387000000.0,0.0,155000000.0,11443000000.0,0.009,0.16,1858000000.0,2013000000.0,0.457,2013000000.0,1858000000.0,1858000000.0,1.0,0.98,1.0,4935000000.0,4794750000.0,4935000000.0,8210518170.0,4.0,4.079,774000000.0,0.611,1.0,4408000000.0,1.0,523000000.0,0.0,33343000000.0,33162750000.0,0.0,9293000000.0,,,42343000000.0,,,23191518170.0,1145000000.0,-117000000.0,-844000000.0,-68000000.0,-204000000.0,2700000000.0,-2408000000.0,-2057000000.0,853000000.0,0.0,1257000000.0,1257000000.0,1257000000.0,-344000000.0,0.0,0.285,2894000000.0,1514000000.0,21133000000.0,0.16,4.699,18.45,18.29,606000000.0,0.0,18.29,5.261,5.253,11494000000.0,5078000000.0,4408000000.0,4408000000.0,0.0,0.026,0.262,0.056,0.422,-24000000.0,2593000000.0,1.0,1267988965.0,1266000000,1266000000.0,3.482,46755000000.0,377000000.0,601000000.0,0.0,36.931,
58,SCHW,MRT,2006-12-31,2006-12-31,2006-12-31,2021-08-07,-36000000.0,48992000000.0,47655000000.0,,,0.09,3.894,-59000000.0,15369000000.0,15369000000.0,0.0,1227000000.0,,8.783,388000000.0,,,388000000.0,0.0,157000000.0,11020000000.0,0.007,0.135,1812000000.0,1969000000.0,0.457,1969000000.0,1812000000.0,1812000000.0,0.97,0.95,0.97,5008000000.0,4719000000.0,5008000000.0,10922233799.0,6.0,5.547,1701000000.0,1.323,1.0,4309000000.0,1.0,419000000.0,0.0,33592000000.0,32643750000.0,0.0,8750000000.0,,,43984000000.0,,,24422233799.0,2602000000.0,0.0,-615000000.0,-68000000.0,-173000000.0,4082000000.0,-3240000000.0,-2731000000.0,1760000000.0,0.0,1227000000.0,1227000000.0,1227000000.0,-336000000.0,0.0,0.285,2833000000.0,1476000000.0,22119000000.0,0.139,4.877,19.904,19.938,602000000.0,0.0,19.34,5.668,5.772,11577000000.0,4901000000.0,4309000000.0,4309000000.0,0.0,0.026,0.26,0.056,0.421,-25000000.0,2533000000.0,1.0,1262783547.0,1286000000,1286000000.0,3.351,48573000000.0,406000000.0,585000000.0,0.0,37.771,
59,SCHW,MRT,2006-09-30,2006-09-30,2006-09-30,2021-08-07,-32000000.0,47140000000.0,47244750000.0,,,0.075,3.629,-20000000.0,14823000000.0,14823000000.0,0.0,947000000.0,,9.173,1323000000.0,,,1323000000.0,0.0,141000000.0,17895000000.0,0.006,0.11,1442000000.0,1583000000.0,0.446,1583000000.0,1442000000.0,1442000000.0,0.75,0.73,0.75,4634000000.0,4579500000.0,4634000000.0,9967652100.0,7.0,6.297,2060000000.0,1.613,1.0,3548000000.0,1.0,945000000.0,0.0,32695000000.0,31820000000.0,0.0,18464000000.0,,,42506000000.0,,,22865652100.0,1955000000.0,4000000.0,-627000000.0,-267000000.0,-141000000.0,3968000000.0,-4093000000.0,-2553000000.0,2080000000.0,0.0,947000000.0,947000000.0,947000000.0,-189000000.0,0.0,0.267,2295000000.0,1253000000.0,21967000000.0,0.147,4.934,24.145,23.88,698000000.0,0.0,17.91,6.445,6.446,11107000000.0,4498000000.0,3548000000.0,3548000000.0,0.0,0.02,0.207,0.045,0.406,-7000000.0,2075000000.0,1.0,1276697493.0,1277000000,1277000000.0,2.778,46195000000.0,0.0,495000000.0,0.0,36.175,
60,SCHW,MRT,2006-06-30,2006-06-30,2006-06-30,2021-08-07,-61000000.0,46866000000.0,46803000000.0,,,0.077,3.556,-13000000.0,14766000000.0,14766000000.0,0.0,888000000.0,,9.184,1868000000.0,,,1868000000.0,0.0,154000000.0,15668000000.0,0.006,0.102,1354000000.0,1508000000.0,0.417,1508000000.0,1354000000.0,1354000000.0,0.7,0.68,0.7,4602000000.0,4508250000.0,4602000000.0,5204707175.0,4.0,3.451,2405000000.0,1.859,1.0,3620000000.0,1.0,947000000.0,0.0,33021000000.0,30737000000.0,0.0,17799000000.0,,,42264000000.0,,,20609707175.0,824000000.0,6000000.0,-534000000.0,-576000000.0,-132000000.0,3214000000.0,-4808000000.0,-3560000000.0,2418000000.0,0.0,888000000.0,888000000.0,888000000.0,-154000000.0,0.0,0.245,2420000000.0,1200000000.0,23449000000.0,0.146,4.478,23.209,22.829,705000000.0,0.0,15.98,5.693,5.712,11565000000.0,4270000000.0,3620000000.0,3620000000.0,0.0,0.019,0.197,0.044,0.374,15000000.0,2176000000.0,1.0,1289718847.0,1294000000,1294000000.0,2.798,45919000000.0,0.0,466000000.0,0.0,35.486,
61,SCHW,MRT,2006-03-31,2006-03-31,2006-03-31,2021-08-07,-47000000.0,47622000000.0,46705250000.0,,,0.077,3.574,-74000000.0,16723000000.0,16723000000.0,0.0,823000000.0,,9.281,1318000000.0,,,1318000000.0,0.0,166000000.0,14893000000.0,0.005,0.094,1260000000.0,1426000000.0,0.395,1426000000.0,1260000000.0,1260000000.0,0.64,0.63,0.64,4632000000.0,4437250000.0,4632000000.0,5794732035.0,5.0,4.064,1599000000.0,1.234,1.0,3614000000.0,1.0,950000000.0,0.0,31267000000.0,29298000000.0,0.0,16609000000.0,,,42990000000.0,,,22197732035.0,499000000.0,4000000.0,-424000000.0,-185000000.0,-122000000.0,2904000000.0,-4078000000.0,-2772000000.0,1673000000.0,0.0,823000000.0,823000000.0,823000000.0,-126000000.0,0.0,0.228,2480000000.0,1134000000.0,25529000000.0,0.147,4.792,26.972,26.891,773000000.0,0.0,17.21,6.142,6.172,11549000000.0,4058000000.0,3614000000.0,3614000000.0,0.0,0.018,0.185,0.043,0.349,23000000.0,2214000000.0,1.0,1289815923.0,1296000000,1296000000.0,2.789,46672000000.0,0.0,437000000.0,0.0,36.012,
62,SCHW,MRT,2005-12-31,2005-12-31,2005-12-31,2021-08-07,-33000000.0,47351000000.0,46401000000.0,,,0.078,3.402,-78000000.0,17097000000.0,17097000000.0,0.0,725000000.0,,9.641,462000000.0,,,462000000.0,0.0,179000000.0,6969000000.0,0.006,0.089,1118000000.0,1297000000.0,0.358,1297000000.0,1118000000.0,1118000000.0,0.56,0.55,0.56,4450000000.0,4348000000.0,4450000000.0,2860411002.0,3.0,2.205,699000000.0,0.534,1.0,3619000000.0,1.0,419000000.0,0.0,30297000000.0,28036500000.0,0.0,6158000000.0,,,42901000000.0,,,18916411002.0,-346000000.0,4000000.0,-582000000.0,-56000000.0,-116000000.0,2245000000.0,-3368000000.0,-2230000000.0,777000000.0,0.0,725000000.0,725000000.0,725000000.0,-91000000.0,0.0,0.2,2592000000.0,1027000000.0,26219000000.0,0.159,4.251,26.092,26.196,699000000.0,0.0,14.67,5.227,5.302,11600000000.0,3847000000.0,3619000000.0,3619000000.0,0.0,0.016,0.167,0.04,0.309,47000000.0,2272000000.0,1.0,1289462236.0,1308000000,1308000000.0,2.767,46932000000.0,171000000.0,393000000.0,0.0,35.881,
63,SCHW,MRT,2005-09-30,2005-09-30,2005-09-30,2021-08-07,-26000000.0,45373000000.0,46346500000.0,,,0.077,3.325,-103000000.0,17435000000.0,17435000000.0,0.0,591000000.0,,9.433,1379000000.0,,,1379000000.0,0.0,187000000.0,12909000000.0,0.006,0.084,950000000.0,1137000000.0,0.32,1137000000.0,950000000.0,950000000.0,0.45,0.45,0.45,4349000000.0,4332000000.0,4349000000.0,494592423.0,1.0,0.435,262000000.0,0.2,1.0,3558000000.0,1.0,954000000.0,0.0,28363000000.0,26867250000.0,0.0,14213000000.0,,,41024000000.0,,,18745592423.0,-515000000.0,270000000.0,-713000000.0,278000000.0,-111000000.0,1836000000.0,-2716000000.0,-1916000000.0,365000000.0,0.0,591000000.0,591000000.0,591000000.0,-10000000.0,0.0,0.166,2618000000.0,940000000.0,25487000000.0,0.187,4.31,31.718,32.067,825000000.0,0.0,14.43,5.269,5.305,10952000000.0,3692000000.0,3558000000.0,3558000000.0,0.0,0.013,0.136,0.035,0.267,33000000.0,2214000000.0,1.0,1299070854.0,1308000000,1308000000.0,2.72,44419000000.0,0.0,359000000.0,0.0,33.959,
64,SCHW,MRT,2005-06-30,2005-06-30,2005-06-30,2021-08-07,-12000000.0,46475000000.0,46487000000.0,,,0.074,3.286,-144000000.0,19974000000.0,19974000000.0,0.0,343000000.0,,9.763,1723000000.0,,,1723000000.0,0.0,193000000.0,11985000000.0,0.007,0.082,605000000.0,798000000.0,0.233,798000000.0,605000000.0,605000000.0,0.26,0.26,0.26,4318000000.0,4383500000.0,4318000000.0,-4449254850.0,-7.0,-5.576,-143000000.0,-0.109,1.0,3420000000.0,1.0,959000000.0,0.0,27265000000.0,25969500000.0,0.0,13315000000.0,,,42157000000.0,,,14773745150.0,-112000000.0,269000000.0,-699000000.0,737000000.0,-110000000.0,1536000000.0,-1649000000.0,-907000000.0,1000000.0,0.0,343000000.0,343000000.0,343000000.0,78000000.0,0.0,0.1,2737000000.0,683000000.0,27177000000.0,0.315,3.421,43.072,43.385,852000000.0,0.0,11.28,4.32,4.334,10400000000.0,3529000000.0,3420000000.0,3420000000.0,0.0,0.007,0.078,0.023,0.177,26000000.0,2209000000.0,1.0,1309729180.0,1314000000,1314000000.0,2.603,45516000000.0,0.0,262000000.0,0.0,34.639,
65,SCHW,MRT,2005-03-31,2005-03-31,2005-03-31,2021-08-07,-22000000.0,46405000000.0,46698500000.0,,,0.072,3.224,-166000000.0,20592000000.0,20592000000.0,0.0,270000000.0,,9.855,1369000000.0,,,1369000000.0,0.0,195000000.0,11428000000.0,0.008,0.08,477000000.0,672000000.0,0.2,672000000.0,477000000.0,477000000.0,0.2,0.2,0.2,4275000000.0,4487000000.0,4275000000.0,-6680840764.0,-14.0,-9.942,590000000.0,0.445,1.0,3367000000.0,1.0,961000000.0,0.0,26221000000.0,25258750000.0,0.0,12730000000.0,,,42130000000.0,,,13868159236.0,-520000000.0,270000000.0,-556000000.0,191000000.0,-108000000.0,1351000000.0,-2627000000.0,-1864000000.0,756000000.0,0.0,270000000.0,270000000.0,270000000.0,72000000.0,0.0,0.08,2818000000.0,549000000.0,28055000000.0,0.4,3.244,51.364,52.55,874000000.0,0.0,10.51,4.119,4.139,10275000000.0,3372000000.0,3367000000.0,3367000000.0,0.0,0.006,0.06,0.019,0.142,32000000.0,2281000000.0,1.0,1319520384.0,1326000000,1326000000.0,2.539,45444000000.0,0.0,207000000.0,0.0,34.271,
66,SCHW,MRT,2004-12-31,2004-12-31,2004-12-31,2021-08-07,-5000000.0,47133000000.0,46668250000.0,,,0.073,3.213,-177000000.0,21797000000.0,21797000000.0,0.0,286000000.0,,9.746,1248000000.0,,,1248000000.0,0.0,197000000.0,11118000000.0,0.006,0.074,483000000.0,680000000.0,0.199,680000000.0,483000000.0,483000000.0,0.21,0.21,0.21,4386000000.0,4583750000.0,4386000000.0,-4095171848.0,-8.0,-6.022,416000000.0,0.305,1.0,3416000000.0,1.0,964000000.0,0.0,25620000000.0,24543000000.0,0.0,12177000000.0,,,42747000000.0,,,16109828152.0,-315000000.0,270000000.0,-314000000.0,-179000000.0,-101000000.0,1883000000.0,-2791000000.0,-1676000000.0,593000000.0,0.0,286000000.0,286000000.0,286000000.0,64000000.0,0.0,0.084,2869000000.0,547000000.0,28985000000.0,0.352,3.673,56.328,56.952,903000000.0,0.0,11.96,4.716,4.779,10323000000.0,3258000000.0,3416000000.0,3416000000.0,0.0,0.006,0.062,0.02,0.141,42000000.0,2361000000.0,1.0,1346975598.0,1365000000,1365000000.0,2.503,46169000000.0,0.0,197000000.0,0.0,33.823,
67,SCHW,MRT,2004-09-30,2004-09-30,2004-09-30,2021-08-07,-8000000.0,45935000000.0,46351500000.0,,,0.091,3.339,-201000000.0,21656000000.0,21656000000.0,0.0,381000000.0,,9.085,1451000000.0,,,1451000000.0,0.0,232000000.0,10199000000.0,0.007,0.068,641000000.0,873000000.0,0.208,873000000.0,641000000.0,641000000.0,0.28,0.28,0.28,4555000000.0,4602500000.0,4555000000.0,-9139970253.0,-14.0,-10.47,789000000.0,0.578,1.0,4204000000.0,1.0,958000000.0,0.0,24772000000.0,23777250000.0,0.0,11565000000.0,,,41380000000.0,,,12558029747.0,-358000000.0,-348000000.0,-109000000.0,-720000000.0,-93000000.0,2769000000.0,-4089000000.0,-3299000000.0,990000000.0,0.0,381000000.0,381000000.0,381000000.0,77000000.0,0.0,0.091,3486000000.0,718000000.0,28301000000.0,0.243,2.757,32.961,32.821,932000000.0,0.0,9.19,2.987,2.982,9484000000.0,3256000000.0,4204000000.0,4204000000.0,0.0,0.008,0.083,0.027,0.152,54000000.0,2924000000.0,1.0,1366488547.0,1364000000,1364000000.0,3.082,44977000000.0,0.0,260000000.0,0.0,32.974,
68,SCHW,MRT,2004-06-30,2004-06-30,2004-06-30,2021-08-07,-30000000.0,47321000000.0,45807750000.0,,,0.092,3.446,-167000000.0,23022000000.0,23022000000.0,0.0,549000000.0,,9.0,1324000000.0,,,1324000000.0,0.0,239000000.0,10045000000.0,0.006,0.062,855000000.0,1094000000.0,0.26,1094000000.0,855000000.0,855000000.0,0.4,0.4,0.4,4732000000.0,4541750000.0,4732000000.0,-8605032423.0,-10.0,-7.866,1495000000.0,1.089,1.0,4201000000.0,1.0,1201000000.0,0.0,24422000000.0,22684000000.0,0.0,11621000000.0,,,42589000000.0,,,13115967577.0,456000000.0,-350000000.0,45000000.0,-781000000.0,-84000000.0,3995000000.0,-5201000000.0,-4343000000.0,1662000000.0,0.0,549000000.0,549000000.0,549000000.0,-13000000.0,0.0,0.131,3359000000.0,842000000.0,29972000000.0,0.155,2.772,23.891,24.025,942000000.0,0.0,9.61,3.122,3.141,9623000000.0,3334000000.0,4201000000.0,4201000000.0,0.0,0.012,0.121,0.038,0.204,52000000.0,2872000000.0,1.0,1364824930.0,1373000000,1373000000.0,3.06,46120000000.0,0.0,306000000.0,0.0,33.591,
69,SCHW,MRT,2004-03-31,2004-03-31,2004-03-31,2021-08-07,6000000.0,46284000000.0,44436500000.0,,,0.094,3.391,-149000000.0,23255000000.0,23255000000.0,0.0,562000000.0,,8.928,1534000000.0,,,1534000000.0,0.0,257000000.0,9271000000.0,0.005,0.053,862000000.0,1119000000.0,0.267,1119000000.0,862000000.0,862000000.0,0.42,0.41,0.42,4662000000.0,4403500000.0,4662000000.0,-6587648853.0,-8.0,-5.887,124000000.0,0.09,1.0,4185000000.0,1.0,1205000000.0,0.0,23358000000.0,21234750000.0,0.0,10280000000.0,,,41622000000.0,,,15819351147.0,99000000.0,-349000000.0,47000000.0,-92000000.0,-72000000.0,3947000000.0,-4121000000.0,-3282000000.0,273000000.0,0.0,562000000.0,562000000.0,562000000.0,-7000000.0,0.0,0.134,3330000000.0,855000000.0,29562000000.0,0.126,3.393,28.148,27.643,943000000.0,0.0,11.61,3.78,3.815,9762000000.0,3254000000.0,4185000000.0,4185000000.0,0.0,0.013,0.128,0.041,0.206,41000000.0,2799000000.0,1.0,1362562545.0,1375000000,1375000000.0,3.044,45079000000.0,0.0,300000000.0,0.0,32.785,
70,SCHW,MRT,2003-12-31,2003-12-31,2003-12-31,2021-08-07,-13000000.0,45866000000.0,42975500000.0,,,0.091,3.271,-147000000.0,24126000000.0,24126000000.0,0.0,472000000.0,,9.282,1768000000.0,,,1768000000.0,0.0,277000000.0,8308000000.0,0.004,0.05,713000000.0,990000000.0,0.254,990000000.0,713000000.0,713000000.0,0.35,0.35,0.35,4461000000.0,4252000000.0,4461000000.0,-6693944350.0,-9.0,-6.762,-58000000.0,-0.043,1.0,3896000000.0,1.0,951000000.0,0.0,22557000000.0,19599750000.0,0.0,9699000000.0,,,41405000000.0,,,16062055650.0,-194000000.0,-304000000.0,2000000.0,388000000.0,-68000000.0,3399000000.0,-3682000000.0,-3231000000.0,89000000.0,0.0,472000000.0,472000000.0,472000000.0,4000000.0,0.0,0.121,3179000000.0,717000000.0,29969000000.0,0.143,3.601,34.03,33.829,943000000.0,0.0,11.84,4.123,4.145,9057000000.0,3125000000.0,3896000000.0,3896000000.0,0.0,0.011,0.111,0.036,0.183,29000000.0,2637000000.0,1.0,1356592538.0,1364000000,1364000000.0,2.856,44915000000.0,0.0,241000000.0,0.0,32.929,
71,SCHW,MRT,2003-09-30,2003-09-30,2003-09-30,2021-08-07,-12000000.0,43760000000.0,41435250000.0,,,0.091,3.157,-137000000.0,24934000000.0,24934000000.0,0.0,245000000.0,,9.148,2178000000.0,,,2178000000.0,0.0,281000000.0,6508000000.0,0.004,0.047,386000000.0,667000000.0,0.178,667000000.0,386000000.0,386000000.0,0.18,0.17,0.18,4312000000.0,4139500000.0,4312000000.0,-6476630926.0,-17.0,-9.71,-198000000.0,-0.145,1.0,3754000000.0,1.0,605000000.0,0.0,20399000000.0,17992250000.0,0.0,8435000000.0,,,39448000000.0,,,16130369074.0,-12000000.0,44000000.0,-66000000.0,546000000.0,-64000000.0,2224000000.0,-2061000000.0,-1968000000.0,-61000000.0,0.0,245000000.0,245000000.0,245000000.0,42000000.0,0.0,0.065,3326000000.0,428000000.0,29444000000.0,0.261,3.741,65.838,66.167,976000000.0,0.0,11.91,4.297,4.334,7972000000.0,3007000000.0,3754000000.0,3754000000.0,0.0,0.006,0.059,0.021,0.103,28000000.0,2624000000.0,1.0,1354355086.0,1366000000,1366000000.0,2.748,43155000000.0,0.0,141000000.0,0.0,31.592,
72,SCHW,MRT,2003-06-30,2003-06-30,2003-06-30,2021-08-07,-9000000.0,41836000000.0,39887250000.0,,,0.095,3.073,-147000000.0,24732000000.0,24732000000.0,0.0,114000000.0,,9.011,2125000000.0,,,2125000000.0,0.0,294000000.0,5229000000.0,0.004,0.044,183000000.0,477000000.0,0.126,477000000.0,183000000.0,183000000.0,0.09,0.08,0.09,4179000000.0,4097250000.0,4179000000.0,-9392340317.0,-51.0,-19.69,-99000000.0,-0.073,1.0,3777000000.0,1.0,604000000.0,0.0,18625000000.0,17051250000.0,0.0,7384000000.0,,,37657000000.0,,,13625659683.0,-498000000.0,43000000.0,-272000000.0,-150000000.0,-60000000.0,390000000.0,-794000000.0,-690000000.0,48000000.0,0.0,114000000.0,114000000.0,114000000.0,48000000.0,0.0,0.03,3546000000.0,231000000.0,29091000000.0,0.489,3.261,119.523,112.111,1011000000.0,0.0,10.09,3.608,3.633,7325000000.0,2905000000.0,3777000000.0,3777000000.0,0.0,0.003,0.028,0.011,0.048,23000000.0,2694000000.0,1.0,1350412258.0,1360000000,1360000000.0,2.777,41232000000.0,0.0,69000000.0,0.0,30.318,
73,SCHW,MRT,2003-03-31,2003-03-31,2003-03-31,2021-08-07,-11000000.0,40440000000.0,38839000000.0,,,0.098,2.989,-154000000.0,24643000000.0,24643000000.0,0.0,86000000.0,,8.97,1625000000.0,,,1625000000.0,0.0,303000000.0,5207000000.0,0.006,0.044,159000000.0,462000000.0,0.122,462000000.0,159000000.0,159000000.0,0.06,0.06,0.06,4056000000.0,4138750000.0,4056000000.0,-13203740237.0,-83.0,-28.58,974000000.0,0.718,1.0,3796000000.0,1.0,604000000.0,0.0,16818000000.0,17127250000.0,0.0,6889000000.0,,,36384000000.0,,,9765259763.0,439000000.0,51000000.0,-305000000.0,-565000000.0,-60000000.0,161000000.0,-709000000.0,-606000000.0,1128000000.0,1000000.0,86000000.0,86000000.0,86000000.0,51000000.0,0.0,0.023,3586000000.0,210000000.0,28298000000.0,0.733,2.408,113.55,120.333,1048000000.0,0.0,7.22,2.573,2.581,6513000000.0,2802000000.0,3796000000.0,3796000000.0,0.0,0.002,0.021,0.009,0.042,28000000.0,2747000000.0,1.0,1352529053.0,1357000000,1357000000.0,2.797,39836000000.0,0.0,73000000.0,0.0,29.356,
74,SCHW,MRT,2002-12-31,2002-12-31,2002-12-31,2021-08-07,-18000000.0,39705000000.0,38434250000.0,,,0.103,2.917,-154000000.0,24119000000.0,24119000000.0,0.0,109000000.0,,8.899,1150000000.0,,,1150000000.0,0.0,309000000.0,5231000000.0,0.004,0.044,209000000.0,518000000.0,0.131,518000000.0,209000000.0,209000000.0,0.08,0.08,0.08,4011000000.0,4191750000.0,4011000000.0,-5727425743.0,-27.0,-11.057,40000000.0,0.029,1.0,3944000000.0,1.0,609000000.0,0.0,16127000000.0,17919000000.0,0.0,6271000000.0,,,35694000000.0,,,14578574257.0,-1392000000.0,26000000.0,-265000000.0,-169000000.0,-60000000.0,-711000000.0,-733000000.0,-605000000.0,194000000.0,0.0,109000000.0,109000000.0,109000000.0,52000000.0,0.0,0.028,3695000000.0,249000000.0,28011000000.0,0.55,3.635,133.748,135.625,868000000.0,0.0,10.85,3.696,3.783,7067000000.0,2769000000.0,3944000000.0,3944000000.0,0.0,0.003,0.026,0.012,0.053,31000000.0,2821000000.0,1.0,1343647397.0,1375000000,1375000000.0,2.868,39096000000.0,0.0,100000000.0,0.0,28.433,
75,SCHW,MRT,2002-09-30,2002-09-30,2002-09-30,2021-08-07,-22000000.0,37568000000.0,38624000000.0,,,0.106,3.051,-149000000.0,21718000000.0,21718000000.0,0.0,175000000.0,,8.068,1412000000.0,,,1412000000.0,0.0,333000000.0,4700000000.0,0.005,0.044,283000000.0,616000000.0,0.15,616000000.0,283000000.0,283000000.0,0.13,0.13,0.13,4143000000.0,4229750000.0,4143000000.0,-6213524756.0,-22.0,-10.087,-359000000.0,-0.264,1.0,4103000000.0,1.0,627000000.0,0.0,16635000000.0,18636250000.0,0.0,6217000000.0,,,33425000000.0,,,11874475244.0,-1259000000.0,47000000.0,-251000000.0,-370000000.0,-60000000.0,-354000000.0,-694000000.0,-592000000.0,-210000000.0,-1000000.0,175000000.0,175000000.0,175000000.0,38000000.0,0.0,0.043,3794000000.0,309000000.0,26095000000.0,0.338,2.866,67.854,66.923,917000000.0,0.0,8.7,2.894,2.88,7248000000.0,2882000000.0,4103000000.0,4103000000.0,0.0,0.005,0.041,0.015,0.069,39000000.0,2938000000.0,1.0,1364882212.0,1358000000,1358000000.0,3.021,36941000000.0,0.0,108000000.0,0.0,27.203,
76,SCHW,MRT,2002-06-30,2002-06-30,2002-06-30,2021-08-07,-26000000.0,37643000000.0,38514500000.0,,,0.107,3.137,-165000000.0,20113000000.0,20113000000.0,0.0,192000000.0,,7.664,2025000000.0,,,2025000000.0,0.0,357000000.0,4357000000.0,0.004,0.044,313000000.0,670000000.0,0.163,670000000.0,313000000.0,313000000.0,0.14,0.14,0.14,4345000000.0,4238500000.0,4345000000.0,-2853219494.0,-9.0,-4.259,66000000.0,0.048,1.0,4106000000.0,1.0,626000000.0,0.0,18929000000.0,19217000000.0,0.0,6440000000.0,,,33298000000.0,,,15358780506.0,-76000000.0,48000000.0,-220000000.0,931000000.0,-61000000.0,869000000.0,-1176000000.0,-1059000000.0,231000000.0,0.0,192000000.0,192000000.0,192000000.0,35000000.0,0.0,0.047,3770000000.0,336000000.0,25746000000.0,0.314,3.535,79.994,80.0,961000000.0,0.0,11.2,3.741,3.778,8650000000.0,2914000000.0,4106000000.0,4106000000.0,0.0,0.005,0.045,0.016,0.076,47000000.0,2956000000.0,1.0,1371319688.0,1385000000,1385000000.0,2.965,37017000000.0,0.0,121000000.0,0.0,26.727,
77,SCHW,MRT,2002-03-31,2002-03-31,2002-03-31,2021-08-07,-38000000.0,38821000000.0,38081000000.0,,,0.109,3.073,-204000000.0,20155000000.0,20155000000.0,0.0,196000000.0,,8.096,1943000000.0,,,1943000000.0,0.0,376000000.0,4117000000.0,0.004,0.046,250000000.0,626000000.0,0.151,626000000.0,250000000.0,250000000.0,0.14,0.14,0.14,4268000000.0,4233000000.0,4268000000.0,-2897466471.0,-12.0,-4.629,-555000000.0,-0.4,1.0,4140000000.0,1.0,624000000.0,0.0,19985000000.0,19618500000.0,0.0,6180000000.0,,,34553000000.0,,,17942533529.0,-854000000.0,302000000.0,-331000000.0,875000000.0,-61000000.0,433000000.0,-935000000.0,-1033000000.0,-351000000.0,-1000000.0,196000000.0,196000000.0,196000000.0,32000000.0,0.0,0.047,3991000000.0,149000000.0,27201000000.0,0.329,4.204,91.544,93.5,1002000000.0,0.0,13.09,4.334,4.392,9991000000.0,2845000000.0,4140000000.0,4140000000.0,0.0,0.005,0.046,0.013,0.06,52000000.0,3010000000.0,1.0,1370705388.0,1389000000,1389000000.0,2.981,38197000000.0,0.0,54000000.0,0.0,27.5,
78,SCHW,MRT,2001-12-31,2001-12-31,2001-12-31,2021-08-07,-37000000.0,40464000000.0,37683000000.0,,,0.114,2.976,-301000000.0,22148000000.0,22148000000.0,0.0,199000000.0,,8.72,1308000000.0,,,1308000000.0,0.0,394000000.0,5448000000.0,0.003,0.046,270000000.0,664000000.0,0.155,664000000.0,270000000.0,270000000.0,0.14,0.14,0.14,4163000000.0,4242250000.0,4163000000.0,3475135353.0,13.0,5.234,-887000000.0,-0.634,1.0,4292000000.0,1.0,628000000.0,0.0,18996000000.0,19717500000.0,0.0,5746000000.0,,,36301000000.0,,,21142135353.0,-469000000.0,270000000.0,-338000000.0,184000000.0,-61000000.0,924000000.0,-807000000.0,-776000000.0,-586000000.0,0.0,199000000.0,199000000.0,199000000.0,28000000.0,0.0,0.046,4115000000.0,177000000.0,28218000000.0,0.329,5.079,106.242,110.5,1058000000.0,0.0,15.47,4.926,5.043,10066000000.0,2794000000.0,4292000000.0,4292000000.0,0.0,0.005,0.047,0.014,0.063,69000000.0,3125000000.0,1.0,1366653869.0,1399000000,1399000000.0,3.068,39836000000.0,0.0,71000000.0,0.0,28.475,
79,SCHW,MRT,2001-09-30,2001-09-30,2001-09-30,2021-08-07,-39000000.0,37130000000.0,37105500000.0,,,0.125,2.995,-504000000.0,19408000000.0,19408000000.0,0.0,351000000.0,,7.887,1741000000.0,,,1741000000.0,0.0,392000000.0,4373000000.0,0.004,0.046,511000000.0,903000000.0,0.195,903000000.0,511000000.0,511000000.0,0.25,0.25,0.25,4178000000.0,4259000000.0,4178000000.0,1027841589.0,2.0,1.138,1841000000.0,1.32,1.0,4629000000.0,1.0,505000000.0,0.0,18958000000.0,21057750000.0,0.0,5518000000.0,,,32952000000.0,,,15886841589.0,1905000000.0,237000000.0,-285000000.0,629000000.0,-61000000.0,766000000.0,-1202000000.0,-935000000.0,2345000000.0,-4000000.0,351000000.0,351000000.0,351000000.0,0.0,0.0,0.076,4239000000.0,390000000.0,25481000000.0,0.184,3.802,45.262,46.0,1124000000.0,0.0,11.5,3.432,3.466,9670000000.0,2849000000.0,4629000000.0,4629000000.0,0.0,0.009,0.082,0.024,0.11,88000000.0,3323000000.0,1.0,1381464486.0,1395000000,1395000000.0,3.318,36625000000.0,0.0,160000000.0,0.0,26.254,
80,SCHW,MRT,2001-06-30,2001-06-30,2001-06-30,2021-08-07,-36000000.0,35909000000.0,36699910250.0,,,0.134,3.077,-639000000.0,15935000000.0,15935000000.0,0.0,480000000.0,,7.307,1076000000.0,,,1076000000.0,0.0,370000000.0,4139000000.0,0.003,0.046,725000000.0,1095000000.0,0.222,1095000000.0,725000000.0,725000000.0,0.34,0.34,0.34,4323000000.0,4225005250.0,4323000000.0,5482654711.0,8.0,5.007,1611000000.0,1.147,1.0,4929000000.0,1.0,515000000.0,0.0,20535000000.0,23478869250.0,0.0,5347000000.0,,,31586000000.0,,,21830654711.0,1046000000.0,232000000.0,-107000000.0,-22000000.0,-60000000.0,-113000000.0,-1095000000.0,-688000000.0,2250000000.0,4000000.0,480000000.0,480000000.0,480000000.0,0.0,0.0,0.097,4325000000.0,604000000.0,25058000000.0,0.135,5.05,45.481,46.324,1152000000.0,0.0,15.75,4.429,4.49,12108000000.0,2867000000.0,4929000000.0,4929000000.0,0.0,0.013,0.114,0.031,0.147,175000000.0,3484000000.0,1.0,1386073315.0,1405000000,1405000000.0,3.508,35394000000.0,0.0,245000000.0,0.0,25.191,
81,SCHW,MRT,2001-03-31,2001-03-31,2001-03-31,2021-08-07,-40000000.0,37229000000.0,36454254750.0,,,0.144,3.053,-710000000.0,17401000000.0,17401000000.0,0.0,515000000.0,,7.648,1053000000.0,,,1053000000.0,0.0,348000000.0,4066000000.0,0.003,0.042,883000000.0,1231000000.0,0.234,1231000000.0,883000000.0,883000000.0,0.37,0.36,0.37,4305000000.0,4093932250.0,4305000000.0,8195643298.0,9.0,6.658,134000000.0,0.095,1.0,5262000000.0,1.0,500000000.0,0.0,20381000000.0,25366235750.0,0.0,4887000000.0,,,32924000000.0,,,21387006298.0,-287000000.0,-57000000.0,64000000.0,185000000.0,-61000000.0,259000000.0,-1387000000.0,-620000000.0,844000000.0,-3000000.0,515000000.0,515000000.0,515000000.0,0.0,0.0,0.098,4379000000.0,883000000.0,26748000000.0,0.114,4.968,41.528,41.676,1176000000.0,0.0,15.42,4.064,4.132,12394000000.0,2795000000.0,5262000000.0,5262000000.0,0.0,0.014,0.126,0.035,0.168,379000000.0,3622000000.0,1.0,1386965389.0,1410000000,1410000000.0,3.732,36729000000.0,0.0,368000000.0,0.0,26.049,
82,SCHW,MRT,2000-12-31,2000-12-31,2000-12-31,2021-08-07,-14000000.0,38154000000.0,35582118250.0,,,0.163,3.013,-705000000.0,14301000000.0,14301000000.0,0.0,718000000.0,,8.02,1109000000.0,,,1109000000.0,0.0,308000000.0,4209000000.0,0.001,0.041,1231000000.0,1539000000.0,0.266,1539000000.0,1231000000.0,1231000000.0,0.53,0.51,0.53,4230000000.0,3803344500.0,4230000000.0,32904974686.0,27.0,21.381,2211000000.0,1.575,1.0,5788000000.0,1.0,605000000.0,0.0,24357000000.0,26453540500.0,0.0,4765000000.0,,,33924000000.0,,,39268198686.0,1966000000.0,-35000000.0,85000000.0,450000000.0,-62000000.0,477000000.0,-1423000000.0,-683000000.0,2916000000.0,-4000000.0,718000000.0,718000000.0,718000000.0,0.0,0.0,0.124,4557000000.0,1231000000.0,27329000000.0,0.077,9.283,54.691,53.547,1133000000.0,0.0,28.38,6.784,6.884,16680000000.0,2713000000.0,5788000000.0,5788000000.0,0.0,0.02,0.189,0.047,0.213,412000000.0,3769000000.0,1.0,1383657459.0,1404000000,1404000000.0,4.123,37549000000.0,0.0,513000000.0,0.0,26.744,
83,SCHW,MRT,2000-09-30,2000-09-30,2000-09-30,2021-08-07,-15549000.0,35507641000.0,34624146250.0,,,0.165,2.857,-584246000.0,7476923000.0,7476923000.0,0.0,769147000.0,,7.785,1113699000.0,,,1113699000.0,0.0,268918000.0,3790141000.0,0.001,0.039,1319843000.0,1588761000.0,0.277,1588761000.0,1319843000.0,1319843000.0,0.58,0.55,0.58,4042021000.0,3389788500.0,4042021000.0,42644681992.0,32.0,26.841,-242174000.0,-0.171,1.0,5726597000.0,1.0,501940000.0,0.0,28642477000.0,26236534000.0,0.0,4500891000.0,,,31465620000.0,,,48970660992.0,-235157000.0,-41137000.0,72012000.0,503297000.0,-62464000.0,656531000.0,-1237670000.0,-612287000.0,342072000.0,3910000.0,769147000.0,769147000.0,769147000.0,0.0,0.0,0.134,4406754000.0,1319843000.0,25282011000.0,0.067,12.115,63.669,61.155,962372000.0,0.0,35.47,8.551,8.764,21197878000.0,2589562000.0,5726597000.0,5726597000.0,0.0,0.022,0.227,0.05,0.23,601369000.0,3667902000.0,1.0,1380621962.0,1415000000,1415000000.0,4.047,35005701000.0,0.0,550696000.0,0.0,24.739,
84,SCHW,MRT,2000-06-30,2000-06-30,2000-06-30,2021-08-07,-17883000.0,34926378000.0,32019241500.0,,,0.169,2.7,-510524000.0,7424187000.0,7424187000.0,0.0,771254000.0,,8.194,1098208000.0,,,1098208000.0,0.0,234815000.0,3962319000.0,0.001,0.037,1315706000.0,1550521000.0,0.286,1550521000.0,1315706000.0,1315706000.0,0.59,0.56,0.59,3798708000.0,2893231750.0,3798708000.0,33969769871.0,26.0,21.909,-534966000.0,-0.38,1.0,5419319000.0,1.0,515933000.0,0.0,28084466000.0,22942781500.0,0.0,4504683000.0,,,31127670000.0,,,42459439871.0,-356337000.0,-37253000.0,57634000.0,471329000.0,-62917000.0,915811000.0,-1242344000.0,-694567000.0,-24442000.0,-5362000.0,771254000.0,771254000.0,771254000.0,0.0,0.0,0.142,4103613000.0,1315706000.0,24712284000.0,0.063,11.177,55.052,57.0,839150000.0,0.0,33.63,7.835,8.731,20738957000.0,2462360000.0,5419319000.0,5419319000.0,0.0,0.024,0.267,0.057,0.243,488336000.0,3444261000.0,1.0,1262546532.0,1407000000,1407000000.0,3.852,34410445000.0,0.0,544452000.0,0.0,24.457,
85,SCHW,MRT,2000-03-31,2000-03-31,2000-03-31,2021-08-07,59000.0,33740454000.0,29175662250.0,,,0.176,2.261,-438038000.0,9144799000.0,9144799000.0,0.0,804787000.0,,9.736,655129000.0,,,655129000.0,0.0,206131000.0,0.0,0.001,0.037,1344585000.0,1550716000.0,0.302,1550716000.0,1344585000.0,1344585000.0,0.62,0.59,0.62,3142649000.0,2422240250.0,3142649000.0,37630837708.0,28.0,24.267,1124044000.0,0.809,1.0,5131525000.0,1.0,520565000.0,0.0,24730219000.0,19682517750.0,0.0,413070000.0,,,30597805000.0,,,47720493708.0,1176965000.0,-10343000.0,12028000.0,308000000.0,-65713000.0,834315000.0,-1221381000.0,-773000000.0,1562082000.0,1949000.0,804787000.0,804787000.0,804787000.0,0.0,0.0,0.157,3786940000.0,1344585000.0,28828151000.0,0.06,15.185,59.296,61.29,667431000.0,0.0,38.0,9.299,10.293,22695441000.0,2067070000.0,5131525000.0,5131525000.0,0.0,0.028,0.332,0.068,0.262,293241000.0,3228277000.0,1.0,1255802466.0,1390000000,1390000000.0,3.692,33219889000.0,0.0,539798000.0,0.0,23.899,
86,SCHW,MRT,1999-12-31,1999-12-31,1999-12-31,2021-08-07,-8920000.0,34322112000.0,26600368500.0,,,0.169,1.876,-370000000.0,11438572000.0,11438572000.0,0.0,666000000.0,,12.325,659157000.0,,,659157000.0,0.0,181000000.0,4204943000.0,0.001,0.037,1099000000.0,1280000000.0,0.285,1280000000.0,1099000000.0,1099000000.0,0.51,0.49,0.51,2575776000.0,2066311000.0,2575776000.0,21789348103.0,20.0,17.023,724000000.0,0.527,1.0,4486000000.0,1.0,53723000.0,0.0,23488974000.0,16906909000.0,0.0,4022425000.0,,,31746336000.0,,,31363806103.0,980000000.0,-26000000.0,12000000.0,99000000.0,-61000000.0,840000000.0,-956000000.0,-560000000.0,1094000000.0,2000000.0,666000000.0,666000000.0,666000000.0,0.0,0.0,0.148,3387000000.0,1099000000.0,25639115000.0,0.073,12.176,47.093,50.0,678208000.0,0.0,25.5,6.991,7.805,17544469000.0,2144683000.0,4486000000.0,4486000000.0,0.0,0.025,0.322,0.065,0.245,250000000.0,2906000000.0,1.0,1229953180.0,1373000000,1373000000.0,3.267,34268389000.0,0.0,433000000.0,0.0,24.959,
87,SCHW,MRT,1999-09-30,1999-09-30,1999-09-30,2021-08-07,1075000.0,25088022000.0,23585938000.0,,,0.183,1.494,-307080000.0,10039470000.0,10039470000.0,0.0,625544000.0,,11.204,465012000.0,,,465012000.0,0.0,183007000.0,0.0,0.002,0.037,1030758000.0,1213765000.0,0.281,1213765000.0,1030758000.0,1030758000.0,0.473,0.453,0.473,2055794000.0,1779522500.0,2055794000.0,18884940618.0,18.0,15.559,502113000.0,0.365,1.0,4313746000.0,1.0,46097000.0,0.0,15467467000.0,13827226750.0,0.0,303980000.0,,,23032228000.0,,,27347258618.0,359299000.0,-31447000.0,-30734000.0,6557000.0,-69652000.0,478374000.0,-926536000.0,-588009000.0,809193000.0,-1732000.0,625544000.0,625544000.0,625544000.0,0.0,0.0,0.145,3282988000.0,1030758000.0,21841368000.0,0.078,13.303,43.718,47.132,532145000.0,0.0,22.293,6.34,7.11,13980765000.0,1635272000.0,4313746000.0,4313746000.0,0.0,0.027,0.352,0.075,0.239,98314000.0,2796296000.0,1.0,1226701194.0,1375736000,1375736000.0,3.136,25041925000.0,0.0,405214000.0,0.0,18.203,
88,SCHW,MRT,1999-06-30,1999-06-30,1999-06-30,2021-08-07,-1044000.0,23552061000.0,22025435750.0,,,0.182,1.391,-247243000.0,8873365000.0,8873365000.0,0.0,579209000.0,,11.3,411047000.0,,,411047000.0,0.0,172285000.0,0.0,0.001,0.037,957394000.0,1129679000.0,0.282,1129679000.0,957394000.0,957394000.0,0.45,0.423,0.45,1914742000.0,1592051000.0,1914742000.0,34732315561.0,36.0,30.745,476585000.0,0.346,1.0,4003295000.0,1.0,46332000.0,0.0,15043411000.0,12550573250.0,0.0,320273000.0,,,21637319000.0,,,44494958561.0,257923000.0,-29331000.0,-49421000.0,-16522000.0,-64839000.0,307342000.0,-772303000.0,-495729000.0,723828000.0,-944000.0,579209000.0,579209000.0,579209000.0,0.0,0.0,0.145,3045901000.0,957394000.0,20513988000.0,0.082,23.238,76.82,80.741,454912000.0,0.0,36.333,11.115,12.497,13659935000.0,1522081000.0,4003295000.0,4003295000.0,0.0,0.026,0.364,0.076,0.239,124108000.0,2564115000.0,1.0,1224631887.0,1376992000,1376992000.0,2.907,23505729000.0,0.0,378185000.0,0.0,17.07,
89,SCHW,MRT,1999-03-31,1999-03-31,1999-03-31,2021-08-07,61000.0,23439279000.0,20703706000.0,,,0.17,1.367,-217354000.0,10113723000.0,10113723000.0,0.0,485032000.0,,12.636,351080000.0,,,351080000.0,0.0,159224000.0,0.0,0.001,0.036,801396000.0,960620000.0,0.273,960620000.0,801396000.0,801396000.0,0.38,0.363,0.38,1718932000.0,1417036000.0,1718932000.0,28014867115.0,35.0,29.163,283822000.0,0.226,1.0,3525049000.0,1.0,48852000.0,0.0,13627784000.0,11434854750.0,0.0,316656000.0,,,21720347000.0,,,39062738115.0,197947000.0,-29241000.0,-96936000.0,-53193000.0,-56724000.0,134036000.0,-435891000.0,-189296000.0,501176000.0,-1374000.0,485032000.0,485032000.0,485032000.0,0.0,0.0,0.138,2723653000.0,801396000.0,20763258000.0,0.095,22.725,80.536,84.325,418890000.0,0.0,32.043,11.081,11.433,12311085000.0,1386533000.0,3525049000.0,3525049000.0,0.0,0.023,0.342,0.07,0.227,111465000.0,2285474000.0,1.0,1219059756.0,1257753000,1257753000.0,2.803,23390427000.0,0.0,316364000.0,0.0,18.597,
90,SCHW,MRT,1998-12-31,1998-12-31,1998-12-31,2021-08-07,1308000.0,22264390000.0,19392270500.0,,,0.164,1.064,-199168000.0,11398871000.0,11398871000.0,0.0,410129000.0,,14.585,351000000.0,,,351000000.0,0.0,158550000.0,0.0,0.002,0.036,677638000.0,836188000.0,0.263,836188000.0,677638000.0,677638000.0,0.32,0.31,0.32,1428622000.0,1281628000.0,1428622000.0,14092166298.0,21.0,16.853,575390000.0,0.428,1.0,3177870000.0,1.0,46274000.0,0.0,11170245000.0,10390373750.0,0.0,242115000.0,,,20835768000.0,,,22528056298.0,421667000.0,-23584000.0,-172338000.0,-53193000.0,-56041000.0,59317000.0,-412048000.0,-189296000.0,774558000.0,-160000.0,410129000.0,410129000.0,410129000.0,0.0,0.0,0.129,2500232000.0,677638000.0,19866519000.0,0.113,15.769,54.929,58.531,396163000.0,0.0,18.73,7.089,7.915,9980474000.0,1254953000.0,3177870000.0,3177870000.0,0.0,0.021,0.32,0.065,0.213,101480000.0,2100938000.0,1.0,1202779300.0,1342895000,1342895000.0,2.366,22218116000.0,0.0,267509000.0,0.0,16.545,
91,SCHW,MRT,1998-09-30,1998-09-30,1998-09-30,2021-08-07,2416000.0,18846013000.0,17946599750.0,,,0.143,1.061,-181043000.0,8786892000.0,8786892000.0,0.0,305147000.0,,13.431,351002000.0,,,351002000.0,0.0,136900000.0,0.0,0.004,0.036,504958000.0,641858000.0,0.25,641858000.0,504958000.0,504958000.0,0.254,0.244,0.254,1305908000.0,1210751750.0,1305908000.0,2877925748.0,6.0,4.484,299115000.0,0.243,1.0,2568110000.0,1.0,49270000.0,0.0,10360853000.0,9901670250.0,0.0,212538000.0,,,17540105000.0,,,10511739748.0,163421000.0,-1200000.0,-124410000.0,30989000.0,-42634000.0,-136055000.0,-182243000.0,0.0,480158000.0,1561000.0,305147000.0,305147000.0,305147000.0,0.0,0.0,0.119,2063152000.0,504958000.0,16697514000.0,0.142,8.049,34.448,34.453,389784000.0,0.0,8.751,4.093,4.193,9271639000.0,1165827000.0,2568110000.0,2568110000.0,0.0,0.017,0.252,0.051,0.197,30339000.0,1708057000.0,1.0,1201189154.0,1230568500,1230568500.0,2.087,18796743000.0,0.0,199811000.0,0.0,15.275,
92,SCHW,MRT,1998-06-30,1998-06-30,1998-06-30,2021-08-07,1518000.0,18265142000.0,,,,,0.988,-155196000.0,8024818000.0,8024818000.0,0.0,283900000.0,,14.037,391004000.0,,,391004000.0,0.0,136673000.0,0.0,0.005,0.034,469399000.0,606072000.0,0.245,606072000.0,469399000.0,469399000.0,0.232,0.227,0.232,1214682000.0,,1214682000.0,19916596.0,0.0,0.033,225162000.0,0.183,1.0,2474678000.0,1.0,50791000.0,0.0,10580537000.0,,0.0,232389000.0,,,17050460000.0,,,8709876596.0,182074000.0,-1200000.0,-98143000.0,97351000.0,-40805000.0,-41597000.0,-156396000.0,0.0,380358000.0,-291000.0,283900000.0,283900000.0,283900000.0,0.0,0.0,0.115,2005279000.0,469399000.0,16188014000.0,0.147,7.17,30.679,31.255,364518000.0,0.0,7.251,3.52,3.601,9427090000.0,1078659000.0,2474678000.0,2474678000.0,0.0,,,,0.19,26121000.0,1646220000.0,1.0,1201178200.0,1229077500,1229077500.0,2.013,18214351000.0,0.0,185499000.0,0.0,14.82,
93,SCHW,MRT,1998-03-31,1998-03-31,1998-03-31,2021-08-07,1654000.0,18193537000.0,,,,,0.952,-144465000.0,9050997000.0,9050997000.0,0.0,271506000.0,,14.454,361037000.0,,,361037000.0,0.0,131104000.0,0.0,0.004,0.033,449261000.0,580365000.0,0.245,580365000.0,449261000.0,449261000.0,0.226,0.218,0.226,1177300000.0,,1177300000.0,2963789998.0,7.0,5.107,209506000.0,0.169,1.0,2367502000.0,1.0,53717000.0,0.0,9449860000.0,,0.0,234083000.0,,,17016237000.0,,,10174211998.0,191806000.0,-1200000.0,-55655000.0,77351000.0,-38933000.0,-17237000.0,-145665000.0,0.0,353971000.0,737000.0,271506000.0,271506000.0,271506000.0,0.0,0.0,0.115,1918241000.0,449261000.0,16184002000.0,0.146,8.642,37.473,37.365,348671000.0,0.0,8.444,4.297,4.411,8340655000.0,1012856000.0,2367502000.0,2367502000.0,0.0,,,,0.19,26190000.0,1563492000.0,1.0,1204840894.0,1236720000,1236720000.0,1.914,18139820000.0,0.0,177755000.0,0.0,14.668,
94,SCHW,MRT,1997-12-31,1997-12-31,1997-12-31,2021-08-07,920000.0,16481707000.0,15130237500.0,,,0.152,0.934,-139416000.0,7571471000.0,7571471000.0,0.0,270277000.0,,13.393,361049000.0,,,361049000.0,0.0,124682000.0,0.0,0.003,0.031,447247000.0,571929000.0,0.249,571929000.0,447247000.0,447247000.0,0.227,0.22,0.227,1145117000.0,999836000.0,1145117000.0,,,,128661000.0,0.105,1.0,2298750000.0,1.0,55854000.0,0.0,9215431000.0,7669902500.0,0.0,282569000.0,,,15336590000.0,,,11229117137.0,164130000.0,-1200000.0,-3704000.0,77351000.0,-37091000.0,36556000.0,-140616000.0,0.0,268077000.0,113000.0,270277000.0,270277000.0,270277000.0,0.0,0.0,0.118,1851503000.0,447247000.0,14497509000.0,0.137,9.806,41.547,41.057,342273000.0,0.0,9.32,4.885,4.973,8018583000.0,955496000.0,2298750000.0,2298750000.0,0.0,0.018,0.27,0.058,0.195,24385000.0,1497877000.0,1.0,1204840894.0,1226589000,1226589000.0,1.874,16425853000.0,0.0,176970000.0,0.0,13.391,
95,SCHW,MRT,1997-09-30,1997-09-30,1997-09-30,2021-08-07,,,,,,,,,,,,,,,,,,,,,,0.004,0.03,,,,,,,,,,,,,,,,,,1.0,,,,,,,,,,,,,,,,,,,,,,,,,,,,,,,,,,,,,,,,7.944,,,,,,,,,,,,,,1.0,,1228504500,,,,,,,,
96,SCHW,MRT,1997-06-30,1997-06-30,1997-06-30,2021-08-07,,,,,,,,,,,,,,,,,,,,,,0.005,0.03,,,,,,,,,,,,,,,,,,1.0,,,,,,,,,,,,,,,,,,,,,,,,,,,,,,,,,,,,,,,,6.0,,,,,,,,,,,,,,1.0,,1222366500,,,,,,,,
97,SCHW,MRT,1997-03-31,1997-03-31,1997-03-31,2021-08-07,,,,,,,,,,,,,,,,,,,,,,0.006,0.028,,,,,,,,,,,,,,,,,,1.0,,,,,,,,,,,,,,,,,,,,,,,,,,,,,,,,,,,,,,,,4.741,,,,,,,,,,,,,,1.0,,1220566500,,,,,,,,
98,SCHW,MRT,1996-12-31,1996-12-31,1996-12-31,2021-08-07,3280000.0,13778768000.0,,,,,0.706,-159812000.0,7869288000.0,7869288000.0,0.0,233803000.0,,15.124,283816000.0,,,283816000.0,0.0,98342000.0,0.0,0.006,0.027,394063000.0,492405000.0,0.266,492405000.0,394063000.0,394063000.0,0.2,0.193,0.2,854555000.0,,854555000.0,,,,197866000.0,0.163,1.0,1850922000.0,1.0,68922000.0,0.0,6124374000.0,,0.0,127866000.0,,,12924213000.0,,,,178321000.0,-4709000.0,-20332000.0,36541000.0,-31495000.0,-15286000.0,-164521000.0,0.0,357678000.0,450000.0,233803000.0,233803000.0,233803000.0,0.0,0.0,0.126,1456859000.0,394063000.0,12279714000.0,0.135,,,23.704,315376000.0,0.0,4.741,,3.102,5243758000.0,723085000.0,1850922000.0,1850922000.0,0.0,,,,0.213,26693000.0,1197669000.0,1.0,,1210956000,1210956000.0,1.528,13709846000.0,0.0,160260000.0,0.0,11.322,
99,SCHW,MRT,1995-12-31,1995-12-31,1995-12-31,2021-08-07,,,,,,,,-165630000.0,,,0.0,172604000.0,,,,,,,,68793000.0,,0.007,0.021,277104000.0,345897000.0,0.244,345897000.0,277104000.0,277104000.0,0.149,0.142,0.149,,,,,,,86998000.0,0.072,1.0,1419903000.0,1.0,,0.0,,,,,,,,,,,53965000.0,-68244000.0,-5722000.0,67219000.0,-24249000.0,75545000.0,-273502000.0,0.0,252628000.0,-706000.0,172604000.0,172604000.0,172604000.0,0.0,0.0,0.122,1142799000.0,277104000.0,,0.141,,,20.015,,0.0,2.982,,2.53,,,1419903000.0,1419903000.0,0.0,,,,0.195,3307000.0,927712000.0,1.0,,1204713000,1204713000.0,1.179,,,104500000.0,,,
