None,ticker,dimension,calendardate,datekey,reportperiod,lastupdated,accoci,assets,assetsavg,assetsc,assetsnc,assetturnover,bvps,capex,cashneq,cashnequsd,cor,consolinc,currentratio,de,debt,debtc,debtnc,debtusd,deferredrev,depamor,deposits,divyield,dps,ebit,ebitda,ebitdamargin,ebitdausd,ebitusd,ebt,eps,epsdil,epsusd,equity,equityavg,equityusd,ev,evebit,evebitda,fcf,fcfps,fxusd,gp,grossmargin,intangibles,intexp,invcap,invcapavg,inventory,investments,investmentsc,investmentsnc,liabilities,liabilitiesc,liabilitiesnc,marketcap,ncf,ncfbus,ncfcommon,ncfdebt,ncfdiv,ncff,ncfi,ncfinv,ncfo,ncfx,netinc,netinccmn,netinccmnusd,netincdis,netincnci,netmargin,opex,opinc,payables,payoutratio,pb,pe,pe1,ppnenet,prefdivis,price,ps,ps1,receivables,retearn,revenue,revenueusd,rnd,roa,roe,roic,ros,sbcomp,sgna,sharefactor,sharesbas,shareswa,shareswadil,sps,tangibles,taxassets,taxexp,taxliabilities,tbvps,workingcapital
0,COTY,MRY,2021-12-31,2021-06-30,2021-06-30,2021-09-24,-321900000.0,13691400000.0,14813400000.0,1783100000.0,11908300000.0,0.313,3.74,-173900000.0,310400000.0,310400000.0,1861700000.0,-205100000.0,0.738,3.324,5770200000.0,99900000.0,5670300000.0,5770200000.0,0.0,666500000.0,0.0,0.0,0.0,-138200000.0,528300000.0,0.114,528300000.0,-138200000.0,-373300000.0,-0.4,-0.4,-0.4,2860700000.0,3025350000.0,2860700000.0,12533240165.0,-91.0,23.724,144800000.0,0.189,1.0,2768200000.0,0.598,8581100000.0,235100000.0,8154700000.0,9381825000.0,650800000.0,1276200000.0,0.0,1276200000.0,9508800000.0,2415400000.0,7093400000.0,7155440165.0,-41600000.0,2205400000.0,0.0,-3001100000.0,0.0,-2795100000.0,2441900000.0,410400000.0,318700000.0,-7100000.0,-201300000.0,-303600000.0,-303600000.0,137300000.0,-3800000.0,-0.066,2816800000.0,-48600000.0,1166100000.0,0.0,2.501,-23.569,-23.35,1236600000.0,102300000.0,9.34,1.545,1.543,348000000.0,-5755600000.0,4629900000.0,4629900000.0,0.0,-0.02,-0.1,-0.015,-0.03,29900000.0,2363200000.0,1.0,766107084.0,764800000,764800000.0,6.054,5110300000.0,758500000.0,-172000000.0,728300000.0,6.682,-632300000.0
1,COTY,MRY,2020-12-31,2020-06-30,2020-06-30,2021-09-24,-456200000.0,16728800000.0,17420800000.0,6495000000.0,10233800000.0,0.271,3.958,-267400000.0,352000000.0,352000000.0,1991200000.0,-1002700000.0,1.811,4.229,8502800000.0,293300000.0,8209500000.0,8502800000.0,0.0,821000000.0,0.0,0.084,0.375,-1141700000.0,-320700000.0,-0.068,-320700000.0,-1141700000.0,-1384400000.0,-1.33,-1.33,-1.33,3004600000.0,3915875000.0,3004600000.0,11991223873.0,-11.0,-37.391,-318300000.0,-0.419,1.0,2726600000.0,0.578,8346000000.0,242700000.0,12947900000.0,10962375000.0,678200000.0,0.0,0.0,0.0,12705100000.0,3585700000.0,9119400000.0,3411023873.0,-28400000.0,-566000000.0,-1800000.0,432000000.0,0.0,877300000.0,-833400000.0,0.0,-50900000.0,-21400000.0,-1006700000.0,-1013200000.0,-1013200000.0,-87200000.0,4000000.0,-0.215,4074600000.0,-1348000000.0,1190300000.0,-0.282,1.135,-3.367,-3.361,1453000000.0,6500000.0,4.47,0.723,0.719,440100000.0,-5548600000.0,4717800000.0,4717800000.0,0.0,-0.058,-0.259,-0.104,-0.242,29800000.0,3120000000.0,1.0,763092589.0,759100000,759100000.0,6.215,8382800000.0,362400000.0,-377700000.0,208900000.0,11.043,2909300000.0
2,COTY,MRY,2019-12-31,2019-06-30,2019-06-30,2021-09-24,-58800000.0,17710000000.0,20582500000.0,3270800000.0,14439200000.0,0.305,6.106,-426600000.0,380400000.0,380400000.0,2498500000.0,-3769600000.0,0.941,2.761,7663700000.0,193800000.0,7469900000.0,7663700000.0,0.0,736000000.0,0.0,0.037,0.5,-3613800000.0,-2877800000.0,-0.458,-2877800000.0,-3613800000.0,-3839000000.0,-5.04,-5.04,-5.04,4586900000.0,7074300000.0,4586900000.0,17336134339.0,-5.0,-6.024,213000000.0,0.284,1.0,3789400000.0,0.603,8698100000.0,225200000.0,12820000000.0,10146950000.0,860100000.0,0.0,0.0,0.0,12664800000.0,3475200000.0,9189600000.0,10068734339.0,18200000.0,-27400000.0,5900000.0,225700000.0,0.0,-160300000.0,-454000000.0,0.0,639600000.0,-7100000.0,-3784200000.0,-3784200000.0,-3784200000.0,-121000000.0,14600000.0,-0.602,7477800000.0,-3688400000.0,1583500000.0,-0.099,2.195,-2.661,-2.659,1332700000.0,0.0,13.4,1.601,1.601,858900000.0,-4541200000.0,6287900000.0,6287900000.0,0.0,-0.184,-0.535,-0.356,-0.575,14800000.0,3467900000.0,1.0,751398085.0,751200000,751200000.0,8.37,9011900000.0,110400000.0,-54800000.0,404200000.0,11.997,-204400000.0
3,COTY,MRY,2018-12-31,2018-06-30,2018-06-30,2021-09-24,158800000.0,22630200000.0,23353475000.0,3651000000.0,18979200000.0,0.293,11.804,-446400000.0,362200000.0,362200000.0,2718200000.0,-127800000.0,0.903,1.482,7524300000.0,218900000.0,7305400000.0,7524300000.0,0.0,737000000.0,0.0,0.035,0.5,-400000.0,736600000.0,0.108,736600000.0,-400000.0,-201000000.0,-0.23,-0.23,-0.23,8849700000.0,9307600000.0,8849700000.0,17956276029.0,-44891.0,24.377,-32700000.0,-0.044,1.0,4123600000.0,0.603,16891500000.0,200600000.0,8856800000.0,9130575000.0,1148900000.0,0.0,0.0,0.0,13113700000.0,4044000000.0,9069700000.0,10582576029.0,-208500000.0,-241200000.0,22600000.0,482800000.0,-375800000.0,69300000.0,-687600000.0,0.0,413700000.0,-3900000.0,-168800000.0,-168800000.0,-168800000.0,-234500000.0,41000000.0,-0.025,4279100000.0,-155500000.0,1928600000.0,-2.174,1.196,-62.693,-61.304,1680800000.0,0.0,14.1,1.547,1.545,1536000000.0,-626200000.0,6841800000.0,6841800000.0,0.0,-0.007,-0.018,0.0,0.0,30600000.0,3807100000.0,1.0,750537307.0,749700000,749700000.0,9.126,5738700000.0,107400000.0,-32200000.0,894600000.0,7.655,-393000000.0
4,COTY,MRY,2017-12-31,2017-06-30,2017-06-30,2021-09-24,4400000.0,22548200000.0,18601475000.0,3581500000.0,18966700000.0,0.411,14.491,-432300000.0,570700000.0,570700000.0,3028300000.0,-398500000.0,0.942,1.361,7137400000.0,209100000.0,6928300000.0,7137400000.0,0.0,555100000.0,0.0,0.035,0.65,-463100000.0,92000000.0,0.012,92000000.0,-463100000.0,-681700000.0,-0.66,-0.66,-0.66,9314700000.0,7242125000.0,9314700000.0,20335995108.0,-44.0,221.043,325200000.0,0.506,1.0,4622000000.0,0.604,16980700000.0,218600000.0,8330600000.0,7561875000.0,1052600000.0,0.0,0.0,0.0,12679400000.0,3803600000.0,8875800000.0,14025695108.0,198300000.0,-731300000.0,-13500000.0,1034600000.0,-372600000.0,595200000.0,-1163600000.0,0.0,757500000.0,9200000.0,-422200000.0,-422200000.0,-422200000.0,0.0,23700000.0,-0.055,5042900000.0,-420900000.0,1732100000.0,-0.985,1.506,-33.221,-28.424,1632100000.0,0.0,18.76,1.833,1.576,1470300000.0,-459200000.0,7650300000.0,7650300000.0,0.0,-0.023,-0.058,-0.061,-0.061,24600000.0,4040700000.0,1.0,747638332.0,642800000,642800000.0,11.902,5567500000.0,72600000.0,-259500000.0,990900000.0,8.661,-222100000.0
5,COTY,MRY,2016-12-31,2016-06-30,2016-06-30,2021-09-24,-239700000.0,7035600000.0,6682300000.0,1938400000.0,5097200000.0,0.651,1.043,-120900000.0,372400000.0,372400000.0,1746000000.0,179200000.0,1.045,18.31,4098200000.0,161800000.0,3936400000.0,4098200000.0,0.0,232000000.0,0.0,0.01,0.25,198400000.0,430400000.0,0.099,430400000.0,198400000.0,116500000.0,0.45,0.44,0.45,360200000.0,520975000.0,360200000.0,12576773755.0,63.0,29.221,380500000.0,1.101,1.0,2603100000.0,0.599,4262800000.0,81900000.0,4643400000.0,4365600000.0,565800000.0,0.0,0.0,0.0,6595200000.0,1855200000.0,4740000000.0,8812873755.0,31100000.0,-908700000.0,-750200000.0,1475400000.0,-89000000.0,592600000.0,-1059200000.0,-29600000.0,501400000.0,-3700000.0,156900000.0,156900000.0,156900000.0,0.0,22300000.0,0.036,2348900000.0,254200000.0,921400000.0,0.556,24.467,56.169,57.756,638600000.0,0.0,25.99,2.026,2.065,682900000.0,-37000000.0,4349100000.0,4349100000.0,0.0,0.023,0.301,0.045,0.046,22200000.0,2027800000.0,1.0,339087101.0,345500000,354200000.0,12.588,2772800000.0,126200000.0,-40400000.0,362800000.0,8.025,83200000.0
6,COTY,MRY,2015-12-31,2015-06-30,2015-06-30,2021-09-24,-274000000.0,6018900000.0,6235750000.0,1856400000.0,4162500000.0,0.705,2.745,-156100000.0,341300000.0,341300000.0,1757000000.0,259400000.0,1.216,5.102,2634700000.0,28800000.0,2605900000.0,2634700000.0,0.0,230900000.0,0.0,0.006,0.2,279400000.0,510300000.0,0.116,510300000.0,279400000.0,206400000.0,0.66,0.64,0.66,969800000.0,699675000.0,969800000.0,13960681400.0,50.0,27.358,370200000.0,1.048,1.0,2638200000.0,0.6,3444300000.0,73000000.0,3341800000.0,3504500000.0,557800000.0,0.0,0.0,0.0,4947900000.0,1526200000.0,3421700000.0,11518381400.0,-896700000.0,-19100000.0,-244100000.0,-737900000.0,-71000000.0,-1138200000.0,-171200000.0,0.0,526300000.0,-113600000.0,232500000.0,232500000.0,232500000.0,0.0,26900000.0,0.053,2243100000.0,395100000.0,748400000.0,0.303,11.877,49.541,48.439,500200000.0,0.0,31.97,2.621,2.57,679600000.0,-193900000.0,4395200000.0,4395200000.0,0.0,0.037,0.332,0.08,0.064,30600000.0,2066100000.0,1.0,360287188.0,353300000,362900000.0,12.44,2574600000.0,97100000.0,-26100000.0,382400000.0,7.287,330200000.0
7,COTY,MRY,2014-12-31,2014-06-30,2014-06-30,2021-09-24,-85100000.0,6592500000.0,6674675000.0,2784800000.0,3807700000.0,0.682,2.211,-198100000.0,1238000000.0,1238000000.0,1865700000.0,-64200000.0,1.743,6.674,3293500000.0,33400000.0,3260100000.0,3293500000.0,0.0,250700000.0,0.0,0.012,0.2,-8800000.0,241900000.0,0.053,241900000.0,-8800000.0,-77300000.0,-0.26,-0.26,-0.26,843800000.0,1368225000.0,843800000.0,8097484973.0,-920.0,33.475,338400000.0,0.887,1.0,2685900000.0,0.59,3179900000.0,68500000.0,3870800000.0,3432700000.0,617400000.0,0.0,0.0,0.0,5631900000.0,1597300000.0,4034600000.0,6499584973.0,317600000.0,-59500000.0,-78400000.0,193400000.0,-76900000.0,-5700000.0,-257600000.0,0.0,536500000.0,44400000.0,-97400000.0,-97400000.0,-97400000.0,0.0,33200000.0,-0.021,2660200000.0,25700000.0,810200000.0,-0.769,7.703,-66.731,-65.885,540300000.0,0.0,17.13,1.428,1.437,664800000.0,-426400000.0,4551600000.0,4551600000.0,0.0,-0.015,-0.071,-0.003,-0.002,46800000.0,2219600000.0,1.0,379427027.0,381700000,381700000.0,11.925,3412600000.0,74800000.0,20100000.0,303400000.0,8.941,1187500000.0
8,COTY,MRY,2013-12-31,2013-06-30,2013-06-30,2021-09-24,-118600000.0,6470000000.0,6326700000.0,2416900000.0,4053100000.0,0.735,3.914,-168900000.0,920400000.0,920400000.0,1860300000.0,201900000.0,1.652,3.249,2630200000.0,40100000.0,2590100000.0,2630200000.0,0.0,259600000.0,0.0,0.0,0.0,361300000.0,620900000.0,0.134,620900000.0,361300000.0,284800000.0,0.44,0.42,0.44,1494000000.0,1175600000.0,1494000000.0,8427928334.0,23.0,13.574,295000000.0,0.773,1.0,2788800000.0,0.6,3499800000.0,76500000.0,3216800000.0,2906850000.0,608200000.0,0.0,0.0,0.0,4854500000.0,1463200000.0,3391300000.0,6577028334.0,311000000.0,-61000000.0,-1300000.0,168400000.0,-57400000.0,69000000.0,-229900000.0,0.0,463900000.0,8000000.0,168000000.0,168000000.0,168000000.0,0.0,33900000.0,0.036,2413700000.0,375100000.0,711700000.0,0.0,4.402,39.149,39.045,500700000.0,0.0,17.18,1.415,1.411,622700000.0,-329000000.0,4649100000.0,4649100000.0,0.0,0.027,0.143,0.124,0.078,144400000.0,2283700000.0,1.0,382830520.0,381700000,396400000.0,12.18,2970200000.0,83600000.0,116800000.0,360300000.0,7.782,953700000.0
9,COTY,MRY,2012-12-31,2012-06-30,2012-06-30,2021-09-24,-147200000.0,6183400000.0,6498650000.0,2138500000.0,4044900000.0,0.71,2.298,-174800000.0,609400000.0,609400000.0,1824000000.0,-293300000.0,1.118,5.886,2460300000.0,190100000.0,2270200000.0,2460300000.0,0.0,246000000.0,0.0,,0.0,-272600000.0,-26600000.0,-0.006,-26600000.0,-272600000.0,-362200000.0,-0.87,-0.87,-0.87,857200000.0,1109550000.0,857200000.0,,,,414500000.0,1.111,1.0,2787300000.0,0.604,3524400000.0,89600000.0,2596900000.0,2734050000.0,648300000.0,0.0,0.0,0.0,5045900000.0,1913000000.0,3132900000.0,,98600000.0,-159100000.0,127000000.0,-161800000.0,0.0,-97700000.0,-333900000.0,0.0,589300000.0,-59100000.0,-324400000.0,-324400000.0,-324400000.0,0.0,31100000.0,-0.07,2996800000.0,-209500000.0,694600000.0,0.0,,,,465800000.0,0.0,,,,580500000.0,-390300000.0,4611300000.0,4611300000.0,0.0,-0.05,-0.292,-0.1,-0.059,142600000.0,2309700000.0,1.0,382830520.0,373000000,373000000.0,12.363,2659000000.0,87700000.0,-37800000.0,334000000.0,7.129,225500000.0
10,COTY,MRY,2011-12-31,2011-06-30,2011-06-30,2021-09-24,200000.0,6813900000.0,,2087100000.0,4726800000.0,,4.134,-82000000.0,510800000.0,510800000.0,1640000000.0,89900000.0,1.14,3.931,2622400000.0,47300000.0,2575100000.0,2622400000.0,0.0,213400000.0,0.0,,0.0,248300000.0,461700000.0,0.113,461700000.0,248300000.0,156800000.0,0.19,0.18,0.19,1361900000.0,,1361900000.0,,,,335500000.0,1.019,1.0,2446100000.0,0.599,4222800000.0,91500000.0,2871200000.0,,677300000.0,0.0,0.0,0.0,5353900000.0,1831500000.0,3522400000.0,,123300000.0,-2170500000.0,778500000.0,1196900000.0,-35300000.0,1903800000.0,-2252500000.0,0.0,417500000.0,54500000.0,61700000.0,61700000.0,61700000.0,0.0,28200000.0,0.015,2165200000.0,280900000.0,676900000.0,0.0,,,,463000000.0,0.0,,,,597900000.0,-65900000.0,4086100000.0,4086100000.0,0.0,,,,0.061,88500000.0,2034200000.0,1.0,,329400000,339100000.0,12.405,2591100000.0,92300000.0,95100000.0,480700000.0,7.866,255600000.0
11,COTY,MRY,2010-12-31,2010-06-30,2010-06-30,2021-09-24,,,,,,,,-86700000.0,,,1473200000.0,87300000.0,,,,,,,,199200000.0,,,0.0,167700000.0,366900000.0,0.105,366900000.0,167700000.0,94100000.0,0.22,0.22,0.22,,,,,,,407300000.0,1.454,1.0,2009700000.0,0.577,,73600000.0,,,,,,,,,,,296400000.0,-34400000.0,0.0,41600000.0,0.0,-7000000.0,-149900000.0,0.0,494000000.0,-40700000.0,61700000.0,61700000.0,61700000.0,0.0,25600000.0,0.018,1825200000.0,184500000.0,,0.0,,,,,0.0,,,,,,3482900000.0,3482900000.0,0.0,,,,0.048,65900000.0,1723000000.0,1.0,,280200000,280200000.0,12.43,,,32400000.0,,,
0,COTY,MRQ,2021-06-30,2021-06-30,2021-06-30,2021-09-24,-321900000.0,13691400000.0,,1783100000.0,11908300000.0,,3.738,-30200000.0,310400000.0,310400000.0,421100000.0,-190500000.0,0.738,3.324,5770200000.0,99900000.0,5670300000.0,5770200000.0,0.0,168800000.0,0.0,0.0,0.0,10400000.0,179200000.0,0.169,179200000.0,10400000.0,-53100000.0,-0.28,-0.28,-0.28,2860700000.0,,2860700000.0,12533240165.0,-91.0,23.724,2100000.0,0.003,1.0,641300000.0,0.604,8581100000.0,63500000.0,8154700000.0,,650800000.0,1276200000.0,0.0,1276200000.0,9508800000.0,2415400000.0,7093400000.0,7155440165.0,-47600000.0,4300000.0,0.0,-23800000.0,1500000.0,-52700000.0,-30200000.0,0.0,32300000.0,3000000.0,-186000000.0,-210200000.0,-210200000.0,-10900000.0,-4500000.0,-0.198,639500000.0,1800000.0,1166100000.0,0.0,2.501,-23.569,-23.35,1236600000.0,24200000.0,9.34,1.545,1.543,348000000.0,-5755600000.0,1062400000.0,1062400000.0,0.0,,,,,1000000.0,592700000.0,1.0,766107084.0,765400000,764800000.0,1.388,5110300000.0,758500000.0,132900000.0,728300000.0,6.677,-632300000.0
1,COTY,MRQ,2021-03-31,2021-03-31,2021-03-31,2021-09-24,-426000000.0,13622300000.0,,1818200000.0,11804100000.0,,3.87,-32100000.0,358000000.0,358000000.0,391700000.0,12700000.0,0.709,3.149,5735800000.0,273000000.0,5462800000.0,5735800000.0,0.0,166800000.0,0.0,0.0,0.0,46700000.0,213500000.0,0.208,213500000.0,46700000.0,-3600000.0,-0.02,-0.02,-0.02,2962200000.0,,2962200000.0,12026027473.0,-11.0,-28.052,-218400000.0,-0.285,1.0,636100000.0,0.619,8501500000.0,50300000.0,7932700000.0,,604700000.0,1266800000.0,0.0,1266800000.0,9328100000.0,2565900000.0,6762200000.0,6908827473.0,-247300000.0,-212100000.0,0.0,185100000.0,0.0,190400000.0,-242000000.0,0.0,-186300000.0,-9400000.0,15600000.0,-18500000.0,-18500000.0,17300000.0,-2900000.0,-0.018,637500000.0,-1400000.0,1051800000.0,0.0,2.332,-7.977,-7.973,1274000000.0,34100000.0,9.01,1.674,1.671,398100000.0,-5569600000.0,1027800000.0,1027800000.0,0.0,,,,,6600000.0,545600000.0,1.0,766795502.0,765400000,765400000.0,1.343,5120800000.0,702200000.0,-19200000.0,600500000.0,6.69,-747700000.0
2,COTY,MRQ,2020-12-31,2020-12-31,2020-12-31,2021-09-24,-326500000.0,14159800000.0,,2217500000.0,11942300000.0,,4.025,-40700000.0,605300000.0,605300000.0,584000000.0,-254600000.0,0.743,3.179,5722500000.0,289200000.0,5433300000.0,5722500000.0,0.0,166700000.0,0.0,0.018,0.0,-233900000.0,-67200000.0,-0.047,-67200000.0,-233900000.0,-293100000.0,-0.36,-0.36,-0.36,3077400000.0,,3077400000.0,13513338330.0,-9.0,-19.593,389400000.0,0.509,1.0,831600000.0,0.587,8645600000.0,59200000.0,7648300000.0,,626100000.0,1186500000.0,0.0,1186500000.0,9782800000.0,2983100000.0,6799700000.0,5376638330.0,30000000.0,2386200000.0,0.0,-3198900000.0,-700000.0,-3197000000.0,2795600000.0,448000000.0,430100000.0,1300000.0,-252300000.0,-275400000.0,-275400000.0,235600000.0,-2300000.0,-0.195,814600000.0,17000000.0,1154300000.0,0.0,1.747,-4.804,-4.776,1356100000.0,23100000.0,7.02,1.292,1.289,531700000.0,-5585200000.0,1415600000.0,1415600000.0,0.0,,,,,15300000.0,641500000.0,1.0,765902896.0,764600000,764600000.0,1.851,5514200000.0,693800000.0,-40800000.0,616900000.0,7.212,-765600000.0
3,COTY,MRQ,2020-09-30,2020-09-30,2020-09-30,2021-09-24,-462100000.0,17780100000.0,,6976200000.0,10803900000.0,,4.19,-70900000.0,575300000.0,575300000.0,464900000.0,227300000.0,1.897,4.152,8712000000.0,288000000.0,8424000000.0,8712000000.0,0.0,164200000.0,0.0,0.093,0.0,38600000.0,202800000.0,0.18,202800000.0,38600000.0,-23500000.0,0.26,0.24,0.26,3201100000.0,,3201100000.0,10216518614.0,-9.0,-24.302,-28300000.0,-0.037,1.0,659200000.0,0.586,8447200000.0,62100000.0,13791600000.0,,727700000.0,0.0,0.0,0.0,13292400000.0,3678000000.0,9614400000.0,2065718614.0,223300000.0,27000000.0,0.0,36500000.0,-800000.0,264200000.0,-81500000.0,-37600000.0,42600000.0,-2000000.0,221400000.0,200600000.0,200600000.0,-104700000.0,5900000.0,0.178,725200000.0,-66000000.0,1086300000.0,0.0,0.645,-2.388,-2.368,1386600000.0,20800000.0,2.7,0.466,0.466,521700000.0,-5332900000.0,1124100000.0,1124100000.0,0.0,,,,,7000000.0,583400000.0,1.0,765080968.0,763900000,916700000.0,1.472,9332900000.0,900100000.0,-244900000.0,509100000.0,12.217,3298200000.0
4,COTY,MRQ,2020-06-30,2020-06-30,2020-06-30,2021-09-24,-456200000.0,16728800000.0,,6495000000.0,10233800000.0,,3.936,-61000000.0,352000000.0,352000000.0,336200000.0,-778200000.0,1.811,4.229,8502800000.0,293300000.0,8209500000.0,8502800000.0,0.0,191800000.0,0.0,0.084,0.0,-969600000.0,-777800000.0,-1.388,-777800000.0,-969600000.0,-1027000000.0,-1.01,-1.01,-1.01,3004600000.0,,3004600000.0,11991223873.0,-11.0,-37.391,-316400000.0,-0.415,1.0,224200000.0,0.4,8346000000.0,57400000.0,12947900000.0,,678200000.0,0.0,0.0,0.0,12705100000.0,3585700000.0,9119400000.0,3411023873.0,-959600000.0,600000.0,0.0,-1379500000.0,196900000.0,-652500000.0,-60600000.0,0.0,-255400000.0,8900000.0,-766300000.0,-772800000.0,-772800000.0,76600000.0,-11900000.0,-1.379,1256200000.0,-1032000000.0,1190300000.0,0.0,1.135,-3.367,-3.361,1453000000.0,6500000.0,4.47,0.723,0.719,440100000.0,-5548600000.0,560400000.0,560400000.0,0.0,,,,,11700000.0,639000000.0,1.0,763092589.0,763300000,763300000.0,0.734,8382800000.0,362400000.0,-260700000.0,208900000.0,10.982,2909300000.0
5,COTY,MRQ,2020-03-31,2020-03-31,2020-03-31,2021-09-24,-478500000.0,18310000000.0,,3673100000.0,14636900000.0,,4.906,-61400000.0,1311600000.0,1311600000.0,460800000.0,-264400000.0,1.19,3.818,9891800000.0,290800000.0,9601000000.0,9891800000.0,0.0,220100000.0,0.0,0.097,0.125,-267600000.0,-47500000.0,-0.045,-47500000.0,-267600000.0,-331400000.0,-0.36,-0.36,-0.36,3732200000.0,,3732200000.0,11570242334.0,-4.0,-5.28,-318900000.0,-0.419,1.0,601700000.0,0.566,12364300000.0,63800000.0,11440100000.0,,959900000.0,0.0,0.0,0.0,14250200000.0,3085800000.0,11164400000.0,3924442334.0,972100000.0,-592200000.0,600000.0,2000800000.0,-66500000.0,1910500000.0,-653400000.0,0.0,-257500000.0,-27500000.0,-271600000.0,-271600000.0,-271600000.0,-39400000.0,7200000.0,-0.256,901200000.0,-299500000.0,1422100000.0,-0.347,1.052,-1.291,-1.274,1833000000.0,0.0,5.16,1.003,1.003,844200000.0,-4782300000.0,1062500000.0,1062500000.0,0.0,,,,,1600000.0,757900000.0,1.0,760550840.0,760800000,760800000.0,1.397,5945700000.0,284300000.0,-59800000.0,674000000.0,7.815,587300000.0
6,COTY,MRQ,2019-12-31,2019-12-31,2019-12-31,2021-09-24,-77500000.0,17360900000.0,,3023300000.0,14337600000.0,,5.899,-58600000.0,339500000.0,339500000.0,632300000.0,-16400000.0,0.86,2.858,7985300000.0,297300000.0,7688000000.0,7985300000.0,0.0,203800000.0,0.0,0.044,0.125,-1700000.0,202100000.0,0.12,202100000.0,-1700000.0,-60100000.0,-0.03,-0.03,-0.03,4471700000.0,,4471700000.0,16338184505.0,-6.0,-8.592,363500000.0,0.479,1.0,1051400000.0,0.624,12008500000.0,58400000.0,9484600000.0,,1015800000.0,0.0,0.0,0.0,12780700000.0,3513600000.0,9267100000.0,8526284505.0,-41900000.0,0.0,1500000.0,-335900000.0,-67100000.0,-417400000.0,-58600000.0,0.0,422100000.0,12000000.0,-21100000.0,-21100000.0,-21100000.0,-84900000.0,4700000.0,-0.013,1131900000.0,-80500000.0,1574800000.0,-4.167,1.907,-3.067,-3.032,1967400000.0,0.0,11.25,1.762,1.762,1110000000.0,-4510700000.0,1683700000.0,1683700000.0,0.0,,,,,10300000.0,916400000.0,1.0,757891956.0,758100000,758100000.0,2.221,5352400000.0,189600000.0,-39000000.0,701600000.0,7.06,-490300000.0
7,COTY,MRQ,2019-09-30,2019-09-30,2019-09-30,2021-09-24,-183400000.0,17283500000.0,,3132700000.0,14150800000.0,,5.907,-86400000.0,381400000.0,381400000.0,561900000.0,56300000.0,0.968,2.856,8193300000.0,281900000.0,7911400000.0,8193300000.0,0.0,205300000.0,0.0,0.048,0.125,97200000.0,302500000.0,0.214,302500000.0,97200000.0,34100000.0,0.07,0.07,0.07,4455000000.0,,4455000000.0,15209907580.0,-4.0,-5.56,-46500000.0,-0.062,1.0,849300000.0,0.602,11881100000.0,63100000.0,9976900000.0,,1150800000.0,0.0,0.0,0.0,12724600000.0,3237400000.0,9487200000.0,7926607580.0,1000000.0,25600000.0,-3900000.0,146600000.0,-63300000.0,36700000.0,-60800000.0,0.0,39900000.0,-14800000.0,52300000.0,52300000.0,52300000.0,-39500000.0,4000000.0,0.037,785300000.0,64000000.0,1548100000.0,1.786,1.779,-2.131,-2.119,1961800000.0,0.0,10.51,1.399,1.399,1036600000.0,-4489600000.0,1411200000.0,1411200000.0,0.0,,,,,6200000.0,806700000.0,1.0,754196725.0,754200000,758900000.0,1.871,5402400000.0,156000000.0,-18200000.0,694600000.0,7.163,-104700000.0
8,COTY,MRQ,2019-06-30,2019-06-30,2019-06-30,2021-09-24,-58800000.0,17710000000.0,,3270800000.0,14439200000.0,,6.104,-96400000.0,380400000.0,380400000.0,-8500000.0,-2799500000.0,0.941,2.761,7663700000.0,193800000.0,7469900000.0,7663700000.0,0.0,185700000.0,0.0,0.037,0.125,-2834300000.0,-2648600000.0,10.802,-2648600000.0,-2834300000.0,-2855100000.0,-3.73,-3.73,-3.73,4586900000.0,,4586900000.0,17336134339.0,-5.0,-6.024,91800000.0,0.122,1.0,-236700000.0,0.965,8698100000.0,20800000.0,12820000000.0,,860100000.0,0.0,0.0,0.0,12664800000.0,3475200000.0,9189600000.0,10068734339.0,-39800000.0,13400000.0,3900000.0,-84600000.0,282800000.0,-143600000.0,-83000000.0,0.0,188200000.0,-1400000.0,-2799400000.0,-2799400000.0,-2799400000.0,-121000000.0,-100000.0,11.417,2711900000.0,-2948600000.0,1583500000.0,-0.034,2.195,-2.661,-2.659,1332700000.0,0.0,13.4,1.601,1.601,858900000.0,-4541200000.0,-245200000.0,-245200000.0,0.0,,,,,7000000.0,-8900000.0,1.0,751398085.0,751500000,751500000.0,-0.326,9011900000.0,110400000.0,-55700000.0,404200000.0,11.992,-204400000.0
9,COTY,MRQ,2019-03-31,2019-03-31,2019-03-31,2021-09-24,-1500000.0,20756600000.0,,3402500000.0,17354100000.0,,9.978,-70900000.0,420200000.0,420200000.0,741200000.0,-4000000.0,0.951,1.707,7687600000.0,196700000.0,7490900000.0,7687600000.0,0.0,182600000.0,0.0,0.043,0.125,59900000.0,242500000.0,0.122,242500000.0,59900000.0,-12100000.0,-0.02,-0.02,-0.02,7497700000.0,,7497700000.0,16011054108.0,-17.0,-73.076,142800000.0,0.19,1.0,1249400000.0,0.628,15410100000.0,72000000.0,9035100000.0,,1183500000.0,0.0,0.0,0.0,12801900000.0,3578800000.0,9223100000.0,8639454108.0,-24800000.0,0.0,1100000.0,-54900000.0,-94400000.0,-170400000.0,-70900000.0,0.0,213700000.0,2800000.0,-12100000.0,-12100000.0,-12100000.0,0.0,8100000.0,-0.006,1163900000.0,85500000.0,1844000000.0,-6.25,1.152,-7.409,-7.325,1609200000.0,0.0,11.5,1.377,1.377,1211600000.0,-1741800000.0,1990600000.0,1990600000.0,0.0,,,,,-400000.0,1070500000.0,1.0,751256879.0,751400000,751400000.0,2.649,5346500000.0,183300000.0,0.0,886100000.0,7.115,-176300000.0
10,COTY,MRQ,2018-12-31,2018-12-31,2018-12-31,2021-09-24,33600000.0,21270700000.0,,3714400000.0,17556300000.0,,10.125,-125700000.0,445000000.0,445000000.0,956700000.0,-956000000.0,0.961,1.732,7816600000.0,255700000.0,7560900000.0,7816600000.0,0.0,182100000.0,0.0,0.076,0.125,-814000000.0,-631900000.0,-0.252,-631900000.0,-814000000.0,-882300000.0,-1.28,-1.28,-1.28,7605100000.0,,7605100000.0,12464252643.0,-12.0,-46.405,193900000.0,0.258,1.0,1554500000.0,0.619,15594400000.0,68300000.0,9182900000.0,,1164600000.0,0.0,0.0,0.0,13171800000.0,3865000000.0,9306800000.0,4927052643.0,-8200000.0,0.0,200000.0,-91000000.0,-94600000.0,-198100000.0,-125700000.0,0.0,319600000.0,-4000000.0,-960600000.0,-960600000.0,-960600000.0,0.0,4600000.0,-0.383,2359100000.0,-804600000.0,1818900000.0,-0.098,0.648,-4.002,-3.976,1625700000.0,0.0,6.56,0.757,0.757,1542700000.0,-1729700000.0,2511200000.0,2511200000.0,0.0,,,,,1800000.0,1284000000.0,1.0,751075098.0,751100000,751100000.0,3.343,5676300000.0,182700000.0,78300000.0,892200000.0,7.557,-150600000.0
11,COTY,MRQ,2018-09-30,2018-09-30,2018-09-30,2021-09-24,110800000.0,22592700000.0,,3740000000.0,18852700000.0,,11.464,-133600000.0,453200000.0,453200000.0,809100000.0,-10100000.0,0.987,1.552,7990400000.0,200700000.0,7789700000.0,7990400000.0,0.0,185600000.0,0.0,0.04,0.125,-25400000.0,160200000.0,0.079,160200000.0,-25400000.0,-89500000.0,-0.02,-0.02,-0.02,8607500000.0,,8607500000.0,16592047796.0,-352.0,23.478,-215500000.0,-0.287,1.0,1222200000.0,0.602,16789000000.0,64100000.0,9549800000.0,,1251200000.0,0.0,0.0,0.0,13357400000.0,3791100000.0,9566300000.0,9429947796.0,91000000.0,-40800000.0,700000.0,456200000.0,-93800000.0,351800000.0,-174400000.0,0.0,-81900000.0,-4500000.0,-12100000.0,-12100000.0,-12100000.0,0.0,2000000.0,-0.006,1242900000.0,-20700000.0,1794900000.0,-6.25,1.096,-58.498,-57.091,1648000000.0,0.0,12.56,1.421,1.421,1484400000.0,-769100000.0,2031300000.0,2031300000.0,0.0,,,,,6400000.0,1122300000.0,1.0,750792022.0,750800000,750800000.0,2.706,5803700000.0,219000000.0,-77400000.0,898900000.0,7.73,-51100000.0
12,COTY,MRQ,2018-06-30,2018-06-30,2018-06-30,2021-09-24,158800000.0,22630200000.0,,3651000000.0,18979200000.0,,11.79,-131200000.0,362200000.0,362200000.0,6800000.0,-170200000.0,0.903,1.482,7524300000.0,218900000.0,7305400000.0,7524300000.0,0.0,193500000.0,0.0,0.035,0.125,-183400000.0,10100000.0,-0.039,10100000.0,-183400000.0,-184700000.0,-0.25,-0.25,-0.25,8849700000.0,,8849700000.0,17956276029.0,-44891.0,24.377,93600000.0,0.125,1.0,-263600000.0,1.026,16891500000.0,1300000.0,8856800000.0,,1148900000.0,0.0,0.0,0.0,13113700000.0,4044000000.0,9069700000.0,10582576029.0,-124300000.0,24300000.0,2600000.0,-130000000.0,-93900000.0,-221600000.0,-106900000.0,0.0,224800000.0,-20600000.0,-181300000.0,-181300000.0,-181300000.0,-234500000.0,11100000.0,0.706,117300000.0,-380900000.0,1928600000.0,-0.5,1.196,-62.693,-61.304,1680800000.0,0.0,14.1,1.547,1.545,1536000000.0,-626200000.0,-256800000.0,-256800000.0,0.0,,,,,4500000.0,45200000.0,1.0,750537307.0,750600000,739500000.0,-0.342,5738700000.0,107400000.0,-3400000.0,894600000.0,7.645,-393000000.0
13,COTY,MRQ,2018-03-31,2018-03-31,2018-03-31,2021-09-24,536100000.0,23765000000.0,,3910600000.0,19854400000.0,,12.664,-85800000.0,486500000.0,486500000.0,812300000.0,-60100000.0,0.992,1.432,7860200000.0,231600000.0,7628600000.0,7860200000.0,0.0,193000000.0,0.0,0.027,0.125,0.0,193000000.0,0.087,193000000.0,0.0,-72600000.0,-0.1,-0.1,-0.1,9499300000.0,,9499300000.0,20738519892.0,-205.0,35.603,-204700000.0,-0.273,1.0,1410400000.0,0.635,17634900000.0,72600000.0,9562000000.0,,1258500000.0,0.0,0.0,0.0,13600000000.0,3941800000.0,9658200000.0,13722519892.0,60800000.0,-900000.0,6300000.0,370200000.0,-93800000.0,257700000.0,-86700000.0,0.0,-118900000.0,8700000.0,-77000000.0,-77000000.0,-77000000.0,0.0,16900000.0,-0.035,1389700000.0,20700000.0,1709300000.0,-1.25,1.445,-46.947,-40.667,1689200000.0,0.0,18.3,1.469,1.47,1555400000.0,-438400000.0,2222700000.0,2222700000.0,0.0,,,,,9900000.0,1251600000.0,1.0,749864475.0,750100000,750100000.0,2.963,6130100000.0,226500000.0,4400000.0,1060000000.0,8.172,-31200000.0
14,COTY,MRQ,2017-12-31,2017-12-31,2017-12-31,2021-09-24,283900000.0,23445600000.0,,3879200000.0,19566400000.0,,12.579,-120900000.0,425700000.0,425700000.0,1024900000.0,118600000.0,0.933,1.419,7441700000.0,295900000.0,7145800000.0,7441700000.0,0.0,181800000.0,0.0,0.025,0.125,161600000.0,343400000.0,0.13,343400000.0,161600000.0,101300000.0,0.15,0.15,0.15,9429100000.0,,9429100000.0,21727987168.0,-73.0,57.588,195800000.0,0.261,1.0,1612700000.0,0.611,17415600000.0,60300000.0,8890200000.0,,1155300000.0,0.0,0.0,0.0,13378800000.0,4155800000.0,9223000000.0,14907387168.0,-518900000.0,-257100000.0,2500000.0,-344700000.0,-93800000.0,-459200000.0,-378000000.0,0.0,316700000.0,1600000.0,109200000.0,109200000.0,109200000.0,0.0,9400000.0,0.041,1437500000.0,175200000.0,1758600000.0,0.833,1.581,-39.282,-34.895,1647300000.0,0.0,19.89,1.629,1.63,1743900000.0,-361400000.0,2637600000.0,2637600000.0,0.0,,,,,9300000.0,1319200000.0,1.0,749491562.0,749600000,752700000.0,3.519,6030000000.0,199100000.0,-7900000.0,1027900000.0,8.044,-276600000.0
15,COTY,MRQ,2017-09-30,2017-09-30,2017-09-30,2021-09-24,243500000.0,23573100000.0,,4249500000.0,19323600000.0,,12.627,-108500000.0,944600000.0,944600000.0,874200000.0,-16100000.0,1.076,1.434,7765200000.0,223300000.0,7541900000.0,7765200000.0,0.0,168700000.0,0.0,0.03,0.125,21400000.0,190100000.0,0.085,190100000.0,21400000.0,-45000000.0,-0.03,-0.03,-0.03,9452300000.0,,9452300000.0,18942488506.0,-40.0,101.351,-117400000.0,-0.157,1.0,1364100000.0,0.609,17231900000.0,66400000.0,9213300000.0,,1172000000.0,0.0,0.0,0.0,13556900000.0,3948500000.0,9608400000.0,12375788506.0,373900000.0,-7500000.0,11200000.0,587300000.0,-94300000.0,492400000.0,-116000000.0,0.0,-8900000.0,6400000.0,-19700000.0,-19700000.0,-19700000.0,0.0,3600000.0,-0.009,1334600000.0,29500000.0,1768300000.0,-4.167,1.309,-28.006,-25.045,1633800000.0,0.0,16.53,1.405,1.405,1609500000.0,-470600000.0,2238300000.0,2238300000.0,0.0,,,,,6900000.0,1191100000.0,1.0,748686540.0,748600000,748600000.0,2.99,6341200000.0,158200000.0,-25300000.0,1066700000.0,8.471,301000000.0
16,COTY,MRQ,2017-06-30,2017-06-30,2017-06-30,2021-09-24,4400000.0,22548200000.0,,3581500000.0,18966700000.0,,12.461,-118800000.0,570700000.0,570700000.0,875100000.0,-301000000.0,0.942,1.361,7137400000.0,209100000.0,6928300000.0,7137400000.0,0.0,140200000.0,0.0,0.035,0.125,-284200000.0,-144000000.0,-0.064,-144000000.0,-284200000.0,-343700000.0,-0.47,-0.47,-0.47,9314700000.0,,9314700000.0,20335995108.0,-44.0,221.043,-68000000.0,-0.091,1.0,1366200000.0,0.61,16980700000.0,59500000.0,8330600000.0,,1052600000.0,0.0,0.0,0.0,12679400000.0,3803600000.0,8875800000.0,14025695108.0,-221300000.0,11300000.0,3300000.0,-80800000.0,-93400000.0,-185900000.0,-107500000.0,0.0,50800000.0,21300000.0,-304800000.0,-304800000.0,-304800000.0,0.0,3800000.0,-0.136,1628300000.0,-262100000.0,1732100000.0,-0.266,1.506,-33.221,-28.424,1632100000.0,0.0,18.76,1.833,1.576,1470300000.0,-459200000.0,2241300000.0,2241300000.0,0.0,,,,,5500000.0,1299200000.0,1.0,747638332.0,747500000,747500000.0,2.998,5567500000.0,72600000.0,-38900000.0,990900000.0,7.448,-222100000.0
17,COTY,MRQ,2017-03-31,2017-03-31,2017-03-31,2021-09-24,-193700000.0,22773300000.0,,3746200000.0,19027100000.0,,12.859,-115300000.0,792000000.0,792000000.0,816100000.0,-159400000.0,1.15,1.315,7102300000.0,193000000.0,6909300000.0,7102300000.0,0.0,184600000.0,0.0,0.029,0.125,-196800000.0,-12200000.0,-0.006,-12200000.0,-196800000.0,-257600000.0,-0.22,-0.22,-0.22,9609700000.0,,9609700000.0,19101144735.0,-105.0,64.904,-72000000.0,-0.096,1.0,1216000000.0,0.598,17080600000.0,60800000.0,8745300000.0,,1034300000.0,0.0,0.0,0.0,12636300000.0,3257700000.0,9378600000.0,13545244735.0,-172200000.0,-598800000.0,5900000.0,585800000.0,-93400000.0,481900000.0,-714100000.0,0.0,43300000.0,16700000.0,-164200000.0,-164200000.0,-164200000.0,0.0,4800000.0,-0.081,1408500000.0,-192500000.0,1456500000.0,-0.568,1.41,-91.275,-72.52,1555800000.0,0.0,18.13,2.089,2.089,1380900000.0,-154400000.0,2032100000.0,2032100000.0,0.0,,,,,10000000.0,1092400000.0,1.0,747117746.0,747300000,747300000.0,2.719,5692700000.0,259500000.0,-93400000.0,1529700000.0,7.618,488500000.0
18,COTY,MRQ,2016-12-31,2016-12-31,2016-12-31,2021-09-24,-283500000.0,21891000000.0,,3909300000.0,17981700000.0,,13.117,-111400000.0,939200000.0,939200000.0,892300000.0,52100000.0,1.246,1.226,6495100000.0,186700000.0,6308400000.0,6495100000.0,0.0,170400000.0,0.0,0.022,0.125,-17400000.0,153000000.0,0.067,153000000.0,-17400000.0,-75300000.0,0.06,0.06,0.06,9793100000.0,,9793100000.0,17654173874.0,703.0,47.141,567000000.0,0.759,1.0,1404400000.0,0.611,16206700000.0,57900000.0,8102400000.0,,1014800000.0,0.0,0.0,0.0,12009900000.0,3137800000.0,8872100000.0,13665173874.0,561200000.0,-143800000.0,7500000.0,277300000.0,-93400000.0,167800000.0,-255200000.0,0.0,678400000.0,-29800000.0,46800000.0,46800000.0,46800000.0,0.0,5300000.0,0.02,1417100000.0,-12700000.0,1401000000.0,2.083,1.395,-1242.289,-166.455,1418700000.0,0.0,18.31,2.529,2.53,1450300000.0,9800000.0,2296700000.0,2296700000.0,0.0,,,,,6000000.0,1170200000.0,1.0,746322986.0,746600000,752400000.0,3.076,5684300000.0,223300000.0,-122100000.0,1640900000.0,7.614,771500000.0
19,COTY,MRQ,2016-09-30,2016-09-30,2016-09-30,2021-09-24,-231900000.0,7193400000.0,,2107700000.0,5085700000.0,,0.746,-86800000.0,378000000.0,378000000.0,444800000.0,9800000.0,1.119,27.319,4367000000.0,156600000.0,4210400000.0,4367000000.0,0.0,59900000.0,0.0,0.012,0.275,35300000.0,95200000.0,0.088,95200000.0,35300000.0,-5100000.0,0.0,0.0,0.0,251000000.0,,251000000.0,11688217748.0,73.0,29.703,-101800000.0,-0.303,1.0,635400000.0,0.588,4230300000.0,40400000.0,5069200000.0,,616700000.0,0.0,0.0,0.0,6857000000.0,1882900000.0,4974100000.0,7897817748.0,30600000.0,0.0,-30200000.0,252300000.0,-92400000.0,131400000.0,-86800000.0,0.0,-15000000.0,1000000.0,0.0,0.0,0.0,0.0,9800000.0,0.0,589000000.0,46400000.0,964600000.0,,31.465,253.135,261.111,665700000.0,0.0,23.5,1.829,1.831,768500000.0,-37000000.0,1080200000.0,1080200000.0,0.0,,,,,3100000.0,478900000.0,1.0,336077351.0,336300000,336300000.0,3.212,2963100000.0,124600000.0,-5100000.0,307500000.0,8.811,224800000.0
20,COTY,MRQ,2016-06-30,2016-06-30,2016-06-30,2021-09-24,-239700000.0,7035600000.0,,1938400000.0,5097200000.0,,1.064,-5800000.0,372400000.0,372400000.0,465600000.0,-31200000.0,1.045,18.31,4098200000.0,161800000.0,3936400000.0,4098200000.0,0.0,61000000.0,0.0,0.01,0.0,-2700000.0,58300000.0,0.054,58300000.0,-2700000.0,-28900000.0,-0.09,-0.09,-0.09,360200000.0,,360200000.0,12576773755.0,63.0,29.221,50300000.0,0.149,1.0,610000000.0,0.567,4262800000.0,26200000.0,4643400000.0,,565800000.0,0.0,0.0,0.0,6595200000.0,1855200000.0,4740000000.0,8812873755.0,5800000.0,-11400000.0,-59100000.0,-400000.0,0.0,-29100000.0,-17200000.0,0.0,56100000.0,-4000000.0,-31000000.0,-31000000.0,-31000000.0,0.0,-200000.0,-0.029,612900000.0,-2900000.0,921400000.0,0.0,24.467,56.169,57.756,638600000.0,0.0,25.99,2.026,2.065,682900000.0,-37000000.0,1075600000.0,1075600000.0,0.0,,,,,3800000.0,533900000.0,1.0,339087101.0,338600000,346100000.0,3.177,2772800000.0,126200000.0,2100000.0,362800000.0,8.189,83200000.0
21,COTY,MRQ,2016-03-31,2016-03-31,2016-03-31,2021-09-24,-250900000.0,7024900000.0,,1899100000.0,5125800000.0,,1.312,-36800000.0,366600000.0,366600000.0,369000000.0,-20300000.0,1.098,14.639,4130500000.0,133500000.0,3997000000.0,4130500000.0,0.0,58100000.0,0.0,0.009,0.0,9900000.0,68000000.0,0.072,68000000.0,9900000.0,-15200000.0,-0.08,-0.08,-0.08,443400000.0,,443400000.0,12556974600.0,73.0,31.221,-108600000.0,-0.321,1.0,581700000.0,0.612,4254000000.0,25100000.0,4804600000.0,,579100000.0,0.0,0.0,0.0,6490900000.0,1730200000.0,4760700000.0,9383174600.0,-116100000.0,-450000000.0,16700000.0,443600000.0,0.0,427800000.0,-498300000.0,-11500000.0,-71800000.0,26200000.0,-26800000.0,-26800000.0,-26800000.0,0.0,6500000.0,-0.028,558700000.0,23000000.0,796800000.0,0.0,21.162,44.917,47.169,605700000.0,0.0,27.83,2.186,2.19,661500000.0,-6000000.0,950700000.0,950700000.0,0.0,,,,,6400000.0,494200000.0,1.0,337160424.0,337900000,337900000.0,2.814,2770900000.0,106600000.0,11600000.0,408300000.0,8.2,168900000.0
22,COTY,MRQ,2015-12-31,2015-12-31,2015-12-31,2021-09-24,-285000000.0,6511700000.0,,1940600000.0,4571100000.0,,1.176,-35800000.0,482700000.0,482700000.0,467700000.0,97600000.0,1.133,14.811,3656500000.0,85600000.0,3570900000.0,3656500000.0,0.0,55400000.0,0.0,0.01,0.0,116600000.0,172000000.0,0.142,172000000.0,116600000.0,102000000.0,0.26,0.25,0.26,405800000.0,,405800000.0,11271743989.0,42.0,22.607,364600000.0,1.057,1.0,742800000.0,0.614,3387200000.0,14600000.0,4585400000.0,,505900000.0,0.0,0.0,0.0,6010200000.0,1712900000.0,4297300000.0,8895243989.0,66700000.0,-447300000.0,-561900000.0,873200000.0,-89000000.0,187300000.0,-501200000.0,-18100000.0,400400000.0,-19800000.0,89000000.0,89000000.0,89000000.0,0.0,8600000.0,0.074,590400000.0,152400000.0,781400000.0,0.0,21.92,28.584,28.798,486900000.0,0.0,25.63,2.08,2.068,697200000.0,20800000.0,1210500000.0,1210500000.0,0.0,,,,,2500000.0,515400000.0,1.0,347063753.0,345000000,354300000.0,3.509,3124500000.0,93400000.0,13000000.0,357600000.0,9.057,227700000.0
23,COTY,MRQ,2015-09-30,2015-09-30,2015-09-30,2021-09-24,-286100000.0,6157000000.0,,2038000000.0,4119000000.0,,2.429,-42500000.0,416000000.0,416000000.0,443700000.0,133100000.0,1.208,5.923,2792500000.0,41900000.0,2750600000.0,2792500000.0,0.0,57500000.0,0.0,0.009,0.25,74600000.0,132100000.0,0.119,132100000.0,74600000.0,58600000.0,0.35,0.34,0.35,874500000.0,,874500000.0,12058729699.0,37.0,21.595,74200000.0,0.206,1.0,668600000.0,0.601,3417300000.0,16000000.0,3429000000.0,,585900000.0,0.0,0.0,0.0,5179300000.0,1687200000.0,3492100000.0,9765329699.0,74700000.0,0.0,-145900000.0,159000000.0,0.0,6600000.0,-42500000.0,0.0,116700000.0,-6100000.0,125700000.0,125700000.0,125700000.0,0.0,7400000.0,0.113,586900000.0,81700000.0,773100000.0,0.714,11.167,28.094,27.612,483600000.0,0.0,27.06,2.258,2.252,772900000.0,-68200000.0,1112300000.0,1112300000.0,0.0,,,,,9500000.0,484300000.0,1.0,360876929.0,360000000,369900000.0,3.09,2739700000.0,94600000.0,-67100000.0,376700000.0,7.61,350800000.0
24,COTY,MRQ,2015-06-30,2015-06-30,2015-06-30,2021-09-24,-274000000.0,6018900000.0,,1856400000.0,4162500000.0,,2.69,-35500000.0,341300000.0,341300000.0,414100000.0,25600000.0,1.216,5.102,2634700000.0,28800000.0,2605900000.0,2634700000.0,0.0,58300000.0,0.0,0.006,0.0,-28200000.0,30100000.0,0.03,30100000.0,-28200000.0,-44900000.0,0.06,0.05,0.06,969800000.0,,969800000.0,13960681400.0,50.0,27.358,102600000.0,0.285,1.0,605400000.0,0.594,3444300000.0,16700000.0,3341800000.0,,557800000.0,0.0,0.0,0.0,4947900000.0,1526200000.0,3421700000.0,11518381400.0,-802800000.0,11500000.0,4000000.0,-952300000.0,0.0,-975900000.0,-20000000.0,0.0,138100000.0,55000000.0,21000000.0,21000000.0,21000000.0,0.0,4600000.0,0.021,628800000.0,-23400000.0,748400000.0,0.0,11.877,49.541,48.439,500200000.0,0.0,31.97,2.621,2.57,679600000.0,-193900000.0,1019500000.0,1019500000.0,0.0,,,,,24700000.0,565600000.0,1.0,360287188.0,360500000,369500000.0,2.828,2574600000.0,97100000.0,-65900000.0,382400000.0,7.142,330200000.0
25,COTY,MRQ,2015-03-31,2015-03-31,2015-03-31,2021-09-24,-326600000.0,6108100000.0,,2497000000.0,3611100000.0,,1.459,-31700000.0,1144100000.0,1144100000.0,351800000.0,82200000.0,1.943,10.922,3586400000.0,35500000.0,3550900000.0,3586400000.0,0.0,55900000.0,0.0,0.008,0.0,108500000.0,164400000.0,0.176,164400000.0,108500000.0,90900000.0,0.22,0.21,0.22,503000000.0,,503000000.0,10549166919.0,37.0,20.271,1500000.0,0.004,1.0,582000000.0,0.623,3059900000.0,17600000.0,4205300000.0,,513400000.0,0.0,0.0,0.0,5494000000.0,1285200000.0,4208800000.0,8347266919.0,-59100000.0,-30000000.0,-91800000.0,182600000.0,0.0,48500000.0,-61700000.0,0.0,33200000.0,-79100000.0,75500000.0,75500000.0,75500000.0,0.0,6700000.0,0.081,467300000.0,114700000.0,607900000.0,0.0,16.595,43.612,44.944,473600000.0,0.0,24.27,1.89,1.894,610500000.0,-214900000.0,933800000.0,933800000.0,0.0,,,,,-2200000.0,445000000.0,1.0,343933536.0,344700000,354800000.0,2.709,3048200000.0,65100000.0,15400000.0,292200000.0,8.843,1211800000.0
26,COTY,MRQ,2014-12-31,2014-12-31,2014-12-31,2021-09-24,-203800000.0,6389300000.0,,2720900000.0,3668400000.0,,1.815,-29100000.0,1203200000.0,1203200000.0,508900000.0,134900000.0,1.223,8.795,3405100000.0,691600000.0,2713500000.0,3405100000.0,0.0,57900000.0,0.0,0.01,0.0,173900000.0,231800000.0,0.184,231800000.0,173900000.0,154800000.0,0.35,0.35,0.35,641300000.0,,641300000.0,9583932663.0,-96.0,67.923,299700000.0,0.848,1.0,750700000.0,0.596,3091500000.0,19100000.0,3274200000.0,,526700000.0,0.0,0.0,0.0,5640200000.0,2225500000.0,3414700000.0,7348732663.0,200500000.0,0.0,-164100000.0,171000000.0,-71000000.0,-62800000.0,-29100000.0,0.0,328800000.0,-36400000.0,125400000.0,125400000.0,125400000.0,0.0,9500000.0,0.1,567000000.0,183700000.0,700000000.0,0.0,11.459,-53.484,-60.765,500500000.0,0.0,20.66,1.636,1.625,736700000.0,-290400000.0,1259600000.0,1259600000.0,0.0,,,,,8000000.0,534900000.0,1.0,355698580.0,353400000,362600000.0,3.564,3297800000.0,69600000.0,29400000.0,294600000.0,9.332,495400000.0
27,COTY,MRQ,2014-09-30,2014-09-30,2014-09-30,2021-09-24,-158400000.0,6426700000.0,,2699900000.0,3726800000.0,,1.933,-59800000.0,1002700000.0,1002700000.0,482200000.0,16700000.0,1.156,8.24,3237900000.0,683000000.0,2554900000.0,3237900000.0,0.0,58800000.0,0.0,0.024,0.2,25200000.0,84000000.0,0.071,84000000.0,25200000.0,5600000.0,0.03,0.03,0.03,684600000.0,,684600000.0,7915816074.0,-56.0,76.114,-33600000.0,-0.095,1.0,700100000.0,0.592,3129200000.0,19600000.0,3196700000.0,,638700000.0,0.0,0.0,0.0,5641000000.0,2336000000.0,3305000000.0,5860316074.0,-235300000.0,-600000.0,7800000.0,-139200000.0,0.0,-148000000.0,-60400000.0,0.0,26200000.0,-53100000.0,10600000.0,10600000.0,10600000.0,0.0,6100000.0,0.009,580000000.0,120100000.0,793200000.0,6.667,8.56,-32.503,-34.479,518600000.0,0.0,16.55,1.286,1.287,805300000.0,-415800000.0,1182300000.0,1182300000.0,0.0,,,,,100000.0,520600000.0,1.0,354097648.0,354200000,364300000.0,3.338,3297500000.0,71000000.0,-5000000.0,264700000.0,9.31,363900000.0
28,COTY,MRQ,2014-06-30,2014-06-30,2014-06-30,2021-09-24,-85100000.0,6592500000.0,,2784800000.0,3807700000.0,,2.253,-33300000.0,1238000000.0,1238000000.0,448800000.0,-12800000.0,1.743,6.674,3293500000.0,33400000.0,3260100000.0,3293500000.0,0.0,62500000.0,0.0,0.012,0.0,-22300000.0,40200000.0,0.039,40200000.0,-22300000.0,-39400000.0,-0.06,-0.06,-0.06,843800000.0,,843800000.0,8097484973.0,-920.0,33.475,60100000.0,0.16,1.0,592700000.0,0.569,3179900000.0,17100000.0,3870800000.0,,617400000.0,0.0,0.0,0.0,5631900000.0,1597300000.0,4034600000.0,6499584973.0,90800000.0,0.0,-22700000.0,79300000.0,0.0,26900000.0,-33300000.0,0.0,93400000.0,3800000.0,-20100000.0,-20100000.0,-20100000.0,0.0,7300000.0,-0.019,604100000.0,-11400000.0,810200000.0,0.0,7.703,-66.731,-65.885,540300000.0,0.0,17.13,1.428,1.437,664800000.0,-426400000.0,1041500000.0,1041500000.0,0.0,,,,,11100000.0,557000000.0,1.0,379427027.0,374500000,374500000.0,2.781,3412600000.0,74800000.0,-19300000.0,303400000.0,9.112,1187500000.0
29,COTY,MRQ,2014-03-31,2014-03-31,2014-03-31,2021-09-24,-60000000.0,6508000000.0,,2697000000.0,3811000000.0,,3.591,-48700000.0,1147200000.0,1147200000.0,395600000.0,-246700000.0,1.79,3.63,2745100000.0,10000000.0,2735100000.0,2745100000.0,0.0,61600000.0,0.0,0.013,0.0,-276500000.0,-214900000.0,-0.213,-214900000.0,-276500000.0,-293800000.0,-0.66,-0.66,-0.66,1378800000.0,,1378800000.0,7216832773.0,-443.0,29.995,-52900000.0,-0.138,1.0,613100000.0,0.608,3200700000.0,17300000.0,3398800000.0,,588900000.0,0.0,0.0,0.0,5004700000.0,1506400000.0,3498300000.0,5761732773.0,-6800000.0,-34500000.0,-59200000.0,136200000.0,0.0,73500000.0,-83200000.0,0.0,-4200000.0,7100000.0,-253300000.0,-253300000.0,-253300000.0,0.0,6600000.0,-0.251,885100000.0,-272000000.0,717200000.0,0.0,4.179,-41.273,-40.486,526900000.0,0.0,14.98,1.261,1.259,664800000.0,-406300000.0,1008700000.0,1008700000.0,0.0,,,,,12200000.0,543200000.0,1.0,384628356.0,384000000,384000000.0,2.627,3307300000.0,85100000.0,-40500000.0,383300000.0,8.613,1190600000.0
30,COTY,MRQ,2013-12-31,2013-12-31,2013-12-31,2021-09-24,-60200000.0,6869000000.0,,2749700000.0,4119300000.0,,4.377,-50500000.0,1154000000.0,1154000000.0,549300000.0,93100000.0,1.655,3.01,2609100000.0,29000000.0,2580100000.0,2609100000.0,0.0,61800000.0,0.0,0.013,0.2,132900000.0,194700000.0,0.147,194700000.0,132900000.0,116200000.0,0.21,0.21,0.21,1682600000.0,,1682600000.0,7539834302.0,27.0,13.906,295600000.0,0.769,1.0,773900000.0,0.585,3503900000.0,16700000.0,3158300000.0,,559900000.0,0.0,0.0,0.0,5063800000.0,1661900000.0,3401900000.0,5859934302.0,207200000.0,0.0,2100000.0,-18200000.0,-76900000.0,-96400000.0,-50500000.0,0.0,346100000.0,8000000.0,82500000.0,82500000.0,82500000.0,0.0,10600000.0,0.062,630400000.0,143500000.0,748100000.0,0.952,3.483,43.698,44.853,529500000.0,0.0,15.25,1.286,1.286,779000000.0,-153000000.0,1323200000.0,1323200000.0,0.0,,,,,9300000.0,603000000.0,1.0,384257987.0,384400000,393300000.0,3.442,3365100000.0,85700000.0,33700000.0,383400000.0,8.754,1087800000.0
31,COTY,MRQ,2013-09-30,2013-09-30,2013-09-30,2021-09-24,-75100000.0,6729200000.0,,2643800000.0,4085400000.0,,4.083,-65600000.0,946800000.0,946800000.0,472000000.0,102200000.0,1.663,3.214,2626700000.0,31500000.0,2595200000.0,2626700000.0,0.0,64800000.0,0.0,0.0,0.0,157100000.0,221900000.0,0.188,221900000.0,157100000.0,139700000.0,0.24,0.24,0.24,1567700000.0,,1567700000.0,7936903709.0,22.0,12.732,35600000.0,0.093,1.0,706200000.0,0.599,3516600000.0,17400000.0,3302900000.0,,664700000.0,0.0,0.0,0.0,5038300000.0,1589600000.0,3448700000.0,6227103709.0,26400000.0,-25000000.0,1400000.0,-3900000.0,0.0,-9700000.0,-90600000.0,0.0,101200000.0,25500000.0,93500000.0,93500000.0,93500000.0,0.0,8700000.0,0.079,540600000.0,165600000.0,753000000.0,0.0,3.972,35.624,36.022,513200000.0,0.0,16.21,1.35,1.349,789700000.0,-235500000.0,1178200000.0,1178200000.0,0.0,,,,,14200000.0,516400000.0,1.0,384151987.0,384000000,393500000.0,3.068,3212600000.0,86100000.0,46200000.0,381800000.0,8.366,1054200000.0
32,COTY,MRQ,2013-06-30,2013-06-30,2013-06-30,2021-09-24,-118600000.0,6470000000.0,,2416900000.0,4053100000.0,,3.899,-40400000.0,920400000.0,920400000.0,438400000.0,-56200000.0,1.652,3.249,2630200000.0,40100000.0,2590100000.0,2630200000.0,0.0,68700000.0,0.0,0.0,0.0,-29800000.0,38900000.0,0.037,38900000.0,-29800000.0,-50800000.0,-0.16,-0.16,-0.16,1494000000.0,,1494000000.0,8427928334.0,23.0,13.574,61000000.0,0.159,1.0,620400000.0,0.586,3499800000.0,21000000.0,3216800000.0,,608200000.0,0.0,0.0,0.0,4854500000.0,1463200000.0,3391300000.0,6577028334.0,137500000.0,-4800000.0,-4600000.0,96400000.0,0.0,72600000.0,-45200000.0,0.0,101400000.0,8700000.0,-62300000.0,-62300000.0,-62300000.0,0.0,6100000.0,-0.059,644300000.0,-23900000.0,711700000.0,0.0,4.402,39.149,39.045,500700000.0,0.0,17.18,1.415,1.411,622700000.0,-329000000.0,1058800000.0,1058800000.0,0.0,,,,,37700000.0,585300000.0,1.0,382830520.0,383200000,395500000.0,2.763,2970200000.0,83600000.0,11500000.0,360300000.0,7.751,953700000.0
33,COTY,MRQ,2013-03-31,2013-03-31,2013-03-31,2021-09-24,,,,,,,,-48600000.0,,,382600000.0,29900000.0,,,,,,,,65900000.0,,,0.0,20800000.0,86700000.0,0.087,86700000.0,20800000.0,600000.0,0.05,0.05,0.05,,,,,,,18700000.0,0.049,1.0,615100000.0,0.617,,20200000.0,,,,,,,,,,,30800000.0,-30000000.0,4100000.0,66300000.0,0.0,64400000.0,-78600000.0,0.0,67300000.0,-22300000.0,20400000.0,20400000.0,20400000.0,0.0,9500000.0,0.02,585000000.0,30100000.0,,0.0,,,,,0.0,,,,,,997700000.0,997700000.0,0.0,,,,,61600000.0,560100000.0,1.0,382830520.0,382800000,396700000.0,2.606,,,-19800000.0,,,
34,COTY,MRQ,2012-12-31,2012-12-31,2012-12-31,2021-09-24,,,,,,,,-19900000.0,,,562900000.0,133400000.0,,,,,,,,63600000.0,,,0.0,212300000.0,275900000.0,0.2,275900000.0,212300000.0,193900000.0,0.32,0.31,0.32,,,,,,,300000000.0,0.787,1.0,816600000.0,0.592,,18400000.0,,,,,,,,,,,183700000.0,-18200000.0,-1400000.0,-38800000.0,-57400000.0,-103100000.0,-38100000.0,0.0,319900000.0,5000000.0,123200000.0,123200000.0,123200000.0,0.0,10200000.0,0.089,613600000.0,203000000.0,,0.0,,,,,0.0,,,,,,1379500000.0,1379500000.0,0.0,,,,,10100000.0,590900000.0,1.0,382830520.0,381300000,397700000.0,3.618,,,70700000.0,,,
35,COTY,MRQ,2012-09-30,2012-09-30,2012-09-30,2021-09-24,,,,,,,,-60000000.0,,,476400000.0,94800000.0,,,,,,,,61400000.0,,,0.0,158000000.0,219400000.0,0.181,219400000.0,158000000.0,141100000.0,0.23,0.22,0.23,,,,,,,-84700000.0,-0.223,1.0,736700000.0,0.607,,16900000.0,,,,,,,,,,,-41000000.0,-8000000.0,600000.0,44500000.0,0.0,35100000.0,-68000000.0,0.0,-24700000.0,16600000.0,86700000.0,86700000.0,86700000.0,0.0,8100000.0,0.071,570800000.0,165900000.0,,0.0,,,,,0.0,,,,,,1213100000.0,1213100000.0,0.0,,,,,35000000.0,548900000.0,1.0,382830520.0,379600000,395800000.0,3.196,,,54400000.0,,,
36,COTY,MRQ,2012-06-30,2012-06-30,2012-06-30,2021-09-24,-147200000.0,6183400000.0,,2138500000.0,4044900000.0,,2.298,,609400000.0,609400000.0,,,1.118,5.886,2460300000.0,190100000.0,2270200000.0,2460300000.0,0.0,,0.0,,0.0,,,,,,,,,,857200000.0,,857200000.0,,,,,,1.0,,,3524400000.0,,2596900000.0,,648300000.0,0.0,0.0,0.0,5045900000.0,1913000000.0,3132900000.0,,,,,,,,,,,,,,,,,,,,694600000.0,,,,,465800000.0,,,,,580500000.0,-390300000.0,,,,,,,,,,1.0,382830520.0,373000000,,,2659000000.0,87700000.0,,334000000.0,7.129,225500000.0
37,COTY,MRQ,2011-06-30,2011-06-30,2011-06-30,2021-09-24,200000.0,6813900000.0,,2087100000.0,4726800000.0,,4.134,,510800000.0,510800000.0,,,1.14,3.931,2622400000.0,47300000.0,2575100000.0,2622400000.0,0.0,,0.0,,0.0,,,,,,,,,,1361900000.0,,1361900000.0,,,,,,1.0,,,4222800000.0,,2871200000.0,,677300000.0,0.0,0.0,0.0,5353900000.0,1831500000.0,3522400000.0,,,,,,,,,,,,,,,,,,,,676900000.0,,,,,463000000.0,,,,,597900000.0,-65900000.0,,,,,,,,,,1.0,,329400000,,,2591100000.0,92300000.0,,480700000.0,7.866,255600000.0
0,COTY,MRT,2021-06-30,2021-06-30,2021-06-30,2021-09-24,-321900000.0,13691400000.0,14813400000.0,1783100000.0,11908300000.0,0.313,3.74,-173900000.0,310400000.0,310400000.0,1861700000.0,-205100000.0,0.738,3.324,5770200000.0,99900000.0,5670300000.0,5770200000.0,0.0,666500000.0,0.0,0.0,0.0,-138200000.0,528300000.0,0.114,528300000.0,-138200000.0,-373300000.0,-0.4,-0.4,-0.4,2860700000.0,3025350000.0,2860700000.0,12533240165.0,-91.0,23.724,144800000.0,0.189,1.0,2768200000.0,0.598,8581100000.0,235100000.0,8154700000.0,9381825000.0,650800000.0,1276200000.0,0.0,1276200000.0,9508800000.0,2415400000.0,7093400000.0,7155440165.0,-41600000.0,2205400000.0,0.0,-3001100000.0,0.0,-2795100000.0,2441900000.0,410400000.0,318700000.0,-7100000.0,-201300000.0,-303600000.0,-303600000.0,137300000.0,-3800000.0,-0.066,2816800000.0,-48600000.0,1166100000.0,0.0,2.501,-23.569,-23.35,1236600000.0,102300000.0,9.34,1.545,1.543,348000000.0,-5755600000.0,4629900000.0,4629900000.0,0.0,-0.02,-0.1,-0.015,-0.03,29900000.0,2363200000.0,1.0,766107084.0,764800000,764800000.0,6.054,5110300000.0,758500000.0,-172000000.0,728300000.0,6.682,-632300000.0
1,COTY,MRT,2021-03-31,2021-03-31,2021-03-31,2021-09-24,-426000000.0,13622300000.0,15572750000.0,1818200000.0,11804100000.0,0.265,3.87,-204700000.0,358000000.0,358000000.0,1776800000.0,-792800000.0,0.709,3.149,5735800000.0,273000000.0,5462800000.0,5735800000.0,0.0,689500000.0,0.0,0.0,0.0,-1118200000.0,-428700000.0,-0.104,-428700000.0,-1118200000.0,-1347200000.0,-1.13,-1.15,-1.13,2962200000.0,3061325000.0,2962200000.0,12026027473.0,-11.0,-28.052,-173700000.0,-0.227,1.0,2351100000.0,0.57,8501500000.0,229000000.0,7932700000.0,10580125000.0,604700000.0,1266800000.0,0.0,1266800000.0,9328100000.0,2565900000.0,6762200000.0,6908827473.0,-953600000.0,2201700000.0,0.0,-4356800000.0,195400000.0,-3394900000.0,2411500000.0,410400000.0,31000000.0,-1200000.0,-781600000.0,-866100000.0,-866100000.0,224800000.0,-11200000.0,-0.21,3433500000.0,-1082400000.0,1051800000.0,0.0,2.332,-7.977,-7.973,1274000000.0,84500000.0,9.01,1.674,1.671,398100000.0,-5569600000.0,4127900000.0,4127900000.0,0.0,-0.056,-0.283,-0.106,-0.271,40600000.0,2409500000.0,1.0,766795502.0,765400000,765400000.0,5.393,5120800000.0,702200000.0,-565600000.0,600500000.0,6.69,-747700000.0
2,COTY,MRT,2020-12-31,2020-12-31,2020-12-31,2021-09-24,-326500000.0,14159800000.0,16744675000.0,2217500000.0,11942300000.0,0.249,4.025,-234000000.0,605300000.0,605300000.0,1845900000.0,-1069900000.0,0.743,3.179,5722500000.0,289200000.0,5433300000.0,5722500000.0,0.0,742800000.0,0.0,0.018,0.125,-1432500000.0,-689700000.0,-0.166,-689700000.0,-1432500000.0,-1675000000.0,-1.47,-1.49,-1.47,3077400000.0,3253825000.0,3077400000.0,13513338330.0,-9.0,-19.593,-274200000.0,-0.359,1.0,2316700000.0,0.557,8645600000.0,242500000.0,7648300000.0,11456975000.0,626100000.0,1186500000.0,0.0,1186500000.0,9782800000.0,2983100000.0,6799700000.0,5376638330.0,265800000.0,1821600000.0,600000.0,-2541100000.0,128900000.0,-1674800000.0,2000100000.0,410400000.0,-40200000.0,-19300000.0,-1068800000.0,-1119200000.0,-1119200000.0,168100000.0,-1100000.0,-0.269,3697200000.0,-1380500000.0,1154300000.0,-0.085,1.747,-4.804,-4.776,1356100000.0,50400000.0,7.02,1.292,1.289,531700000.0,-5585200000.0,4162600000.0,4162600000.0,0.0,-0.067,-0.344,-0.125,-0.344,35600000.0,2621800000.0,1.0,765902896.0,764600000,764600000.0,5.444,5514200000.0,693800000.0,-606200000.0,616900000.0,7.212,-765600000.0
3,COTY,MRT,2020-09-30,2020-09-30,2020-09-30,2021-09-24,-462100000.0,17780100000.0,17544950000.0,6976200000.0,10803900000.0,0.253,4.19,-251900000.0,575300000.0,575300000.0,1894200000.0,-831700000.0,1.897,4.152,8712000000.0,288000000.0,8424000000.0,8712000000.0,0.0,779900000.0,0.0,0.093,0.25,-1200300000.0,-420400000.0,-0.095,-420400000.0,-1200300000.0,-1442000000.0,-1.14,-1.16,-1.14,3201100000.0,3602400000.0,3201100000.0,10216518614.0,-9.0,-24.302,-300100000.0,-0.393,1.0,2536500000.0,0.572,8447200000.0,241700000.0,13791600000.0,11916050000.0,727700000.0,0.0,0.0,0.0,13292400000.0,3678000000.0,9614400000.0,2065718614.0,193900000.0,-564600000.0,2100000.0,321900000.0,62500000.0,1104800000.0,-854100000.0,-37600000.0,-48200000.0,-8600000.0,-837600000.0,-864900000.0,-864900000.0,-152400000.0,5900000.0,-0.195,4014500000.0,-1478000000.0,1086300000.0,-0.219,0.645,-2.388,-2.368,1386600000.0,27300000.0,2.7,0.466,0.466,521700000.0,-5332900000.0,4430700000.0,4430700000.0,0.0,-0.049,-0.24,-0.101,-0.271,30600000.0,2896700000.0,1.0,765080968.0,763900000,916700000.0,5.8,9332900000.0,900100000.0,-604400000.0,509100000.0,12.217,3298200000.0
4,COTY,MRT,2020-06-30,2020-06-30,2020-06-30,2021-09-24,-456200000.0,16728800000.0,17420800000.0,6495000000.0,10233800000.0,0.271,3.958,-267400000.0,352000000.0,352000000.0,1991200000.0,-1002700000.0,1.811,4.229,8502800000.0,293300000.0,8209500000.0,8502800000.0,0.0,821000000.0,0.0,0.084,0.375,-1141700000.0,-320700000.0,-0.068,-320700000.0,-1141700000.0,-1384400000.0,-1.33,-1.33,-1.33,3004600000.0,3915875000.0,3004600000.0,11991223873.0,-11.0,-37.391,-318300000.0,-0.419,1.0,2726600000.0,0.578,8346000000.0,242700000.0,12947900000.0,10962375000.0,678200000.0,0.0,0.0,0.0,12705100000.0,3585700000.0,9119400000.0,3411023873.0,-28400000.0,-566000000.0,-1800000.0,432000000.0,0.0,877300000.0,-833400000.0,0.0,-50900000.0,-21400000.0,-1006700000.0,-1013200000.0,-1013200000.0,-87200000.0,4000000.0,-0.215,4074600000.0,-1348000000.0,1190300000.0,-0.282,1.135,-3.367,-3.361,1453000000.0,6500000.0,4.47,0.723,0.719,440100000.0,-5548600000.0,4717800000.0,4717800000.0,0.0,-0.058,-0.259,-0.104,-0.242,29800000.0,3120000000.0,1.0,763092589.0,759100000,759100000.0,6.215,8382800000.0,362400000.0,-377700000.0,208900000.0,11.043,2909300000.0
5,COTY,MRT,2020-03-31,2020-03-31,2020-03-31,2021-09-24,-478500000.0,18310000000.0,17666100000.0,3673100000.0,14636900000.0,0.221,4.906,-302800000.0,1311600000.0,1311600000.0,1646500000.0,-3024000000.0,1.19,3.818,9891800000.0,290800000.0,9601000000.0,9891800000.0,0.0,814900000.0,0.0,0.097,0.5,-3006400000.0,-2191500000.0,-0.56,-2191500000.0,-3006400000.0,-3212500000.0,-4.05,-4.05,-4.05,3732200000.0,4311450000.0,3732200000.0,11570242334.0,-4.0,-5.28,89900000.0,0.118,1.0,2265700000.0,0.579,12364300000.0,206100000.0,11440100000.0,10930400000.0,959900000.0,0.0,0.0,0.0,14250200000.0,3085800000.0,11164400000.0,3924442334.0,891400000.0,-553200000.0,2100000.0,1726900000.0,85900000.0,1386200000.0,-855800000.0,0.0,392700000.0,-31700000.0,-3039800000.0,-3039800000.0,-3039800000.0,-284800000.0,15800000.0,-0.777,5530300000.0,-3264600000.0,1422100000.0,-0.123,1.052,-1.291,-1.274,1833000000.0,0.0,5.16,1.003,1.003,844200000.0,-4782300000.0,3912200000.0,3912200000.0,0.0,-0.172,-0.705,-0.275,-0.768,25100000.0,2472100000.0,1.0,760550840.0,760800000,760800000.0,5.142,5945700000.0,284300000.0,-172700000.0,674000000.0,7.815,587300000.0
6,COTY,MRT,2019-12-31,2019-12-31,2019-12-31,2021-09-24,-77500000.0,17360900000.0,18277750000.0,3023300000.0,14337600000.0,0.265,5.899,-312300000.0,339500000.0,339500000.0,1926900000.0,-2763600000.0,0.86,2.858,7985300000.0,297300000.0,7688000000.0,7985300000.0,0.0,777400000.0,0.0,0.044,0.5,-2678900000.0,-1901500000.0,-0.393,-1901500000.0,-2678900000.0,-2893200000.0,-3.71,-3.71,-3.71,4471700000.0,5252825000.0,4471700000.0,16338184505.0,-6.0,-8.592,551600000.0,0.728,1.0,2913400000.0,0.602,12008500000.0,214300000.0,9484600000.0,10329150000.0,1015800000.0,0.0,0.0,0.0,12780700000.0,3513600000.0,9267100000.0,8526284505.0,-105500000.0,39000000.0,2600000.0,-328800000.0,58000000.0,-694700000.0,-273300000.0,0.0,863900000.0,-1400000.0,-2780300000.0,-2780300000.0,-2780300000.0,-245400000.0,16700000.0,-0.574,5793000000.0,-2879600000.0,1574800000.0,-0.135,1.907,-3.067,-3.032,1967400000.0,0.0,11.25,1.762,1.762,1110000000.0,-4510700000.0,4840300000.0,4840300000.0,0.0,-0.152,-0.529,-0.259,-0.553,23100000.0,2784700000.0,1.0,757891956.0,758100000,758100000.0,6.385,5352400000.0,189600000.0,-112900000.0,701600000.0,7.06,-490300000.0
7,COTY,MRT,2019-09-30,2019-09-30,2019-09-30,2021-09-24,-183400000.0,17283500000.0,19255200000.0,3132700000.0,14150800000.0,0.294,5.907,-379400000.0,381400000.0,381400000.0,2251300000.0,-3703200000.0,0.968,2.856,8193300000.0,281900000.0,7911400000.0,8193300000.0,0.0,755700000.0,0.0,0.048,0.5,-3491200000.0,-2735500000.0,-0.483,-2735500000.0,-3491200000.0,-3715400000.0,-4.96,-4.96,-4.96,4455000000.0,6036175000.0,4455000000.0,15209907580.0,-4.0,-5.56,382000000.0,0.506,1.0,3416500000.0,0.603,11881100000.0,224200000.0,9976900000.0,10253725000.0,1150800000.0,0.0,0.0,0.0,12724600000.0,3237400000.0,9487200000.0,7926607580.0,-71800000.0,39000000.0,1300000.0,-83900000.0,30500000.0,-475400000.0,-340400000.0,0.0,761400000.0,-17400000.0,-3719800000.0,-3719800000.0,-3719800000.0,-160500000.0,16600000.0,-0.656,7020200000.0,-3603700000.0,1548100000.0,-0.101,1.779,-2.131,-2.119,1961800000.0,0.0,10.51,1.399,1.399,1036600000.0,-4489600000.0,5667800000.0,5667800000.0,0.0,-0.193,-0.616,-0.34,-0.616,14600000.0,3152300000.0,1.0,754196725.0,754200000,758900000.0,7.515,5402400000.0,156000000.0,4400000.0,694600000.0,7.163,-104700000.0
8,COTY,MRT,2019-06-30,2019-06-30,2019-06-30,2021-09-24,-58800000.0,17710000000.0,20582500000.0,3270800000.0,14439200000.0,0.305,6.106,-426600000.0,380400000.0,380400000.0,2498500000.0,-3769600000.0,0.941,2.761,7663700000.0,193800000.0,7469900000.0,7663700000.0,0.0,736000000.0,0.0,0.037,0.5,-3613800000.0,-2877800000.0,-0.458,-2877800000.0,-3613800000.0,-3839000000.0,-5.04,-5.04,-5.04,4586900000.0,7074300000.0,4586900000.0,17336134339.0,-5.0,-6.024,213000000.0,0.284,1.0,3789400000.0,0.603,8698100000.0,225200000.0,12820000000.0,10146950000.0,860100000.0,0.0,0.0,0.0,12664800000.0,3475200000.0,9189600000.0,10068734339.0,18200000.0,-27400000.0,5900000.0,225700000.0,0.0,-160300000.0,-454000000.0,0.0,639600000.0,-7100000.0,-3784200000.0,-3784200000.0,-3784200000.0,-121000000.0,14600000.0,-0.602,7477800000.0,-3688400000.0,1583500000.0,-0.099,2.195,-2.661,-2.659,1332700000.0,0.0,13.4,1.601,1.601,858900000.0,-4541200000.0,6287900000.0,6287900000.0,0.0,-0.184,-0.535,-0.356,-0.575,14800000.0,3467900000.0,1.0,751398085.0,751200000,751200000.0,8.37,9011900000.0,110400000.0,-54800000.0,404200000.0,11.997,-204400000.0
9,COTY,MRT,2019-03-31,2019-03-31,2019-03-31,2021-09-24,-1500000.0,20756600000.0,21812550000.0,3402500000.0,17354100000.0,0.288,9.978,-461400000.0,420200000.0,420200000.0,2513800000.0,-1140300000.0,0.951,1.707,7687600000.0,196700000.0,7490900000.0,7687600000.0,0.0,743800000.0,0.0,0.043,0.5,-962900000.0,-219100000.0,-0.035,-219100000.0,-962900000.0,-1168600000.0,-1.57,-1.57,-1.57,7497700000.0,8140000000.0,7497700000.0,16011054108.0,-17.0,-73.076,214800000.0,0.286,1.0,3762500000.0,0.599,15410100000.0,205700000.0,9035100000.0,9156150000.0,1183500000.0,0.0,0.0,0.0,12801900000.0,3578800000.0,9223100000.0,8639454108.0,-66300000.0,-16500000.0,4600000.0,180300000.0,-376700000.0,-238300000.0,-477900000.0,0.0,676200000.0,-26300000.0,-1166100000.0,-1166100000.0,-1166100000.0,-234500000.0,25800000.0,-0.186,4883200000.0,-1120700000.0,1844000000.0,-0.318,1.152,-7.409,-7.325,1609200000.0,0.0,11.5,1.377,1.377,1211600000.0,-1741800000.0,6276300000.0,6276300000.0,0.0,-0.053,-0.143,-0.105,-0.153,12300000.0,3522000000.0,1.0,751256879.0,751400000,751400000.0,8.353,5346500000.0,183300000.0,-2500000.0,886100000.0,7.115,-176300000.0
10,COTY,MRT,2018-12-31,2018-12-31,2018-12-31,2021-09-24,33600000.0,21270700000.0,22564650000.0,3714400000.0,17556300000.0,0.288,10.125,-476300000.0,445000000.0,445000000.0,2584900000.0,-1196400000.0,0.961,1.732,7816600000.0,255700000.0,7560900000.0,7816600000.0,0.0,754200000.0,0.0,0.076,0.5,-1022800000.0,-268600000.0,-0.041,-268600000.0,-1022800000.0,-1229100000.0,-1.65,-1.65,-1.65,7605100000.0,8640400000.0,7605100000.0,12464252643.0,-12.0,-46.405,-132700000.0,-0.177,1.0,3923500000.0,0.603,15594400000.0,206300000.0,9182900000.0,9287875000.0,1164600000.0,0.0,0.0,0.0,13171800000.0,3865000000.0,9306800000.0,4927052643.0,19300000.0,-17400000.0,9800000.0,605400000.0,-376100000.0,189800000.0,-493700000.0,0.0,343600000.0,-20400000.0,-1231000000.0,-1231000000.0,-1231000000.0,-234500000.0,34600000.0,-0.189,5109000000.0,-1185500000.0,1818900000.0,-0.303,0.648,-4.002,-3.976,1625700000.0,0.0,6.56,0.757,0.757,1542700000.0,-1729700000.0,6508400000.0,6508400000.0,0.0,-0.055,-0.142,-0.11,-0.157,22600000.0,3703100000.0,1.0,751075098.0,751100000,751100000.0,8.665,5676300000.0,182700000.0,1900000.0,892200000.0,7.557,-150600000.0
11,COTY,MRT,2018-09-30,2018-09-30,2018-09-30,2021-09-24,110800000.0,22592700000.0,23108375000.0,3740000000.0,18852700000.0,0.287,11.464,-471500000.0,453200000.0,453200000.0,2653100000.0,-121800000.0,0.987,1.552,7990400000.0,200700000.0,7789700000.0,7990400000.0,0.0,753900000.0,0.0,0.04,0.5,-47200000.0,706700000.0,0.107,706700000.0,-47200000.0,-245500000.0,-0.22,-0.22,-0.22,8607500000.0,9096400000.0,8607500000.0,16592047796.0,-352.0,23.478,-130800000.0,-0.174,1.0,3981700000.0,0.6,16789000000.0,198300000.0,9549800000.0,9214700000.0,1251200000.0,0.0,0.0,0.0,13357400000.0,3791100000.0,9566300000.0,9429947796.0,-491400000.0,-274500000.0,12100000.0,351700000.0,-375300000.0,-71300000.0,-746000000.0,0.0,340700000.0,-14800000.0,-161200000.0,-161200000.0,-161200000.0,-234500000.0,39400000.0,-0.024,4187400000.0,-205700000.0,1794900000.0,-2.273,1.096,-58.498,-57.091,1648000000.0,0.0,12.56,1.421,1.421,1484400000.0,-769100000.0,6634800000.0,6634800000.0,0.0,-0.007,-0.018,-0.005,-0.007,30100000.0,3738300000.0,1.0,750792022.0,750800000,750800000.0,8.837,5803700000.0,219000000.0,-84300000.0,898900000.0,7.73,-51100000.0
12,COTY,MRT,2018-06-30,2018-06-30,2018-06-30,2021-09-24,158800000.0,22630200000.0,23353475000.0,3651000000.0,18979200000.0,0.293,11.804,-446400000.0,362200000.0,362200000.0,2718200000.0,-127800000.0,0.903,1.482,7524300000.0,218900000.0,7305400000.0,7524300000.0,0.0,737000000.0,0.0,0.035,0.5,-400000.0,736600000.0,0.108,736600000.0,-400000.0,-201000000.0,-0.23,-0.23,-0.23,8849700000.0,9307600000.0,8849700000.0,17956276029.0,-44891.0,24.377,-32700000.0,-0.044,1.0,4123600000.0,0.603,16891500000.0,200600000.0,8856800000.0,9130575000.0,1148900000.0,0.0,0.0,0.0,13113700000.0,4044000000.0,9069700000.0,10582576029.0,-208500000.0,-241200000.0,22600000.0,482800000.0,-375800000.0,69300000.0,-687600000.0,0.0,413700000.0,-3900000.0,-168800000.0,-168800000.0,-168800000.0,-234500000.0,41000000.0,-0.025,4279100000.0,-155500000.0,1928600000.0,-2.174,1.196,-62.693,-61.304,1680800000.0,0.0,14.1,1.547,1.545,1536000000.0,-626200000.0,6841800000.0,6841800000.0,0.0,-0.007,-0.018,0.0,0.0,30600000.0,3807100000.0,1.0,750537307.0,749700000,749700000.0,9.126,5738700000.0,107400000.0,-32200000.0,894600000.0,7.655,-393000000.0
13,COTY,MRT,2018-03-31,2018-03-31,2018-03-31,2021-09-24,536100000.0,23765000000.0,23332975000.0,3910600000.0,19854400000.0,0.4,12.664,-434000000.0,486500000.0,486500000.0,3586500000.0,-258600000.0,0.992,1.432,7860200000.0,231600000.0,7628600000.0,7860200000.0,0.0,683700000.0,0.0,0.027,0.5,-101200000.0,582500000.0,0.062,582500000.0,-101200000.0,-360000000.0,-0.45,-0.45,-0.45,9499300000.0,9423850000.0,9499300000.0,20738519892.0,-205.0,35.603,-194300000.0,-0.259,1.0,5753400000.0,0.616,17634900000.0,258800000.0,9562000000.0,8999025000.0,1258500000.0,0.0,0.0,0.0,13600000000.0,3941800000.0,9658200000.0,13722519892.0,-305500000.0,-254200000.0,23300000.0,532000000.0,-375300000.0,105000000.0,-688200000.0,0.0,239700000.0,38000000.0,-292300000.0,-292300000.0,-292300000.0,0.0,33700000.0,-0.031,5790100000.0,-36700000.0,1709300000.0,-1.111,1.445,-46.947,-40.667,1689200000.0,0.0,18.3,1.469,1.47,1555400000.0,-438400000.0,9339900000.0,9339900000.0,0.0,-0.013,-0.031,-0.011,-0.011,31600000.0,5061100000.0,1.0,749864475.0,750100000,750100000.0,12.452,6130100000.0,226500000.0,-67700000.0,1060000000.0,8.172,-31200000.0
14,COTY,MRT,2017-12-31,2017-12-31,2017-12-31,2021-09-24,283900000.0,23445600000.0,23085050000.0,3879200000.0,19566400000.0,0.396,12.579,-463500000.0,425700000.0,425700000.0,3590300000.0,-357900000.0,0.933,1.419,7441700000.0,295900000.0,7145800000.0,7441700000.0,0.0,675300000.0,0.0,0.025,0.5,-298000000.0,377300000.0,0.041,377300000.0,-298000000.0,-545000000.0,-0.57,-0.57,-0.57,9429100000.0,9451450000.0,9429100000.0,21727987168.0,-73.0,57.588,-61600000.0,-0.082,1.0,5559000000.0,0.608,17415600000.0,247000000.0,8890200000.0,8794850000.0,1155300000.0,0.0,0.0,0.0,13378800000.0,4155800000.0,9223000000.0,14907387168.0,-538500000.0,-852100000.0,22900000.0,747600000.0,-374900000.0,329200000.0,-1315600000.0,0.0,401900000.0,46000000.0,-379500000.0,-379500000.0,-379500000.0,0.0,21600000.0,-0.041,5808900000.0,-249900000.0,1758600000.0,-0.877,1.581,-39.282,-34.895,1647300000.0,0.0,19.89,1.629,1.63,1743900000.0,-361400000.0,9149300000.0,9149300000.0,0.0,-0.016,-0.04,-0.034,-0.033,31700000.0,4901900000.0,1.0,749491562.0,749600000,752700000.0,12.206,6030000000.0,199100000.0,-165500000.0,1027900000.0,8.044,-276600000.0
15,COTY,MRT,2017-09-30,2017-09-30,2017-09-30,2021-09-24,243500000.0,23573100000.0,22696400000.0,4249500000.0,19323600000.0,0.388,12.627,-454000000.0,944600000.0,944600000.0,3457700000.0,-424400000.0,1.076,1.434,7765200000.0,223300000.0,7541900000.0,7765200000.0,0.0,663900000.0,0.0,0.03,0.5,-477000000.0,186900000.0,0.021,186900000.0,-477000000.0,-721600000.0,-0.66,-0.66,-0.66,9452300000.0,9542450000.0,9452300000.0,18942488506.0,-40.0,101.351,309600000.0,0.414,1.0,5350700000.0,0.607,17231900000.0,244600000.0,9213300000.0,8597900000.0,1172000000.0,0.0,0.0,0.0,13556900000.0,3948500000.0,9608400000.0,12375788506.0,541600000.0,-738800000.0,27900000.0,1369600000.0,-374500000.0,956200000.0,-1192800000.0,0.0,763600000.0,14600000.0,-441900000.0,-441900000.0,-441900000.0,0.0,17500000.0,-0.05,5788500000.0,-437800000.0,1768300000.0,-0.758,1.309,-28.006,-25.045,1633800000.0,0.0,16.53,1.405,1.405,1609500000.0,-470600000.0,8808400000.0,8808400000.0,0.0,-0.019,-0.046,-0.055,-0.054,28400000.0,4752900000.0,1.0,748686540.0,748600000,748600000.0,11.766,6341200000.0,158200000.0,-279700000.0,1066700000.0,8.471,301000000.0
16,COTY,MRT,2017-06-30,2017-06-30,2017-06-30,2021-09-24,4400000.0,22548200000.0,18601475000.0,3581500000.0,18966700000.0,0.411,14.491,-432300000.0,570700000.0,570700000.0,3028300000.0,-398500000.0,0.942,1.361,7137400000.0,209100000.0,6928300000.0,7137400000.0,0.0,555100000.0,0.0,0.035,0.65,-463100000.0,92000000.0,0.012,92000000.0,-463100000.0,-681700000.0,-0.66,-0.66,-0.66,9314700000.0,7242125000.0,9314700000.0,20335995108.0,-44.0,221.043,325200000.0,0.506,1.0,4622000000.0,0.604,16980700000.0,218600000.0,8330600000.0,7561875000.0,1052600000.0,0.0,0.0,0.0,12679400000.0,3803600000.0,8875800000.0,14025695108.0,198300000.0,-731300000.0,-13500000.0,1034600000.0,-372600000.0,595200000.0,-1163600000.0,0.0,757500000.0,9200000.0,-422200000.0,-422200000.0,-422200000.0,0.0,23700000.0,-0.055,5042900000.0,-420900000.0,1732100000.0,-0.985,1.506,-33.221,-28.424,1632100000.0,0.0,18.76,1.833,1.576,1470300000.0,-459200000.0,7650300000.0,7650300000.0,0.0,-0.023,-0.058,-0.061,-0.061,24600000.0,4040700000.0,1.0,747638332.0,642800000,642800000.0,11.902,5567500000.0,72600000.0,-259500000.0,990900000.0,8.661,-222100000.0
17,COTY,MRT,2017-03-31,2017-03-31,2017-03-31,2021-09-24,-193700000.0,22773300000.0,14723325000.0,3746200000.0,19027100000.0,0.44,12.859,-319300000.0,792000000.0,792000000.0,2618800000.0,-128700000.0,1.15,1.315,7102300000.0,193000000.0,6909300000.0,7102300000.0,0.0,475900000.0,0.0,0.029,0.525,-181600000.0,294300000.0,0.045,294300000.0,-181600000.0,-366900000.0,-0.25,-0.25,-0.25,9609700000.0,5003500000.0,9609700000.0,19101144735.0,-105.0,64.904,443500000.0,0.593,1.0,3865800000.0,0.596,17080600000.0,185300000.0,8745300000.0,6640075000.0,1034300000.0,0.0,0.0,0.0,12636300000.0,3257700000.0,9378600000.0,13545244735.0,425400000.0,-754000000.0,-75900000.0,1115000000.0,-279200000.0,752000000.0,-1073300000.0,0.0,762800000.0,-16100000.0,-148400000.0,-148400000.0,-148400000.0,0.0,19700000.0,-0.023,4027500000.0,-161700000.0,1456500000.0,-2.1,1.41,-91.275,-72.52,1555800000.0,0.0,18.13,2.089,2.089,1380900000.0,-154400000.0,6484600000.0,6484600000.0,0.0,-0.01,-0.03,-0.027,-0.028,22900000.0,3275400000.0,1.0,747117746.0,747300000,747300000.0,8.677,5692700000.0,259500000.0,-218500000.0,1529700000.0,7.618,488500000.0
18,COTY,MRT,2016-12-31,2016-12-31,2016-12-31,2021-09-24,-283500000.0,21891000000.0,10786225000.0,3909300000.0,17981700000.0,0.501,13.117,-240800000.0,939200000.0,939200000.0,2171700000.0,10400000.0,1.246,1.226,6495100000.0,186700000.0,6308400000.0,6495100000.0,0.0,349400000.0,0.0,0.022,0.4,25100000.0,374500000.0,0.069,374500000.0,25100000.0,-124500000.0,-0.11,-0.11,-0.11,9793100000.0,2711925000.0,9793100000.0,17654173874.0,703.0,47.141,406900000.0,0.545,1.0,3231500000.0,0.598,16206700000.0,149600000.0,8102400000.0,5654900000.0,1014800000.0,0.0,0.0,0.0,12009900000.0,3137800000.0,8872100000.0,13665173874.0,481500000.0,-605200000.0,-65100000.0,972800000.0,-185800000.0,697900000.0,-857500000.0,-11500000.0,647700000.0,-6600000.0,-11000000.0,-11000000.0,-11000000.0,0.0,21400000.0,-0.002,3177700000.0,53800000.0,1401000000.0,-3.636,1.395,-1242.289,-166.455,1418700000.0,0.0,18.31,2.529,2.53,1450300000.0,9800000.0,5403200000.0,5403200000.0,0.0,-0.001,-0.004,0.004,0.005,19300000.0,2677200000.0,1.0,746322986.0,746600000,752400000.0,7.237,5684300000.0,223300000.0,-113500000.0,1640900000.0,7.614,771500000.0
19,COTY,MRT,2016-09-30,2016-09-30,2016-09-30,2021-09-24,-231900000.0,7193400000.0,6941400000.0,2107700000.0,5085700000.0,0.622,0.746,-165200000.0,378000000.0,378000000.0,1747100000.0,55900000.0,1.119,27.319,4367000000.0,156600000.0,4210400000.0,4367000000.0,0.0,234400000.0,0.0,0.012,0.275,159100000.0,393500000.0,0.091,393500000.0,159100000.0,52800000.0,0.09,0.08,0.09,251000000.0,365100000.0,251000000.0,11688217748.0,73.0,29.703,204500000.0,0.608,1.0,2569900000.0,0.595,4230300000.0,106300000.0,5069200000.0,4775650000.0,616700000.0,0.0,0.0,0.0,6857000000.0,1882900000.0,4974100000.0,7897817748.0,-13000000.0,-908700000.0,-634500000.0,1568700000.0,-181400000.0,717400000.0,-1103500000.0,-29600000.0,369700000.0,3400000.0,31200000.0,31200000.0,31200000.0,0.0,24700000.0,0.007,2351000000.0,218900000.0,964600000.0,3.056,31.465,253.135,261.111,665700000.0,0.0,23.5,1.829,1.831,768500000.0,-37000000.0,4317000000.0,4317000000.0,0.0,0.004,0.085,0.033,0.037,15800000.0,2022400000.0,1.0,336077351.0,336300000,336300000.0,12.837,2963100000.0,124600000.0,21600000.0,307500000.0,8.811,224800000.0
20,COTY,MRT,2016-06-30,2016-06-30,2016-06-30,2021-09-24,-239700000.0,7035600000.0,6682300000.0,1938400000.0,5097200000.0,0.651,1.043,-120900000.0,372400000.0,372400000.0,1746000000.0,179200000.0,1.045,18.31,4098200000.0,161800000.0,3936400000.0,4098200000.0,0.0,232000000.0,0.0,0.01,0.25,198400000.0,430400000.0,0.099,430400000.0,198400000.0,116500000.0,0.45,0.44,0.45,360200000.0,520975000.0,360200000.0,12576773755.0,63.0,29.221,380500000.0,1.101,1.0,2603100000.0,0.599,4262800000.0,81900000.0,4643400000.0,4365600000.0,565800000.0,0.0,0.0,0.0,6595200000.0,1855200000.0,4740000000.0,8812873755.0,31100000.0,-908700000.0,-750200000.0,1475400000.0,-89000000.0,592600000.0,-1059200000.0,-29600000.0,501400000.0,-3700000.0,156900000.0,156900000.0,156900000.0,0.0,22300000.0,0.036,2348900000.0,254200000.0,921400000.0,0.556,24.467,56.169,57.756,638600000.0,0.0,25.99,2.026,2.065,682900000.0,-37000000.0,4349100000.0,4349100000.0,0.0,0.023,0.301,0.045,0.046,22200000.0,2027800000.0,1.0,339087101.0,345500000,354200000.0,12.588,2772800000.0,126200000.0,-40400000.0,362800000.0,8.025,83200000.0
21,COTY,MRT,2016-03-31,2016-03-31,2016-03-31,2021-09-24,-250900000.0,7024900000.0,6428125000.0,1899100000.0,5125800000.0,0.668,1.312,-150600000.0,366600000.0,366600000.0,1694500000.0,236000000.0,1.098,14.639,4130500000.0,133500000.0,3997000000.0,4130500000.0,0.0,229300000.0,0.0,0.009,0.25,172900000.0,402200000.0,0.094,402200000.0,172900000.0,100500000.0,0.59,0.56,0.59,443400000.0,673375000.0,443400000.0,12556974600.0,73.0,31.221,432800000.0,1.281,1.0,2598500000.0,0.605,4254000000.0,72400000.0,4804600000.0,4040200000.0,579100000.0,0.0,0.0,0.0,6490900000.0,1730200000.0,4760700000.0,9383174600.0,-777500000.0,-885800000.0,-687100000.0,523500000.0,-89000000.0,-354200000.0,-1062000000.0,-29600000.0,583400000.0,55300000.0,208900000.0,208900000.0,208900000.0,0.0,27100000.0,0.049,2364800000.0,233700000.0,796800000.0,0.424,21.162,44.917,47.169,605700000.0,0.0,27.83,2.186,2.19,661500000.0,-6000000.0,4293000000.0,4293000000.0,0.0,0.032,0.31,0.043,0.04,43100000.0,2059500000.0,1.0,337160424.0,337900000,337900000.0,12.705,2770900000.0,106600000.0,-108400000.0,408300000.0,8.2,168900000.0
22,COTY,MRT,2015-12-31,2015-12-31,2015-12-31,2021-09-24,-285000000.0,6511700000.0,6198925000.0,1940600000.0,4571100000.0,0.69,1.176,-145500000.0,482700000.0,482700000.0,1677300000.0,338500000.0,1.133,14.811,3656500000.0,85600000.0,3570900000.0,3656500000.0,0.0,227100000.0,0.0,0.01,0.25,271500000.0,498600000.0,0.117,498600000.0,271500000.0,206600000.0,0.89,0.85,0.89,405800000.0,688275000.0,405800000.0,11271743989.0,42.0,22.607,542900000.0,1.574,1.0,2598800000.0,0.608,3387200000.0,64900000.0,4585400000.0,3890375000.0,505900000.0,0.0,0.0,0.0,6010200000.0,1712900000.0,4297300000.0,8895243989.0,-720500000.0,-465800000.0,-795600000.0,262500000.0,-89000000.0,-733500000.0,-625400000.0,-18100000.0,688400000.0,-50000000.0,311200000.0,311200000.0,311200000.0,0.0,27300000.0,0.073,2273400000.0,325400000.0,781400000.0,0.281,21.92,28.584,28.798,486900000.0,0.0,25.63,2.08,2.068,697200000.0,20800000.0,4276100000.0,4276100000.0,0.0,0.05,0.452,0.07,0.063,34500000.0,2010300000.0,1.0,347063753.0,345000000,354300000.0,12.394,3124500000.0,93400000.0,-104600000.0,357600000.0,9.057,227700000.0
23,COTY,MRT,2015-09-30,2015-09-30,2015-09-30,2021-09-24,-286100000.0,6157000000.0,6168325000.0,2038000000.0,4119000000.0,0.701,2.429,-138800000.0,416000000.0,416000000.0,1718500000.0,375800000.0,1.208,5.923,2792500000.0,41900000.0,2750600000.0,2792500000.0,0.0,229600000.0,0.0,0.009,0.25,328800000.0,558400000.0,0.129,558400000.0,328800000.0,259400000.0,0.98,0.95,0.98,874500000.0,747150000.0,874500000.0,12058729699.0,37.0,21.595,478000000.0,1.328,1.0,2606700000.0,0.603,3417300000.0,69400000.0,3429000000.0,3562575000.0,585900000.0,0.0,0.0,0.0,5179300000.0,1687200000.0,3492100000.0,9765329699.0,-586700000.0,-18500000.0,-397800000.0,-439700000.0,-71000000.0,-983600000.0,-153300000.0,0.0,616800000.0,-66600000.0,347600000.0,347600000.0,347600000.0,0.0,28200000.0,0.08,2250000000.0,356700000.0,773100000.0,0.255,11.167,28.094,27.612,483600000.0,0.0,27.06,2.258,2.252,772900000.0,-68200000.0,4325200000.0,4325200000.0,0.0,0.056,0.465,0.092,0.076,40000000.0,2029800000.0,1.0,360876929.0,360000000,369900000.0,12.014,2739700000.0,94600000.0,-88200000.0,376700000.0,7.61,350800000.0
24,COTY,MRT,2015-06-30,2015-06-30,2015-06-30,2021-09-24,-274000000.0,6018900000.0,6235750000.0,1856400000.0,4162500000.0,0.705,2.745,-156100000.0,341300000.0,341300000.0,1757000000.0,259400000.0,1.216,5.102,2634700000.0,28800000.0,2605900000.0,2634700000.0,0.0,230900000.0,0.0,0.006,0.2,279400000.0,510300000.0,0.116,510300000.0,279400000.0,206400000.0,0.66,0.64,0.66,969800000.0,699675000.0,969800000.0,13960681400.0,50.0,27.358,370200000.0,1.048,1.0,2638200000.0,0.6,3444300000.0,73000000.0,3341800000.0,3504500000.0,557800000.0,0.0,0.0,0.0,4947900000.0,1526200000.0,3421700000.0,11518381400.0,-896700000.0,-19100000.0,-244100000.0,-737900000.0,-71000000.0,-1138200000.0,-171200000.0,0.0,526300000.0,-113600000.0,232500000.0,232500000.0,232500000.0,0.0,26900000.0,0.053,2243100000.0,395100000.0,748400000.0,0.303,11.877,49.541,48.439,500200000.0,0.0,31.97,2.621,2.57,679600000.0,-193900000.0,4395200000.0,4395200000.0,0.0,0.037,0.332,0.08,0.064,30600000.0,2066100000.0,1.0,360287188.0,353300000,362900000.0,12.44,2574600000.0,97100000.0,-26100000.0,382400000.0,7.287,330200000.0
25,COTY,MRT,2015-03-31,2015-03-31,2015-03-31,2021-09-24,-326600000.0,6108100000.0,6379150000.0,2497000000.0,3611100000.0,0.692,1.459,-153900000.0,1144100000.0,1144100000.0,1791700000.0,221000000.0,1.943,10.922,3586400000.0,35500000.0,3550900000.0,3586400000.0,0.0,235100000.0,0.0,0.008,0.2,285300000.0,520400000.0,0.118,520400000.0,285300000.0,211900000.0,0.54,0.53,0.54,503000000.0,668175000.0,503000000.0,10549166919.0,37.0,20.271,327700000.0,0.951,1.0,2625500000.0,0.594,3059900000.0,73400000.0,4205300000.0,3636750000.0,513400000.0,0.0,0.0,0.0,5494000000.0,1285200000.0,4208800000.0,8347266919.0,-3100000.0,-30600000.0,-270800000.0,293700000.0,-71000000.0,-135400000.0,-184500000.0,0.0,481600000.0,-164800000.0,191400000.0,191400000.0,191400000.0,0.0,29600000.0,0.043,2218400000.0,407100000.0,607900000.0,0.37,16.595,43.612,44.944,473600000.0,0.0,24.27,1.89,1.894,610500000.0,-214900000.0,4417200000.0,4417200000.0,0.0,0.03,0.286,0.078,0.065,17000000.0,2057500000.0,1.0,343933536.0,344700000,354800000.0,12.815,3048200000.0,65100000.0,20500000.0,292200000.0,8.843,1211800000.0
26,COTY,MRT,2014-12-31,2014-12-31,2014-12-31,2021-09-24,-203800000.0,6389300000.0,6479125000.0,2720900000.0,3668400000.0,0.693,1.815,-170900000.0,1203200000.0,1203200000.0,1835500000.0,-107900000.0,1.223,8.795,3405100000.0,691600000.0,2713500000.0,3405100000.0,0.0,240800000.0,0.0,0.01,0.2,-99700000.0,141100000.0,0.031,141100000.0,-99700000.0,-172800000.0,-0.34,-0.34,-0.34,641300000.0,887125000.0,641300000.0,9583932663.0,-96.0,67.923,273300000.0,0.773,1.0,2656600000.0,0.591,3091500000.0,73100000.0,3274200000.0,3435125000.0,526700000.0,0.0,0.0,0.0,5640200000.0,2225500000.0,3414700000.0,7348732663.0,49200000.0,-35100000.0,-238200000.0,247300000.0,-71000000.0,-110400000.0,-206000000.0,0.0,444200000.0,-78600000.0,-137400000.0,-137400000.0,-137400000.0,0.0,29500000.0,-0.031,2636200000.0,20400000.0,700000000.0,-0.588,11.459,-53.484,-60.765,500500000.0,0.0,20.66,1.636,1.625,736700000.0,-290400000.0,4492100000.0,4492100000.0,0.0,-0.021,-0.155,-0.029,-0.022,31400000.0,2155700000.0,1.0,355698580.0,353400000,362600000.0,12.711,3297800000.0,69600000.0,-35400000.0,294600000.0,9.332,495400000.0
27,COTY,MRT,2014-09-30,2014-09-30,2014-09-30,2021-09-24,-158400000.0,6426700000.0,6599050000.0,2699900000.0,3726800000.0,0.69,1.933,-192300000.0,1002700000.0,1002700000.0,1875900000.0,-149700000.0,1.156,8.24,3237900000.0,683000000.0,2554900000.0,3237900000.0,0.0,244700000.0,0.0,0.024,0.4,-140700000.0,104000000.0,0.023,104000000.0,-140700000.0,-211400000.0,-0.48,-0.48,-0.48,684600000.0,1147450000.0,684600000.0,7915816074.0,-56.0,76.114,269200000.0,0.76,1.0,2679800000.0,0.588,3129200000.0,70700000.0,3196700000.0,3406150000.0,638700000.0,0.0,0.0,0.0,5641000000.0,2336000000.0,3305000000.0,5860316074.0,55900000.0,-35100000.0,-72000000.0,58100000.0,-76900000.0,-144000000.0,-227400000.0,0.0,461500000.0,-34200000.0,-180300000.0,-180300000.0,-180300000.0,0.0,30600000.0,-0.04,2699600000.0,-19800000.0,793200000.0,-0.833,8.56,-32.503,-34.479,518600000.0,0.0,16.55,1.286,1.287,805300000.0,-415800000.0,4555700000.0,4555700000.0,0.0,-0.027,-0.157,-0.041,-0.031,32700000.0,2223800000.0,1.0,354097648.0,354200000,364300000.0,12.862,3297500000.0,71000000.0,-31100000.0,264700000.0,9.31,363900000.0
28,COTY,MRT,2014-06-30,2014-06-30,2014-06-30,2021-09-24,-85100000.0,6592500000.0,6674675000.0,2784800000.0,3807700000.0,0.682,2.211,-198100000.0,1238000000.0,1238000000.0,1865700000.0,-64200000.0,1.743,6.674,3293500000.0,33400000.0,3260100000.0,3293500000.0,0.0,250700000.0,0.0,0.012,0.2,-8800000.0,241900000.0,0.053,241900000.0,-8800000.0,-77300000.0,-0.26,-0.26,-0.26,843800000.0,1368225000.0,843800000.0,8097484973.0,-920.0,33.475,338400000.0,0.887,1.0,2685900000.0,0.59,3179900000.0,68500000.0,3870800000.0,3432700000.0,617400000.0,0.0,0.0,0.0,5631900000.0,1597300000.0,4034600000.0,6499584973.0,317600000.0,-59500000.0,-78400000.0,193400000.0,-76900000.0,-5700000.0,-257600000.0,0.0,536500000.0,44400000.0,-97400000.0,-97400000.0,-97400000.0,0.0,33200000.0,-0.021,2660200000.0,25700000.0,810200000.0,-0.769,7.703,-66.731,-65.885,540300000.0,0.0,17.13,1.428,1.437,664800000.0,-426400000.0,4551600000.0,4551600000.0,0.0,-0.015,-0.071,-0.003,-0.002,46800000.0,2219600000.0,1.0,379427027.0,381700000,381700000.0,11.925,3412600000.0,74800000.0,20100000.0,303400000.0,8.941,1187500000.0
29,COTY,MRT,2014-03-31,2014-03-31,2014-03-31,2021-09-24,-60000000.0,6508000000.0,6644050000.0,2697000000.0,3811000000.0,0.688,3.591,-205200000.0,1147200000.0,1147200000.0,1855300000.0,-107600000.0,1.79,3.63,2745100000.0,10000000.0,2735100000.0,2745100000.0,0.0,256900000.0,0.0,0.013,0.2,-16300000.0,240600000.0,0.053,240600000.0,-16300000.0,-88700000.0,-0.37,-0.37,-0.37,1378800000.0,1530775000.0,1378800000.0,7216832773.0,-443.0,29.995,339300000.0,0.884,1.0,2713600000.0,0.594,3200700000.0,72400000.0,3398800000.0,3269200000.0,588900000.0,0.0,0.0,0.0,5004700000.0,1506400000.0,3498300000.0,5761732773.0,364300000.0,-64300000.0,-60300000.0,210500000.0,-76900000.0,40000000.0,-269500000.0,0.0,544500000.0,49300000.0,-139600000.0,-139600000.0,-139600000.0,0.0,32000000.0,-0.031,2700400000.0,13200000.0,717200000.0,-0.541,4.179,-41.273,-40.486,526900000.0,0.0,14.98,1.261,1.259,664800000.0,-406300000.0,4568900000.0,4568900000.0,0.0,-0.021,-0.091,-0.005,-0.004,73400000.0,2247900000.0,1.0,384628356.0,384000000,384000000.0,11.898,3307300000.0,85100000.0,50900000.0,383300000.0,8.613,1190600000.0
30,COTY,MRT,2013-12-31,2013-12-31,2013-12-31,2021-09-24,-60200000.0,6869000000.0,,2749700000.0,4119300000.0,,4.377,-205100000.0,1154000000.0,1154000000.0,1842300000.0,169000000.0,1.655,3.01,2609100000.0,29000000.0,2580100000.0,2609100000.0,0.0,261200000.0,0.0,0.013,0.2,281000000.0,542200000.0,0.119,542200000.0,281000000.0,205700000.0,0.34,0.34,0.34,1682600000.0,,1682600000.0,7539834302.0,27.0,13.906,410900000.0,1.069,1.0,2715600000.0,0.596,3503900000.0,75300000.0,3158300000.0,,559900000.0,0.0,0.0,0.0,5063800000.0,1661900000.0,3401900000.0,5859934302.0,401900000.0,-59800000.0,3000000.0,140600000.0,-76900000.0,30900000.0,-264900000.0,0.0,616000000.0,19900000.0,134100000.0,134100000.0,134100000.0,0.0,34900000.0,0.029,2400300000.0,315300000.0,748100000.0,0.588,3.483,43.698,44.853,529500000.0,0.0,15.25,1.286,1.286,779000000.0,-153000000.0,4557900000.0,4557900000.0,0.0,,,,0.062,122800000.0,2264800000.0,1.0,384257987.0,384400000,393300000.0,11.857,3365100000.0,85700000.0,71600000.0,383400000.0,8.754,1087800000.0
31,COTY,MRT,2013-09-30,2013-09-30,2013-09-30,2021-09-24,-75100000.0,6729200000.0,,2643800000.0,4085400000.0,,4.083,-174500000.0,946800000.0,946800000.0,1855900000.0,209300000.0,1.663,3.214,2626700000.0,31500000.0,2595200000.0,2626700000.0,0.0,263000000.0,0.0,0.0,0.0,360400000.0,623400000.0,0.135,623400000.0,360400000.0,283400000.0,0.45,0.44,0.45,1567700000.0,,1567700000.0,7936903709.0,22.0,12.732,415300000.0,1.082,1.0,2758300000.0,0.598,3516600000.0,77000000.0,3302900000.0,,664700000.0,0.0,0.0,0.0,5038300000.0,1589600000.0,3448700000.0,6227103709.0,378400000.0,-78000000.0,-500000.0,120000000.0,-57400000.0,24200000.0,-252500000.0,0.0,589800000.0,16900000.0,174800000.0,174800000.0,174800000.0,0.0,34500000.0,0.038,2383500000.0,374800000.0,753000000.0,0.0,3.972,35.624,36.022,513200000.0,0.0,16.21,1.35,1.349,789700000.0,-235500000.0,4614200000.0,4614200000.0,0.0,,,,0.078,123600000.0,2252700000.0,1.0,384151987.0,384000000,393500000.0,12.016,3212600000.0,86100000.0,108600000.0,381800000.0,8.366,1054200000.0
32,COTY,MRT,2013-06-30,2013-06-30,2013-06-30,2021-09-24,-118600000.0,6470000000.0,6326700000.0,2416900000.0,4053100000.0,0.735,3.914,-168900000.0,920400000.0,920400000.0,1860300000.0,201900000.0,1.652,3.249,2630200000.0,40100000.0,2590100000.0,2630200000.0,0.0,259600000.0,0.0,0.0,0.0,361300000.0,620900000.0,0.134,620900000.0,361300000.0,284800000.0,0.44,0.42,0.44,1494000000.0,1175600000.0,1494000000.0,8427928334.0,23.0,13.574,295000000.0,0.773,1.0,2788800000.0,0.6,3499800000.0,76500000.0,3216800000.0,2906850000.0,608200000.0,0.0,0.0,0.0,4854500000.0,1463200000.0,3391300000.0,6577028334.0,311000000.0,-61000000.0,-1300000.0,168400000.0,-57400000.0,69000000.0,-229900000.0,0.0,463900000.0,8000000.0,168000000.0,168000000.0,168000000.0,0.0,33900000.0,0.036,2413700000.0,375100000.0,711700000.0,0.0,4.402,39.149,39.045,500700000.0,0.0,17.18,1.415,1.411,622700000.0,-329000000.0,4649100000.0,4649100000.0,0.0,0.027,0.143,0.124,0.078,144400000.0,2283700000.0,1.0,382830520.0,381700000,396400000.0,12.18,2970200000.0,83600000.0,116800000.0,360300000.0,7.782,953700000.0
33,COTY,MRT,2013-03-31,2013-03-31,2013-03-31,2021-09-24,,,,,,,,,,,,,,,,,,,,,,,0.0,,,,,,,,,,,,,,,,,,1.0,,,,,,,,,,,,,,,,,,,,,,,,,,,,,,,,,,,,,,,,,,,,,,,,,,,,,,1.0,382830520.0,382800000,,,,,,,,
34,COTY,MRT,2012-12-31,2012-12-31,2012-12-31,2021-09-24,,,,,,,,,,,,,,,,,,,,,,,0.0,,,,,,,,,,,,,,,,,,1.0,,,,,,,,,,,,,,,,,,,,,,,,,,,,,,,,,,,,,,,,,,,,,,,,,,,,,,1.0,382830520.0,381300000,,,,,,,,
35,COTY,MRT,2012-09-30,2012-09-30,2012-09-30,2021-09-24,,,,,,,,,,,,,,,,,,,,,,,0.0,,,,,,,,,,,,,,,,,,1.0,,,,,,,,,,,,,,,,,,,,,,,,,,,,,,,,,,,,,,,,,,,,,,,,,,,,,,1.0,382830520.0,379600000,,,,,,,,
36,COTY,MRT,2012-06-30,2012-06-30,2012-06-30,2021-09-24,-147200000.0,6183400000.0,6498650000.0,2138500000.0,4044900000.0,0.71,2.298,-174800000.0,609400000.0,609400000.0,1824000000.0,-293300000.0,1.118,5.886,2460300000.0,190100000.0,2270200000.0,2460300000.0,0.0,246000000.0,0.0,,0.0,-272600000.0,-26600000.0,-0.006,-26600000.0,-272600000.0,-362200000.0,-0.87,-0.87,-0.87,857200000.0,1109550000.0,857200000.0,,,,414500000.0,1.111,1.0,2787300000.0,0.604,3524400000.0,89600000.0,2596900000.0,2734050000.0,648300000.0,0.0,0.0,0.0,5045900000.0,1913000000.0,3132900000.0,,98600000.0,-159100000.0,127000000.0,-161800000.0,0.0,-97700000.0,-333900000.0,0.0,589300000.0,-59100000.0,-324400000.0,-324400000.0,-324400000.0,0.0,31100000.0,-0.07,2996800000.0,-209500000.0,694600000.0,0.0,,,,465800000.0,0.0,,,,580500000.0,-390300000.0,4611300000.0,4611300000.0,0.0,-0.05,-0.292,-0.1,-0.059,142600000.0,2309700000.0,1.0,382830520.0,373000000,373000000.0,12.363,2659000000.0,87700000.0,-37800000.0,334000000.0,7.129,225500000.0
37,COTY,MRT,2011-06-30,2011-06-30,2011-06-30,2021-09-24,200000.0,6813900000.0,,2087100000.0,4726800000.0,,4.134,-82000000.0,510800000.0,510800000.0,1640000000.0,89900000.0,1.14,3.931,2622400000.0,47300000.0,2575100000.0,2622400000.0,0.0,213400000.0,0.0,,0.0,248300000.0,461700000.0,0.113,461700000.0,248300000.0,156800000.0,0.19,0.18,0.19,1361900000.0,,1361900000.0,,,,335500000.0,1.019,1.0,2446100000.0,0.599,4222800000.0,91500000.0,2871200000.0,,677300000.0,0.0,0.0,0.0,5353900000.0,1831500000.0,3522400000.0,,123300000.0,-2170500000.0,778500000.0,1196900000.0,-35300000.0,1903800000.0,-2252500000.0,0.0,417500000.0,54500000.0,61700000.0,61700000.0,61700000.0,0.0,28200000.0,0.015,2165200000.0,280900000.0,676900000.0,0.0,,,,463000000.0,0.0,,,,597900000.0,-65900000.0,4086100000.0,4086100000.0,0.0,,,,0.061,88500000.0,2034200000.0,1.0,,329400000,339100000.0,12.405,2591100000.0,92300000.0,95100000.0,480700000.0,7.866,255600000.0
38,COTY,MRT,2010-06-30,2010-06-30,2010-06-30,2021-09-24,,,,,,,,-86700000.0,,,1473200000.0,87300000.0,,,,,,,,199200000.0,,,0.0,167700000.0,366900000.0,0.105,366900000.0,167700000.0,94100000.0,0.22,0.22,0.22,,,,,,,407300000.0,1.454,1.0,2009700000.0,0.577,,73600000.0,,,,,,,,,,,296400000.0,-34400000.0,0.0,41600000.0,0.0,-7000000.0,-149900000.0,0.0,494000000.0,-40700000.0,61700000.0,61700000.0,61700000.0,0.0,25600000.0,0.018,1825200000.0,184500000.0,,0.0,,,,,0.0,,,,,,3482900000.0,3482900000.0,0.0,,,,0.048,65900000.0,1723000000.0,1.0,,280200000,280200000.0,12.43,,,32400000.0,,,
