None,ticker,dimension,calendardate,datekey,reportperiod,lastupdated,accoci,assets,assetsavg,assetsc,assetsnc,assetturnover,bvps,capex,cashneq,cashnequsd,cor,consolinc,currentratio,de,debt,debtc,debtnc,debtusd,deferredrev,depamor,deposits,divyield,dps,ebit,ebitda,ebitdamargin,ebitdausd,ebitusd,ebt,eps,epsdil,epsusd,equity,equityavg,equityusd,ev,evebit,evebitda,fcf,fcfps,fxusd,gp,grossmargin,intangibles,intexp,invcap,invcapavg,inventory,investments,investmentsc,investmentsnc,liabilities,liabilitiesc,liabilitiesnc,marketcap,ncf,ncfbus,ncfcommon,ncfdebt,ncfdiv,ncff,ncfi,ncfinv,ncfo,ncfx,netinc,netinccmn,netinccmnusd,netincdis,netincnci,netmargin,opex,opinc,payables,payoutratio,pb,pe,pe1,ppnenet,prefdivis,price,ps,ps1,receivables,retearn,revenue,revenueusd,rnd,roa,roe,roic,ros,sbcomp,sgna,sharefactor,sharesbas,shareswa,shareswadil,sps,tangibles,taxassets,taxexp,taxliabilities,tbvps,workingcapital
0,MSCI,MRY,2020-12-31,2020-12-31,2020-12-31,2021-07-27,-58859000.0,4198647000.0,4102395750.0,1925598000.0,2273049000.0,0.413,-5.294,-50975000.0,1300521000.0,1300521000.0,291704000.0,601822000.0,1.885,-10.473,3519119000.0,0.0,3519119000.0,3519119000.0,675870000.0,110795000.0,0.0,0.007,2.92,842549000.0,953344000.0,0.562,953344000.0,842549000.0,686225000.0,7.19,7.12,7.19,-443234000.0,-373770750.0,-443234000.0,39230859211.0,47.0,41.151,760134000.0,9.08,1.0,1403686000.0,0.828,1800770000.0,156324000.0,3594706000.0,3630495250.0,0.0,190898000.0,0.0,190898000.0,4641881000.0,1021769000.0,3620112000.0,37015122211.0,-206046000.0,0.0,-778519000.0,262618000.0,-246444000.0,-779038000.0,-241791000.0,-190816000.0,811109000.0,3674000.0,601822000.0,601822000.0,601822000.0,0.0,0.0,0.355,518922000.0,884764000.0,14253000.0,0.406,-83.511,61.505,62.104,233776000.0,0.0,446.53,21.833,22.049,558569000.0,2554295000.0,1695390000.0,1695390000.0,101053000.0,0.147,-1.61,0.232,0.497,51094000.0,331123000.0,1.0,82895040.0,83716000,84517000.0,20.252,2397877000.0,43724000.0,84403000.0,38969000.0,28.643,903829000.0
1,MSCI,MRY,2019-12-31,2019-12-31,2019-12-31,2021-07-27,-62579000.0,4204439000.0,3601209000.0,2081777000.0,2122662000.0,0.433,-0.906,-53760000.0,1506567000.0,1506567000.0,294961000.0,563648000.0,2.311,-55.807,3236070000.0,0.0,3236070000.0,3236070000.0,574656000.0,101898000.0,0.0,0.01,2.52,751359000.0,853257000.0,0.548,853257000.0,751359000.0,603318000.0,6.66,6.59,6.66,-76714000.0,-193220000.0,-76714000.0,23730298969.0,32.0,27.811,655763000.0,7.747,1.0,1262835000.0,0.811,1824355000.0,148041000.0,3208801000.0,2917691500.0,0.0,0.0,0.0,0.0,4281153000.0,900786000.0,3380367000.0,21869722969.0,602391000.0,-18177000.0,-288839000.0,486875000.0,-222922000.0,-36667000.0,-71937000.0,0.0,709523000.0,1472000.0,563648000.0,563648000.0,563648000.0,0.0,0.0,0.362,507134000.0,755701000.0,6498000.0,0.378,-285.081,38.8,38.766,257114000.0,0.0,258.18,14.039,14.028,499268000.0,2199294000.0,1557796000.0,1557796000.0,98334000.0,0.157,-2.917,0.258,0.482,41199000.0,329391000.0,1.0,84707270.0,84644000,85536000.0,18.404,2380084000.0,52501000.0,39670000.0,80849000.0,28.119,1180991000.0
2,MSCI,MRY,2018-12-31,2018-12-31,2018-12-31,2021-07-27,-58399000.0,3387952000.0,3581163500.0,1435089000.0,1952863000.0,0.4,-1.91,-48951000.0,904176000.0,904176000.0,287335000.0,507885000.0,1.774,-21.349,2575502000.0,0.0,2575502000.0,2575502000.0,537977000.0,85535000.0,0.0,0.013,1.92,763010000.0,848545000.0,0.592,848545000.0,763010000.0,629896000.0,5.83,5.66,5.83,-166494000.0,244935750.0,-166494000.0,14154901370.0,19.0,16.681,563811000.0,6.467,1.0,1146649000.0,0.8,1826564000.0,133114000.0,2423706000.0,2346612500.0,0.0,0.0,0.0,0.0,3554446000.0,809008000.0,2745438000.0,12978683370.0,14674000.0,83825000.0,-949283000.0,500000000.0,-170938000.0,-626483000.0,34874000.0,0.0,612762000.0,-6479000.0,507885000.0,507885000.0,507885000.0,0.0,0.0,0.354,459751000.0,686898000.0,3892000.0,0.329,-77.953,25.554,25.288,90877000.0,0.0,147.43,9.051,8.963,473433000.0,1856951000.0,1433984000.0,1433984000.0,81411000.0,0.142,2.074,0.325,0.532,38897000.0,292805000.0,1.0,88032852.0,87179000,89701000.0,16.449,1561388000.0,34176000.0,122011000.0,98261000.0,17.91,626081000.0
3,MSCI,MRY,2017-12-31,2017-12-31,2017-12-31,2021-07-27,-48347000.0,3275668000.0,3131343750.0,1267129000.0,2008539000.0,0.407,4.439,-48817000.0,889502000.0,889502000.0,273681000.0,303972000.0,2.085,7.169,2078093000.0,0.0,2078093000.0,2078093000.0,374365000.0,79987000.0,0.0,0.01,1.32,582997000.0,662984000.0,0.52,662984000.0,582997000.0,466899000.0,3.36,3.31,3.36,401012000.0,336841000.0,401012000.0,12675666393.0,22.0,19.119,355341000.0,3.934,1.0,1000491000.0,0.785,1882457000.0,116098000.0,1974131000.0,1979960250.0,0.0,0.0,0.0,0.0,2874656000.0,607671000.0,2266985000.0,11397311393.0,97668000.0,0.0,-147826000.0,0.0,-119717000.0,-267543000.0,-48046000.0,771000.0,404158000.0,9099000.0,303972000.0,303972000.0,303972000.0,0.0,0.0,0.239,420721000.0,579770000.0,1612000.0,0.393,28.421,37.495,37.661,94437000.0,0.0,126.54,8.945,8.971,327597000.0,1505204000.0,1274172000.0,1274172000.0,75849000.0,0.097,0.902,0.294,0.458,36576000.0,264885000.0,1.0,90068843.0,90336000,91914000.0,14.105,1393211000.0,27116000.0,162927000.0,92855000.0,15.423,659458000.0
4,MSCI,MRY,2016-12-31,2016-12-31,2016-12-31,2021-07-27,-60735000.0,3082578000.0,3003070500.0,1055670000.0,2026908000.0,0.383,3.309,-42628000.0,791834000.0,791834000.0,252107000.0,260855000.0,1.967,8.706,2075201000.0,0.0,2075201000.0,2075201000.0,334358000.0,81353000.0,0.0,0.013,1.0,487589000.0,568942000.0,0.494,568942000.0,487589000.0,385938000.0,2.72,2.7,2.72,317605000.0,504983250.0,317605000.0,8515496212.0,17.0,14.967,399735000.0,4.165,1.0,898562000.0,0.781,1903490000.0,101651000.0,1925885000.0,1745299250.0,0.0,0.0,0.0,0.0,2764973000.0,536570000.0,2228403000.0,7415080212.0,14128000.0,597000.0,-769525000.0,500000000.0,-96191000.0,-372899000.0,-42031000.0,0.0,442363000.0,-13305000.0,260855000.0,260855000.0,260855000.0,0.0,0.0,0.227,410458000.0,488104000.0,568000.0,0.368,23.347,28.426,28.963,95585000.0,0.0,78.78,6.444,6.572,221504000.0,1322224000.0,1150669000.0,1150669000.0,75204000.0,0.087,0.517,0.279,0.424,32001000.0,253901000.0,1.0,94123892.0,95986000,96540000.0,11.988,1179088000.0,21920000.0,125083000.0,94067000.0,12.284,519100000.0
5,MSCI,MRY,2015-12-31,2015-12-31,2015-12-31,2021-07-27,-35745000.0,3146987000.0,3071483250.0,1063271000.0,2083716000.0,0.35,8.261,-49097000.0,777706000.0,777706000.0,267695000.0,223648000.0,2.135,2.491,1579404000.0,0.0,1579404000.0,1579404000.0,317552000.0,77799000.0,0.0,0.011,0.8,405551000.0,483350000.0,0.45,483350000.0,405551000.0,343164000.0,2.05,2.03,2.05,901487000.0,1227501500.0,901487000.0,7991364002.0,20.0,16.533,272150000.0,2.494,1.0,807318000.0,0.751,1957111000.0,62387000.0,1493458000.0,1126373250.0,0.0,0.0,0.0,0.0,2245500000.0,498116000.0,1747384000.0,7406003002.0,268907000.0,-6500000.0,-697084000.0,800000000.0,-87743000.0,4696000.0,-48861000.0,6736000.0,321247000.0,-8175000.0,223648000.0,223648000.0,223648000.0,6390000.0,0.0,0.208,403420000.0,403898000.0,2512000.0,0.39,8.215,33.115,35.185,98926000.0,0.0,72.13,6.889,7.322,208239000.0,1158462000.0,1075013000.0,1075013000.0,77320000.0,0.073,0.182,0.36,0.377,28558000.0,248301000.0,1.0,102675766.0,109124000,109926000.0,9.851,1189876000.0,55295000.0,119516000.0,110937000.0,10.904,565155000.0
6,MSCI,MRY,2014-12-31,2014-12-31,2014-12-31,2021-07-27,-24971000.0,2882533000.0,2997466250.0,769458000.0,2113075000.0,0.333,12.38,-50853000.0,508799000.0,508799000.0,276623000.0,284113000.0,1.627,1.012,788358000.0,0.0,788358000.0,788358000.0,310775000.0,74547000.0,0.0,0.004,0.18,425329000.0,499876000.0,0.502,499876000.0,425329000.0,393509000.0,2.45,2.43,2.45,1432833000.0,1514944000.0,1432833000.0,5659481563.0,13.0,11.322,254820000.0,2.202,1.0,720057000.0,0.722,1998532000.0,31820000.0,690648000.0,810341250.0,0.0,0.0,0.0,0.0,1449700000.0,472912000.0,976788000.0,5314720563.0,150365000.0,347890000.0,-399970000.0,-10000000.0,-20393000.0,-442328000.0,297037000.0,0.0,305673000.0,-10017000.0,284113000.0,284113000.0,284113000.0,-85171000.0,0.0,0.285,382891000.0,337166000.0,2835000.0,0.073,3.709,18.706,19.363,94074000.0,0.0,47.44,5.332,5.509,178717000.0,1022695000.0,996680000.0,996680000.0,71095000.0,0.095,0.188,0.525,0.427,23750000.0,240208000.0,1.0,112030366.0,115737000,116706000.0,8.612,884001000.0,55333000.0,109396000.0,137838000.0,7.638,296546000.0
7,MSCI,MRY,2013-12-31,2013-12-31,2013-12-31,2021-07-27,-650000.0,3136115000.0,3088665500.0,624270000.0,2511845000.0,0.296,13.025,-43511000.0,358434000.0,358434000.0,240697000.0,222557000.0,1.241,1.005,807782000.0,19772000.0,788010000.0,807782000.0,319735000.0,80505000.0,0.0,0.0,0.0,361731000.0,442236000.0,0.484,442236000.0,361731000.0,335475000.0,1.85,1.83,1.85,1564347000.0,1532765000.0,1564347000.0,5700284601.0,16.0,12.89,277672000.0,2.312,1.0,672667000.0,0.736,2408871000.0,26256000.0,673551000.0,677238250.0,0.0,0.0,0.0,0.0,1571768000.0,503041000.0,1068727000.0,5176619601.0,175125000.0,-23268000.0,-100481000.0,-48000000.0,0.0,-146584000.0,4121000.0,70900000.0,321183000.0,-3595000.0,222557000.0,222557000.0,222557000.0,-22647000.0,0.0,0.244,332336000.0,340331000.0,1198000.0,0.0,3.309,23.26,23.632,85588000.0,0.0,43.72,5.668,5.749,169490000.0,758975000.0,913364000.0,913364000.0,61003000.0,0.072,0.145,0.534,0.396,23107000.0,206151000.0,1.0,118403925.0,120100000,121074000.0,7.605,727244000.0,67456000.0,112918000.0,234649000.0,6.055,121229000.0
8,MSCI,MRY,2012-12-31,2012-12-31,2012-12-31,2021-07-27,-2796000.0,3019639000.0,3045191750.0,514835000.0,2504804000.0,0.272,11.68,-44533000.0,183309000.0,183309000.0,230282000.0,184238000.0,1.01,1.119,854716000.0,43093000.0,811623000.0,854716000.0,308022000.0,81998000.0,0.0,0.0,0.0,336649000.0,418647000.0,0.506,418647000.0,336649000.0,280248000.0,1.5,1.48,1.5,1425231000.0,1416888500.0,1425231000.0,4308759835.0,13.0,10.292,302542000.0,2.479,1.0,596708000.0,0.722,2424484000.0,56401000.0,756617000.0,872705000.0,0.0,70898000.0,70898000.0,0.0,1594408000.0,509945000.0,1084463000.0,3783734835.0,-68902000.0,-119554000.0,-92678000.0,-227476000.0,0.0,-322976000.0,-94361000.0,69726000.0,347075000.0,1360000.0,184238000.0,184238000.0,184238000.0,-19447000.0,0.0,0.223,278473000.0,318235000.0,2985000.0,0.0,2.655,20.537,20.66,67419000.0,0.0,30.99,4.575,4.573,153557000.0,547699000.0,826990000.0,826990000.0,0.0,0.061,0.13,0.386,0.407,24275000.0,211905000.0,1.0,122095348.0,122023000,123204000.0,6.777,595155000.0,81983000.0,96010000.0,234245000.0,4.877,4890000.0
9,MSCI,MRY,2011-12-31,2011-12-31,2011-12-31,2021-07-27,-5094000.0,3092996000.0,3019320250.0,677943000.0,2415053000.0,0.298,10.814,-23111000.0,252211000.0,252211000.0,277147000.0,173454000.0,1.497,1.369,1076887000.0,10339000.0,1066548000.0,1076887000.0,289217000.0,85230000.0,0.0,0.0,0.0,319232000.0,404462000.0,0.449,404462000.0,319232000.0,263413000.0,1.43,1.41,1.43,1305432000.0,1231612000.0,1305432000.0,4863170810.0,15.0,12.024,231886000.0,1.921,1.0,623794000.0,0.692,2353466000.0,55819000.0,1111401000.0,1132409500.0,0.0,140490000.0,140490000.0,0.0,1787564000.0,452805000.0,1334759000.0,3970295810.0,-17212000.0,0.0,1805000.0,-187062000.0,0.0,-177994000.0,-90611000.0,-67500000.0,254997000.0,-3604000.0,173454000.0,173454000.0,173454000.0,0.0,0.0,0.193,305410000.0,318384000.0,239000.0,0.0,3.041,22.89,23.028,37623000.0,0.0,32.93,4.407,4.412,180566000.0,363461000.0,900941000.0,900941000.0,0.0,0.057,0.141,0.282,0.354,24460000.0,212972000.0,1.0,120567744.0,120717000,122276000.0,7.463,739530000.0,78974000.0,89959000.0,240456000.0,6.126,225138000.0
10,MSCI,MRY,2010-12-31,2010-11-30,2010-11-30,2021-07-27,-1966000.0,3023166000.0,2028856500.0,536283000.0,2486883000.0,0.327,9.638,-13168000.0,226575000.0,226575000.0,198626000.0,92170000.0,1.149,1.799,1262797000.0,54916000.0,1207881000.0,1262797000.0,271300000.0,59012000.0,0.0,0.0,0.0,204828000.0,263840000.0,0.398,263840000.0,204828000.0,153491000.0,0.82,0.81,0.82,1080117000.0,809103000.0,1080117000.0,5113485674.0,25.0,19.381,170186000.0,1.519,1.0,464275000.0,0.7,2422921000.0,51337000.0,1169543000.0,766230000.0,0.0,73891000.0,73891000.0,0.0,1943049000.0,466924000.0,1476125000.0,4045509674.0,50551000.0,-1101243000.0,9285000.0,774265000.0,0.0,758058000.0,-892277000.0,222134000.0,183354000.0,1416000.0,92170000.0,92170000.0,92170000.0,0.0,0.0,0.139,260440000.0,203835000.0,2162000.0,0.0,3.745,43.892,41.537,34368000.0,0.0,34.06,6.103,5.758,147662000.0,176183000.0,662901000.0,662901000.0,0.0,0.045,0.114,0.267,0.309,23748000.0,190244000.0,1.0,118775974.0,112074000,113357000.0,5.915,600245000.0,68821000.0,61321000.0,240944000.0,5.356,69359000.0
11,MSCI,MRY,2009-12-31,2009-11-30,2009-11-30,2021-07-27,-7590000.0,1200269000.0,1094188250.0,602484000.0,597785000.0,0.405,5.04,-13412000.0,176024000.0,176024000.0,118665000.0,81801000.0,2.06,1.367,379710000.0,42088000.0,337622000.0,379710000.0,152944000.0,37511000.0,0.0,0.0,0.0,151404000.0,188915000.0,0.426,188915000.0,151404000.0,131721000.0,0.8,0.8,0.8,507056000.0,382437750.0,507056000.0,3325596277.0,22.0,17.604,117530000.0,1.168,1.0,324283000.0,0.732,561812000.0,19683000.0,549643000.0,450346750.0,0.0,295304000.0,295304000.0,0.0,693213000.0,292500000.0,400713000.0,3052066277.0,-92053000.0,0.0,97865000.0,-22250000.0,0.0,82542000.0,-308216000.0,-294804000.0,130942000.0,2679000.0,81801000.0,81801000.0,81801000.0,0.0,0.0,0.185,173932000.0,150351000.0,1878000.0,0.0,6.019,37.311,38.087,29381000.0,0.0,30.47,6.89,6.921,77180000.0,84013000.0,442948000.0,442948000.0,0.0,0.075,0.214,0.336,0.342,28234000.0,135780000.0,1.0,100166271.0,100607000,100860000.0,4.403,638457000.0,42179000.0,49920000.0,40080000.0,6.346,309984000.0
12,MSCI,MRY,2008-12-31,2008-11-30,2008-11-30,2021-07-27,-7354000.0,1015048000.0,993387500.0,392255000.0,622793000.0,0.434,2.863,-25556000.0,268077000.0,268077000.0,123390000.0,68268000.0,1.348,2.544,401795000.0,22086000.0,379709000.0,401795000.0,144711000.0,33470000.0,0.0,0.0,0.0,136575000.0,170045000.0,0.395,170045000.0,136575000.0,109643000.0,0.66,0.66,0.66,286382000.0,258192250.0,286382000.0,1704717492.0,12.0,10.025,129525000.0,1.295,1.0,307571000.0,0.714,587530000.0,26932000.0,270142000.0,279823750.0,0.0,0.0,0.0,0.0,728666000.0,291094000.0,437572000.0,1543852492.0,234259000.0,0.0,-681000.0,-22250000.0,0.0,-22952000.0,112069000.0,0.0,155081000.0,-9939000.0,68268000.0,68268000.0,68268000.0,0.0,0.0,0.158,179138000.0,128433000.0,35892000.0,0.0,5.391,22.615,23.379,28447000.0,0.0,15.43,3.582,3.582,87488000.0,2212000.0,430961000.0,430961000.0,0.0,0.069,0.264,0.488,0.317,30338000.0,138311000.0,1.0,100055249.0,100037000,100281000.0,4.308,427518000.0,18590000.0,41375000.0,49364000.0,4.274,101161000.0
13,MSCI,MRY,2007-12-31,2007-11-30,2007-11-30,2021-07-27,-193000.0,904679000.0,1008727000.0,281403000.0,623276000.0,0.367,2.364,-535000.0,171443000.0,171443000.0,121032000.0,81111000.0,1.149,3.523,425000000.0,22250000.0,402750000.0,425000000.0,125230000.0,27828000.0,0.0,0.0,0.0,142878000.0,170706000.0,0.462,170706000.0,142878000.0,133292000.0,0.96,0.96,0.96,200021000.0,512866500.0,200021000.0,2352342000.0,16.0,13.78,109690000.0,1.296,1.0,248854000.0,0.673,616030000.0,9586000.0,297275000.0,96046000.0,0.0,3000000.0,0.0,3000000.0,704658000.0,244931000.0,459727000.0,2706935000.0,9456000.0,0.0,265035000.0,423875000.0,-973000000.0,-292064000.0,192071000.0,0.0,110225000.0,-776000.0,81111000.0,81111000.0,81111000.0,0.0,0.0,0.219,119119000.0,129735000.0,17213000.0,0.0,13.533,33.373,28.802,4246000.0,0.0,27.65,7.318,6.325,80375000.0,-65884000.0,369886000.0,369886000.0,0.0,0.08,0.158,1.488,0.386,1034000.0,91067000.0,1.0,97900000.0,84608000,84624000.0,4.372,288649000.0,17425000.0,52181000.0,73189000.0,3.412,36472000.0
14,MSCI,MRY,2006-12-31,2006-11-30,2006-11-30,2021-07-27,-322000.0,1112775000.0,1080147000.0,462206000.0,650569000.0,0.288,9.842,-2435000.0,354593000.0,354593000.0,115068000.0,71445000.0,2.092,0.348,0.0,0.0,0.0,0.0,102368000.0,29655000.0,0.0,,0.0,91122000.0,120777000.0,0.389,120777000.0,91122000.0,107542000.0,0.85,0.85,0.85,825712000.0,791464500.0,825712000.0,,,,81230000.0,0.968,1.0,195630000.0,0.63,642383000.0,-16420000.0,-105183000.0,-108642000.0,0.0,3000000.0,0.0,3000000.0,287063000.0,220982000.0,66081000.0,,951000.0,0.0,0.0,0.0,-5000000.0,-5000000.0,-79764000.0,20000.0,83665000.0,2050000.0,71445000.0,71445000.0,71445000.0,-8073000.0,0.0,0.23,112581000.0,83049000.0,64676000.0,0.0,,,,5186000.0,0.0,,,,100175000.0,176121000.0,310698000.0,310698000.0,0.0,0.066,0.09,-0.839,0.293,0.0,86425000.0,1.0,97900000.0,83900000,83900000.0,3.703,470392000.0,3886000.0,36097000.0,67094000.0,5.607,241224000.0
15,MSCI,MRY,2005-12-31,2005-11-30,2005-11-30,2021-07-27,-2372000.0,1047519000.0,,369685000.0,677834000.0,,9.025,-346000.0,276293000.0,276293000.0,106598000.0,54554000.0,1.721,0.383,0.0,0.0,0.0,0.0,87952000.0,32077000.0,0.0,,0.0,86867000.0,118944000.0,0.427,118944000.0,86867000.0,85003000.0,0.65,0.65,0.65,757217000.0,,757217000.0,,,,59535000.0,0.71,1.0,171876000.0,0.617,668539000.0,1864000.0,-112101000.0,,0.0,3045000.0,0.0,3045000.0,290302000.0,214788000.0,75514000.0,,-9665000.0,90000000.0,0.0,0.0,0.0,0.0,-63708000.0,647000.0,59881000.0,-5838000.0,54554000.0,54554000.0,54554000.0,-3793000.0,0.0,0.196,98251000.0,73625000.0,70242000.0,0.0,,,,6250000.0,0.0,,,,88753000.0,109676000.0,278474000.0,278474000.0,0.0,,,,0.312,0.0,70220000.0,1.0,,83900000,83900000.0,3.319,378980000.0,3306000.0,30449000.0,83537000.0,4.517,154897000.0
16,MSCI,MRY,2004-12-31,2004-11-30,2004-11-30,2021-07-27,,,,,,,,-2058000.0,,,86432000.0,20853000.0,,,,,,,,22841000.0,,,0.0,31188000.0,54029000.0,0.303,54029000.0,31188000.0,30564000.0,0.37,0.37,0.37,,,,,,,20024000.0,0.356,1.0,92014000.0,0.516,,624000.0,,,,,,,,,,,27341000.0,0.0,0.0,0.0,-177500000.0,-131478000.0,135126000.0,168565000.0,22082000.0,1611000.0,20853000.0,20853000.0,20853000.0,54000.0,0.0,0.117,62009000.0,30005000.0,,0.0,,,,,0.0,,,,,,178446000.0,178446000.0,0.0,,,,0.175,0.0,47099000.0,1.0,,56256000,56256000.0,3.172,,,9711000.0,,,
0,MSCI,MRQ,2021-06-30,2021-06-30,2021-06-30,2021-07-27,-59009000.0,4791076000.0,,2558543000.0,2232533000.0,,-4.461,-11050000.0,1972002000.0,1972002000.0,87327000.0,165423000.0,2.691,-14.026,4108907000.0,0.0,4108907000.0,4108907000.0,662168000.0,43417000.0,0.0,0.006,0.78,235252000.0,278669000.0,0.559,278669000.0,235252000.0,195695000.0,2.01,1.99,2.01,-367807000.0,,-367807000.0,46205907663.0,49.0,42.958,214007000.0,2.595,1.0,410853000.0,0.825,1775085000.0,39557000.0,4202224000.0,,0.0,187452000.0,0.0,187452000.0,5158883000.0,950672000.0,4208211000.0,43937864663.0,224855000.0,0.0,-620000.0,81755000.0,-64470000.0,11316000.0,-11961000.0,0.0,225057000.0,443000.0,165423000.0,165423000.0,165423000.0,0.0,0.0,0.332,153320000.0,257533000.0,11253000.0,0.388,-119.459,62.695,63.012,217502000.0,0.0,533.08,23.807,23.816,488570000.0,2785727000.0,498180000.0,498180000.0,27531000.0,,,,,11946000.0,88373000.0,1.0,82422647.0,82454000,83295000.0,6.042,3015991000.0,85334000.0,30272000.0,40655000.0,36.578,1607871000.0
1,MSCI,MRQ,2021-03-31,2021-03-31,2021-03-31,2021-07-27,-59816000.0,4565529000.0,,2306639000.0,2258890000.0,,-5.827,-10360000.0,1747147000.0,1747147000.0,85780000.0,196819000.0,1.618,-10.48,4015190000.0,496425000.0,3518765000.0,4015190000.0,672054000.0,28339000.0,0.0,0.007,0.78,253612000.0,281951000.0,0.589,281951000.0,253612000.0,216028000.0,2.38,2.36,2.38,-481582000.0,,-481582000.0,36840494317.0,41.0,36.661,205097000.0,2.482,1.0,392643000.0,0.821,1796136000.0,37584000.0,3612109000.0,,0.0,187889000.0,0.0,187889000.0,5047111000.0,1425327000.0,3621784000.0,34621896317.0,446626000.0,0.0,-187154000.0,503750000.0,-66087000.0,245542000.0,-10360000.0,0.0,215457000.0,-4013000.0,196819000.0,196819000.0,196819000.0,0.0,0.0,0.411,138268000.0,254375000.0,7259000.0,0.328,-71.892,53.222,53.548,226428000.0,0.0,419.28,19.705,19.72,506849000.0,2685167000.0,478423000.0,478423000.0,24862000.0,,,,,18910000.0,91195000.0,1.0,82574643.0,82640000,83493000.0,5.789,2769393000.0,37788000.0,19209000.0,40178000.0,33.512,881312000.0
2,MSCI,MRQ,2020-12-31,2020-12-31,2020-12-31,2021-07-27,-58859000.0,4198647000.0,,1925598000.0,2273049000.0,,-5.357,-16892000.0,1300521000.0,1300521000.0,75935000.0,156216000.0,1.885,-10.473,3519119000.0,0.0,3519119000.0,3519119000.0,675870000.0,28039000.0,0.0,0.007,0.78,232496000.0,260535000.0,0.587,260535000.0,232496000.0,195166000.0,1.89,1.86,1.89,-443234000.0,,-443234000.0,39230859211.0,47.0,41.151,219036000.0,2.648,1.0,367726000.0,0.829,1800770000.0,37330000.0,3594706000.0,,0.0,190898000.0,0.0,190898000.0,4641881000.0,1021769000.0,3620112000.0,37015122211.0,-2337000.0,0.0,-164953000.0,0.0,-64601000.0,-229554000.0,-16892000.0,0.0,235928000.0,8181000.0,156216000.0,156216000.0,156216000.0,0.0,0.0,0.352,133641000.0,234085000.0,14253000.0,0.413,-83.511,61.505,62.104,233776000.0,0.0,446.53,21.833,22.049,558569000.0,2554295000.0,443661000.0,443661000.0,27056000.0,,,,,10713000.0,84534000.0,1.0,82895040.0,82732000,83701000.0,5.363,2397877000.0,43724000.0,38950000.0,38969000.0,28.984,903829000.0
3,MSCI,MRQ,2020-09-30,2020-09-30,2020-09-30,2021-07-27,-65296000.0,4111719000.0,,1843092000.0,2268627000.0,,-4.624,-11725000.0,1302858000.0,1302858000.0,70704000.0,182358000.0,2.208,-11.636,3518595000.0,0.0,3518595000.0,3518595000.0,531487000.0,27871000.0,0.0,0.008,0.78,226579000.0,254450000.0,0.598,254450000.0,226579000.0,189043000.0,2.18,2.16,2.18,-386586000.0,,-386586000.0,31976547080.0,40.0,35.29,188070000.0,2.25,1.0,354629000.0,0.834,1803235000.0,37536000.0,3689367000.0,,0.0,190206000.0,0.0,190206000.0,4498305000.0,834854000.0,3663451000.0,29840073080.0,-82119000.0,0.0,-208999000.0,0.0,-65434000.0,-274433000.0,-11725000.0,0.0,199795000.0,4244000.0,182358000.0,182358000.0,182358000.0,0.0,0.0,0.429,127009000.0,227620000.0,4718000.0,0.358,-77.189,52.499,52.778,232692000.0,0.0,356.78,17.994,17.986,429804000.0,2463108000.0,425333000.0,425333000.0,24901000.0,,,,,11116000.0,80281000.0,1.0,83637180.0,83602000,84479000.0,5.088,2308484000.0,87233000.0,6685000.0,85884000.0,27.613,1008238000.0
4,MSCI,MRQ,2020-06-30,2020-06-30,2020-06-30,2021-07-27,-71068000.0,4187418000.0,,1909871000.0,2277547000.0,,-3.716,-11542000.0,1384977000.0,1384977000.0,70456000.0,115123000.0,2.26,-14.467,3521451000.0,0.0,3521451000.0,3521451000.0,587113000.0,27553000.0,0.0,0.008,0.68,180394000.0,207947000.0,0.508,207947000.0,180394000.0,139167000.0,1.38,1.36,1.38,-310932000.0,,-310932000.0,30170671240.0,39.0,34.227,251074000.0,3.001,1.0,339160000.0,0.828,1806433000.0,41227000.0,3672456000.0,,0.0,190856000.0,0.0,190856000.0,4498350000.0,845003000.0,3653347000.0,27905916240.0,318121000.0,0.0,-31673000.0,165493000.0,-57031000.0,65030000.0,-11536000.0,6000.0,262616000.0,2011000.0,115123000.0,115123000.0,115123000.0,0.0,0.0,0.281,123985000.0,215175000.0,6996000.0,0.493,-89.749,53.356,53.842,241672000.0,0.0,333.82,17.149,17.164,466096000.0,2346580000.0,409616000.0,409616000.0,22534000.0,,,,,14102000.0,79926000.0,1.0,83595699.0,83666000,84349000.0,4.896,2380985000.0,39493000.0,24044000.0,85481000.0,28.458,1064868000.0
5,MSCI,MRQ,2020-03-31,2020-03-31,2020-03-31,2021-07-27,-72204000.0,3911799000.0,,1619773000.0,2292026000.0,,-4.175,-10816000.0,1066856000.0,1066856000.0,74609000.0,148125000.0,2.029,-12.04,3331611000.0,0.0,3331611000.0,3331611000.0,574472000.0,27332000.0,0.0,0.009,0.68,203080000.0,230412000.0,0.553,230412000.0,203080000.0,162849000.0,1.75,1.73,1.75,-354331000.0,,-354331000.0,26235652732.0,33.0,29.339,101954000.0,1.201,1.0,342171000.0,0.821,1812823000.0,40231000.0,3565452000.0,,0.0,190822000.0,0.0,190822000.0,4266130000.0,798279000.0,3467851000.0,24506149732.0,-439711000.0,0.0,-372894000.0,97125000.0,-59378000.0,-340081000.0,-201638000.0,-190822000.0,112770000.0,-10762000.0,148125000.0,148125000.0,148125000.0,0.0,0.0,0.355,134287000.0,207884000.0,5864000.0,0.389,-69.162,45.928,45.867,249982000.0,0.0,288.96,15.286,15.297,481990000.0,2288817000.0,416780000.0,416780000.0,26562000.0,,,,,15163000.0,86382000.0,1.0,84808104.0,84870000,85548000.0,4.911,2098976000.0,47774000.0,14724000.0,74879000.0,24.732,821494000.0
6,MSCI,MRQ,2019-12-31,2019-12-31,2019-12-31,2021-07-27,-62579000.0,4204439000.0,,2081777000.0,2122662000.0,,-0.905,-18468000.0,1506567000.0,1506567000.0,70154000.0,122783000.0,2.311,-55.807,3236070000.0,0.0,3236070000.0,3236070000.0,574656000.0,26489000.0,0.0,0.01,0.68,186822000.0,213311000.0,0.525,213311000.0,186822000.0,146533000.0,1.45,1.44,1.45,-76714000.0,,-76714000.0,23730298969.0,32.0,27.811,225175000.0,2.655,1.0,336452000.0,0.827,1824355000.0,40289000.0,3208801000.0,,0.0,0.0,0.0,0.0,4281153000.0,900786000.0,3380367000.0,21869722969.0,625417000.0,-18177000.0,-3601000.0,486875000.0,-57845000.0,413648000.0,-36645000.0,0.0,243643000.0,4771000.0,122783000.0,122783000.0,122783000.0,0.0,0.0,0.302,137023000.0,199429000.0,6498000.0,0.469,-285.081,38.8,38.766,257114000.0,0.0,258.18,14.039,14.028,499268000.0,2199294000.0,406606000.0,406606000.0,27100000.0,,,,,10714000.0,89145000.0,1.0,84707270.0,84803000,85545000.0,4.795,2380084000.0,52501000.0,23750000.0,80849000.0,28.066,1180991000.0
7,MSCI,MRQ,2019-09-30,2019-09-30,2019-09-30,2021-07-27,-62098000.0,3479742000.0,,1386088000.0,2093654000.0,,-1.744,-14765000.0,881150000.0,881150000.0,70486000.0,136983000.0,1.862,-24.535,2741726000.0,0.0,2741726000.0,2741726000.0,479371000.0,25145000.0,0.0,0.011,0.68,204670000.0,229815000.0,0.583,229815000.0,204670000.0,168748000.0,1.62,1.6,1.62,-147856000.0,,-147856000.0,20415673682.0,26.0,23.119,173770000.0,2.05,1.0,323765000.0,0.821,1806020000.0,35922000.0,2789777000.0,,0.0,0.0,0.0,0.0,3627598000.0,744521000.0,2883077000.0,18443126682.0,110033000.0,0.0,-920000.0,0.0,-57846000.0,-58766000.0,-14765000.0,0.0,188535000.0,-4971000.0,136983000.0,136983000.0,136983000.0,0.0,0.0,0.347,122546000.0,201219000.0,2396000.0,0.42,-124.737,31.102,30.843,251357000.0,0.0,217.75,12.191,12.2,409519000.0,2134688000.0,394251000.0,394251000.0,24310000.0,,,,,10517000.0,78666000.0,1.0,84698630.0,84765000,85550000.0,4.651,1673722000.0,71604000.0,31765000.0,84614000.0,19.745,641567000.0
8,MSCI,MRQ,2019-06-30,2019-06-30,2019-06-30,2021-07-27,-57759000.0,3425090000.0,,1323082000.0,2102008000.0,,-2.735,-12391000.0,771117000.0,771117000.0,71975000.0,125690000.0,1.725,-15.776,2743664000.0,0.0,2743664000.0,2743664000.0,528919000.0,25038000.0,0.0,0.01,0.58,195660000.0,220698000.0,0.572,220698000.0,195660000.0,159745000.0,1.48,1.47,1.48,-231802000.0,,-231802000.0,22322511460.0,29.0,26.104,177079000.0,2.089,1.0,313583000.0,0.813,1813815000.0,35915000.0,2816865000.0,,0.0,0.0,0.0,0.0,3656892000.0,766957000.0,2889935000.0,20220417460.0,128336000.0,0.0,-578000.0,0.0,-49336000.0,-49914000.0,-12391000.0,0.0,189470000.0,1171000.0,125690000.0,125690000.0,125690000.0,0.0,0.0,0.326,121205000.0,192378000.0,3489000.0,0.392,-87.231,34.872,34.962,253809000.0,0.0,238.79,13.694,13.706,438313000.0,2055881000.0,385558000.0,385558000.0,23752000.0,,,,,10427000.0,78035000.0,1.0,84678661.0,84750000,85393000.0,4.549,1611275000.0,96705000.0,34055000.0,88547000.0,19.012,556125000.0
9,MSCI,MRQ,2019-03-31,2019-03-31,2019-03-31,2021-07-27,-57202000.0,3295565000.0,,1177926000.0,2117639000.0,,-3.757,-8136000.0,642781000.0,642781000.0,82346000.0,178192000.0,1.634,-11.412,2744875000.0,0.0,2744875000.0,2744875000.0,524988000.0,25226000.0,0.0,0.011,0.58,164207000.0,189433000.0,0.51,189433000.0,164207000.0,128292000.0,2.11,2.08,2.11,-316508000.0,,-316508000.0,18438169978.0,24.0,21.706,79739000.0,0.946,1.0,289035000.0,0.778,1821537000.0,35915000.0,2855323000.0,,0.0,0.0,0.0,0.0,3612073000.0,720799000.0,2891274000.0,16766843978.0,-261395000.0,0.0,-283740000.0,0.0,-57895000.0,-341635000.0,-8136000.0,0.0,87875000.0,501000.0,178192000.0,178192000.0,178192000.0,0.0,0.0,0.48,126360000.0,162675000.0,2099000.0,0.275,-52.974,29.365,29.856,256660000.0,0.0,198.84,11.531,11.522,427099000.0,1979804000.0,371381000.0,371381000.0,23172000.0,,,,,9541000.0,83545000.0,1.0,84323295.0,84253000,85649000.0,4.408,1474028000.0,92716000.0,-49900000.0,90020000.0,17.495,457127000.0
10,MSCI,MRQ,2018-12-31,2018-12-31,2018-12-31,2021-07-27,-58399000.0,3387952000.0,,1435089000.0,1952863000.0,,-2.062,-22777000.0,904176000.0,904176000.0,73757000.0,152132000.0,1.774,-21.349,2575502000.0,0.0,2575502000.0,2575502000.0,537977000.0,19944000.0,0.0,0.013,0.58,223180000.0,243124000.0,0.672,243124000.0,223180000.0,187289000.0,1.85,1.79,1.85,-166494000.0,,-166494000.0,14154901370.0,19.0,16.681,150398000.0,1.863,1.0,287931000.0,0.796,1826564000.0,35891000.0,2423706000.0,,0.0,0.0,0.0,0.0,3554446000.0,809008000.0,2745438000.0,12978683370.0,-494222000.0,62815000.0,-656678000.0,6262000.0,-50405000.0,-707083000.0,40038000.0,0.0,173175000.0,-352000.0,152132000.0,152132000.0,152132000.0,0.0,0.0,0.421,118113000.0,169818000.0,3892000.0,0.314,-77.953,25.554,25.288,90877000.0,0.0,147.43,9.051,8.963,473433000.0,1856951000.0,361688000.0,361688000.0,20312000.0,,,,,10955000.0,77857000.0,1.0,88032852.0,80747000,83275000.0,4.479,1561388000.0,34176000.0,35157000.0,98261000.0,19.337,626081000.0
11,MSCI,MRQ,2018-09-30,2018-09-30,2018-09-30,2021-07-27,-58209000.0,3806405000.0,,1857346000.0,1949059000.0,,4.262,-13107000.0,1398398000.0,1398398000.0,70906000.0,123832000.0,2.751,9.058,2574616000.0,0.0,2574616000.0,2574616000.0,441884000.0,19134000.0,0.0,0.01,0.58,182748000.0,201882000.0,0.564,201882000.0,182748000.0,146846000.0,1.39,1.36,1.39,378441000.0,,378441000.0,16965978612.0,24.0,21.721,130718000.0,1.472,1.0,287028000.0,0.802,1834447000.0,35902000.0,2473126000.0,,0.0,0.0,0.0,0.0,3427964000.0,675050000.0,2752914000.0,15759844612.0,30802000.0,10000.0,-46024000.0,0.0,-51734000.0,-97758000.0,-13097000.0,0.0,143825000.0,-2168000.0,123832000.0,123832000.0,123832000.0,0.0,0.0,0.346,110625000.0,176403000.0,2200000.0,0.417,41.644,37.492,37.827,82745000.0,0.0,177.41,11.2,11.196,378705000.0,1755727000.0,357934000.0,357934000.0,20591000.0,,,,,9870000.0,70900000.0,1.0,88832899.0,88796000,91372000.0,4.031,1971958000.0,33136000.0,23014000.0,80210000.0,22.208,1182296000.0
12,MSCI,MRQ,2018-06-30,2018-06-30,2018-06-30,2021-07-27,-54883000.0,3785803000.0,,1819491000.0,1966312000.0,,3.887,-7195000.0,1367596000.0,1367596000.0,71368000.0,116829000.0,2.654,9.928,2573730000.0,0.0,2573730000.0,2573730000.0,483229000.0,26914000.0,0.0,0.009,0.38,188084000.0,214998000.0,0.592,214998000.0,188084000.0,156323000.0,1.31,1.28,1.31,346422000.0,,346422000.0,15956275964.0,24.0,21.304,199970000.0,2.244,1.0,291678000.0,0.803,1855319000.0,31761000.0,2450936000.0,,0.0,0.0,0.0,0.0,3439381000.0,685682000.0,2753699000.0,14727287964.0,517768000.0,21000000.0,-155406000.0,493738000.0,-33916000.0,304416000.0,13805000.0,0.0,207165000.0,-7618000.0,116829000.0,116829000.0,116829000.0,0.0,0.0,0.322,118167000.0,173511000.0,1237000.0,0.29,42.513,38.586,39.017,81000000.0,0.0,165.43,10.74,10.751,394886000.0,1684158000.0,363046000.0,363046000.0,19801000.0,,,,,9019000.0,71452000.0,1.0,89024288.0,89112000,91586000.0,4.074,1930484000.0,35302000.0,39494000.0,95242000.0,21.664,1133809000.0
13,MSCI,MRQ,2018-03-31,2018-03-31,2018-03-31,2021-07-27,-44335000.0,3344494000.0,,1348357000.0,1996137000.0,,4.678,-5872000.0,849828000.0,849828000.0,71304000.0,115092000.0,2.056,6.937,2078816000.0,0.0,2078816000.0,2078816000.0,503298000.0,19543000.0,0.0,0.01,0.38,168998000.0,188541000.0,0.537,188541000.0,168998000.0,139438000.0,1.28,1.24,1.28,421374000.0,,421374000.0,14632558944.0,24.0,20.88,82725000.0,0.918,1.0,280012000.0,0.797,1878919000.0,29560000.0,2038682000.0,,0.0,0.0,0.0,0.0,2923120000.0,655881000.0,2267239000.0,13443967944.0,-39674000.0,0.0,-91175000.0,0.0,-34883000.0,-126058000.0,-5872000.0,0.0,88597000.0,3659000.0,115092000.0,115092000.0,115092000.0,0.0,0.0,0.328,112846000.0,167166000.0,1382000.0,0.297,31.905,38.843,39.026,86310000.0,0.0,149.47,10.152,10.167,462577000.0,1601583000.0,351316000.0,351316000.0,20707000.0,,,,,9053000.0,72596000.0,1.0,89944256.0,90075000,92587000.0,3.9,1465575000.0,13029000.0,24346000.0,98912000.0,16.271,692476000.0
14,MSCI,MRQ,2017-12-31,2017-12-31,2017-12-31,2021-07-27,-48347000.0,3275668000.0,,1267129000.0,2008539000.0,,4.449,-20600000.0,889502000.0,889502000.0,69247000.0,64602000.0,2.085,7.169,2078093000.0,0.0,2078093000.0,2078093000.0,374365000.0,19678000.0,0.0,0.01,0.38,155987000.0,175665000.0,0.525,175665000.0,155987000.0,126960000.0,0.71,0.7,0.71,401012000.0,,401012000.0,12675666393.0,22.0,19.119,122553000.0,1.36,1.0,265532000.0,0.793,1882457000.0,29027000.0,1974131000.0,,0.0,0.0,0.0,0.0,2874656000.0,607671000.0,2266985000.0,11397311393.0,90487000.0,0.0,743000.0,0.0,-34411000.0,-33668000.0,-20600000.0,0.0,143153000.0,1602000.0,64602000.0,64602000.0,64602000.0,0.0,0.0,0.193,111393000.0,154139000.0,1612000.0,0.535,28.421,37.495,37.661,94437000.0,0.0,126.54,8.945,8.971,327597000.0,1505204000.0,334779000.0,334779000.0,20709000.0,,,,,8908000.0,71006000.0,1.0,90068843.0,90126000,92463000.0,3.715,1393211000.0,27116000.0,62358000.0,92855000.0,15.458,659458000.0
15,MSCI,MRQ,2017-09-30,2017-09-30,2017-09-30,2021-07-27,-50082000.0,3154472000.0,,1153081000.0,2001391000.0,,3.999,-11553000.0,799015000.0,799015000.0,68433000.0,85153000.0,2.046,7.755,2077370000.0,0.0,2077370000.0,2077370000.0,374730000.0,19939000.0,0.0,0.01,0.38,149823000.0,169762000.0,0.527,169762000.0,149823000.0,120803000.0,0.94,0.93,0.94,360314000.0,,360314000.0,11853977712.0,21.0,18.685,90220000.0,1.001,1.0,253664000.0,0.788,1888495000.0,29020000.0,1980815000.0,,0.0,0.0,0.0,0.0,2794158000.0,563517000.0,2230641000.0,10527911712.0,48434000.0,0.0,-8865000.0,0.0,-34386000.0,-43251000.0,-11553000.0,0.0,101773000.0,1465000.0,85153000.0,85153000.0,85153000.0,0.0,0.0,0.264,104865000.0,148799000.0,2385000.0,0.404,29.219,34.224,34.688,85680000.0,0.0,116.9,8.544,8.549,309196000.0,1475347000.0,322097000.0,322097000.0,17974000.0,,,,,8931000.0,66952000.0,1.0,90059125.0,90112000,91868000.0,3.574,1265977000.0,18511000.0,35650000.0,84432000.0,14.049,589564000.0
16,MSCI,MRQ,2017-06-30,2017-06-30,2017-06-30,2021-07-27,-53365000.0,3090097000.0,,1083438000.0,2006659000.0,,3.398,-7035000.0,750581000.0,750581000.0,68538000.0,81266000.0,1.961,9.059,2076647000.0,0.0,2076647000.0,2076647000.0,399116000.0,20281000.0,0.0,0.011,0.28,146538000.0,166819000.0,0.528,166819000.0,146538000.0,117511000.0,0.9,0.89,0.9,307200000.0,,307200000.0,10695006892.0,20.0,17.561,115182000.0,1.274,1.0,247551000.0,0.783,1891053000.0,29027000.0,1972713000.0,,0.0,0.0,0.0,0.0,2782897000.0,552397000.0,2230500000.0,9316054892.0,53609000.0,0.0,-39967000.0,0.0,-25431000.0,-65398000.0,-6264000.0,771000.0,122217000.0,3054000.0,81266000.0,81266000.0,81266000.0,0.0,0.0,0.257,101451000.0,146100000.0,329000.0,0.311,30.326,32.376,33.01,88825000.0,0.0,102.99,7.773,7.768,289227000.0,1424962000.0,316089000.0,316089000.0,18196000.0,,,,,9343000.0,62974000.0,1.0,90455917.0,90404000,91708000.0,3.496,1199044000.0,26193000.0,36245000.0,87422000.0,13.263,531041000.0
17,MSCI,MRQ,2017-03-31,2017-03-31,2017-03-31,2021-07-27,-57856000.0,3005138000.0,,988651000.0,2016487000.0,,3.074,-9629000.0,696972000.0,696972000.0,67463000.0,72951000.0,1.992,9.777,2075924000.0,0.0,2075924000.0,2075924000.0,378422000.0,20089000.0,0.0,0.011,0.28,130649000.0,150738000.0,0.5,150738000.0,130649000.0,101625000.0,0.8,0.8,0.8,278838000.0,,278838000.0,10083471899.0,20.0,17.208,27386000.0,0.302,1.0,233744000.0,0.776,1895560000.0,29024000.0,1992182000.0,,0.0,0.0,0.0,0.0,2726300000.0,496348000.0,2229952000.0,8800104899.0,-94862000.0,0.0,-99737000.0,0.0,-25489000.0,-125226000.0,-9629000.0,0.0,37015000.0,2978000.0,72951000.0,72951000.0,72951000.0,0.0,0.0,0.242,103012000.0,130732000.0,1138000.0,0.35,31.56,32.183,33.399,93156000.0,0.0,97.19,7.502,7.515,262289000.0,1369406000.0,301207000.0,301207000.0,18970000.0,,,,,9394000.0,63953000.0,1.0,90545374.0,90708000,91624000.0,3.321,1109578000.0,9687000.0,28674000.0,95600000.0,12.232,492303000.0
18,MSCI,MRQ,2016-12-31,2016-12-31,2016-12-31,2021-07-27,-60735000.0,3082578000.0,,1055670000.0,2026908000.0,,3.404,-10535000.0,791834000.0,791834000.0,63819000.0,68250000.0,1.967,8.706,2075201000.0,0.0,2075201000.0,2075201000.0,334358000.0,20945000.0,0.0,0.013,0.28,126134000.0,147079000.0,0.502,147079000.0,126134000.0,97095000.0,0.73,0.72,0.73,317605000.0,,317605000.0,8515496212.0,17.0,14.967,128318000.0,1.375,1.0,228993000.0,0.782,1903490000.0,29039000.0,1925885000.0,,0.0,0.0,0.0,0.0,2764973000.0,536570000.0,2228403000.0,7415080212.0,-182228000.0,0.0,-274883000.0,0.0,-26258000.0,-301141000.0,-10535000.0,0.0,138853000.0,-9405000.0,68250000.0,68250000.0,68250000.0,0.0,0.0,0.233,102981000.0,126012000.0,568000.0,0.384,23.347,28.426,28.963,95585000.0,0.0,78.78,6.444,6.572,221504000.0,1322224000.0,292812000.0,292812000.0,18960000.0,,,,,8410000.0,63076000.0,1.0,94123892.0,93307000,93825000.0,3.138,1179088000.0,21920000.0,28845000.0,94067000.0,12.637,519100000.0
19,MSCI,MRQ,2016-09-30,2016-09-30,2016-09-30,2021-07-27,-50902000.0,3307084000.0,,1262363000.0,2044721000.0,,5.816,-13728000.0,974062000.0,974062000.0,62986000.0,65281000.0,2.443,4.996,2074478000.0,0.0,2074478000.0,2074478000.0,343264000.0,20064000.0,0.0,0.011,0.28,124312000.0,144376000.0,0.501,144376000.0,124312000.0,97522000.0,0.69,0.68,0.69,551519000.0,,551519000.0,9119019724.0,19.0,16.611,134799000.0,1.422,1.0,225447000.0,0.782,1916862000.0,26790000.0,1973861000.0,,0.0,0.0,0.0,0.0,2755565000.0,516777000.0,2238788000.0,7943118724.0,569448000.0,657000.0,-31339000.0,500000000.0,-26652000.0,434826000.0,-13071000.0,0.0,148527000.0,-834000.0,65281000.0,65281000.0,65281000.0,0.0,0.0,0.226,102187000.0,123260000.0,1249000.0,0.406,14.402,31.519,32.789,99259000.0,0.0,83.94,7.025,7.039,235803000.0,1280497000.0,288433000.0,288433000.0,18750000.0,,,,,8318000.0,63373000.0,1.0,94628529.0,94823000,95473000.0,3.042,1390222000.0,30378000.0,32241000.0,102499000.0,14.661,745586000.0
20,MSCI,MRQ,2016-06-30,2016-06-30,2016-06-30,2021-07-27,-48157000.0,2790986000.0,,737057000.0,2053929000.0,,5.551,-12905000.0,404614000.0,404614000.0,62130000.0,66957000.0,1.446,4.215,1580515000.0,0.0,1580515000.0,1580515000.0,365242000.0,20336000.0,0.0,0.011,0.22,123462000.0,143798000.0,0.495,143798000.0,123462000.0,100544000.0,0.69,0.69,0.69,535153000.0,,535153000.0,8577155947.0,19.0,15.864,105191000.0,1.091,1.0,228466000.0,0.786,1928798000.0,22918000.0,1528385000.0,,0.0,0.0,0.0,0.0,2255833000.0,509704000.0,1746129000.0,7442209947.0,-40400000.0,0.0,-119026000.0,0.0,-21392000.0,-140418000.0,-12905000.0,0.0,118096000.0,-5173000.0,66957000.0,66957000.0,66957000.0,0.0,0.0,0.23,102775000.0,125691000.0,1732000.0,0.319,13.907,29.635,31.35,97808000.0,0.0,77.12,6.698,6.692,247497000.0,1242151000.0,290596000.0,290596000.0,18566000.0,,,,,8193000.0,63873000.0,1.0,96501685.0,96412000,96888000.0,3.014,862188000.0,65400000.0,33587000.0,105006000.0,8.943,227353000.0
21,MSCI,MRQ,2016-03-31,2016-03-31,2016-03-31,2021-07-27,-35738000.0,2831634000.0,,763811000.0,2067823000.0,,6.192,-5460000.0,445014000.0,445014000.0,63172000.0,60367000.0,1.63,3.599,1579960000.0,0.0,1579960000.0,1579960000.0,359870000.0,20008000.0,0.0,0.011,0.22,113681000.0,133689000.0,0.479,133689000.0,113681000.0,90777000.0,0.61,0.6,0.61,615656000.0,,615656000.0,8119780511.0,19.0,15.762,31427000.0,0.316,1.0,215656000.0,0.773,1945046000.0,22904000.0,1553066000.0,,0.0,0.0,0.0,0.0,2215978000.0,468468000.0,1747510000.0,7318082511.0,-332692000.0,-60000.0,-344277000.0,0.0,-21889000.0,-366166000.0,-5520000.0,0.0,36887000.0,2107000.0,60367000.0,60367000.0,60367000.0,0.0,0.0,0.217,102515000.0,113141000.0,1514000.0,0.361,11.887,30.468,32.634,96007000.0,0.0,74.08,6.707,6.751,260168000.0,1196783000.0,278828000.0,278828000.0,18928000.0,,,,,7080000.0,63579000.0,1.0,98786211.0,99425000,99998000.0,2.804,886588000.0,36155000.0,30410000.0,106000000.0,8.917,295343000.0
22,MSCI,MRQ,2015-12-31,2015-12-31,2015-12-31,2021-07-27,-35745000.0,3146987000.0,,1063271000.0,2083716000.0,,8.744,-18565000.0,777706000.0,777706000.0,64804000.0,59406000.0,2.135,2.491,1579404000.0,0.0,1579404000.0,1579404000.0,317552000.0,19371000.0,0.0,0.011,0.22,107739000.0,127110000.0,0.466,127110000.0,107739000.0,84843000.0,0.57,0.56,0.57,901487000.0,,901487000.0,7991364002.0,20.0,16.533,78010000.0,0.757,1.0,208089000.0,0.763,1957111000.0,22896000.0,1493458000.0,,0.0,0.0,0.0,0.0,2245500000.0,498116000.0,1747384000.0,7406003002.0,-215782000.0,-6500000.0,-254877000.0,0.0,-22754000.0,-291337000.0,-18329000.0,6736000.0,96575000.0,-2691000.0,59406000.0,59406000.0,59406000.0,593000.0,0.0,0.218,100546000.0,107543000.0,2512000.0,0.386,8.215,33.115,35.185,98926000.0,0.0,72.13,6.889,7.322,208239000.0,1158462000.0,272893000.0,272893000.0,17776000.0,,,,,21712000.0,63399000.0,1.0,102675766.0,103103000,103851000.0,2.647,1189876000.0,55295000.0,25437000.0,110937000.0,11.541,565155000.0
23,MSCI,MRQ,2015-09-30,2015-09-30,2015-09-30,2021-07-27,-31315000.0,3366791000.0,,1286357000.0,2080434000.0,,10.288,-12250000.0,993488000.0,993488000.0,65593000.0,64398000.0,2.62,2.008,1578849000.0,0.0,1578849000.0,1578849000.0,328051000.0,19759000.0,0.0,0.013,0.22,116309000.0,136068000.0,0.506,136068000.0,116309000.0,99042000.0,0.59,0.59,0.59,1119105000.0,,1119105000.0,6865391616.0,18.0,14.827,121713000.0,1.119,1.0,203178000.0,0.756,1963030000.0,17267000.0,1498158000.0,,0.0,0.0,0.0,0.0,2247686000.0,490964000.0,1756722000.0,6520412616.0,538467000.0,0.0,-346400000.0,800000000.0,-24146000.0,419451000.0,-12250000.0,0.0,133963000.0,-2697000.0,64398000.0,64398000.0,64398000.0,0.0,0.0,0.24,94076000.0,109102000.0,1806000.0,0.373,5.826,31.261,31.628,94964000.0,0.0,59.46,6.191,6.141,208239000.0,1121858000.0,268771000.0,268771000.0,15548000.0,,,,,5539000.0,58769000.0,1.0,109660488.0,108773000,109440000.0,2.471,1403761000.0,47839000.0,34644000.0,123011000.0,12.905,795393000.0
24,MSCI,MRQ,2015-06-30,2015-06-30,2015-06-30,2021-07-27,-24860000.0,2875628000.0,,776776000.0,2098852000.0,,12.785,-11962000.0,455021000.0,455021000.0,67394000.0,56017000.0,1.694,1.006,800000000.0,0.0,800000000.0,800000000.0,338763000.0,19760000.0,0.0,0.009,0.18,98532000.0,118292000.0,0.437,118292000.0,98532000.0,87416000.0,0.5,0.5,0.5,1433714000.0,,1433714000.0,7182029785.0,20.0,16.684,12064000.0,0.108,1.0,203186000.0,0.751,1975652000.0,11116000.0,786323000.0,,0.0,0.0,0.0,0.0,1441914000.0,458632000.0,983282000.0,6919780785.0,-82730000.0,0.0,-86087000.0,0.0,-20437000.0,-96282000.0,-11962000.0,0.0,24026000.0,1488000.0,56017000.0,56017000.0,56017000.0,0.0,0.0,0.207,104675000.0,98511000.0,2170000.0,0.36,4.826,35.323,35.578,93293000.0,0.0,61.55,6.679,6.662,214487000.0,1081671000.0,270580000.0,270580000.0,20807000.0,,,,,-3053000.0,64108000.0,1.0,112425358.0,112143000,112931000.0,2.413,899976000.0,70402000.0,31399000.0,128366000.0,8.025,318144000.0
25,MSCI,MRQ,2015-03-31,2015-03-31,2015-03-31,2021-07-27,-31570000.0,2896527000.0,,788632000.0,2107895000.0,,12.937,-6320000.0,537751000.0,537751000.0,69904000.0,43827000.0,1.746,0.99,800000000.0,0.0,800000000.0,800000000.0,344267000.0,18909000.0,0.0,0.006,0.18,82971000.0,101880000.0,0.388,101880000.0,82971000.0,71863000.0,0.39,0.39,0.39,1455700000.0,,1455700000.0,8091869044.0,20.0,17.222,60363000.0,0.536,1.0,192865000.0,0.734,1979462000.0,11108000.0,727554000.0,,0.0,0.0,0.0,0.0,1440827000.0,451760000.0,989067000.0,7800668044.0,28952000.0,0.0,-9720000.0,0.0,-20406000.0,-27136000.0,-6320000.0,0.0,66683000.0,-4275000.0,43827000.0,43827000.0,43827000.0,5797000.0,0.0,0.167,104123000.0,88742000.0,1139000.0,0.462,5.359,31.513,28.516,97498000.0,0.0,61.31,7.65,6.765,184827000.0,1046098000.0,262769000.0,262769000.0,23189000.0,,,,,4360000.0,62025000.0,1.0,127233209.0,112520000,113522000.0,2.335,917065000.0,34136000.0,28036000.0,136793000.0,8.15,336872000.0
26,MSCI,MRQ,2014-12-31,2014-12-31,2014-12-31,2021-07-27,-24971000.0,2882533000.0,,769458000.0,2113075000.0,,12.744,-8624000.0,508799000.0,508799000.0,69839000.0,44340000.0,1.627,1.012,788358000.0,0.0,788358000.0,788358000.0,310775000.0,19211000.0,0.0,0.004,0.18,87590000.0,106801000.0,0.425,106801000.0,87590000.0,71799000.0,0.4,0.4,0.4,1432833000.0,,1432833000.0,5659481563.0,13.0,11.322,95430000.0,0.849,1.0,181266000.0,0.722,1998532000.0,15791000.0,690648000.0,,0.0,0.0,0.0,0.0,1449700000.0,472912000.0,976788000.0,5314720563.0,60606000.0,-41000.0,417000.0,5187000.0,-20393000.0,-29951000.0,-8665000.0,0.0,104054000.0,-4832000.0,44340000.0,44340000.0,44340000.0,-1071000.0,0.0,0.177,96172000.0,85094000.0,2835000.0,0.45,3.709,18.706,19.363,94074000.0,0.0,47.44,5.332,5.509,178717000.0,1022695000.0,251105000.0,251105000.0,17235000.0,,,,,6831000.0,59726000.0,1.0,112030366.0,112428000,113415000.0,2.233,884001000.0,55333000.0,27459000.0,137838000.0,7.863,296546000.0
27,MSCI,MRQ,2014-09-30,2014-09-30,2014-09-30,2021-07-27,-12276000.0,2880279000.0,,758589000.0,2121690000.0,,12.013,-20273000.0,448193000.0,448193000.0,69770000.0,51714000.0,1.521,1.062,792954000.0,19781000.0,773173000.0,792954000.0,321025000.0,17916000.0,0.0,0.0,0.0,85590000.0,103506000.0,0.411,103506000.0,85590000.0,79986000.0,0.44,0.44,0.44,1396534000.0,,1396534000.0,5594221486.0,13.0,11.096,87294000.0,0.751,1.0,181891000.0,0.723,2012477000.0,5604000.0,713924000.0,,0.0,0.0,0.0,0.0,1483745000.0,498639000.0,985106000.0,5479563486.0,-235046000.0,-14880000.0,-296890000.0,-5062000.0,0.0,-301528000.0,-35153000.0,0.0,107567000.0,-5932000.0,51714000.0,51714000.0,51714000.0,10000.0,0.0,0.205,97855000.0,84036000.0,1695000.0,0.0,3.924,19.091,19.27,93787000.0,0.0,47.02,5.578,5.564,191806000.0,978358000.0,251661000.0,251661000.0,19021000.0,,,,,7235000.0,60918000.0,1.0,116536867.0,116251000,117163000.0,2.165,867802000.0,87151000.0,28272000.0,171681000.0,7.465,259950000.0
28,MSCI,MRQ,2014-06-30,2014-06-30,2014-06-30,2021-07-27,-1543000.0,3133235000.0,,1006893000.0,2126342000.0,,14.281,-11903000.0,683239000.0,683239000.0,76816000.0,107660000.0,2.118,0.88,797897000.0,19778000.0,778119000.0,797897000.0,323963000.0,17363000.0,0.0,0.0,0.0,140306000.0,157669000.0,0.62,157669000.0,140306000.0,134940000.0,0.92,0.91,0.92,1666678000.0,,1666678000.0,5893303154.0,14.0,11.556,56900000.0,0.488,1.0,177410000.0,0.698,2015645000.0,5366000.0,756757000.0,,0.0,0.0,0.0,0.0,1466557000.0,475491000.0,991066000.0,5350913154.0,418381000.0,362811000.0,1952000.0,-5062000.0,0.0,-1511000.0,350908000.0,0.0,68803000.0,181000.0,107660000.0,107660000.0,107660000.0,-50857000.0,0.0,0.423,88879000.0,88531000.0,1859000.0,0.0,3.211,18.412,18.638,94803000.0,0.0,45.85,5.577,5.577,213432000.0,947034000.0,254226000.0,254226000.0,0.0,,,,,5687000.0,71516000.0,1.0,116704758.0,116702000,117664000.0,2.178,1117590000.0,79593000.0,27280000.0,172241000.0,9.576,531402000.0
29,MSCI,MRQ,2014-03-31,2014-03-31,2014-03-31,2021-07-27,-21000.0,3093818000.0,,988860000.0,2104958000.0,,13.299,-10053000.0,260450000.0,260450000.0,75427000.0,80399000.0,1.809,0.978,802840000.0,19775000.0,783065000.0,802840000.0,314247000.0,20057000.0,0.0,0.0,0.0,111843000.0,131900000.0,0.55,131900000.0,111843000.0,106784000.0,0.68,0.68,0.68,1563731000.0,,1563731000.0,5465842357.0,14.0,11.695,15196000.0,0.129,1.0,164261000.0,0.685,2009521000.0,5059000.0,1080036000.0,,0.0,0.0,0.0,0.0,1530087000.0,546651000.0,983436000.0,5016494357.0,-93576000.0,0.0,-105449000.0,-5063000.0,0.0,-109338000.0,-10053000.0,0.0,25249000.0,566000.0,80399000.0,80399000.0,80399000.0,-33253000.0,0.0,0.335,84756000.0,79505000.0,1542000.0,0.0,3.208,20.558,21.088,79758000.0,0.0,43.02,5.373,5.418,191905000.0,850655000.0,239688000.0,239688000.0,0.0,,,,,3997000.0,67658000.0,1.0,116608423.0,117582000,118597000.0,2.038,1084297000.0,93022000.0,26385000.0,159141000.0,9.222,442209000.0
30,MSCI,MRQ,2013-12-31,2013-12-31,2013-12-31,2021-07-27,-650000.0,3136115000.0,,624270000.0,2511845000.0,,13.156,-20812000.0,358434000.0,358434000.0,37550000.0,47257000.0,1.241,1.005,807782000.0,19772000.0,788010000.0,807782000.0,319735000.0,20802000.0,0.0,0.0,0.0,90289000.0,111091000.0,0.469,111091000.0,90289000.0,83376000.0,0.4,0.39,0.4,1564347000.0,,1564347000.0,5700284601.0,16.0,12.89,74334000.0,0.625,1.0,199314000.0,0.841,2408871000.0,6913000.0,673551000.0,,0.0,0.0,0.0,0.0,1571768000.0,503041000.0,1068727000.0,5176619601.0,74684000.0,0.0,139000.0,0.0,0.0,270000.0,-20812000.0,0.0,95146000.0,80000.0,47257000.0,47257000.0,47257000.0,-6382000.0,0.0,0.2,115667000.0,83647000.0,1198000.0,0.0,3.309,23.26,23.632,85588000.0,0.0,43.72,5.668,5.749,169490000.0,758975000.0,236864000.0,236864000.0,61003000.0,,,,,5723000.0,37877000.0,1.0,118403925.0,118909000,119958000.0,1.992,727244000.0,67456000.0,36119000.0,234649000.0,6.116,121229000.0
31,MSCI,MRQ,2013-09-30,2013-09-30,2013-09-30,2021-07-27,-2701000.0,3081589000.0,,590095000.0,2491494000.0,,12.726,-14208000.0,283750000.0,283750000.0,68151000.0,55310000.0,1.109,1.025,807415000.0,54130000.0,753285000.0,807415000.0,334094000.0,20382000.0,0.0,0.0,0.0,88942000.0,109324000.0,0.478,109324000.0,88942000.0,83114000.0,0.46,0.46,0.46,1522147000.0,,1522147000.0,5353627425.0,15.0,12.227,55153000.0,0.461,1.0,160457000.0,0.702,2404989000.0,5828000.0,668312000.0,,0.0,0.0,0.0,0.0,1559442000.0,531953000.0,1027489000.0,4870138425.0,-50951000.0,0.0,-97861000.0,-11000000.0,0.0,-108497000.0,-14208000.0,0.0,69361000.0,2393000.0,55310000.0,55310000.0,55310000.0,-5374000.0,0.0,0.242,76553000.0,83904000.0,1319000.0,0.0,3.2,21.197,21.302,73809000.0,0.0,40.26,6.084,6.016,179920000.0,722999000.0,228608000.0,228608000.0,0.0,,,,,5957000.0,59917000.0,1.0,120967174.0,119607000,120578000.0,1.911,676600000.0,97763000.0,27804000.0,229877000.0,5.657,58142000.0
32,MSCI,MRQ,2013-06-30,2013-06-30,2013-06-30,2021-07-27,-6775000.0,3105098000.0,,617516000.0,2487582000.0,,12.842,-3691000.0,334701000.0,334701000.0,69696000.0,61053000.0,1.244,0.996,818190000.0,43118000.0,775072000.0,818190000.0,347470000.0,19755000.0,0.0,0.0,0.0,95315000.0,115070000.0,0.504,115070000.0,95315000.0,88816000.0,0.5,0.5,0.5,1555828000.0,,1555828000.0,4582313983.0,13.0,10.606,81938000.0,0.676,1.0,158727000.0,0.695,2409135000.0,6499000.0,682986000.0,,0.0,0.0,0.0,0.0,1549270000.0,496466000.0,1052804000.0,4016380983.0,71672000.0,-100000.0,2874000.0,-11000000.0,0.0,-7896000.0,-3791000.0,0.0,85629000.0,-2270000.0,61053000.0,61053000.0,61053000.0,-4912000.0,0.0,0.267,68838000.0,89889000.0,979000.0,0.0,2.582,18.034,18.28,65982000.0,0.0,33.27,4.975,4.993,160101000.0,667689000.0,228423000.0,228423000.0,0.0,,,,,5788000.0,52842000.0,1.0,120720799.0,121149000,122069000.0,1.885,695963000.0,98893000.0,27763000.0,235066000.0,5.745,121050000.0
33,MSCI,MRQ,2013-03-31,2013-03-31,2013-03-31,2021-07-27,-5723000.0,3031860000.0,,523333000.0,2508527000.0,,12.33,-4800000.0,263029000.0,263029000.0,65300000.0,58937000.0,1.084,1.037,828962000.0,43106000.0,785856000.0,828962000.0,350470000.0,19566000.0,0.0,0.0,0.0,87185000.0,106751000.0,0.486,106751000.0,87185000.0,80169000.0,0.49,0.48,0.49,1488738000.0,,1488738000.0,4750796174.0,14.0,11.193,66247000.0,0.549,1.0,154169000.0,0.702,2430838000.0,7016000.0,684104000.0,,0.0,0.0,0.0,0.0,1543122000.0,482851000.0,1060271000.0,4079389174.0,79720000.0,-23168000.0,-5633000.0,-26000000.0,0.0,-30461000.0,42932000.0,70900000.0,71047000.0,-3798000.0,58937000.0,58937000.0,58937000.0,-5979000.0,0.0,0.269,71278000.0,82891000.0,1138000.0,0.0,2.74,20.478,20.816,64608000.0,0.0,33.93,4.991,5.012,166915000.0,606636000.0,219469000.0,219469000.0,0.0,,,,,5639000.0,55515000.0,1.0,120229566.0,120746000,121702000.0,1.818,601022000.0,69128000.0,21232000.0,234500000.0,4.978,40482000.0
34,MSCI,MRQ,2012-12-31,2012-12-31,2012-12-31,2021-07-27,-2796000.0,3019639000.0,,514835000.0,2504804000.0,,11.678,-6424000.0,183309000.0,183309000.0,16398000.0,54452000.0,1.01,1.119,854716000.0,43093000.0,811623000.0,854716000.0,308022000.0,20410000.0,0.0,0.0,0.0,86305000.0,106715000.0,0.861,106715000.0,86305000.0,79154000.0,0.44,0.43,0.44,1425231000.0,,1425231000.0,4308759835.0,13.0,10.292,52988000.0,0.434,1.0,107531000.0,0.868,2424484000.0,7151000.0,756617000.0,,0.0,70898000.0,70898000.0,0.0,1594408000.0,509945000.0,1084463000.0,3783734835.0,-157149000.0,-119554000.0,-100515000.0,-7130000.0,0.0,-112046000.0,-102969000.0,23009000.0,59412000.0,-1546000.0,54452000.0,54452000.0,54452000.0,-19447000.0,0.0,0.439,40925000.0,66606000.0,2985000.0,0.0,2.655,20.537,20.66,67419000.0,0.0,30.99,4.575,4.573,153557000.0,547699000.0,123929000.0,123929000.0,0.0,,,,,6445000.0,35894000.0,1.0,122095348.0,122044000,122955000.0,1.015,595155000.0,81983000.0,24702000.0,234245000.0,4.877,4890000.0
35,MSCI,MRQ,2012-09-30,2012-09-30,2012-09-30,2021-07-27,-2357000.0,3053191000.0,,670781000.0,2382410000.0,,12.008,-18163000.0,340458000.0,340458000.0,68350000.0,48274000.0,1.359,1.08,865483000.0,43082000.0,822401000.0,865483000.0,323503000.0,20592000.0,0.0,0.0,0.0,82908000.0,103500000.0,0.44,103500000.0,82908000.0,75594000.0,0.39,0.39,0.39,1468063000.0,,1468063000.0,4961999052.0,15.0,11.926,79434000.0,0.65,1.0,167094000.0,0.71,2305589000.0,7314000.0,779122000.0,,0.0,93885000.0,93885000.0,0.0,1585128000.0,493505000.0,1091623000.0,4359061052.0,67151000.0,0.0,2765000.0,-11000000.0,0.0,-8315000.0,-25549000.0,-7386000.0,97597000.0,3418000.0,48274000.0,48274000.0,48274000.0,0.0,0.0,0.205,83565000.0,83529000.0,1694000.0,0.0,2.969,25.013,25.028,64012000.0,0.0,35.79,4.691,4.709,124309000.0,493247000.0,235444000.0,235444000.0,0.0,,,,,7617000.0,62973000.0,1.0,121795503.0,122261000,123450000.0,1.926,747602000.0,88970000.0,27320000.0,226796000.0,6.115,177276000.0
36,MSCI,MRQ,2012-06-30,2012-06-30,2012-06-30,2021-07-27,-4176000.0,2994890000.0,,605101000.0,2389789000.0,,11.552,-15654000.0,273307000.0,273307000.0,73243000.0,37546000.0,1.251,1.125,876245000.0,43070000.0,833175000.0,876245000.0,333890000.0,20621000.0,0.0,0.0,0.0,86842000.0,107463000.0,0.45,107463000.0,86842000.0,57261000.0,0.31,0.3,0.31,1409656000.0,,1409656000.0,4943284847.0,15.0,11.852,104905000.0,0.86,1.0,165322000.0,0.693,2321548000.0,29581000.0,792450000.0,,0.0,86460000.0,86460000.0,0.0,1585234000.0,483830000.0,1101404000.0,4135002847.0,7285000.0,0.0,4038000.0,-206534000.0,0.0,-202099000.0,92085000.0,107739000.0,120559000.0,-3260000.0,37546000.0,37546000.0,37546000.0,0.0,0.0,0.157,78201000.0,87121000.0,657000.0,0.0,2.933,23.523,23.462,54793000.0,0.0,34.02,4.501,4.518,136074000.0,444973000.0,238565000.0,238565000.0,0.0,,,,,5632000.0,57602000.0,1.0,121546233.0,122030000,123295000.0,1.955,673342000.0,85539000.0,19715000.0,230232000.0,5.518,121271000.0
37,MSCI,MRQ,2012-03-31,2012-03-31,2012-03-31,2021-07-27,-2954000.0,3113047000.0,,713132000.0,2399915000.0,,11.208,-4292000.0,266022000.0,266022000.0,72291000.0,43966000.0,1.693,1.281,1074304000.0,10342000.0,1063962000.0,1074304000.0,330050000.0,20375000.0,0.0,0.0,0.0,80594000.0,100969000.0,0.441,100969000.0,80594000.0,68239000.0,0.36,0.35,0.36,1364604000.0,,1364604000.0,5295529189.0,16.0,12.8,65215000.0,0.536,1.0,156761000.0,0.684,2337507000.0,12355000.0,1162631000.0,,0.0,194157000.0,194157000.0,0.0,1748443000.0,421191000.0,1327252000.0,4470853189.0,13811000.0,0.0,1034000.0,-2812000.0,0.0,-516000.0,-57928000.0,-53636000.0,69507000.0,2748000.0,43966000.0,43966000.0,43966000.0,0.0,0.0,0.192,76390000.0,80371000.0,166000.0,0.0,3.276,24.311,24.217,39710000.0,0.0,36.81,4.931,4.943,172181000.0,407427000.0,229052000.0,229052000.0,0.0,,,,,4581000.0,55436000.0,1.0,121457571.0,121754000,123113000.0,1.881,775540000.0,56780000.0,24273000.0,235429000.0,6.37,291941000.0
38,MSCI,MRQ,2011-12-31,2011-12-31,2011-12-31,2021-07-27,-5094000.0,3092996000.0,,677943000.0,2415053000.0,,10.775,-6269000.0,252211000.0,252211000.0,69121000.0,44486000.0,1.497,1.369,1076887000.0,10339000.0,1066548000.0,1076887000.0,289217000.0,20746000.0,0.0,0.0,0.0,83395000.0,104141000.0,0.461,104141000.0,83395000.0,70128000.0,0.37,0.36,0.37,1305432000.0,,1305432000.0,4863170810.0,15.0,12.024,73798000.0,0.609,1.0,157013000.0,0.694,2353466000.0,13267000.0,1111401000.0,,0.0,140490000.0,140490000.0,0.0,1787564000.0,452805000.0,1334759000.0,3970295810.0,30636000.0,0.0,-9013000.0,-37813000.0,0.0,-43639000.0,-3976000.0,2293000.0,80067000.0,-1816000.0,44486000.0,44486000.0,44486000.0,0.0,0.0,0.197,78994000.0,78019000.0,239000.0,0.0,3.041,22.89,23.028,37623000.0,0.0,32.93,4.407,4.412,180566000.0,363461000.0,226134000.0,226134000.0,0.0,,,,,4214000.0,54509000.0,1.0,120567744.0,121158000,122546000.0,1.866,739530000.0,78974000.0,25642000.0,240456000.0,6.104,225138000.0
39,MSCI,MRQ,2011-09-30,2011-09-30,2011-09-30,2021-07-27,-4355000.0,3064214000.0,,632436000.0,2431778000.0,,10.444,-10110000.0,221575000.0,221575000.0,68968000.0,49787000.0,1.458,1.428,1114450000.0,10334000.0,1104116000.0,1114450000.0,291045000.0,21091000.0,0.0,0.0,0.0,83412000.0,104503000.0,0.464,104503000.0,83412000.0,70299000.0,0.41,0.4,0.41,1261948000.0,,1261948000.0,4594836205.0,,,84574000.0,0.7,1.0,156058000.0,0.694,2369734000.0,13113000.0,1153461000.0,,0.0,142754000.0,142754000.0,0.0,1802266000.0,433894000.0,1368372000.0,3653700205.0,45680000.0,0.0,1117000.0,-2811000.0,0.0,-1381000.0,-41657000.0,-31547000.0,94684000.0,-5966000.0,49787000.0,49787000.0,49787000.0,0.0,0.0,0.221,73813000.0,82245000.0,431000.0,0.0,2.895,,,36911000.0,0.0,30.33,,,166948000.0,318975000.0,225026000.0,225026000.0,0.0,,,,,7547000.0,53724000.0,1.0,120464893.0,120831000,122303000.0,1.862,694480000.0,74144000.0,20512000.0,236372000.0,5.748,198542000.0
40,MSCI,MRQ,2011-06-30,2011-06-30,2011-06-30,2021-07-27,89000.0,3009587000.0,,561320000.0,2448267000.0,,10.026,-2897000.0,175895000.0,175895000.0,68840000.0,45660000.0,1.325,1.489,1117031000.0,10331000.0,1106700000.0,1117031000.0,296793000.0,21591000.0,0.0,0.0,0.0,82494000.0,104085000.0,0.46,104085000.0,82494000.0,69642000.0,0.38,0.37,0.38,1209045000.0,,1209045000.0,5518771182.0,,,103227000.0,0.856,1.0,157643000.0,0.696,2386156000.0,12852000.0,1141001000.0,,0.0,111167000.0,111167000.0,0.0,1800542000.0,423566000.0,1376976000.0,4526798182.0,48255000.0,0.0,5787000.0,-2813000.0,0.0,4160000.0,-63853000.0,-60956000.0,106124000.0,1824000.0,45660000.0,45660000.0,45660000.0,0.0,0.0,0.202,74952000.0,82691000.0,625000.0,0.0,3.744,,,36075000.0,0.0,37.68,,,177189000.0,269188000.0,226483000.0,226483000.0,0.0,,,,,6822000.0,53321000.0,1.0,120137956.0,120592000,122235000.0,1.878,623431000.0,75811000.0,23982000.0,241538000.0,5.17,137754000.0
41,MSCI,MRQ,2011-03-31,2011-03-31,2011-03-31,2021-07-27,289000.0,2910484000.0,,448966000.0,2461518000.0,,9.561,-3835000.0,127640000.0,127640000.0,70218000.0,33521000.0,1.188,1.531,1119613000.0,10329000.0,1109284000.0,1119613000.0,284119000.0,21802000.0,0.0,0.0,0.0,69931000.0,91733000.0,0.411,91733000.0,69931000.0,53344000.0,0.28,0.27,0.28,1150023000.0,,1150023000.0,5443566464.0,,,-29713000.0,-0.247,1.0,153080000.0,0.686,2400665000.0,16587000.0,1123775000.0,,0.0,50161000.0,50161000.0,0.0,1760461000.0,378017000.0,1382444000.0,4407344464.0,-141783000.0,0.0,3914000.0,-143625000.0,0.0,-137134000.0,18875000.0,22710000.0,-25878000.0,2354000.0,33521000.0,33521000.0,33521000.0,0.0,0.0,0.15,83292000.0,69788000.0,471000.0,0.0,3.832,,,33065000.0,0.0,36.82,,,185714000.0,223528000.0,223298000.0,223298000.0,0.0,,,,,5877000.0,51418000.0,1.0,119699741.0,120282000,122013000.0,1.856,509819000.0,66460000.0,19823000.0,246897000.0,4.239,70949000.0
42,MSCI,MRQ,2010-12-31,2010-11-30,2010-11-30,2021-07-27,-1966000.0,3023166000.0,,536283000.0,2486883000.0,,9.055,-6095000.0,226575000.0,226575000.0,69131000.0,30266000.0,1.149,1.799,1262797000.0,54916000.0,1207881000.0,1262797000.0,271300000.0,22224000.0,0.0,0.0,0.0,68574000.0,90798000.0,0.426,90798000.0,68574000.0,51079000.0,0.26,0.26,0.26,1080117000.0,,1080117000.0,5113485674.0,25.0,19.381,56021000.0,0.47,1.0,144187000.0,0.676,2422921000.0,17495000.0,1169543000.0,,0.0,73891000.0,73891000.0,0.0,1943049000.0,466924000.0,1476125000.0,4045509674.0,28840000.0,-300000.0,-674000.0,-3187000.0,0.0,2173000.0,-37653000.0,-31258000.0,62116000.0,2204000.0,30266000.0,30266000.0,30266000.0,0.0,0.0,0.142,75755000.0,68432000.0,2162000.0,0.0,3.745,43.892,41.537,34368000.0,0.0,34.06,6.103,5.758,147662000.0,176183000.0,213318000.0,213318000.0,0.0,,,,,3307000.0,49300000.0,1.0,118775974.0,119280000,121142000.0,1.788,600245000.0,68821000.0,20813000.0,240944000.0,5.032,69359000.0
43,MSCI,MRQ,2010-09-30,2010-08-31,2010-08-31,2021-07-27,-4374000.0,2948455000.0,,445727000.0,2502728000.0,,8.739,-2377000.0,197735000.0,197735000.0,69741000.0,10319000.0,1.089,1.851,1265711000.0,11663000.0,1254048000.0,1265711000.0,283834000.0,21284000.0,0.0,0.0,0.0,41039000.0,62323000.0,0.307,62323000.0,41039000.0,20624000.0,0.09,0.08,0.09,1034200000.0,,1034200000.0,3440524912.0,19.0,15.187,63757000.0,0.539,1.0,132992000.0,0.656,2436420000.0,20415000.0,1170687000.0,,0.0,42593000.0,42593000.0,0.0,1914255000.0,409324000.0,1504931000.0,3522102912.0,45587000.0,-1100943000.0,10195000.0,1087092000.0,0.0,1064298000.0,-1084486000.0,18834000.0,66134000.0,-359000.0,10319000.0,10319000.0,10319000.0,0.0,0.0,0.051,91543000.0,41449000.0,1462000.0,0.0,3.406,40.747,36.024,35612000.0,0.0,29.9,6.197,6.225,114527000.0,145917000.0,202733000.0,202733000.0,0.0,,,,,11418000.0,63306000.0,1.0,117796084.0,118339000,120341000.0,1.713,512035000.0,70072000.0,10305000.0,223736000.0,4.327,36403000.0
44,MSCI,MRQ,2010-06-30,2010-05-31,2010-05-31,2021-07-27,-3987000.0,947931000.0,,362386000.0,585545000.0,,5.472,-1411000.0,152148000.0,152148000.0,30463000.0,24067000.0,1.454,0.644,70570000.0,8245000.0,62325000.0,70570000.0,181906000.0,7833000.0,0.0,0.0,0.0,46942000.0,54775000.0,0.438,54775000.0,46942000.0,37951000.0,0.23,0.22,0.23,576434000.0,,576434000.0,3398117828.0,19.0,16.04,68454000.0,0.65,1.0,94707000.0,0.757,553257000.0,8991000.0,63922000.0,,0.0,61399000.0,61399000.0,0.0,371497000.0,249174000.0,122323000.0,3113279828.0,67799000.0,0.0,93000.0,-299077000.0,0.0,-298913000.0,295403000.0,296814000.0,69865000.0,1444000.0,24067000.0,24067000.0,24067000.0,0.0,0.0,0.192,48010000.0,46697000.0,534000.0,0.0,5.401,32.081,31.543,25387000.0,0.0,29.65,6.561,6.583,92530000.0,135598000.0,125170000.0,125170000.0,0.0,,,,,5295000.0,40177000.0,1.0,105001006.0,105345000,106003000.0,1.188,394674000.0,23334000.0,13884000.0,36712000.0,3.746,113212000.0
45,MSCI,MRQ,2010-03-31,2010-02-28,2010-02-28,2021-07-27,-6348000.0,1195874000.0,,601848000.0,594026000.0,,5.185,-3285000.0,84349000.0,84349000.0,29291000.0,27518000.0,2.294,1.192,369187000.0,42088000.0,327099000.0,369187000.0,168311000.0,7671000.0,0.0,0.0,0.0,48273000.0,55944000.0,0.46,55944000.0,48273000.0,43837000.0,0.26,0.26,0.26,545661000.0,,545661000.0,3351240900.0,20.0,16.48,-18046000.0,-0.171,1.0,92389000.0,0.759,557534000.0,4436000.0,660768000.0,,0.0,358145000.0,358145000.0,0.0,650213000.0,262410000.0,387803000.0,3147554900.0,-91675000.0,0.0,-329000.0,-10563000.0,0.0,-9500000.0,-65541000.0,-62256000.0,-14761000.0,-1873000.0,27518000.0,27518000.0,27518000.0,0.0,0.0,0.226,45132000.0,47257000.0,406000.0,0.0,5.768,33.993,33.311,27256000.0,0.0,29.98,6.862,6.878,113901000.0,111531000.0,121680000.0,121680000.0,0.0,,,,,3728000.0,37461000.0,1.0,104988489.0,105235000,105844000.0,1.156,638340000.0,23877000.0,16319000.0,38443000.0,6.066,339438000.0
46,MSCI,MRQ,2009-12-31,2009-11-30,2009-11-30,2021-07-27,-7590000.0,1200269000.0,,602484000.0,597785000.0,,5.002,-2224000.0,176024000.0,176024000.0,32214000.0,24535000.0,2.06,1.367,379710000.0,42088000.0,337622000.0,379710000.0,152944000.0,9333000.0,0.0,0.0,0.0,44166000.0,53499000.0,0.45,53499000.0,44166000.0,39653000.0,0.25,0.25,0.25,507056000.0,,507056000.0,3325596277.0,22.0,17.604,7874000.0,0.078,1.0,86576000.0,0.729,561812000.0,4513000.0,549643000.0,,0.0,295304000.0,295304000.0,0.0,693213000.0,292500000.0,400713000.0,3052066277.0,64323000.0,0.0,98549000.0,-5563000.0,0.0,99913000.0,-47308000.0,-45084000.0,10098000.0,1620000.0,24535000.0,24535000.0,24535000.0,0.0,0.0,0.207,43461000.0,43115000.0,1878000.0,0.0,6.019,37.311,38.087,29381000.0,0.0,30.47,6.89,6.921,77180000.0,84013000.0,118790000.0,118790000.0,0.0,,,,,3166000.0,33487000.0,1.0,100166271.0,101378000,101946000.0,1.172,638457000.0,42179000.0,15118000.0,40080000.0,6.298,309984000.0
47,MSCI,MRQ,2009-09-30,2009-08-31,2009-08-31,2021-07-27,-8457000.0,1082565000.0,,479901000.0,602664000.0,,3.676,-1669000.0,111701000.0,111701000.0,28247000.0,20924000.0,1.539,1.933,385231000.0,37087000.0,348144000.0,385231000.0,166215000.0,9298000.0,0.0,0.0,0.0,38339000.0,47637000.0,0.438,47637000.0,38339000.0,33711000.0,0.2,0.2,0.2,369080000.0,,369080000.0,3264020189.0,24.0,19.041,50018000.0,0.498,1.0,80621000.0,0.741,568081000.0,4628000.0,476091000.0,,0.0,250061000.0,0.0,0.0,713485000.0,311923000.0,401562000.0,2946037189.0,38932000.0,0.0,-109000.0,-5562000.0,0.0,-5671000.0,-6655000.0,-4986000.0,51687000.0,-429000.0,20924000.0,20924000.0,20924000.0,0.0,0.0,0.192,42823000.0,37798000.0,33946000.0,0.0,7.982,42.032,44.576,27900000.0,0.0,29.42,6.826,6.844,76511000.0,59478000.0,108868000.0,108868000.0,0.0,,,,,8354000.0,33525000.0,1.0,100137226.0,100402000,100833000.0,1.084,514484000.0,0.0,12787000.0,43040000.0,5.124,167978000.0
48,MSCI,MRQ,2009-06-30,2009-05-31,2009-05-31,2021-07-27,-8603000.0,1063861000.0,,452863000.0,610998000.0,,3.392,-3486000.0,72769000.0,72769000.0,29269000.0,19618000.0,1.468,2.125,390752000.0,32087000.0,358665000.0,390752000.0,176029000.0,9400000.0,0.0,0.0,0.0,36876000.0,46276000.0,0.423,46276000.0,36876000.0,31972000.0,0.19,0.19,0.19,340437000.0,,340437000.0,2247953941.0,17.0,13.355,43199000.0,0.43,1.0,80106000.0,0.732,574510000.0,4904000.0,498811000.0,,0.0,244878000.0,244878000.0,0.0,723424000.0,308523000.0,414901000.0,2128560941.0,-204112000.0,0.0,-465000.0,-5562000.0,0.0,-6027000.0,-248220000.0,-244734000.0,46685000.0,3450000.0,19618000.0,19618000.0,19618000.0,0.0,0.0,0.179,43452000.0,36654000.0,38606000.0,0.0,6.252,31.282,32.723,29853000.0,0.0,21.27,4.915,4.929,95374000.0,38554000.0,109375000.0,109375000.0,0.0,,,,,8978000.0,34052000.0,1.0,100073387.0,100359000,100371000.0,1.09,489351000.0,26869000.0,12354000.0,45834000.0,4.876,144340000.0
49,MSCI,MRQ,2009-03-31,2009-02-28,2009-02-28,2021-07-27,-8260000.0,1030058000.0,,412750000.0,617308000.0,,3.123,-6033000.0,276881000.0,276881000.0,28935000.0,16724000.0,1.416,2.289,396274000.0,27086000.0,369188000.0,396274000.0,176805000.0,9480000.0,0.0,0.0,0.0,32023000.0,41503000.0,0.392,41503000.0,32023000.0,26385000.0,0.16,0.16,0.16,313178000.0,,313178000.0,1710709241.0,14.0,10.687,16439000.0,0.164,1.0,76980000.0,0.727,581100000.0,5638000.0,276842000.0,,0.0,0.0,0.0,0.0,716880000.0,291509000.0,425371000.0,1576991241.0,8804000.0,0.0,-110000.0,-5563000.0,0.0,-5673000.0,-6033000.0,0.0,22472000.0,-1962000.0,16724000.0,16724000.0,16724000.0,0.0,0.0,0.158,44196000.0,32784000.0,37429000.0,0.0,5.035,23.517,24.246,29766000.0,0.0,15.76,3.651,3.659,103861000.0,18936000.0,105915000.0,105915000.0,0.0,,,,,7736000.0,34716000.0,1.0,100062896.0,100286000,100286000.0,1.056,448958000.0,20803000.0,9661000.0,47179000.0,4.477,121241000.0
50,MSCI,MRQ,2008-12-31,2008-11-30,2008-11-30,2021-07-27,-7354000.0,1015048000.0,,392255000.0,622793000.0,,2.861,-6459000.0,268077000.0,268077000.0,35094000.0,12825000.0,1.348,2.544,401795000.0,22086000.0,379709000.0,401795000.0,144711000.0,9821000.0,0.0,0.0,0.0,26186000.0,36007000.0,0.335,36007000.0,26186000.0,20376000.0,0.11,0.11,0.11,286382000.0,,286382000.0,1704717492.0,12.0,10.025,37058000.0,0.37,1.0,72322000.0,0.673,587530000.0,5810000.0,270142000.0,,0.0,0.0,0.0,0.0,728666000.0,291094000.0,437572000.0,1543852492.0,21625000.0,0.0,-95000.0,-5563000.0,0.0,-5658000.0,-6459000.0,0.0,43517000.0,-9775000.0,12825000.0,12825000.0,12825000.0,0.0,0.0,0.119,49477000.0,22845000.0,35892000.0,0.0,5.391,22.615,23.379,28447000.0,0.0,15.43,3.582,3.582,87488000.0,2212000.0,107416000.0,107416000.0,0.0,,,,,12844000.0,32299000.0,1.0,100055249.0,100088000,97416000.0,1.073,427518000.0,18590000.0,7551000.0,49364000.0,4.271,101161000.0
51,MSCI,MRQ,2008-09-30,2008-08-31,2008-08-31,2021-07-27,985000.0,993459000.0,,366684000.0,626775000.0,,2.732,-13277000.0,246452000.0,246452000.0,27800000.0,18878000.0,1.297,2.634,407317000.0,22250000.0,385067000.0,407317000.0,158697000.0,8393000.0,0.0,0.0,0.0,36138000.0,44531000.0,0.403,44531000.0,36138000.0,30147000.0,0.19,0.19,0.19,273357000.0,,273357000.0,3164809006.0,20.0,16.998,17550000.0,0.175,1.0,82599000.0,0.748,594655000.0,5991000.0,276950000.0,,0.0,3000000.0,0.0,3000000.0,720102000.0,282719000.0,437383000.0,2986543006.0,214158000.0,0.0,-29000.0,-5562000.0,0.0,-5612000.0,190038000.0,0.0,30827000.0,-1095000.0,18878000.0,18878000.0,18878000.0,0.0,0.0,0.171,45080000.0,37519000.0,17297000.0,0.0,10.925,40.533,38.766,21977000.0,0.0,29.85,7.024,7.024,90802000.0,-10613000.0,110399000.0,110399000.0,0.0,,,,,5397000.0,36687000.0,1.0,100051692.0,100052000,101698000.0,1.103,398804000.0,19971000.0,11269000.0,72943000.0,3.986,83965000.0
52,MSCI,MRQ,2008-06-30,2008-05-31,2008-05-31,2021-07-27,2735000.0,1002777000.0,,382630000.0,620147000.0,,2.508,-4859000.0,235609000.0,235609000.0,29636000.0,18631000.0,1.253,2.997,413875000.0,22250000.0,391625000.0,413875000.0,168824000.0,7647000.0,0.0,0.0,0.0,30385000.0,38032000.0,0.352,38032000.0,30385000.0,30385000.0,0.19,0.18,0.19,250861000.0,,250861000.0,3788855015.0,25.0,20.811,55137000.0,0.551,1.0,78559000.0,0.726,601780000.0,0.0,273855000.0,,0.0,3000000.0,0.0,3000000.0,751916000.0,305408000.0,446508000.0,3555445015.0,10365000.0,0.0,-557000.0,-5563000.0,0.0,-6120000.0,-44075000.0,0.0,59996000.0,564000.0,18631000.0,18631000.0,18631000.0,0.0,0.0,0.172,45652000.0,32907000.0,32150000.0,0.0,14.173,46.67,42.831,15367000.0,0.0,35.55,8.731,8.732,108169000.0,-29491000.0,108195000.0,108195000.0,0.0,,,,,7222000.0,38005000.0,1.0,100012518.0,100026000,101282000.0,1.082,400997000.0,22239000.0,11754000.0,80820000.0,4.009,77222000.0
53,MSCI,MRQ,2008-03-31,2008-02-29,2008-02-29,2021-07-27,-661000.0,962266000.0,,345638000.0,616628000.0,,2.221,-961000.0,186028000.0,186028000.0,30860000.0,17934000.0,1.198,3.331,419438000.0,22236000.0,397202000.0,419438000.0,167336000.0,7609000.0,0.0,0.0,0.0,35162000.0,42771000.0,0.408,42771000.0,35162000.0,28735000.0,0.18,0.18,0.18,222169000.0,,222169000.0,3226895565.0,21.0,17.679,19780000.0,0.198,1.0,74091000.0,0.706,608905000.0,6427000.0,298348000.0,,0.0,3000000.0,0.0,3000000.0,740097000.0,288423000.0,451674000.0,2973338565.0,-11889000.0,0.0,0.0,-5562000.0,0.0,-5562000.0,-27435000.0,0.0,20741000.0,367000.0,17934000.0,17934000.0,17934000.0,0.0,0.0,0.171,39265000.0,34826000.0,41327000.0,0.0,13.383,38.414,33.784,4723000.0,0.0,29.73,7.668,7.668,129426000.0,-48122000.0,104951000.0,104951000.0,0.0,,,,,4875000.0,31320000.0,1.0,100011388.0,100011000,100728000.0,1.049,353361000.0,17831000.0,10801000.0,76531000.0,3.533,57215000.0
54,MSCI,MRQ,2007-12-31,2007-11-30,2007-11-30,2021-07-27,-193000.0,904679000.0,,281403000.0,623276000.0,,2.306,411000.0,171443000.0,171443000.0,29064000.0,18239000.0,1.149,3.523,425000000.0,22250000.0,402750000.0,425000000.0,125230000.0,7070000.0,0.0,0.0,0.0,53786000.0,60856000.0,0.599,60856000.0,53786000.0,34101000.0,0.21,0.21,0.21,200021000.0,,200021000.0,2352342000.0,16.0,13.78,42280000.0,0.487,1.0,72594000.0,0.714,616030000.0,19685000.0,297275000.0,,0.0,3000000.0,0.0,3000000.0,704658000.0,244931000.0,459727000.0,2706935000.0,12219000.0,0.0,265035000.0,-202026000.0,0.0,55035000.0,-85415000.0,0.0,41869000.0,730000.0,18239000.0,18239000.0,18239000.0,0.0,0.0,0.179,31951000.0,40643000.0,17213000.0,0.0,13.533,33.373,28.802,4246000.0,0.0,27.65,7.318,6.325,80375000.0,-65884000.0,101658000.0,101658000.0,0.0,,,,,1034000.0,23127000.0,1.0,97900000.0,86732000,86796000.0,1.172,288649000.0,17425000.0,15862000.0,73189000.0,3.328,36472000.0
55,MSCI,MRQ,2007-09-30,2007-08-31,2007-08-31,2021-07-27,,,,,,,,-589000.0,,,29354000.0,21379000.0,,,,,,,,7138000.0,,,0.0,33263000.0,40401000.0,0.437,40401000.0,33263000.0,32919000.0,0.25,0.25,0.25,,,,,,,26382000.0,0.314,1.0,63053000.0,0.682,,344000.0,,,,,,,,,,,-8352000.0,0.0,0.0,625901000.0,-973000000.0,-347099000.0,314622000.0,0.0,26971000.0,-2846000.0,21379000.0,21379000.0,21379000.0,0.0,0.0,0.231,29790000.0,33263000.0,,0.0,,,,,0.0,,,,,,92407000.0,92407000.0,0.0,,,,,0.0,23093000.0,1.0,97900000.0,83900000,83900000.0,1.101,,,11540000.0,,,
56,MSCI,MRQ,2007-06-30,2007-05-31,2007-05-31,2021-07-27,,,,,,,,-453000.0,,,30341000.0,19851000.0,,,,,,,,6790000.0,,,0.0,31705000.0,38495000.0,0.434,38495000.0,31705000.0,31705000.0,0.24,0.24,0.24,,,,,,,30810000.0,0.367,1.0,58411000.0,0.658,,0.0,,,,,,,,,,,5468000.0,0.0,0.0,0.0,0.0,0.0,-26480000.0,0.0,31263000.0,685000.0,19851000.0,19851000.0,19851000.0,0.0,0.0,0.224,31754000.0,26657000.0,,0.0,,,,,0.0,,,,,,88752000.0,88752000.0,0.0,,,,,0.0,25489000.0,1.0,97900000.0,83900000,83900000.0,1.058,,,11854000.0,,,
57,MSCI,MRQ,2007-03-31,2007-02-28,2007-02-28,2021-07-27,,,,,,,,96000.0,,,32266000.0,21642000.0,,,,,,,,6830000.0,,,0.0,34662000.0,41492000.0,0.477,41492000.0,34662000.0,34567000.0,0.26,0.26,0.26,,,,,,,10218000.0,0.122,1.0,54803000.0,0.629,,95000.0,,,,,,,,,,,121000.0,0.0,0.0,0.0,0.0,0.0,-10656000.0,0.0,10122000.0,655000.0,21642000.0,21642000.0,21642000.0,0.0,0.0,0.249,25230000.0,29573000.0,,0.0,,,,,0.0,,,,,,87069000.0,87069000.0,0.0,,,,,0.0,18964000.0,1.0,97900000.0,83900000,83900000.0,1.038,,,12925000.0,,,
58,MSCI,MRQ,2006-12-31,2006-11-30,2006-11-30,2021-07-27,-322000.0,1112775000.0,,462206000.0,650569000.0,,9.842,,354593000.0,354593000.0,,,2.092,0.348,0.0,0.0,0.0,0.0,102368000.0,,0.0,,0.0,,,,,,,,,,825712000.0,,825712000.0,,,,,,1.0,,,642383000.0,,-105183000.0,,0.0,3000000.0,0.0,3000000.0,287063000.0,220982000.0,66081000.0,,,,,,,,,,,,,,,,,,,,64676000.0,,,,,5186000.0,,,,,100175000.0,176121000.0,,,,,,,,,,1.0,97900000.0,83900000,,,470392000.0,3886000.0,,67094000.0,5.607,241224000.0
59,MSCI,MRQ,2005-12-31,2005-11-30,2005-11-30,2021-07-27,-2372000.0,1047519000.0,,369685000.0,677834000.0,,9.025,,276293000.0,276293000.0,,,1.721,0.383,0.0,0.0,0.0,0.0,87952000.0,,0.0,,0.0,,,,,,,,,,757217000.0,,757217000.0,,,,,,1.0,,,668539000.0,,-112101000.0,,0.0,3045000.0,0.0,3045000.0,290302000.0,214788000.0,75514000.0,,,,,,,,,,,,,,,,,,,,70242000.0,,,,,6250000.0,,,,,88753000.0,109676000.0,,,,,,,,,,1.0,,83900000,,,378980000.0,3306000.0,,83537000.0,4.517,154897000.0
0,MSCI,MRT,2021-06-30,2021-06-30,2021-06-30,2021-07-27,-59009000.0,4791076000.0,4416742750.0,2558543000.0,2232533000.0,0.418,-4.461,-50027000.0,1972002000.0,1972002000.0,319746000.0,700816000.0,2.691,-14.026,4108907000.0,0.0,4108907000.0,4108907000.0,662168000.0,127666000.0,0.0,0.006,3.12,947939000.0,1075605000.0,0.583,1075605000.0,947939000.0,795932000.0,8.46,8.37,8.46,-367807000.0,-419802250.0,-367807000.0,46205907663.0,49.0,42.958,826210000.0,10.02,1.0,1525851000.0,0.827,1775085000.0,152007000.0,4202224000.0,3774601500.0,0.0,187452000.0,0.0,187452000.0,5158883000.0,950672000.0,4208211000.0,43937864663.0,587025000.0,0.0,-561726000.0,585505000.0,-260592000.0,-247129000.0,-50938000.0,0.0,876237000.0,8855000.0,700816000.0,700816000.0,700816000.0,0.0,0.0,0.38,552238000.0,973613000.0,11253000.0,0.369,-119.459,62.695,63.012,217502000.0,0.0,533.08,23.807,23.816,488570000.0,2785727000.0,1845597000.0,1845597000.0,104350000.0,0.159,-1.669,0.251,0.514,52685000.0,344383000.0,1.0,82422647.0,82454000,83295000.0,22.383,3015991000.0,85334000.0,95116000.0,40655000.0,36.578,1607871000.0
1,MSCI,MRT,2021-03-31,2021-03-31,2021-03-31,2021-07-27,-59816000.0,4565529000.0,4265828250.0,2306639000.0,2258890000.0,0.412,-5.827,-50519000.0,1747147000.0,1747147000.0,302875000.0,650516000.0,1.618,-10.48,4015190000.0,496425000.0,3518765000.0,4015190000.0,672054000.0,111802000.0,0.0,0.007,3.02,893081000.0,1004883000.0,0.572,1004883000.0,893081000.0,739404000.0,7.83,7.74,7.83,-481582000.0,-405583500.0,-481582000.0,36840494317.0,41.0,36.661,863277000.0,10.446,1.0,1454158000.0,0.828,1796136000.0,153677000.0,3612109000.0,3642159500.0,0.0,187889000.0,0.0,187889000.0,5047111000.0,1425327000.0,3621784000.0,34621896317.0,680291000.0,0.0,-592779000.0,669243000.0,-253153000.0,-193415000.0,-50513000.0,6000.0,913796000.0,10423000.0,650516000.0,650516000.0,650516000.0,0.0,0.0,0.37,522903000.0,931255000.0,7259000.0,0.386,-71.892,53.222,53.548,226428000.0,0.0,419.28,19.705,19.72,506849000.0,2685167000.0,1757033000.0,1757033000.0,99353000.0,0.152,-1.604,0.245,0.508,54841000.0,335936000.0,1.0,82574643.0,82640000,83493000.0,21.261,2769393000.0,37788000.0,88888000.0,40178000.0,33.512,881312000.0
2,MSCI,MRT,2020-12-31,2020-12-31,2020-12-31,2021-07-27,-58859000.0,4198647000.0,4102395750.0,1925598000.0,2273049000.0,0.413,-5.294,-50975000.0,1300521000.0,1300521000.0,291704000.0,601822000.0,1.885,-10.473,3519119000.0,0.0,3519119000.0,3519119000.0,675870000.0,110795000.0,0.0,0.007,2.92,842549000.0,953344000.0,0.562,953344000.0,842549000.0,686225000.0,7.19,7.12,7.19,-443234000.0,-373770750.0,-443234000.0,39230859211.0,47.0,41.151,760134000.0,9.08,1.0,1403686000.0,0.828,1800770000.0,156324000.0,3594706000.0,3630495250.0,0.0,190898000.0,0.0,190898000.0,4641881000.0,1021769000.0,3620112000.0,37015122211.0,-206046000.0,0.0,-778519000.0,262618000.0,-246444000.0,-779038000.0,-241791000.0,-190816000.0,811109000.0,3674000.0,601822000.0,601822000.0,601822000.0,0.0,0.0,0.355,518922000.0,884764000.0,14253000.0,0.406,-83.511,61.505,62.104,233776000.0,0.0,446.53,21.833,22.049,558569000.0,2554295000.0,1695390000.0,1695390000.0,101053000.0,0.147,-1.61,0.232,0.497,51094000.0,331123000.0,1.0,82895040.0,83716000,84517000.0,20.252,2397877000.0,43724000.0,84403000.0,38969000.0,28.643,903829000.0
3,MSCI,MRT,2020-09-30,2020-09-30,2020-09-30,2021-07-27,-65296000.0,4111719000.0,4103843750.0,1843092000.0,2268627000.0,0.404,-4.624,-52551000.0,1302858000.0,1302858000.0,285923000.0,568389000.0,2.208,-11.636,3518595000.0,0.0,3518595000.0,3518595000.0,531487000.0,109245000.0,0.0,0.008,2.82,796875000.0,906120000.0,0.546,906120000.0,796875000.0,637592000.0,6.76,6.69,6.76,-386586000.0,-282140750.0,-386586000.0,31976547080.0,40.0,35.29,766273000.0,9.166,1.0,1372412000.0,0.828,1803235000.0,159283000.0,3689367000.0,3534019000.0,0.0,190206000.0,0.0,190206000.0,4498305000.0,834854000.0,3663451000.0,29840073080.0,421708000.0,-18177000.0,-617167000.0,749493000.0,-239688000.0,-135836000.0,-261544000.0,-190816000.0,818824000.0,264000.0,568389000.0,568389000.0,568389000.0,0.0,0.0,0.343,522304000.0,850108000.0,4718000.0,0.417,-77.189,52.499,52.778,232692000.0,0.0,356.78,17.994,17.986,429804000.0,2463108000.0,1658335000.0,1658335000.0,101097000.0,0.139,-2.015,0.225,0.481,51095000.0,335734000.0,1.0,83637180.0,83602000,84479000.0,19.836,2308484000.0,87233000.0,69203000.0,85884000.0,27.613,1008238000.0
4,MSCI,MRT,2020-06-30,2020-06-30,2020-06-30,2021-07-27,-71068000.0,4187418000.0,3945849500.0,1909871000.0,2277547000.0,0.412,-3.716,-55591000.0,1384977000.0,1384977000.0,285705000.0,523014000.0,2.26,-14.467,3521451000.0,0.0,3521451000.0,3521451000.0,587113000.0,106519000.0,0.0,0.008,2.72,774966000.0,881485000.0,0.542,881485000.0,774966000.0,617297000.0,6.2,6.13,6.2,-310932000.0,-222458250.0,-310932000.0,30170671240.0,39.0,34.227,751973000.0,8.988,1.0,1341548000.0,0.824,1806433000.0,157669000.0,3672456000.0,3309121500.0,0.0,190856000.0,0.0,190856000.0,4498350000.0,845003000.0,3653347000.0,27905916240.0,613860000.0,-18177000.0,-409088000.0,749493000.0,-232100000.0,79831000.0,-264584000.0,-190816000.0,807564000.0,-8951000.0,523014000.0,523014000.0,523014000.0,0.0,0.0,0.321,517841000.0,823707000.0,6996000.0,0.439,-89.749,53.356,53.842,241672000.0,0.0,333.82,17.149,17.164,466096000.0,2346580000.0,1627253000.0,1627253000.0,100506000.0,0.133,-2.351,0.234,0.476,50496000.0,334119000.0,1.0,83595699.0,83666000,84349000.0,19.449,2380985000.0,39493000.0,94283000.0,85481000.0,28.458,1064868000.0
5,MSCI,MRT,2020-03-31,2020-03-31,2020-03-31,2021-07-27,-72204000.0,3911799000.0,3755267500.0,1619773000.0,2292026000.0,0.427,-4.175,-56440000.0,1066856000.0,1066856000.0,287224000.0,533581000.0,2.029,-12.04,3331611000.0,0.0,3331611000.0,3331611000.0,574472000.0,104004000.0,0.0,0.009,2.62,790232000.0,894236000.0,0.558,894236000.0,790232000.0,637875000.0,6.3,6.24,6.3,-354331000.0,-202675750.0,-354331000.0,26235652732.0,33.0,29.339,677978000.0,7.988,1.0,1315971000.0,0.821,1812823000.0,152357000.0,3565452000.0,3095223750.0,0.0,190822000.0,0.0,190822000.0,4266130000.0,798279000.0,3467851000.0,24506149732.0,424075000.0,-18177000.0,-377993000.0,584000000.0,-224405000.0,-35113000.0,-265439000.0,-190822000.0,734418000.0,-9791000.0,533581000.0,533581000.0,533581000.0,0.0,0.0,0.333,515061000.0,800910000.0,5864000.0,0.416,-69.162,45.928,45.867,249982000.0,0.0,288.96,15.286,15.297,481990000.0,2288817000.0,1603195000.0,1603195000.0,101724000.0,0.142,-2.633,0.255,0.493,46821000.0,332228000.0,1.0,84808104.0,84870000,85548000.0,18.89,2098976000.0,47774000.0,104294000.0,74879000.0,24.732,821494000.0
6,MSCI,MRT,2019-12-31,2019-12-31,2019-12-31,2021-07-27,-62579000.0,4204439000.0,3601209000.0,2081777000.0,2122662000.0,0.433,-0.906,-53760000.0,1506567000.0,1506567000.0,294961000.0,563648000.0,2.311,-55.807,3236070000.0,0.0,3236070000.0,3236070000.0,574656000.0,101898000.0,0.0,0.01,2.52,751359000.0,853257000.0,0.548,853257000.0,751359000.0,603318000.0,6.66,6.59,6.66,-76714000.0,-193220000.0,-76714000.0,23730298969.0,32.0,27.811,655763000.0,7.747,1.0,1262835000.0,0.811,1824355000.0,148041000.0,3208801000.0,2917691500.0,0.0,0.0,0.0,0.0,4281153000.0,900786000.0,3380367000.0,21869722969.0,602391000.0,-18177000.0,-288839000.0,486875000.0,-222922000.0,-36667000.0,-71937000.0,0.0,709523000.0,1472000.0,563648000.0,563648000.0,563648000.0,0.0,0.0,0.362,507134000.0,755701000.0,6498000.0,0.378,-285.081,38.8,38.766,257114000.0,0.0,258.18,14.039,14.028,499268000.0,2199294000.0,1557796000.0,1557796000.0,98334000.0,0.157,-2.917,0.258,0.482,41199000.0,329391000.0,1.0,84707270.0,84644000,85536000.0,18.404,2380084000.0,52501000.0,39670000.0,80849000.0,28.119,1180991000.0
7,MSCI,MRT,2019-09-30,2019-09-30,2019-09-30,2021-07-27,-62098000.0,3479742000.0,3397087250.0,1386088000.0,2093654000.0,0.445,-1.744,-58069000.0,881150000.0,881150000.0,298564000.0,592997000.0,1.862,-24.535,2741726000.0,0.0,2741726000.0,2741726000.0,479371000.0,95353000.0,0.0,0.011,2.42,787717000.0,883070000.0,0.584,883070000.0,787717000.0,644074000.0,7.06,6.94,7.06,-147856000.0,-215665000.0,-147856000.0,20415673682.0,26.0,23.119,580986000.0,6.854,1.0,1214314000.0,0.803,1806020000.0,143643000.0,2789777000.0,2721417750.0,0.0,0.0,0.0,0.0,3627598000.0,744521000.0,2883077000.0,18443126682.0,-517248000.0,62815000.0,-941916000.0,6262000.0,-215482000.0,-1157398000.0,4746000.0,0.0,639055000.0,-3651000.0,592997000.0,592997000.0,592997000.0,0.0,0.0,0.392,488224000.0,726090000.0,2396000.0,0.343,-124.737,31.102,30.843,251357000.0,0.0,217.75,12.191,12.2,409519000.0,2134688000.0,1512878000.0,1512878000.0,91546000.0,0.175,-2.75,0.289,0.521,41440000.0,318103000.0,1.0,84698630.0,84765000,85550000.0,17.848,1673722000.0,71604000.0,51077000.0,84614000.0,19.745,641567000.0
8,MSCI,MRT,2019-06-30,2019-06-30,2019-06-30,2021-07-27,-57759000.0,3425090000.0,3478753000.0,1323082000.0,2102008000.0,0.424,-2.735,-56411000.0,771117000.0,771117000.0,298984000.0,579846000.0,1.725,-15.776,2743664000.0,0.0,2743664000.0,2743664000.0,528919000.0,89342000.0,0.0,0.01,2.32,765795000.0,855137000.0,0.579,855137000.0,765795000.0,622172000.0,6.83,6.7,6.83,-231802000.0,-84090750.0,-231802000.0,22322511460.0,29.0,26.104,537934000.0,6.347,1.0,1177577000.0,0.798,1813815000.0,143623000.0,2816865000.0,2642255000.0,0.0,0.0,0.0,0.0,3656892000.0,766957000.0,2889935000.0,20220417460.0,-596479000.0,62825000.0,-987020000.0,6262000.0,-209370000.0,-1196390000.0,6414000.0,0.0,594345000.0,-848000.0,579846000.0,579846000.0,579846000.0,0.0,0.0,0.393,476303000.0,701274000.0,3489000.0,0.34,-87.231,34.872,34.962,253809000.0,0.0,238.79,13.694,13.706,438313000.0,2055881000.0,1476561000.0,1476561000.0,87827000.0,0.167,-6.895,0.29,0.519,40793000.0,310337000.0,1.0,84678661.0,84750000,85393000.0,17.423,1611275000.0,96705000.0,42326000.0,88547000.0,19.012,556125000.0
9,MSCI,MRT,2019-03-31,2019-03-31,2019-03-31,2021-07-27,-57202000.0,3295565000.0,3568931250.0,1177926000.0,2117639000.0,0.407,-3.757,-51215000.0,642781000.0,642781000.0,298377000.0,570985000.0,1.634,-11.412,2744875000.0,0.0,2744875000.0,2744875000.0,524988000.0,91218000.0,0.0,0.011,2.12,758219000.0,849437000.0,0.584,849437000.0,758219000.0,618750000.0,6.66,6.51,6.66,-316508000.0,60465250.0,-316508000.0,18438169978.0,24.0,21.706,560825000.0,6.656,1.0,1155672000.0,0.795,1821537000.0,139469000.0,2855323000.0,2550772750.0,0.0,0.0,0.0,0.0,3612073000.0,720799000.0,2891274000.0,16766843978.0,-207047000.0,83825000.0,-1141848000.0,500000000.0,-193950000.0,-842060000.0,32610000.0,0.0,612040000.0,-9637000.0,570985000.0,570985000.0,570985000.0,0.0,0.0,0.393,473265000.0,682407000.0,2099000.0,0.318,-52.974,29.365,29.856,256660000.0,0.0,198.84,11.531,11.522,427099000.0,1979804000.0,1454049000.0,1454049000.0,83876000.0,0.16,9.443,0.297,0.521,39385000.0,303754000.0,1.0,84323295.0,84253000,85649000.0,17.258,1474028000.0,92716000.0,47765000.0,90020000.0,17.495,457127000.0
10,MSCI,MRT,2018-12-31,2018-12-31,2018-12-31,2021-07-27,-58399000.0,3387952000.0,3581163500.0,1435089000.0,1952863000.0,0.4,-1.91,-48951000.0,904176000.0,904176000.0,287335000.0,507885000.0,1.774,-21.349,2575502000.0,0.0,2575502000.0,2575502000.0,537977000.0,85535000.0,0.0,0.013,1.92,763010000.0,848545000.0,0.592,848545000.0,763010000.0,629896000.0,5.83,5.66,5.83,-166494000.0,244935750.0,-166494000.0,14154901370.0,19.0,16.681,563811000.0,6.467,1.0,1146649000.0,0.8,1826564000.0,133114000.0,2423706000.0,2346612500.0,0.0,0.0,0.0,0.0,3554446000.0,809008000.0,2745438000.0,12978683370.0,14674000.0,83825000.0,-949283000.0,500000000.0,-170938000.0,-626483000.0,34874000.0,0.0,612762000.0,-6479000.0,507885000.0,507885000.0,507885000.0,0.0,0.0,0.354,459751000.0,686898000.0,3892000.0,0.329,-77.953,25.554,25.288,90877000.0,0.0,147.43,9.051,8.963,473433000.0,1856951000.0,1433984000.0,1433984000.0,81411000.0,0.142,2.074,0.325,0.532,38897000.0,292805000.0,1.0,88032852.0,87179000,89701000.0,16.449,1561388000.0,34176000.0,122011000.0,98261000.0,17.91,626081000.0
11,MSCI,MRT,2018-09-30,2018-09-30,2018-09-30,2021-07-27,-58209000.0,3806405000.0,3553092500.0,1857346000.0,1949059000.0,0.396,4.262,-46774000.0,1398398000.0,1398398000.0,282825000.0,420355000.0,2.751,9.058,2574616000.0,0.0,2574616000.0,2574616000.0,441884000.0,85269000.0,0.0,0.01,1.72,695817000.0,781086000.0,0.555,781086000.0,695817000.0,569567000.0,4.69,4.58,4.69,378441000.0,386812250.0,378441000.0,16965978612.0,24.0,21.721,535966000.0,6.036,1.0,1124250000.0,0.799,1834447000.0,126250000.0,2473126000.0,2234218750.0,0.0,0.0,0.0,0.0,3427964000.0,675050000.0,2752914000.0,15759844612.0,599383000.0,21010000.0,-291862000.0,493738000.0,-154944000.0,46932000.0,-25764000.0,0.0,582740000.0,-4525000.0,420355000.0,420355000.0,420355000.0,0.0,0.0,0.299,453031000.0,671219000.0,2200000.0,0.367,41.644,37.492,37.827,82745000.0,0.0,177.41,11.2,11.196,378705000.0,1755727000.0,1407075000.0,1407075000.0,81808000.0,0.118,1.087,0.311,0.495,36850000.0,285954000.0,1.0,88832899.0,88796000,91372000.0,15.846,1971958000.0,33136000.0,149212000.0,80210000.0,22.208,1182296000.0
12,MSCI,MRT,2018-06-30,2018-06-30,2018-06-30,2021-07-27,-54883000.0,3785803000.0,3390109250.0,1819491000.0,1966312000.0,0.404,3.887,-45220000.0,1367596000.0,1367596000.0,280352000.0,381676000.0,2.654,9.928,2573730000.0,0.0,2573730000.0,2573730000.0,483229000.0,86074000.0,0.0,0.009,1.52,662892000.0,748966000.0,0.546,748966000.0,662892000.0,543524000.0,4.24,4.15,4.24,346422000.0,382280500.0,346422000.0,15956275964.0,24.0,21.304,495468000.0,5.56,1.0,1090886000.0,0.796,1855319000.0,119368000.0,2450936000.0,2111141000.0,0.0,0.0,0.0,0.0,3439381000.0,685682000.0,2753699000.0,14727287964.0,617015000.0,21000000.0,-254703000.0,493738000.0,-137596000.0,101439000.0,-24220000.0,0.0,540688000.0,-892000.0,381676000.0,381676000.0,381676000.0,0.0,0.0,0.278,447271000.0,643615000.0,1237000.0,0.358,42.513,38.586,39.017,81000000.0,0.0,165.43,10.74,10.751,394886000.0,1684158000.0,1371238000.0,1371238000.0,79191000.0,0.113,0.998,0.314,0.483,35911000.0,282006000.0,1.0,89024288.0,89112000,91586000.0,15.388,1930484000.0,35302000.0,161848000.0,95242000.0,21.664,1133809000.0
13,MSCI,MRT,2018-03-31,2018-03-31,2018-03-31,2021-07-27,-44335000.0,3344494000.0,3216182750.0,1348357000.0,1996137000.0,0.412,4.678,-45060000.0,849828000.0,849828000.0,277522000.0,346113000.0,2.056,6.937,2078816000.0,0.0,2078816000.0,2078816000.0,503298000.0,79441000.0,0.0,0.01,1.42,621346000.0,700787000.0,0.529,700787000.0,621346000.0,504712000.0,3.83,3.76,3.83,421374000.0,372475000.0,421374000.0,14632558944.0,24.0,20.88,410680000.0,4.559,1.0,1046759000.0,0.79,1878919000.0,116634000.0,2038682000.0,1991585250.0,0.0,0.0,0.0,0.0,2923120000.0,655881000.0,2267239000.0,13443967944.0,152856000.0,0.0,-139264000.0,0.0,-129111000.0,-268375000.0,-44289000.0,771000.0,455740000.0,9780000.0,346113000.0,346113000.0,346113000.0,0.0,0.0,0.261,430555000.0,616204000.0,1382000.0,0.371,31.905,38.843,39.026,86310000.0,0.0,149.47,10.152,10.167,462577000.0,1601583000.0,1324281000.0,1324281000.0,77586000.0,0.108,0.929,0.312,0.469,36235000.0,273528000.0,1.0,89944256.0,90075000,92587000.0,14.702,1465575000.0,13029000.0,158599000.0,98912000.0,16.271,692476000.0
14,MSCI,MRT,2017-12-31,2017-12-31,2017-12-31,2021-07-27,-48347000.0,3275668000.0,3131343750.0,1267129000.0,2008539000.0,0.407,4.439,-48817000.0,889502000.0,889502000.0,273681000.0,303972000.0,2.085,7.169,2078093000.0,0.0,2078093000.0,2078093000.0,374365000.0,79987000.0,0.0,0.01,1.32,582997000.0,662984000.0,0.52,662984000.0,582997000.0,466899000.0,3.36,3.31,3.36,401012000.0,336841000.0,401012000.0,12675666393.0,22.0,19.119,355341000.0,3.934,1.0,1000491000.0,0.785,1882457000.0,116098000.0,1974131000.0,1979960250.0,0.0,0.0,0.0,0.0,2874656000.0,607671000.0,2266985000.0,11397311393.0,97668000.0,0.0,-147826000.0,0.0,-119717000.0,-267543000.0,-48046000.0,771000.0,404158000.0,9099000.0,303972000.0,303972000.0,303972000.0,0.0,0.0,0.239,420721000.0,579770000.0,1612000.0,0.393,28.421,37.495,37.661,94437000.0,0.0,126.54,8.945,8.971,327597000.0,1505204000.0,1274172000.0,1274172000.0,75849000.0,0.097,0.902,0.294,0.458,36576000.0,264885000.0,1.0,90068843.0,90336000,91914000.0,14.105,1393211000.0,27116000.0,162927000.0,92855000.0,15.423,659458000.0
15,MSCI,MRT,2017-09-30,2017-09-30,2017-09-30,2021-07-27,-50082000.0,3154472000.0,3083071250.0,1153081000.0,2001391000.0,0.4,3.999,-38752000.0,799015000.0,799015000.0,268253000.0,307620000.0,2.046,7.755,2077370000.0,0.0,2077370000.0,2077370000.0,374730000.0,81254000.0,0.0,0.01,1.22,553144000.0,634398000.0,0.515,634398000.0,553144000.0,437034000.0,3.37,3.34,3.37,360314000.0,315989250.0,360314000.0,11853977712.0,21.0,18.685,361106000.0,4.007,1.0,963952000.0,0.782,1888495000.0,116110000.0,1980815000.0,1967898750.0,0.0,0.0,0.0,0.0,2794158000.0,563517000.0,2230641000.0,10527911712.0,-175047000.0,0.0,-423452000.0,0.0,-111564000.0,-535016000.0,-37981000.0,771000.0,399858000.0,-1908000.0,307620000.0,307620000.0,307620000.0,0.0,0.0,0.25,412309000.0,551643000.0,2385000.0,0.362,29.219,34.224,34.688,85680000.0,0.0,116.9,8.544,8.549,309196000.0,1475347000.0,1232205000.0,1232205000.0,74100000.0,0.1,0.974,0.281,0.449,36078000.0,256955000.0,1.0,90059125.0,90112000,91868000.0,13.674,1265977000.0,18511000.0,129414000.0,84432000.0,14.049,589564000.0
16,MSCI,MRT,2017-06-30,2017-06-30,2017-06-30,2021-07-27,-53365000.0,3090097000.0,3121224250.0,1083438000.0,2006659000.0,0.384,3.398,-40927000.0,750581000.0,750581000.0,262806000.0,287748000.0,1.961,9.059,2076647000.0,0.0,2076647000.0,2076647000.0,399116000.0,81379000.0,0.0,0.011,1.12,527633000.0,609012000.0,0.508,609012000.0,527633000.0,413753000.0,3.12,3.09,3.12,307200000.0,363790500.0,307200000.0,10695006892.0,20.0,17.561,405685000.0,4.487,1.0,935735000.0,0.781,1891053000.0,113880000.0,1972713000.0,1966160250.0,0.0,0.0,0.0,0.0,2782897000.0,552397000.0,2230500000.0,9316054892.0,345967000.0,657000.0,-445926000.0,500000000.0,-103830000.0,-56939000.0,-39499000.0,771000.0,446612000.0,-4207000.0,287748000.0,287748000.0,287748000.0,0.0,0.0,0.24,409631000.0,526104000.0,329000.0,0.359,30.326,32.376,33.01,88825000.0,0.0,102.99,7.773,7.768,289227000.0,1424962000.0,1198541000.0,1198541000.0,74876000.0,0.092,0.791,0.268,0.44,35465000.0,253376000.0,1.0,90455917.0,90404000,91708000.0,13.258,1199044000.0,26193000.0,126005000.0,87422000.0,13.263,531041000.0
17,MSCI,MRT,2017-03-31,2017-03-31,2017-03-31,2021-07-27,-57856000.0,3005138000.0,3046446500.0,988651000.0,2016487000.0,0.385,3.074,-46797000.0,696972000.0,696972000.0,256398000.0,273439000.0,1.992,9.777,2075924000.0,0.0,2075924000.0,2075924000.0,378422000.0,81434000.0,0.0,0.011,1.06,504557000.0,585991000.0,0.5,585991000.0,504557000.0,396786000.0,2.91,2.89,2.91,278838000.0,420778750.0,278838000.0,10083471899.0,20.0,17.208,395694000.0,4.362,1.0,916650000.0,0.781,1895560000.0,107771000.0,1992182000.0,1855078250.0,0.0,0.0,0.0,0.0,2726300000.0,496348000.0,2229952000.0,8800104899.0,251958000.0,657000.0,-524985000.0,500000000.0,-99791000.0,-131959000.0,-46140000.0,0.0,442491000.0,-12434000.0,273439000.0,273439000.0,273439000.0,0.0,0.0,0.233,410955000.0,505695000.0,1138000.0,0.364,31.56,32.183,33.399,93156000.0,0.0,97.19,7.502,7.515,262289000.0,1369406000.0,1173048000.0,1173048000.0,75246000.0,0.09,0.65,0.272,0.43,34315000.0,254275000.0,1.0,90545374.0,90708000,91624000.0,12.932,1109578000.0,9687000.0,123347000.0,95600000.0,12.232,492303000.0
18,MSCI,MRT,2016-12-31,2016-12-31,2016-12-31,2021-07-27,-60735000.0,3082578000.0,3003070500.0,1055670000.0,2026908000.0,0.383,3.309,-42628000.0,791834000.0,791834000.0,252107000.0,260855000.0,1.967,8.706,2075201000.0,0.0,2075201000.0,2075201000.0,334358000.0,81353000.0,0.0,0.013,1.0,487589000.0,568942000.0,0.494,568942000.0,487589000.0,385938000.0,2.72,2.7,2.72,317605000.0,504983250.0,317605000.0,8515496212.0,17.0,14.967,399735000.0,4.165,1.0,898562000.0,0.781,1903490000.0,101651000.0,1925885000.0,1745299250.0,0.0,0.0,0.0,0.0,2764973000.0,536570000.0,2228403000.0,7415080212.0,14128000.0,597000.0,-769525000.0,500000000.0,-96191000.0,-372899000.0,-42031000.0,0.0,442363000.0,-13305000.0,260855000.0,260855000.0,260855000.0,0.0,0.0,0.227,410458000.0,488104000.0,568000.0,0.368,23.347,28.426,28.963,95585000.0,0.0,78.78,6.444,6.572,221504000.0,1322224000.0,1150669000.0,1150669000.0,75204000.0,0.087,0.517,0.279,0.424,32001000.0,253901000.0,1.0,94123892.0,95986000,96540000.0,11.988,1179088000.0,21920000.0,125083000.0,94067000.0,12.284,519100000.0
19,MSCI,MRT,2016-09-30,2016-09-30,2016-09-30,2021-07-27,-50902000.0,3307084000.0,3019172750.0,1262363000.0,2044721000.0,0.375,5.816,-50658000.0,974062000.0,974062000.0,253092000.0,252011000.0,2.443,4.996,2074478000.0,0.0,2074478000.0,2074478000.0,343264000.0,79779000.0,0.0,0.011,0.94,469194000.0,548973000.0,0.485,548973000.0,469194000.0,373686000.0,2.56,2.53,2.56,551519000.0,650953750.0,551519000.0,9119019724.0,19.0,16.611,349427000.0,3.685,1.0,877658000.0,0.776,1916862000.0,95508000.0,1973861000.0,1637192500.0,0.0,0.0,0.0,0.0,2755565000.0,516777000.0,2238788000.0,7943118724.0,-19426000.0,-5903000.0,-749519000.0,500000000.0,-92687000.0,-363095000.0,-49825000.0,6736000.0,400085000.0,-6591000.0,252011000.0,252011000.0,252011000.0,593000.0,0.0,0.223,408023000.0,469635000.0,1249000.0,0.367,14.402,31.519,32.789,99259000.0,0.0,83.94,7.025,7.039,235803000.0,1280497000.0,1130750000.0,1130750000.0,74020000.0,0.083,0.387,0.287,0.415,45303000.0,254224000.0,1.0,94628529.0,94823000,95473000.0,11.925,1390222000.0,30378000.0,121675000.0,102499000.0,14.661,745586000.0
20,MSCI,MRT,2016-06-30,2016-06-30,2016-06-30,2021-07-27,-48157000.0,2790986000.0,3034099500.0,737057000.0,2053929000.0,0.366,5.551,-49180000.0,404614000.0,404614000.0,255699000.0,251128000.0,1.446,4.215,1580515000.0,0.0,1580515000.0,1580515000.0,365242000.0,79474000.0,0.0,0.011,0.88,461191000.0,540665000.0,0.487,540665000.0,461191000.0,375206000.0,2.46,2.44,2.46,535153000.0,792850250.0,535153000.0,8577155947.0,19.0,15.864,336341000.0,3.489,1.0,855389000.0,0.77,1928798000.0,85985000.0,1528385000.0,1518266750.0,0.0,0.0,0.0,0.0,2255833000.0,509704000.0,1746129000.0,7442209947.0,-50407000.0,-6560000.0,-1064580000.0,800000000.0,-90181000.0,-378470000.0,-49004000.0,6736000.0,385521000.0,-8454000.0,251128000.0,251128000.0,251128000.0,593000.0,0.0,0.226,399912000.0,455477000.0,1732000.0,0.358,13.907,29.635,31.35,97808000.0,0.0,77.12,6.698,6.692,247497000.0,1242151000.0,1111088000.0,1111088000.0,70818000.0,0.083,0.317,0.304,0.415,42524000.0,249620000.0,1.0,96501685.0,96412000,96888000.0,11.524,862188000.0,65400000.0,124078000.0,105006000.0,8.943,227353000.0
21,MSCI,MRT,2016-03-31,2016-03-31,2016-03-31,2021-07-27,-35738000.0,2831634000.0,3055260000.0,763811000.0,2067823000.0,0.357,6.192,-48237000.0,445014000.0,445014000.0,260963000.0,240188000.0,1.63,3.599,1579960000.0,0.0,1579960000.0,1579960000.0,359870000.0,78898000.0,0.0,0.011,0.84,436261000.0,515159000.0,0.472,515159000.0,436261000.0,362078000.0,2.27,2.25,2.27,615656000.0,1017490500.0,615656000.0,8119780511.0,19.0,15.762,243214000.0,2.446,1.0,830109000.0,0.761,1945046000.0,74183000.0,1553066000.0,1332751250.0,0.0,0.0,0.0,0.0,2215978000.0,468468000.0,1747510000.0,7318082511.0,-92737000.0,-6560000.0,-1031641000.0,800000000.0,-89226000.0,-334334000.0,-48061000.0,6736000.0,291451000.0,-1793000.0,240188000.0,240188000.0,240188000.0,593000.0,0.0,0.22,401812000.0,428297000.0,1514000.0,0.37,11.887,30.468,32.634,96007000.0,0.0,74.08,6.707,6.751,260168000.0,1196783000.0,1091072000.0,1091072000.0,73059000.0,0.079,0.236,0.327,0.4,31278000.0,249855000.0,1.0,98786211.0,99425000,99998000.0,10.974,886588000.0,36155000.0,121890000.0,106000000.0,8.917,295343000.0
22,MSCI,MRT,2015-12-31,2015-12-31,2015-12-31,2021-07-27,-35745000.0,3146987000.0,3071483250.0,1063271000.0,2083716000.0,0.35,8.261,-49097000.0,777706000.0,777706000.0,267695000.0,223648000.0,2.135,2.491,1579404000.0,0.0,1579404000.0,1579404000.0,317552000.0,77799000.0,0.0,0.011,0.8,405551000.0,483350000.0,0.45,483350000.0,405551000.0,343164000.0,2.05,2.03,2.05,901487000.0,1227501500.0,901487000.0,7991364002.0,20.0,16.533,272150000.0,2.494,1.0,807318000.0,0.751,1957111000.0,62387000.0,1493458000.0,1126373250.0,0.0,0.0,0.0,0.0,2245500000.0,498116000.0,1747384000.0,7406003002.0,268907000.0,-6500000.0,-697084000.0,800000000.0,-87743000.0,4696000.0,-48861000.0,6736000.0,321247000.0,-8175000.0,223648000.0,223648000.0,223648000.0,6390000.0,0.0,0.208,403420000.0,403898000.0,2512000.0,0.39,8.215,33.115,35.185,98926000.0,0.0,72.13,6.889,7.322,208239000.0,1158462000.0,1075013000.0,1075013000.0,77320000.0,0.073,0.182,0.36,0.377,28558000.0,248301000.0,1.0,102675766.0,109124000,109926000.0,9.851,1189876000.0,55295000.0,119516000.0,110937000.0,10.904,565155000.0
23,MSCI,MRT,2015-09-30,2015-09-30,2015-09-30,2021-07-27,-31315000.0,3366791000.0,3005369750.0,1286357000.0,2080434000.0,0.35,10.288,-39156000.0,993488000.0,993488000.0,272730000.0,208582000.0,2.62,2.008,1578849000.0,0.0,1578849000.0,1578849000.0,328051000.0,77639000.0,0.0,0.013,0.76,385402000.0,463041000.0,0.44,463041000.0,385402000.0,330120000.0,1.88,1.88,1.88,1119105000.0,1360338000.0,1119105000.0,6865391616.0,18.0,14.827,289570000.0,2.662,1.0,780495000.0,0.741,1963030000.0,55282000.0,1498158000.0,925670750.0,0.0,0.0,0.0,0.0,2247686000.0,490964000.0,1756722000.0,6520412616.0,545295000.0,-41000.0,-441790000.0,805187000.0,-85382000.0,266082000.0,-39197000.0,0.0,328726000.0,-10316000.0,208582000.0,208582000.0,208582000.0,4726000.0,0.0,0.198,399046000.0,381449000.0,1806000.0,0.404,5.826,31.261,31.628,94964000.0,0.0,59.46,6.191,6.141,208239000.0,1121858000.0,1053225000.0,1053225000.0,76779000.0,0.069,0.153,0.416,0.366,13677000.0,244628000.0,1.0,109660488.0,108773000,109440000.0,9.683,1403761000.0,47839000.0,121538000.0,123011000.0,12.905,795393000.0
24,MSCI,MRT,2015-06-30,2015-06-30,2015-06-30,2021-07-27,-24860000.0,2875628000.0,2883741750.0,776776000.0,2098852000.0,0.359,12.785,-47179000.0,455021000.0,455021000.0,276907000.0,195898000.0,1.694,1.006,800000000.0,0.0,800000000.0,800000000.0,338763000.0,75796000.0,0.0,0.009,0.54,354683000.0,430479000.0,0.415,430479000.0,354683000.0,311064000.0,1.73,1.73,1.73,1433714000.0,1429695250.0,1433714000.0,7182029785.0,20.0,16.684,255151000.0,2.275,1.0,759208000.0,0.733,1975652000.0,43619000.0,786323000.0,729612250.0,0.0,0.0,0.0,0.0,1441914000.0,458632000.0,983282000.0,6919780785.0,-228218000.0,-14921000.0,-392280000.0,125000.0,-61236000.0,-454897000.0,-62100000.0,0.0,302330000.0,-13551000.0,195898000.0,195898000.0,195898000.0,4736000.0,0.0,0.189,402825000.0,356383000.0,2170000.0,0.312,4.826,35.323,35.578,93293000.0,0.0,61.55,6.679,6.662,214487000.0,1081671000.0,1036115000.0,1036115000.0,80252000.0,0.068,0.137,0.486,0.342,15373000.0,246777000.0,1.0,112425358.0,112143000,112931000.0,9.239,899976000.0,70402000.0,115166000.0,128366000.0,8.025,318144000.0
25,MSCI,MRT,2015-03-31,2015-03-31,2015-03-31,2021-07-27,-31570000.0,2896527000.0,2948143500.0,788632000.0,2107895000.0,0.346,12.937,-47120000.0,537751000.0,537751000.0,286329000.0,247541000.0,1.746,0.99,800000000.0,0.0,800000000.0,800000000.0,344267000.0,73399000.0,0.0,0.006,0.36,396457000.0,469856000.0,0.461,469856000.0,396457000.0,358588000.0,2.15,2.14,2.15,1455700000.0,1487936250.0,1455700000.0,8091869044.0,20.0,17.222,299987000.0,2.666,1.0,733432000.0,0.719,1979462000.0,37869000.0,727554000.0,722220750.0,0.0,0.0,0.0,0.0,1440827000.0,451760000.0,989067000.0,7800668044.0,272893000.0,347890000.0,-304241000.0,-4937000.0,-40799000.0,-360126000.0,300770000.0,0.0,347107000.0,-14858000.0,247541000.0,247541000.0,247541000.0,-46121000.0,0.0,0.243,387029000.0,346403000.0,1139000.0,0.167,5.359,31.513,28.516,97498000.0,0.0,61.31,7.65,6.765,184827000.0,1046098000.0,1019761000.0,1019761000.0,59445000.0,0.084,0.166,0.549,0.389,24113000.0,254185000.0,1.0,127233209.0,112520000,113522000.0,9.063,917065000.0,34136000.0,111047000.0,136793000.0,8.15,336872000.0
26,MSCI,MRT,2014-12-31,2014-12-31,2014-12-31,2021-07-27,-24971000.0,2882533000.0,2997466250.0,769458000.0,2113075000.0,0.333,12.38,-50853000.0,508799000.0,508799000.0,276623000.0,284113000.0,1.627,1.012,788358000.0,0.0,788358000.0,788358000.0,310775000.0,74547000.0,0.0,0.004,0.18,425329000.0,499876000.0,0.502,499876000.0,425329000.0,393509000.0,2.45,2.43,2.45,1432833000.0,1514944000.0,1432833000.0,5659481563.0,13.0,11.322,254820000.0,2.202,1.0,720057000.0,0.722,1998532000.0,31820000.0,690648000.0,810341250.0,0.0,0.0,0.0,0.0,1449700000.0,472912000.0,976788000.0,5314720563.0,150365000.0,347890000.0,-399970000.0,-10000000.0,-20393000.0,-442328000.0,297037000.0,0.0,305673000.0,-10017000.0,284113000.0,284113000.0,284113000.0,-85171000.0,0.0,0.285,382891000.0,337166000.0,2835000.0,0.073,3.709,18.706,19.363,94074000.0,0.0,47.44,5.332,5.509,178717000.0,1022695000.0,996680000.0,996680000.0,71095000.0,0.095,0.188,0.525,0.427,23750000.0,240208000.0,1.0,112030366.0,115737000,116706000.0,8.612,884001000.0,55333000.0,109396000.0,137838000.0,7.638,296546000.0
27,MSCI,MRT,2014-09-30,2014-09-30,2014-09-30,2021-07-27,-12276000.0,2880279000.0,3060861750.0,758589000.0,2121690000.0,0.321,12.013,-63041000.0,448193000.0,448193000.0,259563000.0,287030000.0,1.521,1.062,792954000.0,19781000.0,773173000.0,792954000.0,321025000.0,76138000.0,0.0,0.0,0.0,428028000.0,504166000.0,0.513,504166000.0,428028000.0,405086000.0,2.44,2.42,2.44,1396534000.0,1547822500.0,1396534000.0,5594221486.0,13.0,11.096,233724000.0,2.011,1.0,722876000.0,0.736,2012477000.0,22942000.0,713924000.0,806067000.0,0.0,0.0,0.0,0.0,1483745000.0,498639000.0,985106000.0,5479563486.0,164443000.0,347931000.0,-400248000.0,-15187000.0,0.0,-412107000.0,284890000.0,0.0,296765000.0,-5105000.0,287030000.0,287030000.0,287030000.0,-90482000.0,0.0,0.292,387157000.0,335719000.0,1695000.0,0.0,3.924,19.091,19.27,93787000.0,0.0,47.02,5.578,5.564,191806000.0,978358000.0,982439000.0,982439000.0,80024000.0,0.094,0.185,0.531,0.436,22642000.0,237969000.0,1.0,116536867.0,116251000,117163000.0,8.451,867802000.0,87151000.0,118056000.0,171681000.0,7.465,259950000.0
28,MSCI,MRT,2014-06-30,2014-06-30,2014-06-30,2021-07-27,-1543000.0,3133235000.0,3111189250.0,1006893000.0,2126342000.0,0.308,14.281,-56976000.0,683239000.0,683239000.0,257944000.0,290626000.0,2.118,0.88,797897000.0,19778000.0,778119000.0,797897000.0,323963000.0,78604000.0,0.0,0.0,0.0,431380000.0,509984000.0,0.532,509984000.0,431380000.0,408214000.0,2.46,2.44,2.46,1666678000.0,1579225750.0,1666678000.0,5893303154.0,14.0,11.556,201583000.0,1.727,1.0,701442000.0,0.731,2015645000.0,23166000.0,756757000.0,794664000.0,0.0,0.0,0.0,0.0,1466557000.0,475491000.0,991066000.0,5350913154.0,348538000.0,362811000.0,-201219000.0,-21125000.0,0.0,-219076000.0,305835000.0,0.0,258559000.0,3220000.0,290626000.0,290626000.0,290626000.0,-95866000.0,0.0,0.303,365855000.0,335587000.0,1859000.0,0.0,3.211,18.412,18.638,94803000.0,0.0,45.85,5.577,5.577,213432000.0,947034000.0,959386000.0,959386000.0,61003000.0,0.093,0.184,0.543,0.45,21364000.0,236968000.0,1.0,116704758.0,116702000,117664000.0,8.221,1117590000.0,79593000.0,117588000.0,172241000.0,9.576,531402000.0
29,MSCI,MRT,2014-03-31,2014-03-31,2014-03-31,2021-07-27,-21000.0,3093818000.0,3104155000.0,988860000.0,2104958000.0,0.301,13.299,-48764000.0,260450000.0,260450000.0,250824000.0,244019000.0,1.809,0.978,802840000.0,19775000.0,783065000.0,802840000.0,314247000.0,80996000.0,0.0,0.0,0.0,386389000.0,467385000.0,0.501,467385000.0,386389000.0,362090000.0,2.04,2.03,2.04,1563731000.0,1551513250.0,1563731000.0,5465842357.0,14.0,11.695,226621000.0,1.927,1.0,682759000.0,0.731,2009521000.0,24299000.0,1080036000.0,776221250.0,0.0,0.0,0.0,0.0,1530087000.0,546651000.0,983436000.0,5016494357.0,1829000.0,-100000.0,-200297000.0,-27063000.0,0.0,-225461000.0,-48864000.0,0.0,275385000.0,769000.0,244019000.0,244019000.0,244019000.0,-49921000.0,0.0,0.261,345814000.0,336945000.0,1542000.0,0.0,3.208,20.558,21.088,79758000.0,0.0,43.02,5.373,5.418,191905000.0,850655000.0,933583000.0,933583000.0,61003000.0,0.079,0.157,0.498,0.414,21465000.0,218294000.0,1.0,116608423.0,117582000,118597000.0,7.94,1084297000.0,93022000.0,118071000.0,159141000.0,9.222,442209000.0
30,MSCI,MRT,2013-12-31,2013-12-31,2013-12-31,2021-07-27,-650000.0,3136115000.0,3088665500.0,624270000.0,2511845000.0,0.296,13.025,-43511000.0,358434000.0,358434000.0,240697000.0,222557000.0,1.241,1.005,807782000.0,19772000.0,788010000.0,807782000.0,319735000.0,80505000.0,0.0,0.0,0.0,361731000.0,442236000.0,0.484,442236000.0,361731000.0,335475000.0,1.85,1.83,1.85,1564347000.0,1532765000.0,1564347000.0,5700284601.0,16.0,12.89,277672000.0,2.312,1.0,672667000.0,0.736,2408871000.0,26256000.0,673551000.0,677238250.0,0.0,0.0,0.0,0.0,1571768000.0,503041000.0,1068727000.0,5176619601.0,175125000.0,-23268000.0,-100481000.0,-48000000.0,0.0,-146584000.0,4121000.0,70900000.0,321183000.0,-3595000.0,222557000.0,222557000.0,222557000.0,-22647000.0,0.0,0.244,332336000.0,340331000.0,1198000.0,0.0,3.309,23.26,23.632,85588000.0,0.0,43.72,5.668,5.749,169490000.0,758975000.0,913364000.0,913364000.0,61003000.0,0.072,0.145,0.534,0.396,23107000.0,206151000.0,1.0,118403925.0,120100000,121074000.0,7.605,727244000.0,67456000.0,112918000.0,234649000.0,6.055,121229000.0
31,MSCI,MRT,2013-09-30,2013-09-30,2013-09-30,2021-07-27,-2701000.0,3081589000.0,3059546500.0,590095000.0,2491494000.0,0.262,12.726,-29123000.0,283750000.0,283750000.0,219545000.0,229752000.0,1.109,1.025,807415000.0,54130000.0,753285000.0,807415000.0,334094000.0,80113000.0,0.0,0.0,0.0,357747000.0,437860000.0,0.547,437860000.0,357747000.0,331253000.0,1.89,1.87,1.89,1522147000.0,1497986000.0,1522147000.0,5353627425.0,15.0,12.227,256326000.0,2.143,1.0,580884000.0,0.726,2404989000.0,26494000.0,668312000.0,698004750.0,0.0,0.0,0.0,0.0,1559442000.0,531953000.0,1027489000.0,4870138425.0,-56708000.0,-142822000.0,-201135000.0,-55130000.0,0.0,-258900000.0,-78036000.0,93909000.0,285449000.0,-5221000.0,229752000.0,229752000.0,229752000.0,-35712000.0,0.0,0.287,257594000.0,323290000.0,1319000.0,0.0,3.2,21.197,21.302,73809000.0,0.0,40.26,6.084,6.016,179920000.0,722999000.0,800429000.0,800429000.0,0.0,0.075,0.153,0.513,0.447,23829000.0,204168000.0,1.0,120967174.0,119607000,120578000.0,6.692,676600000.0,97763000.0,101501000.0,229877000.0,5.657,58142000.0
32,MSCI,MRT,2013-06-30,2013-06-30,2013-06-30,2021-07-27,-6775000.0,3105098000.0,3052447000.0,617516000.0,2487582000.0,0.264,12.842,-33078000.0,334701000.0,334701000.0,219744000.0,222716000.0,1.244,0.996,818190000.0,43118000.0,775072000.0,818190000.0,347470000.0,80323000.0,0.0,0.0,0.0,351713000.0,432036000.0,0.535,432036000.0,351713000.0,323733000.0,1.82,1.8,1.82,1555828000.0,1484465000.0,1555828000.0,4582313983.0,13.0,10.606,280607000.0,2.316,1.0,587521000.0,0.728,2409135000.0,27980000.0,682986000.0,725707250.0,0.0,0.0,0.0,0.0,1549270000.0,496466000.0,1052804000.0,4016380983.0,61394000.0,-142822000.0,-100509000.0,-55130000.0,0.0,-158718000.0,-89377000.0,86523000.0,313685000.0,-4196000.0,222716000.0,222716000.0,222716000.0,-30338000.0,0.0,0.276,264606000.0,322915000.0,979000.0,0.0,2.582,18.034,18.28,65982000.0,0.0,33.27,4.975,4.993,160101000.0,667689000.0,807265000.0,807265000.0,0.0,0.073,0.15,0.485,0.436,25489000.0,207224000.0,1.0,120720799.0,121149000,122069000.0,6.663,695963000.0,98893000.0,101017000.0,235066000.0,5.745,121050000.0
33,MSCI,MRT,2013-03-31,2013-03-31,2013-03-31,2021-07-27,-5723000.0,3031860000.0,3024895000.0,523333000.0,2508527000.0,0.27,12.33,-45041000.0,263029000.0,263029000.0,223291000.0,199209000.0,1.084,1.037,828962000.0,43106000.0,785856000.0,828962000.0,350470000.0,81189000.0,0.0,0.0,0.0,343240000.0,424429000.0,0.519,424429000.0,343240000.0,292178000.0,1.63,1.6,1.63,1488738000.0,1447922000.0,1488738000.0,4750796174.0,14.0,11.193,303574000.0,2.514,1.0,594116000.0,0.727,2430838000.0,51062000.0,684104000.0,753073250.0,0.0,0.0,0.0,0.0,1543122000.0,482851000.0,1060271000.0,4079389174.0,-2993000.0,-142722000.0,-99345000.0,-250664000.0,0.0,-352921000.0,6499000.0,194262000.0,348615000.0,-5186000.0,199209000.0,199209000.0,199209000.0,-25426000.0,0.0,0.244,273969000.0,320147000.0,1138000.0,0.0,2.74,20.478,20.816,64608000.0,0.0,33.93,4.991,5.012,166915000.0,606636000.0,817407000.0,817407000.0,0.0,0.066,0.138,0.456,0.42,25333000.0,211984000.0,1.0,120229566.0,120746000,121702000.0,6.77,601022000.0,69128000.0,92969000.0,234500000.0,4.978,40482000.0
34,MSCI,MRT,2012-12-31,2012-12-31,2012-12-31,2021-07-27,-2796000.0,3019639000.0,3045191750.0,514835000.0,2504804000.0,0.272,11.68,-44533000.0,183309000.0,183309000.0,230282000.0,184238000.0,1.01,1.119,854716000.0,43093000.0,811623000.0,854716000.0,308022000.0,81998000.0,0.0,0.0,0.0,336649000.0,418647000.0,0.506,418647000.0,336649000.0,280248000.0,1.5,1.48,1.5,1425231000.0,1416888500.0,1425231000.0,4308759835.0,13.0,10.292,302542000.0,2.479,1.0,596708000.0,0.722,2424484000.0,56401000.0,756617000.0,872705000.0,0.0,70898000.0,70898000.0,0.0,1594408000.0,509945000.0,1084463000.0,3783734835.0,-68902000.0,-119554000.0,-92678000.0,-227476000.0,0.0,-322976000.0,-94361000.0,69726000.0,347075000.0,1360000.0,184238000.0,184238000.0,184238000.0,-19447000.0,0.0,0.223,278473000.0,318235000.0,2985000.0,0.0,2.655,20.537,20.66,67419000.0,0.0,30.99,4.575,4.573,153557000.0,547699000.0,826990000.0,826990000.0,0.0,0.061,0.13,0.386,0.407,24275000.0,211905000.0,1.0,122095348.0,122023000,123204000.0,6.777,595155000.0,81983000.0,96010000.0,234245000.0,4.877,4890000.0
35,MSCI,MRT,2012-09-30,2012-09-30,2012-09-30,2021-07-27,-2357000.0,3053191000.0,3063531000.0,670781000.0,2382410000.0,0.303,12.008,-44378000.0,340458000.0,340458000.0,283005000.0,174272000.0,1.359,1.08,865483000.0,43082000.0,822401000.0,865483000.0,323503000.0,82334000.0,0.0,0.0,0.0,333739000.0,416073000.0,0.448,416073000.0,333739000.0,271222000.0,1.43,1.4,1.43,1468063000.0,1386938750.0,1468063000.0,4961999052.0,15.0,11.926,323352000.0,2.645,1.0,646190000.0,0.695,2305589000.0,62517000.0,779122000.0,961401000.0,0.0,93885000.0,93885000.0,0.0,1585128000.0,493505000.0,1091623000.0,4359061052.0,118883000.0,0.0,-1176000.0,-258159000.0,0.0,-254569000.0,4632000.0,49010000.0,367730000.0,1090000.0,174272000.0,174272000.0,174272000.0,0.0,0.0,0.188,317150000.0,329040000.0,1694000.0,0.0,2.969,25.013,25.028,64012000.0,0.0,35.79,4.691,4.709,124309000.0,493247000.0,929195000.0,929195000.0,0.0,0.057,0.126,0.347,0.359,22044000.0,230520000.0,1.0,121795503.0,122261000,123450000.0,7.6,747602000.0,88970000.0,96950000.0,226796000.0,6.115,177276000.0
36,MSCI,MRT,2012-06-30,2012-06-30,2012-06-30,2021-07-27,-4176000.0,2994890000.0,3066286750.0,605101000.0,2389789000.0,0.3,11.552,-36325000.0,273307000.0,273307000.0,283623000.0,175785000.0,1.251,1.125,876245000.0,43070000.0,833175000.0,876245000.0,333890000.0,82833000.0,0.0,0.0,0.0,334243000.0,417076000.0,0.454,417076000.0,334243000.0,265927000.0,1.45,1.41,1.45,1409656000.0,1335410000.0,1409656000.0,4943284847.0,15.0,11.852,328492000.0,2.692,1.0,635154000.0,0.691,2321548000.0,68316000.0,792450000.0,1054985750.0,0.0,86460000.0,86460000.0,0.0,1585234000.0,483830000.0,1101404000.0,4135002847.0,97412000.0,0.0,-2824000.0,-249970000.0,0.0,-247635000.0,-11476000.0,24849000.0,364817000.0,-8294000.0,175785000.0,175785000.0,175785000.0,0.0,0.0,0.191,307398000.0,327756000.0,657000.0,0.0,2.933,23.523,23.462,54793000.0,0.0,34.02,4.501,4.518,136074000.0,444973000.0,918777000.0,918777000.0,0.0,0.057,0.132,0.317,0.364,21974000.0,221271000.0,1.0,121546233.0,122030000,123295000.0,7.529,673342000.0,85539000.0,90142000.0,230232000.0,5.518,121271000.0
37,MSCI,MRT,2012-03-31,2012-03-31,2012-03-31,2021-07-27,-2954000.0,3113047000.0,3069961000.0,713132000.0,2399915000.0,0.295,11.208,-23568000.0,266022000.0,266022000.0,279220000.0,183899000.0,1.693,1.281,1074304000.0,10342000.0,1063962000.0,1074304000.0,330050000.0,83803000.0,0.0,0.0,0.0,329895000.0,413698000.0,0.456,413698000.0,329895000.0,278308000.0,1.52,1.48,1.52,1364604000.0,1285257250.0,1364604000.0,5295529189.0,16.0,12.8,326814000.0,2.684,1.0,627475000.0,0.692,2337507000.0,51587000.0,1162631000.0,1142123500.0,0.0,194157000.0,194157000.0,0.0,1748443000.0,421191000.0,1327252000.0,4470853189.0,138382000.0,0.0,-1075000.0,-46249000.0,0.0,-41376000.0,-167414000.0,-143846000.0,350382000.0,-3210000.0,183899000.0,183899000.0,183899000.0,0.0,0.0,0.203,304149000.0,323326000.0,166000.0,0.0,3.276,24.311,24.217,39710000.0,0.0,36.81,4.931,4.943,172181000.0,407427000.0,906695000.0,906695000.0,0.0,0.06,0.143,0.289,0.364,23164000.0,216990000.0,1.0,121457571.0,121754000,123113000.0,7.447,775540000.0,56780000.0,94409000.0,235429000.0,6.37,291941000.0
38,MSCI,MRT,2011-12-31,2011-12-31,2011-12-31,2021-07-27,-5094000.0,3092996000.0,3019320250.0,677943000.0,2415053000.0,0.298,10.814,-23111000.0,252211000.0,252211000.0,277147000.0,173454000.0,1.497,1.369,1076887000.0,10339000.0,1066548000.0,1076887000.0,289217000.0,85230000.0,0.0,0.0,0.0,319232000.0,404462000.0,0.449,404462000.0,319232000.0,263413000.0,1.43,1.41,1.43,1305432000.0,1231612000.0,1305432000.0,4863170810.0,15.0,12.024,231886000.0,1.921,1.0,623794000.0,0.692,2353466000.0,55819000.0,1111401000.0,1132409500.0,0.0,140490000.0,140490000.0,0.0,1787564000.0,452805000.0,1334759000.0,3970295810.0,-17212000.0,0.0,1805000.0,-187062000.0,0.0,-177994000.0,-90611000.0,-67500000.0,254997000.0,-3604000.0,173454000.0,173454000.0,173454000.0,0.0,0.0,0.193,305410000.0,318384000.0,239000.0,0.0,3.041,22.89,23.028,37623000.0,0.0,32.93,4.407,4.412,180566000.0,363461000.0,900941000.0,900941000.0,0.0,0.057,0.141,0.282,0.354,24460000.0,212972000.0,1.0,120567744.0,120717000,122276000.0,7.463,739530000.0,78974000.0,89959000.0,240456000.0,6.126,225138000.0
39,MSCI,MRT,2011-09-30,2011-09-30,2011-09-30,2021-07-27,-4355000.0,3064214000.0,,632436000.0,2431778000.0,,10.444,,221575000.0,221575000.0,,,1.458,1.428,1114450000.0,10334000.0,1104116000.0,1114450000.0,291045000.0,,0.0,0.0,0.0,,,,,,,,,,1261948000.0,,1261948000.0,4594836205.0,,,,,1.0,,,2369734000.0,,1153461000.0,,0.0,142754000.0,142754000.0,0.0,1802266000.0,433894000.0,1368372000.0,3653700205.0,,,,,,,,,,,,,,,,,,,431000.0,,2.895,,,36911000.0,,30.33,,,166948000.0,318975000.0,,,,,,,,,,1.0,120464893.0,120831000,,,694480000.0,74144000.0,,236372000.0,5.748,198542000.0
40,MSCI,MRT,2011-06-30,2011-06-30,2011-06-30,2021-07-27,89000.0,3009587000.0,,561320000.0,2448267000.0,,10.026,,175895000.0,175895000.0,,,1.325,1.489,1117031000.0,10331000.0,1106700000.0,1117031000.0,296793000.0,,0.0,0.0,0.0,,,,,,,,,,1209045000.0,,1209045000.0,5518771182.0,,,,,1.0,,,2386156000.0,,1141001000.0,,0.0,111167000.0,111167000.0,0.0,1800542000.0,423566000.0,1376976000.0,4526798182.0,,,,,,,,,,,,,,,,,,,625000.0,,3.744,,,36075000.0,,37.68,,,177189000.0,269188000.0,,,,,,,,,,1.0,120137956.0,120592000,,,623431000.0,75811000.0,,241538000.0,5.17,137754000.0
41,MSCI,MRT,2011-03-31,2011-03-31,2011-03-31,2021-07-27,289000.0,2910484000.0,,448966000.0,2461518000.0,,9.561,,127640000.0,127640000.0,,,1.188,1.531,1119613000.0,10329000.0,1109284000.0,1119613000.0,284119000.0,,0.0,0.0,0.0,,,,,,,,,,1150023000.0,,1150023000.0,5443566464.0,,,,,1.0,,,2400665000.0,,1123775000.0,,0.0,50161000.0,50161000.0,0.0,1760461000.0,378017000.0,1382444000.0,4407344464.0,,,,,,,,,,,,,,,,,,,471000.0,,3.832,,,33065000.0,,36.82,,,185714000.0,223528000.0,,,,,,,,,,1.0,119699741.0,120282000,,,509819000.0,66460000.0,,246897000.0,4.239,70949000.0
42,MSCI,MRT,2010-12-31,2010-11-30,2010-11-30,2021-07-27,-1966000.0,3023166000.0,2028856500.0,536283000.0,2486883000.0,0.327,9.638,-13168000.0,226575000.0,226575000.0,198626000.0,92170000.0,1.149,1.799,1262797000.0,54916000.0,1207881000.0,1262797000.0,271300000.0,59012000.0,0.0,0.0,0.0,204828000.0,263840000.0,0.398,263840000.0,204828000.0,153491000.0,0.82,0.81,0.82,1080117000.0,809103000.0,1080117000.0,5113485674.0,25.0,19.381,170186000.0,1.519,1.0,464275000.0,0.7,2422921000.0,51337000.0,1169543000.0,766230000.0,0.0,73891000.0,73891000.0,0.0,1943049000.0,466924000.0,1476125000.0,4045509674.0,50551000.0,-1101243000.0,9285000.0,774265000.0,0.0,758058000.0,-892277000.0,222134000.0,183354000.0,1416000.0,92170000.0,92170000.0,92170000.0,0.0,0.0,0.139,260440000.0,203835000.0,2162000.0,0.0,3.745,43.892,41.537,34368000.0,0.0,34.06,6.103,5.758,147662000.0,176183000.0,662901000.0,662901000.0,0.0,0.045,0.114,0.267,0.309,23748000.0,190244000.0,1.0,118775974.0,112074000,113357000.0,5.915,600245000.0,68821000.0,61321000.0,240944000.0,5.356,69359000.0
43,MSCI,MRT,2010-09-30,2010-08-31,2010-08-31,2021-07-27,-4374000.0,2948455000.0,1573132250.0,445727000.0,2502728000.0,0.361,8.739,-9297000.0,197735000.0,197735000.0,161709000.0,86439000.0,1.089,1.851,1265711000.0,11663000.0,1254048000.0,1265711000.0,283834000.0,46121000.0,0.0,0.0,0.0,180420000.0,226541000.0,0.399,226541000.0,180420000.0,142065000.0,0.83,0.81,0.83,1034200000.0,665837750.0,1034200000.0,3440524912.0,19.0,15.187,122039000.0,1.031,1.0,406664000.0,0.715,2436420000.0,38355000.0,1170687000.0,611255000.0,0.0,42593000.0,42593000.0,0.0,1914255000.0,409324000.0,1504931000.0,3522102912.0,86034000.0,-1100943000.0,108508000.0,771889000.0,0.0,855798000.0,-901932000.0,208308000.0,131336000.0,832000.0,86439000.0,86439000.0,86439000.0,0.0,0.0,0.152,228146000.0,178518000.0,1462000.0,0.0,3.406,40.747,36.024,35612000.0,0.0,29.9,6.197,6.225,114527000.0,145917000.0,568373000.0,568373000.0,0.0,0.055,0.13,0.295,0.317,23607000.0,174431000.0,1.0,117796084.0,118339000,120341000.0,4.803,512035000.0,70072000.0,55626000.0,223736000.0,4.327,36403000.0
44,MSCI,MRT,2010-06-30,2010-05-31,2010-05-31,2021-07-27,-3987000.0,947931000.0,1106659750.0,362386000.0,585545000.0,0.429,5.472,-8589000.0,152148000.0,152148000.0,120215000.0,97044000.0,1.454,0.644,70570000.0,8245000.0,62325000.0,70570000.0,181906000.0,34135000.0,0.0,0.0,0.0,177720000.0,211855000.0,0.446,211855000.0,177720000.0,155152000.0,0.94,0.93,0.94,576434000.0,499557750.0,576434000.0,3398117828.0,19.0,16.04,108300000.0,1.028,1.0,354293000.0,0.747,553257000.0,22568000.0,63922000.0,437606000.0,0.0,61399000.0,61399000.0,0.0,371497000.0,249174000.0,122323000.0,3113279828.0,79379000.0,0.0,98204000.0,-320765000.0,0.0,-214171000.0,175899000.0,184488000.0,116889000.0,762000.0,97044000.0,97044000.0,97044000.0,0.0,0.0,0.205,179426000.0,174867000.0,534000.0,0.0,5.401,32.081,31.543,25387000.0,0.0,29.65,6.561,6.583,92530000.0,135598000.0,474508000.0,474508000.0,0.0,0.088,0.194,0.406,0.375,20543000.0,144650000.0,1.0,105001006.0,105345000,106003000.0,4.504,394674000.0,23334000.0,58108000.0,36712000.0,3.746,113212000.0
45,MSCI,MRT,2010-03-31,2010-02-28,2010-02-28,2021-07-27,-6348000.0,1195874000.0,1135642250.0,601848000.0,594026000.0,0.404,5.185,-10664000.0,84349000.0,84349000.0,119021000.0,92595000.0,2.294,1.192,369187000.0,42088000.0,327099000.0,369187000.0,168311000.0,35702000.0,0.0,0.0,0.0,167654000.0,203356000.0,0.443,203356000.0,167654000.0,149173000.0,0.9,0.9,0.9,545661000.0,440558500.0,545661000.0,3351240900.0,20.0,16.48,83045000.0,0.789,1.0,339692000.0,0.741,557534000.0,18481000.0,660768000.0,546328250.0,0.0,358145000.0,358145000.0,0.0,650213000.0,262410000.0,387803000.0,3147554900.0,-192532000.0,0.0,97646000.0,-27250000.0,0.0,78715000.0,-367724000.0,-357060000.0,93709000.0,2768000.0,92595000.0,92595000.0,92595000.0,0.0,0.0,0.202,174868000.0,164824000.0,406000.0,0.0,5.768,33.993,33.311,27256000.0,0.0,29.98,6.862,6.878,113901000.0,111531000.0,458713000.0,458713000.0,0.0,0.082,0.21,0.307,0.365,24226000.0,138525000.0,1.0,104988489.0,105235000,105844000.0,4.359,638340000.0,23877000.0,56578000.0,38443000.0,6.066,339438000.0
46,MSCI,MRT,2009-12-31,2009-11-30,2009-11-30,2021-07-27,-7590000.0,1200269000.0,1094188250.0,602484000.0,597785000.0,0.405,5.04,-13412000.0,176024000.0,176024000.0,118665000.0,81801000.0,2.06,1.367,379710000.0,42088000.0,337622000.0,379710000.0,152944000.0,37511000.0,0.0,0.0,0.0,151404000.0,188915000.0,0.426,188915000.0,151404000.0,131721000.0,0.8,0.8,0.8,507056000.0,382437750.0,507056000.0,3325596277.0,22.0,17.604,117530000.0,1.168,1.0,324283000.0,0.732,561812000.0,19683000.0,549643000.0,450346750.0,0.0,295304000.0,295304000.0,0.0,693213000.0,292500000.0,400713000.0,3052066277.0,-92053000.0,0.0,97865000.0,-22250000.0,0.0,82542000.0,-308216000.0,-294804000.0,130942000.0,2679000.0,81801000.0,81801000.0,81801000.0,0.0,0.0,0.185,173932000.0,150351000.0,1878000.0,0.0,6.019,37.311,38.087,29381000.0,0.0,30.47,6.89,6.921,77180000.0,84013000.0,442948000.0,442948000.0,0.0,0.075,0.214,0.336,0.342,28234000.0,135780000.0,1.0,100166271.0,100607000,100860000.0,4.403,638457000.0,42179000.0,49920000.0,40080000.0,6.346,309984000.0
47,MSCI,MRT,2009-09-30,2009-08-31,2009-08-31,2021-07-27,-8457000.0,1082565000.0,1047883000.0,479901000.0,602664000.0,0.412,3.676,-17647000.0,111701000.0,111701000.0,121545000.0,70091000.0,1.539,1.933,385231000.0,37087000.0,348144000.0,385231000.0,166215000.0,37999000.0,0.0,0.0,0.0,133424000.0,171423000.0,0.397,171423000.0,133424000.0,112444000.0,0.66,0.66,0.66,369080000.0,327269250.0,369080000.0,3264020189.0,24.0,19.041,146714000.0,1.461,1.0,310029000.0,0.718,568081000.0,20980000.0,476091000.0,380471500.0,0.0,250061000.0,0.0,0.0,713485000.0,311923000.0,401562000.0,2946037189.0,-134751000.0,0.0,-779000.0,-22250000.0,0.0,-23029000.0,-267367000.0,-249720000.0,164361000.0,-8716000.0,70091000.0,70091000.0,70091000.0,0.0,0.0,0.162,179948000.0,130081000.0,33946000.0,0.0,7.982,42.032,44.576,27900000.0,0.0,29.42,6.826,6.844,76511000.0,59478000.0,431574000.0,431574000.0,0.0,0.067,0.214,0.351,0.309,37912000.0,134592000.0,1.0,100137226.0,100402000,100833000.0,4.298,514484000.0,0.0,42353000.0,43040000.0,5.124,167978000.0
48,MSCI,MRT,2009-06-30,2009-05-31,2009-05-31,2021-07-27,-8603000.0,1063861000.0,1025606500.0,452863000.0,610998000.0,0.422,3.392,-29255000.0,72769000.0,72769000.0,121098000.0,68045000.0,1.468,2.125,390752000.0,32087000.0,358665000.0,390752000.0,176029000.0,37094000.0,0.0,0.0,0.0,131223000.0,168317000.0,0.389,168317000.0,131223000.0,108880000.0,0.65,0.65,0.65,340437000.0,303338500.0,340437000.0,2247953941.0,17.0,13.355,114246000.0,1.138,1.0,312007000.0,0.72,574510000.0,22343000.0,498811000.0,330686250.0,0.0,244878000.0,244878000.0,0.0,723424000.0,308523000.0,414901000.0,2128560941.0,40475000.0,0.0,-699000.0,-22250000.0,0.0,-22970000.0,-70674000.0,-244734000.0,143501000.0,-9382000.0,68045000.0,68045000.0,68045000.0,0.0,0.0,0.157,182205000.0,129802000.0,38606000.0,0.0,6.252,31.282,32.723,29853000.0,0.0,21.27,4.915,4.929,95374000.0,38554000.0,433105000.0,433105000.0,0.0,0.066,0.224,0.397,0.303,34955000.0,137754000.0,1.0,100073387.0,100359000,100371000.0,4.316,489351000.0,26869000.0,40835000.0,45834000.0,4.876,144340000.0
49,MSCI,MRT,2009-03-31,2009-02-28,2009-02-28,2021-07-27,-8260000.0,1030058000.0,1010335500.0,412750000.0,617308000.0,0.428,3.123,-30628000.0,276881000.0,276881000.0,121465000.0,67058000.0,1.416,2.289,396274000.0,27086000.0,369188000.0,396274000.0,176805000.0,35341000.0,0.0,0.0,0.0,124732000.0,160073000.0,0.371,160073000.0,124732000.0,107293000.0,0.65,0.64,0.65,313178000.0,280944500.0,313178000.0,1710709241.0,14.0,10.687,126184000.0,1.258,1.0,310460000.0,0.719,581100000.0,17439000.0,276842000.0,274447250.0,0.0,0.0,0.0,0.0,716880000.0,291509000.0,425371000.0,1576991241.0,254952000.0,0.0,-791000.0,-22251000.0,0.0,-23063000.0,133471000.0,0.0,156812000.0,-12268000.0,67058000.0,67058000.0,67058000.0,0.0,0.0,0.155,184405000.0,126055000.0,37429000.0,0.0,5.035,23.517,24.246,29766000.0,0.0,15.76,3.651,3.659,103861000.0,18936000.0,431925000.0,431925000.0,0.0,0.066,0.239,0.454,0.289,33199000.0,141707000.0,1.0,100062896.0,100286000,100286000.0,4.307,448958000.0,20803000.0,40235000.0,47179000.0,4.477,121241000.0
50,MSCI,MRT,2008-12-31,2008-11-30,2008-11-30,2021-07-27,-7354000.0,1015048000.0,993387500.0,392255000.0,622793000.0,0.434,2.863,-25556000.0,268077000.0,268077000.0,123390000.0,68268000.0,1.348,2.544,401795000.0,22086000.0,379709000.0,401795000.0,144711000.0,33470000.0,0.0,0.0,0.0,136575000.0,170045000.0,0.395,170045000.0,136575000.0,109643000.0,0.66,0.66,0.66,286382000.0,258192250.0,286382000.0,1704717492.0,12.0,10.025,129525000.0,1.295,1.0,307571000.0,0.714,587530000.0,26932000.0,270142000.0,279823750.0,0.0,0.0,0.0,0.0,728666000.0,291094000.0,437572000.0,1543852492.0,234259000.0,0.0,-681000.0,-22250000.0,0.0,-22952000.0,112069000.0,0.0,155081000.0,-9939000.0,68268000.0,68268000.0,68268000.0,0.0,0.0,0.158,179138000.0,128433000.0,35892000.0,0.0,5.391,22.615,23.379,28447000.0,0.0,15.43,3.582,3.582,87488000.0,2212000.0,430961000.0,430961000.0,0.0,0.069,0.264,0.488,0.317,30338000.0,138311000.0,1.0,100055249.0,100037000,100281000.0,4.308,427518000.0,18590000.0,41375000.0,49364000.0,4.274,101161000.0
51,MSCI,MRT,2008-09-30,2008-08-31,2008-08-31,2021-07-27,985000.0,993459000.0,965795250.0,366684000.0,626775000.0,0.44,2.732,-18686000.0,246452000.0,246452000.0,117360000.0,73682000.0,1.297,2.634,407317000.0,22250000.0,385067000.0,407317000.0,158697000.0,30719000.0,0.0,0.0,0.0,155471000.0,186190000.0,0.438,186190000.0,155471000.0,123368000.0,0.77,0.76,0.77,273357000.0,236602000.0,273357000.0,3164809006.0,20.0,16.998,134747000.0,1.347,1.0,307843000.0,0.724,594655000.0,32103000.0,276950000.0,286607000.0,0.0,3000000.0,0.0,3000000.0,720102000.0,282719000.0,437383000.0,2986543006.0,224853000.0,0.0,264449000.0,-218713000.0,0.0,37741000.0,33113000.0,0.0,153433000.0,566000.0,73682000.0,73682000.0,73682000.0,0.0,0.0,0.173,161948000.0,145895000.0,17297000.0,0.0,10.925,40.533,38.766,21977000.0,0.0,29.85,7.024,7.024,90802000.0,-10613000.0,425203000.0,425203000.0,0.0,0.076,0.311,0.542,0.366,18528000.0,129139000.0,1.0,100051692.0,100052000,101698000.0,4.25,398804000.0,19971000.0,49686000.0,72943000.0,3.986,83965000.0
52,MSCI,MRT,2008-06-30,2008-05-31,2008-05-31,2021-07-27,2735000.0,1002777000.0,,382630000.0,620147000.0,,2.508,-5998000.0,235609000.0,235609000.0,118914000.0,76183000.0,1.253,2.997,413875000.0,22250000.0,391625000.0,413875000.0,168824000.0,29464000.0,0.0,0.0,0.0,152596000.0,182060000.0,0.447,182060000.0,152596000.0,126140000.0,0.83,0.82,0.83,250861000.0,,250861000.0,3788855015.0,25.0,20.811,143579000.0,1.435,1.0,288297000.0,0.708,601780000.0,26456000.0,273855000.0,,0.0,3000000.0,0.0,3000000.0,751916000.0,305408000.0,446508000.0,3555445015.0,2343000.0,0.0,264478000.0,412750000.0,-973000000.0,-303746000.0,157697000.0,0.0,149577000.0,-1185000.0,76183000.0,76183000.0,76183000.0,0.0,0.0,0.187,146658000.0,141639000.0,32150000.0,0.0,14.173,46.67,42.831,15367000.0,0.0,35.55,8.731,8.732,108169000.0,-29491000.0,407211000.0,407211000.0,0.0,,,,0.375,13131000.0,115545000.0,1.0,100012518.0,100026000,101282000.0,4.071,400997000.0,22239000.0,49957000.0,80820000.0,4.009,77222000.0
53,MSCI,MRT,2008-03-31,2008-02-29,2008-02-29,2021-07-27,-661000.0,962266000.0,,345638000.0,616628000.0,,2.221,-1592000.0,186028000.0,186028000.0,119619000.0,77403000.0,1.198,3.331,419438000.0,22236000.0,397202000.0,419438000.0,167336000.0,28607000.0,0.0,0.0,0.0,153916000.0,182523000.0,0.471,182523000.0,153916000.0,127460000.0,0.88,0.88,0.88,222169000.0,,222169000.0,3226895565.0,21.0,17.679,119252000.0,1.192,1.0,268149000.0,0.692,608905000.0,26456000.0,298348000.0,,0.0,3000000.0,0.0,3000000.0,740097000.0,288423000.0,451674000.0,2973338565.0,-2554000.0,0.0,265035000.0,418313000.0,-973000000.0,-297626000.0,175292000.0,0.0,120844000.0,-1064000.0,77403000.0,77403000.0,77403000.0,0.0,0.0,0.2,132760000.0,135389000.0,41327000.0,0.0,13.383,38.414,33.784,4723000.0,0.0,29.73,7.668,7.668,129426000.0,-48122000.0,387768000.0,387768000.0,0.0,,,,0.397,5909000.0,103029000.0,1.0,100011388.0,100011000,100728000.0,3.877,353361000.0,17831000.0,50057000.0,76531000.0,3.533,57215000.0
54,MSCI,MRT,2007-12-31,2007-11-30,2007-11-30,2021-07-27,-193000.0,904679000.0,1008727000.0,281403000.0,623276000.0,0.367,2.364,-535000.0,171443000.0,171443000.0,121032000.0,81111000.0,1.149,3.523,425000000.0,22250000.0,402750000.0,425000000.0,125230000.0,27828000.0,0.0,0.0,0.0,142878000.0,170706000.0,0.462,170706000.0,142878000.0,133292000.0,0.96,0.96,0.96,200021000.0,512866500.0,200021000.0,2352342000.0,16.0,13.78,109690000.0,1.296,1.0,248854000.0,0.673,616030000.0,9586000.0,297275000.0,96046000.0,0.0,3000000.0,0.0,3000000.0,704658000.0,244931000.0,459727000.0,2706935000.0,9456000.0,0.0,265035000.0,423875000.0,-973000000.0,-292064000.0,192071000.0,0.0,110225000.0,-776000.0,81111000.0,81111000.0,81111000.0,0.0,0.0,0.219,119119000.0,129735000.0,17213000.0,0.0,13.533,33.373,28.802,4246000.0,0.0,27.65,7.318,6.325,80375000.0,-65884000.0,369886000.0,369886000.0,0.0,0.08,0.158,1.488,0.386,1034000.0,91067000.0,1.0,97900000.0,84608000,84624000.0,4.372,288649000.0,17425000.0,52181000.0,73189000.0,3.412,36472000.0
55,MSCI,MRT,2007-09-30,2007-08-31,2007-08-31,2021-07-27,,,,,,,,,,,,,,,,,,,,,,,0.0,,,,,,,,,,,,,,,,,,1.0,,,,,,,,,,,,,,,,,,,,,,,,,,,,,,,,,,,,,,,,,,,,,,,,,,,,,,1.0,97900000.0,83900000,,,,,,,,
56,MSCI,MRT,2007-06-30,2007-05-31,2007-05-31,2021-07-27,,,,,,,,,,,,,,,,,,,,,,,0.0,,,,,,,,,,,,,,,,,,1.0,,,,,,,,,,,,,,,,,,,,,,,,,,,,,,,,,,,,,,,,,,,,,,,,,,,,,,1.0,97900000.0,83900000,,,,,,,,
57,MSCI,MRT,2007-03-31,2007-02-28,2007-02-28,2021-07-27,,,,,,,,,,,,,,,,,,,,,,,0.0,,,,,,,,,,,,,,,,,,1.0,,,,,,,,,,,,,,,,,,,,,,,,,,,,,,,,,,,,,,,,,,,,,,,,,,,,,,1.0,97900000.0,83900000,,,,,,,,
58,MSCI,MRT,2006-12-31,2006-11-30,2006-11-30,2021-07-27,-322000.0,1112775000.0,1080147000.0,462206000.0,650569000.0,0.288,9.842,-2435000.0,354593000.0,354593000.0,115068000.0,71445000.0,2.092,0.348,0.0,0.0,0.0,0.0,102368000.0,29655000.0,0.0,,0.0,91122000.0,120777000.0,0.389,120777000.0,91122000.0,107542000.0,0.85,0.85,0.85,825712000.0,791464500.0,825712000.0,,,,81230000.0,0.968,1.0,195630000.0,0.63,642383000.0,-16420000.0,-105183000.0,-108642000.0,0.0,3000000.0,0.0,3000000.0,287063000.0,220982000.0,66081000.0,,951000.0,0.0,0.0,0.0,-5000000.0,-5000000.0,-79764000.0,20000.0,83665000.0,2050000.0,71445000.0,71445000.0,71445000.0,-8073000.0,0.0,0.23,112581000.0,83049000.0,64676000.0,0.0,,,,5186000.0,0.0,,,,100175000.0,176121000.0,310698000.0,310698000.0,0.0,0.066,0.09,-0.839,0.293,0.0,86425000.0,1.0,97900000.0,83900000,83900000.0,3.703,470392000.0,3886000.0,36097000.0,67094000.0,5.607,241224000.0
59,MSCI,MRT,2005-12-31,2005-11-30,2005-11-30,2021-07-27,-2372000.0,1047519000.0,,369685000.0,677834000.0,,9.025,-346000.0,276293000.0,276293000.0,106598000.0,54554000.0,1.721,0.383,0.0,0.0,0.0,0.0,87952000.0,32077000.0,0.0,,0.0,86867000.0,118944000.0,0.427,118944000.0,86867000.0,85003000.0,0.65,0.65,0.65,757217000.0,,757217000.0,,,,59535000.0,0.71,1.0,171876000.0,0.617,668539000.0,1864000.0,-112101000.0,,0.0,3045000.0,0.0,3045000.0,290302000.0,214788000.0,75514000.0,,-9665000.0,90000000.0,0.0,0.0,0.0,0.0,-63708000.0,647000.0,59881000.0,-5838000.0,54554000.0,54554000.0,54554000.0,-3793000.0,0.0,0.196,98251000.0,73625000.0,70242000.0,0.0,,,,6250000.0,0.0,,,,88753000.0,109676000.0,278474000.0,278474000.0,0.0,,,,0.312,0.0,70220000.0,1.0,,83900000,83900000.0,3.319,378980000.0,3306000.0,30449000.0,83537000.0,4.517,154897000.0
60,MSCI,MRT,2004-12-31,2004-11-30,2004-11-30,2021-07-27,,,,,,,,-2058000.0,,,86432000.0,20853000.0,,,,,,,,22841000.0,,,0.0,31188000.0,54029000.0,0.303,54029000.0,31188000.0,30564000.0,0.37,0.37,0.37,,,,,,,20024000.0,0.356,1.0,92014000.0,0.516,,624000.0,,,,,,,,,,,27341000.0,0.0,0.0,0.0,-177500000.0,-131478000.0,135126000.0,168565000.0,22082000.0,1611000.0,20853000.0,20853000.0,20853000.0,54000.0,0.0,0.117,62009000.0,30005000.0,,0.0,,,,,0.0,,,,,,178446000.0,178446000.0,0.0,,,,0.175,0.0,47099000.0,1.0,,56256000,56256000.0,3.172,,,9711000.0,,,
