None,ticker,dimension,calendardate,datekey,reportperiod,lastupdated,accoci,assets,assetsavg,assetsc,assetsnc,assetturnover,bvps,capex,cashneq,cashnequsd,cor,consolinc,currentratio,de,debt,debtc,debtnc,debtusd,deferredrev,depamor,deposits,divyield,dps,ebit,ebitda,ebitdamargin,ebitdausd,ebitusd,ebt,eps,epsdil,epsusd,equity,equityavg,equityusd,ev,evebit,evebitda,fcf,fcfps,fxusd,gp,grossmargin,intangibles,intexp,invcap,invcapavg,inventory,investments,investmentsc,investmentsnc,liabilities,liabilitiesc,liabilitiesnc,marketcap,ncf,ncfbus,ncfcommon,ncfdebt,ncfdiv,ncff,ncfi,ncfinv,ncfo,ncfx,netinc,netinccmn,netinccmnusd,netincdis,netincnci,netmargin,opex,opinc,payables,payoutratio,pb,pe,pe1,ppnenet,prefdivis,price,ps,ps1,receivables,retearn,revenue,revenueusd,rnd,roa,roe,roic,ros,sbcomp,sgna,sharefactor,sharesbas,shareswa,shareswadil,sps,tangibles,taxassets,taxexp,taxliabilities,tbvps,workingcapital
0,AEP,MRY,2020-12-31,2020-12-31,2020-12-31,2021-09-07,-85100000.0,80757200000.0,78743825000.0,4351500000.0,76405700000.0,0.189,41.457,-6246300000.0,438300000.0,438300000.0,9248000000.0,2196700000.0,0.438,2.917,34431500000.0,4806700000.0,29624800000.0,34431500000.0,0.0,2819300000.0,335600000.0,0.034,2.84,3406300000.0,6225600000.0,0.417,6225600000.0,3406300000.0,2240600000.0,4.44,4.42,4.44,20550900000.0,20163150000.0,20550900000.0,74261383204.0,22.0,11.928,-2413400000.0,-4.868,1.0,5670500000.0,0.38,52500000.0,1165700000.0,104771200000.0,101216000000.0,1310000000.0,200800000.0,200800000.0,0.0,59937500000.0,9926700000.0,50010800000.0,41334083204.0,5700000.0,0.0,155000000.0,3865600000.0,-1424900000.0,2406700000.0,-6233900000.0,-34500000.0,3832900000.0,0.0,2200100000.0,2200100000.0,2200100000.0,0.0,-3400000.0,0.147,2682800000.0,2987700000.0,1709700000.0,0.64,2.011,18.787,18.755,64768000000.0,0.0,83.27,2.771,2.767,1842700000.0,10687800000.0,14918500000.0,14918500000.0,0.0,0.028,0.109,0.034,0.228,0.0,0.0,1.0,496386252.0,495718223,497226867.0,30.095,80704700000.0,185300000.0,40500000.0,9717300000.0,162.804,-5575200000.0
1,AEP,MRY,2019-12-31,2019-12-31,2019-12-31,2021-09-07,-147700000.0,75892300000.0,73266250000.0,4077800000.0,71814500000.0,0.212,39.766,-6051400000.0,432600000.0,432600000.0,10298200000.0,1919800000.0,0.396,2.846,30532500000.0,4671100000.0,25861400000.0,30532500000.0,0.0,2651000000.0,366100000.0,0.029,2.71,2980700000.0,5631700000.0,0.362,5631700000.0,2980700000.0,1908200000.0,3.89,3.88,3.89,19632200000.0,19451125000.0,19632200000.0,75614685752.0,25.0,13.427,-1781300000.0,-3.608,1.0,5263200000.0,0.338,52500000.0,1072500000.0,95640600000.0,92995950000.0,1169200000.0,202700000.0,202700000.0,0.0,55870500000.0,10299100000.0,45571400000.0,46683385752.0,-11500000.0,-918400000.0,65300000.0,4173400000.0,-1350000000.0,2862900000.0,-7144500000.0,-81800000.0,4270100000.0,0.0,1921100000.0,1921100000.0,1921100000.0,0.0,-1300000.0,0.123,2670900000.0,2592300000.0,2085800000.0,0.697,2.378,24.3,24.296,61095500000.0,0.0,94.51,3.0,2.998,1705100000.0,9900900000.0,15561400000.0,15561400000.0,0.0,0.026,0.099,0.032,0.192,0.0,0.0,1.0,493951812.0,493694345,495306238.0,31.52,75839800000.0,85800000.0,-12900000.0,8946000000.0,153.617,-6221300000.0
2,AEP,MRY,2018-12-31,2018-12-31,2018-12-31,2021-09-07,-120400000.0,68802800000.0,67224950000.0,4113900000.0,64688900000.0,0.241,38.615,-6310900000.0,444100000.0,444100000.0,11155800000.0,1931300000.0,0.476,2.608,25256700000.0,3608500000.0,21648200000.0,25256700000.0,0.0,2286600000.0,412200000.0,0.034,2.53,3023500000.0,5310100000.0,0.328,5310100000.0,3023500000.0,2039100000.0,3.9,3.9,3.9,19028400000.0,18812700000.0,19028400000.0,60934053730.0,20.0,11.475,-1087700000.0,-2.207,1.0,5039900000.0,0.311,52500000.0,984400000.0,84914100000.0,82503500000.0,921100000.0,159100000.0,159100000.0,0.0,49634600000.0,8648800000.0,40985800000.0,36854953730.0,31500000.0,0.0,73600000.0,2370000000.0,-1255500000.0,1161900000.0,-6353600000.0,-57800000.0,5223200000.0,0.0,1923800000.0,1923800000.0,1923800000.0,0.0,7500000.0,0.119,2357200000.0,2682700000.0,1874300000.0,0.649,1.937,19.157,19.164,55099100000.0,0.0,74.74,2.276,2.274,1926500000.0,9325300000.0,16195700000.0,16195700000.0,0.0,0.029,0.102,0.037,0.187,0.0,0.0,1.0,493108827.0,492774600,493758277.0,32.866,68750300000.0,0.0,115300000.0,8304500000.0,139.517,-4534900000.0
3,AEP,MRY,2017-12-31,2017-12-31,2017-12-31,2021-09-07,-67800000.0,64729100000.0,63290350000.0,4253100000.0,60476000000.0,0.244,37.183,-3531700000.0,412600000.0,412600000.0,10042000000.0,1928900000.0,0.514,2.538,22811900000.0,3392300000.0,19419600000.0,22811900000.0,0.0,1997200000.0,357000000.0,0.032,2.39,3777300000.0,5774500000.0,0.374,5774500000.0,3777300000.0,2882300000.0,3.89,3.88,3.89,18287000000.0,17966825000.0,18287000000.0,57624997567.0,15.0,9.979,738700000.0,1.502,1.0,5382900000.0,0.349,52500000.0,895000000.0,78804600000.0,76679100000.0,953200000.0,161700000.0,161700000.0,0.0,46403600000.0,8271300000.0,38132300000.0,36187897567.0,9100000.0,0.0,12200000.0,578400000.0,-1191900000.0,-604900000.0,-3656400000.0,-58400000.0,4270400000.0,0.0,1912600000.0,1912600000.0,1912600000.0,0.0,16300000.0,0.124,1857900000.0,3525000000.0,2065300000.0,0.614,1.979,18.921,18.913,50261500000.0,0.0,73.57,2.346,2.346,1891000000.0,8626700000.0,15424900000.0,15424900000.0,0.0,0.03,0.106,0.049,0.245,0.0,0.0,1.0,491883887.0,491814651,492611067.0,31.363,64676600000.0,0.0,969700000.0,7929400000.0,131.506,-4018200000.0
4,AEP,MRY,2016-12-31,2016-12-31,2016-12-31,2021-09-07,-156300000.0,63467700000.0,62678325000.0,6033900000.0,57433800000.0,0.261,35.396,-4781100000.0,403500000.0,403500000.0,10986100000.0,618000000.0,0.635,2.647,21969400000.0,4591000000.0,17378400000.0,21969400000.0,0.0,1962300000.0,343200000.0,0.036,2.27,1414400000.0,3376700000.0,0.206,3376700000.0,1414400000.0,537200000.0,1.24,1.24,1.24,17397000000.0,17807900000.0,17397000000.0,51928958118.0,37.0,15.379,-261800000.0,-0.533,1.0,5394000000.0,0.329,52500000.0,877200000.0,75483100000.0,75710300000.0,967300000.0,138700000.0,138700000.0,0.0,46047600000.0,9498000000.0,36549600000.0,30958158118.0,-23400000.0,-107900000.0,34200000.0,1606400000.0,-1121000000.0,503900000.0,-5046600000.0,-44600000.0,4519300000.0,0.0,610900000.0,610900000.0,610900000.0,2500000.0,7100000.0,0.037,4230100000.0,1163900000.0,1688500000.0,1.831,1.78,50.676,50.774,45639300000.0,0.0,62.96,1.89,1.889,1916700000.0,7892400000.0,16380100000.0,16380100000.0,0.0,0.01,0.034,0.019,0.086,0.0,0.0,1.0,491711533.0,491495458,491662007.0,33.327,63415200000.0,0.0,-73700000.0,12932400000.0,129.025,-3464100000.0
5,AEP,MRY,2015-12-31,2015-12-31,2015-12-31,2021-09-07,-127100000.0,61683100000.0,60939525000.0,4072400000.0,57610700000.0,0.27,36.488,-4508000000.0,176400000.0,176400000.0,11110000000.0,2052300000.0,0.573,2.447,20372700000.0,2631800000.0,17740900000.0,20372700000.0,0.0,2009700000.0,346600000.0,0.037,2.15,3840600000.0,5850300000.0,0.356,5850300000.0,3840600000.0,2966700000.0,4.17,4.17,4.17,17891700000.0,17566425000.0,17891700000.0,48629930015.0,13.0,8.312,310500000.0,0.633,1.0,5343200000.0,0.325,52500000.0,873900000.0,74718400000.0,74033600000.0,1339400000.0,386800000.0,386800000.0,0.0,43778200000.0,7108500000.0,36669700000.0,28599930015.0,5300000.0,-5300000.0,81600000.0,301000000.0,-1059000000.0,-789400000.0,-4023800000.0,-64300000.0,4818500000.0,0.0,2047100000.0,2047100000.0,2047100000.0,-283700000.0,5200000.0,0.124,2009700000.0,3333500000.0,1418000000.0,0.516,1.599,13.971,13.974,46133200000.0,0.0,58.27,1.738,1.737,1640500000.0,8398300000.0,16453200000.0,16453200000.0,0.0,0.034,0.117,0.052,0.233,0.0,0.0,1.0,490817402.0,490340522,490574568.0,33.555,61630600000.0,0.0,919600000.0,12712300000.0,125.689,-3036100000.0
6,AEP,MRY,2014-12-31,2014-12-31,2014-12-31,2021-09-07,-103100000.0,59544600000.0,58031900000.0,4478100000.0,55066500000.0,0.282,34.426,-4130000000.0,162500000.0,162500000.0,11353600000.0,1638000000.0,0.562,2.54,19858400000.0,3846400000.0,16012000000.0,19858400000.0,0.0,1897600000.0,323900000.0,0.033,2.03,3404400000.0,5302000000.0,0.324,5302000000.0,3404400000.0,2536400000.0,3.34,3.34,3.34,16820200000.0,16671300000.0,16820200000.0,48852682006.0,14.0,9.214,483500000.0,0.99,1.0,5025000000.0,0.307,52500000.0,868000000.0,71221400000.0,69911350000.0,1316600000.0,385600000.0,385600000.0,0.0,42720100000.0,7966600000.0,34753500000.0,29706682006.0,45000000.0,-64800000.0,73600000.0,767400000.0,-997600000.0,-162500000.0,-4406000000.0,-87300000.0,4613500000.0,0.0,1633800000.0,1633800000.0,1633800000.0,-47500000.0,4200000.0,0.1,1897600000.0,3127400000.0,1258200000.0,0.608,1.766,18.183,18.18,43635100000.0,0.0,60.72,1.814,1.811,1835200000.0,7406600000.0,16378600000.0,16378600000.0,0.0,0.028,0.098,0.049,0.208,0.0,0.0,1.0,489240481.0,488592997,488899840.0,33.522,59492100000.0,0.0,902600000.0,11755700000.0,121.762,-3488500000.0
7,AEP,MRY,2013-12-31,2013-12-31,2013-12-31,2021-09-07,-115000000.0,56414000000.0,55226500000.0,4310000000.0,52104000000.0,0.268,33.055,-3616400000.0,118000000.0,118000000.0,10052100000.0,1484200000.0,0.705,2.507,19134000000.0,2306000000.0,16828000000.0,19134000000.0,0.0,1712500000.0,299000000.0,0.042,1.95,3048200000.0,4760700000.0,0.321,4760700000.0,3048200000.0,2158200000.0,3.04,3.04,3.04,16085000000.0,15701250000.0,16085000000.0,41414952455.0,14.0,8.699,489300000.0,1.006,1.0,4761400000.0,0.321,91000000.0,890000000.0,69227000000.0,67859750000.0,1423000000.0,353000000.0,353000000.0,0.0,40328000000.0,6112000000.0,34216000000.0,22775952455.0,-161200000.0,-32000000.0,83200000.0,427200000.0,-954300000.0,-448700000.0,-3818200000.0,-80200000.0,4105700000.0,0.0,1480500000.0,1480500000.0,1480500000.0,-10300000.0,3700000.0,0.1,1938900000.0,2822500000.0,1266000000.0,0.641,1.416,15.384,15.375,40997000000.0,0.0,46.74,1.538,1.535,1860000000.0,6766000000.0,14813500000.0,14813500000.0,0.0,0.027,0.094,0.045,0.206,0.0,0.0,1.0,487290382.0,486619555,487040956.0,30.442,56323000000.0,0.0,677700000.0,11122000000.0,115.743,-1802000000.0
8,AEP,MRY,2012-12-31,2012-12-31,2012-12-31,2021-09-07,-337000000.0,54367000000.0,53633250000.0,4589000000.0,49778000000.0,0.279,31.437,-3025000000.0,279000000.0,279000000.0,10207000000.0,1262000000.0,0.673,2.568,18738000000.0,3152000000.0,15586000000.0,18738000000.0,0.0,1782000000.0,316000000.0,0.044,1.88,2851000000.0,4633000000.0,0.31,4633000000.0,2851000000.0,1863000000.0,2.6,2.6,2.6,15237000000.0,15101500000.0,15237000000.0,38710431417.0,14.0,8.355,779000000.0,1.607,1.0,4738000000.0,0.317,91000000.0,988000000.0,65912000000.0,65140250000.0,1519000000.0,324000000.0,324000000.0,0.0,39130000000.0,6823000000.0,32307000000.0,20710431417.0,58000000.0,-76000000.0,83000000.0,473000000.0,-916000000.0,-355000000.0,-3391000000.0,-86000000.0,3804000000.0,0.0,1259000000.0,1259000000.0,1259000000.0,0.0,3000000.0,0.084,2082000000.0,2656000000.0,1169000000.0,0.723,1.359,16.45,16.415,38763000000.0,0.0,42.68,1.386,1.384,1871000000.0,6236000000.0,14945000000.0,14945000000.0,0.0,0.023,0.083,0.044,0.191,0.0,0.0,1.0,485249096.0,484682469,485084694.0,30.835,54276000000.0,0.0,604000000.0,9999000000.0,111.983,-2234000000.0
9,AEP,MRY,2011-12-31,2011-12-31,2011-12-31,2021-09-07,-470000000.0,52223000000.0,52223000000.0,4182000000.0,48041000000.0,0.289,30.413,-2669000000.0,221000000.0,221000000.0,10540000000.0,1949000000.0,0.633,2.561,18166000000.0,3083000000.0,15083000000.0,18166000000.0,0.0,1655000000.0,289000000.0,0.045,1.85,3697000000.0,5352000000.0,0.354,5352000000.0,3697000000.0,2764000000.0,4.02,4.02,4.02,14664000000.0,14664000000.0,14664000000.0,37132104924.0,10.0,6.938,1119000000.0,2.321,1.0,4576000000.0,0.303,76000000.0,933000000.0,63481000000.0,63481000000.0,1292000000.0,294000000.0,294000000.0,0.0,37558000000.0,6611000000.0,30947000000.0,19949104924.0,-73000000.0,-110000000.0,92000000.0,-104000000.0,-898000000.0,-971000000.0,-2890000000.0,66000000.0,3788000000.0,0.0,1946000000.0,1941000000.0,1941000000.0,0.0,3000000.0,0.128,1794000000.0,2782000000.0,1095000000.0,0.46,1.36,10.278,10.276,36971000000.0,5000000.0,41.31,1.32,1.318,1834000000.0,5890000000.0,15116000000.0,15116000000.0,0.0,0.037,0.132,0.058,0.245,0.0,0.0,1.0,482912247.0,482169282,482460328.0,31.35,52147000000.0,0.0,818000000.0,8944000000.0,108.151,-2429000000.0
10,AEP,MRY,2010-12-31,2010-12-31,2010-12-31,2021-09-07,-381000000.0,50455000000.0,50455000000.0,5016000000.0,45439000000.0,0.286,28.416,-2345000000.0,294000000.0,294000000.0,10123000000.0,1218000000.0,0.77,2.7,18157000000.0,2655000000.0,15502000000.0,18157000000.0,0.0,1641000000.0,273000000.0,0.048,1.71,2856000000.0,4497000000.0,0.312,4497000000.0,2856000000.0,1857000000.0,2.53,2.53,2.53,13622000000.0,13622000000.0,13622000000.0,34937340195.0,12.0,7.769,317000000.0,0.661,1.0,4304000000.0,0.298,76000000.0,999000000.0,61724000000.0,61724000000.0,1448000000.0,416000000.0,416000000.0,0.0,36773000000.0,6518000000.0,30255000000.0,17280340195.0,-196000000.0,32000000.0,93000000.0,402000000.0,-824000000.0,-335000000.0,-2523000000.0,-105000000.0,2662000000.0,0.0,1214000000.0,1211000000.0,1211000000.0,0.0,4000000.0,0.084,1641000000.0,2663000000.0,1061000000.0,0.676,1.269,14.269,14.221,35674000000.0,3000000.0,35.98,1.198,1.196,1923000000.0,4842000000.0,14427000000.0,14427000000.0,0.0,0.024,0.089,0.046,0.198,0.0,0.0,1.0,480276270.0,479373306,479601442.0,30.096,50379000000.0,389000000.0,643000000.0,8061000000.0,105.093,-1502000000.0
11,AEP,MRY,2009-12-31,2009-12-31,2009-12-31,2021-09-07,-374000000.0,48348000000.0,47727250000.0,4756000000.0,43592000000.0,0.283,28.648,-2792000000.0,490000000.0,490000000.0,9121000000.0,1365000000.0,0.893,2.675,17624000000.0,1867000000.0,15757000000.0,17624000000.0,0.0,1597000000.0,256000000.0,0.047,1.64,2908000000.0,4505000000.0,0.334,4505000000.0,2908000000.0,1935000000.0,2.96,2.96,2.96,13140000000.0,12590000000.0,13140000000.0,33345737997.0,11.0,7.402,-317000000.0,-0.691,1.0,4368000000.0,0.324,76000000.0,973000000.0,60079000000.0,59431000000.0,1661000000.0,363000000.0,363000000.0,0.0,35147000000.0,5327000000.0,29820000000.0,16617737997.0,79000000.0,174000000.0,1728000000.0,-442000000.0,-758000000.0,520000000.0,-2916000000.0,-89000000.0,2475000000.0,0.0,1360000000.0,1357000000.0,1357000000.0,0.0,5000000.0,0.101,1597000000.0,2771000000.0,1158000000.0,0.554,1.265,12.246,11.753,34344000000.0,3000000.0,34.79,1.232,1.183,1050000000.0,4451000000.0,13489000000.0,13489000000.0,0.0,0.028,0.108,0.049,0.216,0.0,0.0,1.0,477658465.0,458677534,458982292.0,29.408,48272000000.0,547000000.0,575000000.0,7052000000.0,105.242,-571000000.0
12,AEP,MRY,2008-12-31,2008-12-31,2008-12-31,2021-09-07,-452000000.0,45155000000.0,43051500000.0,3775000000.0,41380000000.0,0.335,26.594,-3800000000.0,411000000.0,411000000.0,10425000000.0,1388000000.0,0.599,3.216,17959000000.0,2423000000.0,15536000000.0,17959000000.0,0.0,1483000000.0,254000000.0,0.049,1.64,2982000000.0,4465000000.0,0.309,4465000000.0,2982000000.0,2025000000.0,3.43,3.42,3.43,10693000000.0,10682500000.0,10693000000.0,30401298220.0,10.0,6.809,-1219000000.0,-3.032,1.0,4015000000.0,0.278,76000000.0,957000000.0,56330000000.0,53933500000.0,1173000000.0,327000000.0,327000000.0,0.0,34384000000.0,6297000000.0,28087000000.0,13430298220.0,233000000.0,-70000000.0,159000000.0,2169000000.0,-666000000.0,1679000000.0,-4027000000.0,40000000.0,2581000000.0,0.0,1383000000.0,1380000000.0,1380000000.0,-12000000.0,5000000.0,0.096,1228000000.0,2787000000.0,1297000000.0,0.478,1.256,9.732,9.703,32987000000.0,3000000.0,33.28,0.93,0.927,1066000000.0,3847000000.0,14440000000.0,14440000000.0,0.0,0.032,0.129,0.055,0.207,0.0,0.0,1.0,403554634.0,402083847,403640708.0,35.913,45079000000.0,46000000.0,642000000.0,5762000000.0,112.113,-2522000000.0
13,AEP,MRY,2007-12-31,2007-12-31,2007-12-31,2021-09-07,-154000000.0,40319000000.0,39226000000.0,3026000000.0,37293000000.0,0.341,25.274,-3556000000.0,178000000.0,178000000.0,9548000000.0,1098000000.0,0.586,2.994,15654000000.0,1452000000.0,14202000000.0,15654000000.0,0.0,1513000000.0,301000000.0,0.034,1.58,2446000000.0,3959000000.0,0.296,3959000000.0,2446000000.0,1608000000.0,2.73,2.72,2.73,10079000000.0,9796000000.0,10079000000.0,33791280384.0,14.0,8.535,-1162000000.0,-2.914,1.0,3832000000.0,0.286,76000000.0,838000000.0,50558000000.0,48683500000.0,967000000.0,365000000.0,365000000.0,0.0,30179000000.0,5161000000.0,25018000000.0,18624280384.0,-123000000.0,-290000000.0,144000000.0,1920000000.0,-636000000.0,1404000000.0,-3921000000.0,13000000.0,2394000000.0,0.0,1092000000.0,1089000000.0,1089000000.0,-24000000.0,6000000.0,0.081,1513000000.0,2319000000.0,1324000000.0,0.579,1.848,17.102,17.055,29870000000.0,3000000.0,46.56,1.392,1.388,1117000000.0,3138000000.0,13380000000.0,13380000000.0,0.0,0.028,0.111,0.05,0.183,0.0,0.0,1.0,400006022.0,398784745,400198799.0,33.552,40243000000.0,0.0,516000000.0,5331000000.0,100.914,-2135000000.0
14,AEP,MRY,2006-12-31,2006-12-31,2006-12-31,2021-09-07,-223000000.0,37987000000.0,36580250000.0,3588000000.0,34399000000.0,0.345,23.875,-3528000000.0,301000000.0,301000000.0,9049000000.0,1002000000.0,0.658,3.03,13716000000.0,1287000000.0,12429000000.0,13716000000.0,0.0,1467000000.0,339000000.0,0.035,1.5,2219000000.0,3686000000.0,0.292,3686000000.0,2219000000.0,1487000000.0,2.54,2.53,2.54,9412000000.0,9436750000.0,9412000000.0,29370487056.0,13.0,7.968,-796000000.0,-2.019,1.0,3573000000.0,0.283,76000000.0,732000000.0,45870000000.0,44032250000.0,913000000.0,425000000.0,425000000.0,0.0,28514000000.0,5456000000.0,23058000000.0,16843487056.0,-100000000.0,186000000.0,99000000.0,1357000000.0,-591000000.0,911000000.0,-3743000000.0,-312000000.0,2732000000.0,0.0,1002000000.0,1002000000.0,1002000000.0,-10000000.0,0.0,0.079,1607000000.0,1966000000.0,1360000000.0,0.591,1.79,16.81,16.764,26781000000.0,0.0,42.58,1.334,1.33,1040000000.0,2696000000.0,12622000000.0,12622000000.0,0.0,0.027,0.106,0.05,0.176,0.0,0.0,1.0,395572735.0,394219523,396483464.0,32.018,37911000000.0,0.0,485000000.0,5471000000.0,96.167,-1868000000.0
15,AEP,MRY,2005-12-31,2005-12-31,2005-12-31,2021-09-07,-27000000.0,36172000000.0,35291000000.0,3945000000.0,32227000000.0,0.343,23.304,-2404000000.0,401000000.0,401000000.0,8917000000.0,814000000.0,0.723,2.973,12236000000.0,1163000000.0,11073000000.0,12236000000.0,0.0,1348000000.0,571000000.0,0.038,1.42,1941000000.0,3289000000.0,0.272,3289000000.0,1941000000.0,1244000000.0,2.09,2.08,2.09,9088000000.0,8680750000.0,9088000000.0,25509750353.0,13.0,7.756,-527000000.0,-1.351,1.0,3194000000.0,0.264,76000000.0,697000000.0,42471000000.0,41277000000.0,726000000.0,127000000.0,127000000.0,0.0,27023000000.0,5460000000.0,21563000000.0,14601750353.0,81000000.0,1246000000.0,-25000000.0,-147000000.0,-553000000.0,-791000000.0,-1005000000.0,174000000.0,1877000000.0,0.0,814000000.0,814000000.0,814000000.0,-27000000.0,0.0,0.067,1267000000.0,1927000000.0,1144000000.0,0.679,1.607,17.938,17.746,24284000000.0,0.0,37.09,1.206,1.194,1220000000.0,2285000000.0,12111000000.0,12111000000.0,0.0,0.023,0.094,0.047,0.16,0.0,0.0,1.0,393684291.0,389969636,391423842.0,31.056,36096000000.0,0.0,430000000.0,5461000000.0,92.561,-1515000000.0
16,AEP,MRY,2004-12-31,2004-12-31,2004-12-31,2021-09-07,-344000000.0,34636000000.0,35385250000.0,3996000000.0,30640000000.0,0.403,21.523,-1637000000.0,320000000.0,320000000.0,10942000000.0,1089000000.0,0.801,3.06,12310000000.0,1302000000.0,11008000000.0,12310000000.0,0.0,1324000000.0,414000000.0,0.041,1.4,2442000000.0,3766000000.0,0.264,3766000000.0,2442000000.0,1661000000.0,2.75,2.75,2.75,8515000000.0,8238000000.0,8515000000.0,24978503004.0,10.0,6.633,1074000000.0,2.715,1.0,3303000000.0,0.232,76000000.0,781000000.0,41560000000.0,41754250000.0,852000000.0,429000000.0,275000000.0,154000000.0,26060000000.0,4990000000.0,21070000000.0,13588503004.0,-458000000.0,1357000000.0,17000000.0,-2238000000.0,-555000000.0,-2840000000.0,-329000000.0,78000000.0,2711000000.0,0.0,1089000000.0,1089000000.0,1089000000.0,-83000000.0,0.0,0.076,1320000000.0,1983000000.0,1055000000.0,0.509,1.596,12.478,12.487,22801000000.0,0.0,34.34,0.954,0.954,1502000000.0,2024000000.0,14245000000.0,14245000000.0,0.0,0.031,0.132,0.058,0.171,0.0,0.0,1.0,395704805.0,395622137,396590407.0,36.007,34560000000.0,0.0,572000000.0,5430000000.0,87.356,-994000000.0
17,AEP,MRY,2003-12-31,2003-12-31,2003-12-31,2021-09-07,-426000000.0,36781000000.0,36280000000.0,4827000000.0,31954000000.0,0.409,20.452,-1322000000.0,1182000000.0,1182000000.0,11181000000.0,110000000.0,0.807,3.663,14427000000.0,2105000000.0,12322000000.0,14427000000.0,0.0,1307000000.0,379000000.0,0.054,1.65,1282000000.0,2589000000.0,0.175,2589000000.0,1282000000.0,468000000.0,0.29,0.29,0.29,7874000000.0,8295500000.0,7874000000.0,24719673333.0,19.0,9.548,1178000000.0,3.06,1.0,3652000000.0,0.246,78000000.0,814000000.0,43966000000.0,41476500000.0,889000000.0,212000000.0,0.0,212000000.0,28846000000.0,5982000000.0,22864000000.0,12051673333.0,-307000000.0,82000000.0,1142000000.0,-743000000.0,-618000000.0,-509000000.0,-2298000000.0,-377000000.0,2500000000.0,0.0,110000000.0,110000000.0,110000000.0,605000000.0,0.0,0.007,1909000000.0,1743000000.0,1337000000.0,5.69,1.531,109.561,105.207,22017000000.0,0.0,30.51,0.812,0.792,1710000000.0,1490000000.0,14833000000.0,14833000000.0,0.0,0.003,0.013,0.031,0.086,0.0,0.0,1.0,395007320.0,385000000,385000000.0,38.527,36703000000.0,0.0,358000000.0,4577000000.0,95.332,-1155000000.0
18,AEP,MRY,2002-12-31,2002-12-31,2002-12-31,2021-09-07,-609000000.0,35890000000.0,45679250000.0,5318000000.0,30572000000.0,0.294,21.277,-1685000000.0,1199000000.0,1199000000.0,9830000000.0,-519000000.0,0.614,3.907,12929000000.0,4066000000.0,8863000000.0,12929000000.0,0.0,1356000000.0,186000000.0,0.088,2.4,571000000.0,1927000000.0,0.144,1927000000.0,571000000.0,-204000000.0,-1.57,-1.57,-1.57,7064000000.0,8075000000.0,7064000000.0,21843366563.0,38.0,11.335,382000000.0,1.151,1.0,3597000000.0,0.268,241000000.0,775000000.0,38723000000.0,42582750000.0,938000000.0,283000000.0,0.0,283000000.0,27601000000.0,8656000000.0,18945000000.0,9260366563.0,921000000.0,1263000000.0,656000000.0,-868000000.0,-793000000.0,-681000000.0,-462000000.0,-84000000.0,2067000000.0,-3000000.0,-519000000.0,-519000000.0,-519000000.0,654000000.0,0.0,-0.039,1997000000.0,1600000000.0,1892000000.0,-1.529,1.311,-17.843,-17.408,20588000000.0,0.0,27.33,0.69,0.676,2089000000.0,1999000000.0,13427000000.0,13427000000.0,0.0,-0.011,-0.064,0.013,0.043,0.0,0.0,1.0,338835220.0,332000000,332000000.0,40.443,35649000000.0,0.0,315000000.0,4472000000.0,107.377,-3338000000.0
19,AEP,MRY,2001-12-31,2001-12-31,2001-12-31,2021-09-07,-126000000.0,39297000000.0,47313250000.0,5664000000.0,33633000000.0,0.27,25.556,-1646000000.0,224000000.0,224000000.0,9297000000.0,971000000.0,0.523,3.775,13516000000.0,5106000000.0,8410000000.0,13516000000.0,0.0,1267000000.0,0.0,0.055,2.4,2357000000.0,3624000000.0,0.284,3624000000.0,2357000000.0,1524000000.0,3.01,3.01,3.01,8229000000.0,8203250000.0,8229000000.0,28697889768.0,12.0,7.919,1172000000.0,3.64,1.0,3456000000.0,0.271,392000000.0,833000000.0,41376000000.0,42803750000.0,1037000000.0,633000000.0,0.0,633000000.0,31068000000.0,10821000000.0,20247000000.0,14026889768.0,-38000000.0,-621000000.0,11000000.0,460000000.0,-773000000.0,437000000.0,-3292000000.0,0.0,2818000000.0,-1000000.0,971000000.0,971000000.0,971000000.0,-41000000.0,0.0,0.076,1233000000.0,2223000000.0,1914000000.0,0.797,1.705,14.446,14.462,22104000000.0,0.0,43.53,1.1,1.099,1639000000.0,3296000000.0,12753000000.0,12753000000.0,0.0,0.021,0.118,0.055,0.185,0.0,0.0,1.0,322235005.0,322000000,322000000.0,39.606,38905000000.0,0.0,553000000.0,4991000000.0,120.823,-5157000000.0
20,AEP,MRY,2000-12-31,2000-12-31,2000-12-31,2021-09-07,-103000000.0,53350000000.0,39042250000.0,20901000000.0,32449000000.0,0.29,25.012,-1468000000.0,342000000.0,342000000.0,8258000000.0,267000000.0,0.806,5.624,15087000000.0,5485000000.0,9602000000.0,15087000000.0,0.0,1152000000.0,0.0,0.052,2.4,1868000000.0,3020000000.0,0.267,3020000000.0,1868000000.0,869000000.0,0.83,0.83,0.83,8054000000.0,7424250000.0,8054000000.0,30004693518.0,16.0,9.935,-327000000.0,-1.016,1.0,3068000000.0,0.271,1382000000.0,999000000.0,40776000000.0,37018500000.0,0.0,0.0,0.0,0.0,45296000000.0,25937000000.0,19359000000.0,14972693518.0,-224000000.0,0.0,14000000.0,903000000.0,-805000000.0,91000000.0,-1486000000.0,0.0,1141000000.0,30000000.0,267000000.0,267000000.0,267000000.0,-122000000.0,0.0,0.024,1294000000.0,1774000000.0,2627000000.0,2.892,1.859,56.078,56.024,22393000000.0,0.0,46.5,1.322,1.322,3699000000.0,3090000000.0,11326000000.0,11326000000.0,0.0,0.007,0.036,0.05,0.165,0.0,0.0,1.0,321993409.0,322000000,322000000.0,35.174,51968000000.0,0.0,602000000.0,5403000000.0,161.391,-5036000000.0
21,AEP,MRY,1999-12-31,1999-12-31,1999-12-31,2021-09-07,-4000000.0,35719000000.0,24218500000.0,4998000000.0,30721000000.0,1.022,27.019,-1680000000.0,609000000.0,609000000.0,21229000000.0,972000000.0,0.62,3.118,14536000000.0,4379000000.0,10157000000.0,14536000000.0,0.0,1294000000.0,0.0,0.075,2.4,2431000000.0,3725000000.0,0.151,3725000000.0,2431000000.0,1454000000.0,3.03,3.03,3.03,8673000000.0,5885250000.0,8673000000.0,13959540603.0,6.0,3.748,-81000000.0,-0.252,1.0,3516000000.0,0.142,1531000000.0,977000000.0,40049000000.0,28130250000.0,0.0,0.0,0.0,0.0,27046000000.0,8066000000.0,18980000000.0,6236540603.0,259000000.0,0.0,93000000.0,1288000000.0,-833000000.0,335000000.0,-1673000000.0,0.0,1599000000.0,-2000000.0,972000000.0,972000000.0,972000000.0,0.0,0.0,0.039,1212000000.0,2304000000.0,1280000000.0,0.792,0.719,6.416,10.604,21865000000.0,0.0,32.13,0.252,0.417,2027000000.0,3630000000.0,24745000000.0,24745000000.0,0.0,0.04,0.165,0.086,0.098,0.0,0.0,1.0,194103349.0,321000000,321000000.0,77.087,34188000000.0,0.0,482000000.0,5730000000.0,106.505,-3068000000.0
22,AEP,MRY,1998-12-31,1998-12-31,1998-12-31,2021-09-07,-1000000.0,19483000000.0,17892471250.0,2218000000.0,17265000000.0,0.662,15.226,-1736000000.0,173000000.0,173000000.0,8571000000.0,975000000.0,0.792,3.024,7705000000.0,905000000.0,6800000000.0,7705000000.0,0.0,1171000000.0,0.0,0.051,2.4,1477000000.0,2648000000.0,0.224,2648000000.0,1477000000.0,1477000000.0,3.06,,3.06,4842000000.0,4799028500.0,4842000000.0,14996159846.0,10.0,5.663,219000000.0,0.689,1.0,3269000000.0,0.276,0.0,0.0,24214000000.0,21696047000.0,496000000.0,0.0,0.0,0.0,14641000000.0,2801000000.0,11840000000.0,9004871846.0,160000000.0,-1054000000.0,96000000.0,1808000000.0,-827000000.0,1049000000.0,-2844000000.0,0.0,1955000000.0,0.0,975000000.0,975000000.0,975000000.0,0.0,0.0,0.082,989000000.0,2280000000.0,607000000.0,0.784,1.86,9.236,15.379,12802000000.0,0.0,47.06,0.761,1.264,1093000000.0,1684000000.0,11840000000.0,11840000000.0,0.0,0.054,0.203,0.068,0.125,0.0,0.0,1.0,191348743.0,318000000,,37.233,19483000000.0,0.0,502000000.0,3334000000.0,61.267,-583000000.0
23,AEP,MRY,1997-12-31,1997-12-31,1997-12-31,2021-09-07,0.0,16615346000.0,16274567000.0,1520442000.0,15094904000.0,0.364,24.747,-760000000.0,91481000.0,91481000.0,3991000000.0,511000000.0,0.729,2.552,0.0,950618000.0,5129463000.0,0.0,0.0,608000000.0,0.0,0.046,2.4,831000000.0,1439000000.0,0.243,1439000000.0,831000000.0,831000000.0,2.7,,2.7,4677234000.0,4649204000.0,4677234000.0,15643012240.0,19.0,10.871,438000000.0,2.317,1.0,1937000000.0,0.327,0.0,0.0,14438189000.0,18675763000.0,488580000.0,0.0,0.0,0.0,11938112000.0,2085676000.0,9852436000.0,9789616240.0,34000000.0,-364000000.0,77000000.0,767000000.0,-453000000.0,-42000000.0,-1122000000.0,0.0,1198000000.0,0.0,511000000.0,511000000.0,511000000.0,0.0,0.0,0.086,591000000.0,1346000000.0,0.0,0.889,2.093,19.158,19.122,11695062000.0,0.0,51.63,1.651,1.646,856709000.0,1605017000.0,5928000000.0,5928000000.0,0.0,0.031,0.11,0.044,0.14,0.0,0.0,1.0,189611006.0,189000000,,31.365,16615346000.0,0.0,320000000.0,0.0,87.912,-565234000.0
24,AEP,MRY,1996-12-31,1996-12-31,1996-12-31,2021-09-07,0.0,15882988000.0,15892644500.0,1354881000.0,14528107000.0,0.368,24.265,-577691000.0,57539000.0,57539000.0,3898189000.0,587430000.0,0.906,2.494,0.0,496190000.0,4796768000.0,0.0,0.0,590657000.0,0.0,0.058,2.4,1310980000.0,1901637000.0,0.325,1901637000.0,1310980000.0,929652000.0,3.14,,3.14,4545327000.0,,4545327000.0,,,,659371000.0,3.52,1.0,1951045000.0,0.334,0.0,381328000.0,14329412000.0,15075879000.0,487153000.0,0.0,0.0,0.0,11337661000.0,1496037000.0,9841624000.0,7740223200.0,-22416000.0,0.0,65461000.0,-239417000.0,-449353000.0,-694070000.0,-565408000.0,0.0,1237062000.0,0.0,587430000.0,587430000.0,587430000.0,0.0,0.0,0.1,600851000.0,1350194000.0,0.0,0.764,1.703,13.176,13.096,11420371000.0,0.0,41.12,1.323,1.317,706298000.0,1547746000.0,5849234000.0,5849234000.0,0.0,0.037,,0.087,0.224,0.0,0.0,1.0,188235000.0,187321000,,31.226,15882988000.0,0.0,342222000.0,0.0,84.79,-141156000.0
25,AEP,MRY,1995-12-31,1995-12-31,1995-12-31,2021-09-07,0.0,15902301000.0,,1401858000.0,14500443000.0,,,-585407000.0,79955000.0,79955000.0,3840737000.0,529903000.0,,,0.0,,,0.0,0.0,578003000.0,0.0,0.059,2.4,1202007000.0,1780010000.0,0.314,1780010000.0,1202007000.0,801930000.0,2.85,,2.85,,,,,,,471203000.0,2.535,1.0,1829593000.0,0.323,0.0,400077000.0,15822346000.0,,522984000.0,0.0,0.0,0.0,,,,,17089000.0,0.0,48707000.0,101849000.0,-445831000.0,-454114000.0,-585407000.0,0.0,1056610000.0,0.0,529903000.0,529903000.0,529903000.0,0.0,0.0,0.093,593019000.0,1236574000.0,0.0,0.842,,,14.211,11384839000.0,0.0,40.5,,1.327,700202000.0,,5670330000.0,5670330000.0,0.0,,,,0.212,0.0,0.0,1.0,,185847000,,30.511,15902301000.0,0.0,272027000.0,0.0,85.567,
26,AEP,MRY,1994-12-31,1994-12-31,1994-12-31,2021-09-07,,,,,,,,-593655000.0,,,3786589000.0,500012000.0,,,,,,,,561188000.0,,0.073,2.4,1102651000.0,1663839000.0,0.302,1663839000.0,1102651000.0,713411000.0,2.71,,2.71,,,,,,,384070000.0,2.08,1.0,1718081000.0,0.312,,389240000.0,,,,,,,,,,,20305000.0,0.0,22256000.0,4242000.0,-443101000.0,-363765000.0,-593655000.0,0.0,977725000.0,0.0,500012000.0,500012000.0,500012000.0,0.0,0.0,0.091,572189000.0,1145892000.0,,0.886,,,12.133,,0.0,32.88,,1.103,,,5504670000.0,5504670000.0,0.0,,,,0.2,0.0,0.0,1.0,,184666000,,29.809,,,213399000.0,,,
0,AEP,MRQ,2021-06-30,2021-06-30,2021-06-30,2021-09-07,97000000.0,84358200000.0,,4605800000.0,79752400000.0,,42.765,-1303500000.0,359700000.0,359700000.0,2309300000.0,573800000.0,0.442,2.931,37056900000.0,5829200000.0,31227700000.0,37056900000.0,0.0,741300000.0,350100000.0,0.035,0.74,941000000.0,1682300000.0,0.44,1682300000.0,941000000.0,639400000.0,1.16,1.15,1.16,21378700000.0,,21378700000.0,78208986336.0,22.0,11.952,-142400000.0,-0.285,1.0,1517200000.0,0.396,52500000.0,301600000.0,110574300000.0,,1188400000.0,221700000.0,221700000.0,0.0,62663400000.0,10428600000.0,52234800000.0,42273886336.0,35700000.0,-270000000.0,72300000.0,820500000.0,-374500000.0,470200000.0,-1595600000.0,-18900000.0,1161100000.0,0.0,578200000.0,578200000.0,578200000.0,0.0,-4400000.0,0.151,707300000.0,809900000.0,1641600000.0,0.638,1.977,18.087,17.96,66462100000.0,0.0,84.59,2.678,2.679,2073800000.0,11098700000.0,3826500000.0,3826500000.0,0.0,,,,,0.0,0.0,1.0,499750400.0,499916640,500983778.0,7.654,84305700000.0,189800000.0,61200000.0,9625600000.0,168.64,-5822800000.0
1,AEP,MRQ,2021-03-31,2021-03-31,2021-03-31,2021-09-07,-30800000.0,82985100000.0,,4258400000.0,78726700000.0,,42.194,-1595600000.0,324000000.0,324000000.0,2774500000.0,578800000.0,0.417,2.942,36259100000.0,5419200000.0,30839900000.0,36259100000.0,0.0,729100000.0,331000000.0,0.034,0.74,919700000.0,1648800000.0,0.385,1648800000.0,919700000.0,629500000.0,1.16,1.15,1.16,20972800000.0,,20972800000.0,76055575232.0,22.0,11.879,-1712800000.0,-3.446,1.0,1506600000.0,0.352,52500000.0,290200000.0,108647600000.0,,1271900000.0,199100000.0,199100000.0,0.0,61709800000.0,10220100000.0,51489700000.0,42062375232.0,-114300000.0,0.0,184600000.0,1854900000.0,-372000000.0,1637100000.0,-1634200000.0,-12100000.0,-117200000.0,0.0,575000000.0,575000000.0,575000000.0,0.0,3800000.0,0.134,696300000.0,810300000.0,1703900000.0,0.638,2.006,18.449,18.413,65515000000.0,0.0,84.7,2.722,2.725,1858400000.0,10892700000.0,4281100000.0,4281100000.0,0.0,,,,,0.0,0.0,1.0,496604194.0,497058635,498164219.0,8.613,82932600000.0,187600000.0,54500000.0,9747800000.0,166.847,-5961700000.0
2,AEP,MRQ,2020-12-31,2020-12-31,2020-12-31,2021-09-07,-85100000.0,80757200000.0,,4351500000.0,76405700000.0,,41.397,-1555900000.0,438300000.0,438300000.0,2353900000.0,434700000.0,0.438,2.917,34431500000.0,4806700000.0,29624800000.0,34431500000.0,0.0,823000000.0,335600000.0,0.034,0.74,706400000.0,1529400000.0,0.424,1529400000.0,706400000.0,418100000.0,0.88,0.87,0.88,20550900000.0,,20550900000.0,74261383204.0,22.0,11.928,-645200000.0,-1.3,1.0,1256700000.0,0.348,52500000.0,288300000.0,104771200000.0,,1310000000.0,200800000.0,200800000.0,0.0,59937500000.0,9926700000.0,50010800000.0,41334083204.0,-25500000.0,0.0,18500000.0,1067900000.0,-369200000.0,590400000.0,-1526600000.0,2000000.0,910700000.0,0.0,435500000.0,435500000.0,435500000.0,0.0,-800000.0,0.121,686500000.0,570200000.0,1709700000.0,0.841,2.011,18.787,18.755,64768000000.0,0.0,83.27,2.771,2.767,1842700000.0,10687800000.0,3610600000.0,3610600000.0,0.0,,,,,0.0,0.0,1.0,496386252.0,496435322,498158907.0,7.273,80704700000.0,185300000.0,-17400000.0,9717300000.0,162.568,-5575200000.0
3,AEP,MRQ,2020-09-30,2020-09-30,2020-09-30,2021-09-07,-135400000.0,78689300000.0,,4338200000.0,74351100000.0,,41.046,-1445500000.0,463800000.0,463800000.0,2478600000.0,748200000.0,0.48,2.847,33391100000.0,4545100000.0,28846000000.0,33391100000.0,0.0,644600000.0,339700000.0,0.034,0.7,1038700000.0,1683300000.0,0.414,1683300000.0,1038700000.0,747400000.0,1.51,1.5,1.51,20365900000.0,,20365900000.0,72822983784.0,23.0,12.254,-269500000.0,-0.543,1.0,1587800000.0,0.39,52500000.0,291300000.0,102516900000.0,,1267300000.0,209000000.0,209000000.0,0.0,57982200000.0,9047200000.0,48935000000.0,40550783784.0,-40900000.0,0.0,25500000.0,592600000.0,-351100000.0,242800000.0,-1459700000.0,-19400000.0,1176000000.0,0.0,748600000.0,748600000.0,748600000.0,0.0,-400000.0,0.184,644600000.0,943200000.0,1659600000.0,0.464,1.991,21.141,21.119,63667400000.0,0.0,81.73,2.717,2.717,1850700000.0,10621400000.0,4066400000.0,4066400000.0,0.0,,,,,0.0,0.0,1.0,496155436.0,496177968,497458523.0,8.195,78636800000.0,0.0,-1200000.0,8954100000.0,158.485,-4709000000.0
4,AEP,MRQ,2020-06-30,2020-06-30,2020-06-30,2021-09-07,-172900000.0,77804800000.0,,4273200000.0,73531600000.0,,40.366,-1452200000.0,504700000.0,504700000.0,2091800000.0,514500000.0,0.422,2.869,32776900000.0,5450700000.0,27326200000.0,32776900000.0,0.0,713700000.0,356500000.0,0.035,0.7,827400000.0,1541100000.0,0.441,1541100000.0,827400000.0,533400000.0,1.05,1.05,1.05,20007400000.0,,20007400000.0,71124840712.0,23.0,11.946,-321700000.0,-0.649,1.0,1402200000.0,0.401,52500000.0,294000000.0,99902500000.0,,1279800000.0,192300000.0,192300000.0,0.0,57393800000.0,10122000000.0,47271800000.0,39468240712.0,-1166100000.0,0.0,54900000.0,-523700000.0,-340900000.0,-815000000.0,-1481600000.0,-20000000.0,1130500000.0,0.0,520800000.0,520800000.0,520800000.0,0.0,-6300000.0,0.149,679500000.0,722700000.0,1628000000.0,0.667,1.973,20.74,20.686,62839700000.0,0.0,79.64,2.601,2.602,1791500000.0,10221900000.0,3494000000.0,3494000000.0,0.0,,,,,0.0,0.0,1.0,495583133.0,495655053,497337980.0,7.049,77752300000.0,0.0,12600000.0,9023700000.0,156.868,-5848800000.0
5,AEP,MRQ,2020-03-31,2020-03-31,2020-03-31,2021-09-07,-216500000.0,77724000000.0,,5292000000.0,72432000000.0,,39.888,-1792700000.0,1670800000.0,1670800000.0,2323700000.0,499300000.0,0.454,2.92,33327400000.0,6808100000.0,26519300000.0,33327400000.0,0.0,706300000.0,361000000.0,0.034,0.7,833800000.0,1540100000.0,0.411,1540100000.0,833800000.0,541700000.0,1.0,1.0,1.0,19728400000.0,,19728400000.0,69623574291.0,24.0,12.23,-1177000000.0,-2.38,1.0,1423800000.0,0.38,52500000.0,292100000.0,97673400000.0,,1195900000.0,185200000.0,185200000.0,0.0,57598300000.0,11654700000.0,45943600000.0,39523674291.0,1238200000.0,0.0,56100000.0,2728800000.0,-363700000.0,2388500000.0,-1766000000.0,2900000.0,615700000.0,0.0,495200000.0,495200000.0,495200000.0,0.0,4100000.0,0.132,672200000.0,751600000.0,1593400000.0,0.7,2.003,21.439,21.442,61975600000.0,0.0,79.98,2.591,2.594,1741500000.0,10038800000.0,3747500000.0,3747500000.0,0.0,,,,,0.0,0.0,1.0,494169471.0,494596869,496608918.0,7.577,77671500000.0,0.0,46500000.0,8923900000.0,157.04,-6362700000.0
6,AEP,MRQ,2019-12-31,2019-12-31,2019-12-31,2021-09-07,-147700000.0,75892300000.0,,4077800000.0,71814500000.0,,39.738,-1715400000.0,432600000.0,432600000.0,2524000000.0,152700000.0,0.396,2.846,30532500000.0,4671100000.0,25861400000.0,30532500000.0,0.0,777400000.0,366100000.0,0.029,0.7,400800000.0,1178200000.0,0.326,1178200000.0,400800000.0,109900000.0,0.31,0.31,0.31,19632200000.0,,19632200000.0,75614685752.0,25.0,13.427,-795200000.0,-1.61,1.0,1092000000.0,0.302,52500000.0,290900000.0,95640600000.0,,1169200000.0,202700000.0,202700000.0,0.0,55870500000.0,10299100000.0,45571400000.0,46683385752.0,-57200000.0,2900000.0,20600000.0,1154000000.0,-348000000.0,809500000.0,-1786900000.0,-4500000.0,920200000.0,0.0,153500000.0,153500000.0,153500000.0,0.0,-800000.0,0.042,797300000.0,294700000.0,2085800000.0,2.258,2.378,24.3,24.296,61095500000.0,0.0,94.51,3.0,2.998,1705100000.0,9900900000.0,3616000000.0,3616000000.0,0.0,,,,,0.0,0.0,1.0,493951812.0,494039090,495906994.0,7.319,75839800000.0,85800000.0,-43600000.0,8946000000.0,153.51,-6221300000.0
7,AEP,MRQ,2019-09-30,2019-09-30,2019-09-30,2021-09-07,-187900000.0,73900700000.0,,4166400000.0,69734300000.0,,39.925,-1349300000.0,489800000.0,489800000.0,2711600000.0,733900000.0,0.484,2.727,29421100000.0,4066500000.0,25354600000.0,29421100000.0,0.0,645200000.0,381400000.0,0.029,0.67,1049200000.0,1694400000.0,0.393,1694400000.0,1049200000.0,774100000.0,1.49,1.48,1.49,19716400000.0,,19716400000.0,74609263950.0,23.0,13.133,199800000.0,0.405,1.0,1603400000.0,0.372,52500000.0,275100000.0,94168300000.0,,1051300000.0,198400000.0,198400000.0,0.0,53765100000.0,8611200000.0,45153900000.0,46263663950.0,100100000.0,-340100000.0,12400000.0,639500000.0,-333900000.0,313600000.0,-1762600000.0,-41300000.0,1549100000.0,0.0,733500000.0,733500000.0,733500000.0,0.0,400000.0,0.17,645200000.0,958200000.0,1766800000.0,0.45,2.346,21.71,21.738,59682700000.0,0.0,93.69,2.938,2.938,1825100000.0,10095300000.0,4315000000.0,4315000000.0,0.0,,,,,0.0,0.0,1.0,493795111.0,493839034,495461509.0,8.738,73848200000.0,0.0,40600000.0,8311200000.0,149.539,-4444800000.0
8,AEP,MRQ,2019-06-30,2019-06-30,2019-06-30,2021-09-07,-230700000.0,72550000000.0,,4061300000.0,68488700000.0,,39.02,-1421300000.0,389600000.0,389600000.0,2400000000.0,459100000.0,0.486,2.752,28735200000.0,3763600000.0,24971600000.0,28735200000.0,0.0,622600000.0,382100000.0,0.03,0.67,657600000.0,1280200000.0,0.358,1280200000.0,657600000.0,406900000.0,0.93,0.93,0.93,19259600000.0,,19259600000.0,70437260995.0,24.0,13.183,-428800000.0,-0.869,1.0,1173600000.0,0.328,52500000.0,250700000.0,92486000000.0,,1034400000.0,175700000.0,175700000.0,0.0,53001000000.0,8357100000.0,44643900000.0,43427260995.0,26600000.0,-581200000.0,17800000.0,1381200000.0,-334500000.0,1046300000.0,-2012200000.0,-17500000.0,992500000.0,0.0,461300000.0,461300000.0,461300000.0,0.0,-2200000.0,0.129,622600000.0,551000000.0,1689000000.0,0.72,2.255,21.987,22.058,58219400000.0,0.0,88.01,2.755,2.756,1781200000.0,9694200000.0,3573600000.0,3573600000.0,0.0,,,,,0.0,0.0,1.0,493435530.0,493584347,495382966.0,7.24,72497500000.0,0.0,-54400000.0,8340200000.0,146.88,-4295800000.0
9,AEP,MRQ,2019-03-31,2019-03-31,2019-03-31,2021-09-07,-150700000.0,70722000000.0,,3914800000.0,66807200000.0,,38.913,-1565400000.0,363100000.0,363100000.0,2662600000.0,574100000.0,0.49,2.676,27373100000.0,3614700000.0,23758400000.0,27373100000.0,0.0,605800000.0,400400000.0,0.031,0.67,873100000.0,1478900000.0,0.365,1478900000.0,873100000.0,617300000.0,1.16,1.16,1.16,19196300000.0,,19196300000.0,66121942115.0,21.0,12.113,-757100000.0,-1.535,1.0,1394200000.0,0.344,52500000.0,255800000.0,89688900000.0,,946600000.0,168900000.0,168900000.0,0.0,51378800000.0,7990600000.0,43388200000.0,41309342115.0,-81000000.0,0.0,14500000.0,998700000.0,-333600000.0,693500000.0,-1582800000.0,-18500000.0,808300000.0,0.0,572800000.0,572800000.0,572800000.0,0.0,1300000.0,0.141,605800000.0,788400000.0,1497200000.0,0.578,2.152,20.228,20.278,57014000000.0,0.0,83.75,2.549,2.55,1882300000.0,9565600000.0,4056800000.0,4056800000.0,0.0,,,,,0.0,0.0,1.0,493245876.0,493309076,494484144.0,8.224,70669500000.0,0.0,44500000.0,8349500000.0,143.256,-4075800000.0
10,AEP,MRQ,2018-12-31,2018-12-31,2018-12-31,2021-09-07,-120400000.0,68802800000.0,,4113900000.0,64688900000.0,,38.585,-1622500000.0,444100000.0,444100000.0,2588300000.0,364800000.0,0.476,2.608,25256700000.0,3608500000.0,21648200000.0,25256700000.0,0.0,591100000.0,412200000.0,0.034,0.67,636500000.0,1227600000.0,0.323,1227600000.0,636500000.0,385200000.0,0.73,0.74,0.73,19028400000.0,,19028400000.0,60934053730.0,20.0,11.475,-331900000.0,-0.673,1.0,1212800000.0,0.319,52500000.0,251300000.0,84914100000.0,,921100000.0,159100000.0,159100000.0,0.0,49634600000.0,8648800000.0,40985800000.0,36854953730.0,-493400000.0,0.0,11100000.0,213200000.0,-333000000.0,-119100000.0,-1664900000.0,-17500000.0,1290600000.0,0.0,363400000.0,363400000.0,363400000.0,0.0,1400000.0,0.096,661700000.0,551100000.0,1874300000.0,0.918,1.937,19.157,19.164,55099100000.0,0.0,74.74,2.276,2.274,1926500000.0,9325300000.0,3801100000.0,3801100000.0,0.0,,,,,0.0,0.0,1.0,493108827.0,493150032,494452297.0,7.708,68750300000.0,0.0,21800000.0,8304500000.0,139.411,-4534900000.0
11,AEP,MRQ,2018-09-30,2018-09-30,2018-09-30,2021-09-07,-86000000.0,67617400000.0,,4692400000.0,62925000000.0,,38.575,-1465000000.0,937500000.0,937500000.0,3061900000.0,579700000.0,0.557,2.549,25016600000.0,4146800000.0,20869800000.0,25016600000.0,0.0,602600000.0,372500000.0,0.035,0.62,753700000.0,1356300000.0,0.313,1356300000.0,753700000.0,496900000.0,1.17,1.17,1.17,19016800000.0,,19016800000.0,59173066031.0,19.0,10.971,460800000.0,0.935,1.0,1271200000.0,0.293,52500000.0,256800000.0,83217800000.0,,847900000.0,164100000.0,164100000.0,0.0,48470100000.0,8426200000.0,40043900000.0,34939166031.0,550200000.0,0.0,11600000.0,370300000.0,-308300000.0,74200000.0,-1449800000.0,-8900000.0,1925800000.0,0.0,577600000.0,577600000.0,577600000.0,0.0,2100000.0,0.133,602600000.0,668600000.0,1579900000.0,0.53,1.837,17.816,17.809,53355700000.0,0.0,70.88,2.156,2.156,2118100000.0,9293700000.0,4333100000.0,4333100000.0,0.0,,,,,0.0,0.0,1.0,492934058.0,492984741,493940543.0,8.79,67564900000.0,0.0,-80700000.0,7884500000.0,137.053,-3733800000.0
12,AEP,MRQ,2018-06-30,2018-06-30,2018-06-30,2021-09-07,-94800000.0,66870100000.0,,4570100000.0,62300000000.0,,38.0,-1317600000.0,387300000.0,387300000.0,2703000000.0,530100000.0,0.505,2.565,24621200000.0,4870600000.0,19750600000.0,24621200000.0,0.0,553200000.0,369000000.0,0.035,0.62,842900000.0,1396100000.0,0.348,1396100000.0,842900000.0,600600000.0,1.07,1.07,1.07,18722300000.0,,18722300000.0,57910550298.0,17.0,10.364,-113000000.0,-0.229,1.0,1310200000.0,0.326,52500000.0,242300000.0,81993200000.0,,915600000.0,163100000.0,163100000.0,0.0,48024700000.0,9058300000.0,38966400000.0,34107250298.0,70800000.0,0.0,18700000.0,486100000.0,-308100000.0,177300000.0,-1311100000.0,-14100000.0,1204600000.0,0.0,528400000.0,528400000.0,528400000.0,0.0,1700000.0,0.132,553200000.0,757000000.0,1635400000.0,0.579,1.822,17.689,17.666,52441500000.0,0.0,69.25,2.135,2.136,2270700000.0,9023100000.0,4013200000.0,4013200000.0,0.0,,,,,0.0,0.0,1.0,492523470.0,492688342,493505085.0,8.146,66817600000.0,0.0,72200000.0,8029200000.0,135.618,-4488200000.0
13,AEP,MRQ,2018-03-31,2018-03-31,2018-03-31,2021-09-07,-95400000.0,65609500000.0,,4135000000.0,61474500000.0,,37.547,-1905800000.0,316500000.0,316500000.0,2802600000.0,456700000.0,0.437,2.543,24119800000.0,5274900000.0,18844900000.0,24119800000.0,0.0,539700000.0,365500000.0,0.035,0.62,790400000.0,1330100000.0,0.329,1330100000.0,790400000.0,556400000.0,0.92,0.92,0.92,18483300000.0,,18483300000.0,56145963967.0,16.0,10.273,-1103600000.0,-2.242,1.0,1245700000.0,0.308,52500000.0,234000000.0,79888900000.0,,922800000.0,167900000.0,167900000.0,0.0,47010200000.0,9471400000.0,37538800000.0,33746663967.0,-96100000.0,0.0,32200000.0,1300400000.0,-306100000.0,1029500000.0,-1927800000.0,-17300000.0,802200000.0,0.0,454400000.0,454400000.0,454400000.0,0.0,2300000.0,0.112,539700000.0,706000000.0,1449600000.0,0.674,1.826,19.014,19.0,51365100000.0,0.0,68.59,2.172,2.173,1851500000.0,8801500000.0,4048300000.0,4048300000.0,0.0,,,,,0.0,0.0,1.0,492005598.0,492267402,493127300.0,8.224,65557000000.0,0.0,102000000.0,8025300000.0,133.174,-5336400000.0
14,AEP,MRQ,2017-12-31,2017-12-31,2017-12-31,2021-09-07,-67800000.0,64729100000.0,,4253100000.0,60476000000.0,,37.175,-1913100000.0,412600000.0,412600000.0,2481100000.0,401800000.0,0.514,2.538,22811900000.0,3392300000.0,19419600000.0,22811900000.0,0.0,511300000.0,357000000.0,0.032,0.62,799600000.0,1310900000.0,0.344,1310900000.0,799600000.0,572600000.0,0.82,0.81,0.82,18287000000.0,,18287000000.0,57624997567.0,15.0,9.979,-766900000.0,-1.559,1.0,1329300000.0,0.349,52500000.0,227000000.0,78804600000.0,,953200000.0,161700000.0,161700000.0,0.0,46403600000.0,8271300000.0,38132300000.0,36187897567.0,-78200000.0,0.0,12200000.0,1013200000.0,-316900000.0,709300000.0,-1933700000.0,-11200000.0,1146200000.0,0.0,400700000.0,400700000.0,400700000.0,0.0,1100000.0,0.105,598400000.0,730900000.0,2065300000.0,0.756,1.979,18.921,18.913,50261500000.0,0.0,73.57,2.346,2.346,1891000000.0,8626700000.0,3810400000.0,3810400000.0,0.0,,,,,0.0,0.0,1.0,491883887.0,491913675,493158510.0,7.746,64676600000.0,0.0,171900000.0,7929400000.0,131.48,-4018200000.0
15,AEP,MRQ,2017-09-30,2017-09-30,2017-09-30,2021-09-07,-175400000.0,63964900000.0,,4067800000.0,59897100000.0,,36.738,-1267800000.0,343900000.0,343900000.0,2611100000.0,556700000.0,0.556,2.537,21781000000.0,3418600000.0,18362400000.0,21781000000.0,0.0,518500000.0,346600000.0,0.034,0.59,1032000000.0,1550500000.0,0.378,1550500000.0,1032000000.0,808700000.0,1.11,1.1,1.11,18069100000.0,,18069100000.0,55778068432.0,15.0,10.106,139400000.0,0.283,1.0,1493600000.0,0.364,52500000.0,223300000.0,78027500000.0,,916500000.0,310700000.0,310700000.0,0.0,45850100000.0,7322000000.0,38528100000.0,34546868432.0,146500000.0,0.0,0.0,354000000.0,-290100000.0,65200000.0,-1325900000.0,-18100000.0,1407200000.0,0.0,544700000.0,544700000.0,544700000.0,0.0,12000000.0,0.133,518500000.0,975100000.0,1537000000.0,0.532,1.912,18.324,18.339,48316500000.0,0.0,70.24,2.243,2.243,1740900000.0,8532000000.0,4104700000.0,4104700000.0,0.0,,,,,0.0,0.0,1.0,491840382.0,491840722,492986307.0,8.346,63912400000.0,0.0,264000000.0,13344700000.0,129.945,-3254200000.0
16,AEP,MRQ,2017-06-30,2017-06-30,2017-06-30,2021-09-07,-161600000.0,62739100000.0,,3809000000.0,58930100000.0,,36.243,-1144600000.0,172400000.0,172400000.0,2357600000.0,376200000.0,0.454,2.518,21403600000.0,4606700000.0,16796900000.0,21403600000.0,0.0,485500000.0,344000000.0,0.034,0.59,788500000.0,1274000000.0,0.356,1274000000.0,788500000.0,565600000.0,0.76,0.76,0.76,17824100000.0,,17824100000.0,54756637572.0,36.0,15.949,-234400000.0,-0.477,1.0,1218900000.0,0.341,52500000.0,222900000.0,75525600000.0,,982200000.0,317600000.0,317600000.0,0.0,44884100000.0,8392200000.0,36491900000.0,34159237572.0,44900000.0,0.0,0.0,609100000.0,-293500000.0,307700000.0,-1173000000.0,-11000000.0,910200000.0,0.0,375000000.0,375000000.0,375000000.0,0.0,1200000.0,0.105,485600000.0,733300000.0,1268400000.0,0.776,1.916,59.428,59.888,47227200000.0,0.0,69.47,2.141,2.142,1661800000.0,8276400000.0,3576500000.0,3576500000.0,0.0,,,,,0.0,0.0,1.0,491712071.0,491790752,492642100.0,7.272,62686600000.0,0.0,190600000.0,13180000000.0,127.466,-4583200000.0
17,AEP,MRQ,2017-03-31,2017-03-31,2017-03-31,2021-09-07,-171000000.0,61728300000.0,,3616400000.0,58111900000.0,,35.97,793800000.0,175000000.0,175000000.0,2592200000.0,594200000.0,0.457,2.489,20772400000.0,4050200000.0,16722200000.0,20772400000.0,0.0,481900000.0,342000000.0,0.034,0.59,1157200000.0,1639100000.0,0.417,1639100000.0,1157200000.0,935400000.0,1.2,1.2,1.2,17687100000.0,,17687100000.0,54767521727.0,34.0,15.363,1600600000.0,3.255,1.0,1341100000.0,0.341,52500000.0,221800000.0,74358700000.0,,955300000.0,275000000.0,275000000.0,0.0,44015000000.0,7914500000.0,36100500000.0,33008621727.0,-104100000.0,0.0,0.0,-1397900000.0,-291400000.0,-1687100000.0,776200000.0,-18100000.0,806800000.0,0.0,592200000.0,592200000.0,592200000.0,0.0,2000000.0,0.151,255400000.0,1085700000.0,1116900000.0,0.492,1.866,47.028,47.275,46236300000.0,0.0,67.13,2.029,2.029,1711200000.0,8194300000.0,3933300000.0,3933300000.0,0.0,,,,,0.0,0.0,1.0,491711928.0,491712042,492031975.0,7.999,61675800000.0,0.0,343200000.0,13060100000.0,125.431,-4298100000.0
18,AEP,MRQ,2016-12-31,2016-12-31,2016-12-31,2021-09-07,-156300000.0,63467700000.0,,6033900000.0,57433800000.0,,35.38,-1394100000.0,403500000.0,403500000.0,2842400000.0,375200000.0,0.635,2.647,21969400000.0,4591000000.0,17378400000.0,21969400000.0,0.0,412100000.0,343200000.0,0.036,0.59,643700000.0,1055800000.0,0.279,1055800000.0,643700000.0,433700000.0,0.76,0.76,0.76,17397000000.0,,17397000000.0,51928958118.0,37.0,15.379,-293300000.0,-0.596,1.0,947700000.0,0.25,52500000.0,210000000.0,75483100000.0,,967300000.0,138700000.0,138700000.0,0.0,46047600000.0,9498000000.0,36549600000.0,30958158118.0,-59200000.0,-107900000.0,0.0,758000000.0,-291200000.0,457900000.0,-1617900000.0,-126300000.0,1100800000.0,0.0,373400000.0,373400000.0,373400000.0,0.0,1800000.0,0.099,415000000.0,532700000.0,1688500000.0,0.776,1.78,50.676,50.774,45639300000.0,0.0,62.96,1.89,1.889,1916700000.0,7892400000.0,3790100000.0,3790100000.0,0.0,,,,,0.0,0.0,1.0,491711533.0,491713069,491857445.0,7.708,63415200000.0,0.0,60300000.0,12932400000.0,128.968,-3464100000.0
19,AEP,MRQ,2016-09-30,2016-09-30,2016-09-30,2021-09-07,-145800000.0,61442000000.0,,5949200000.0,55492800000.0,,35.229,-1101200000.0,212200000.0,212200000.0,2975900000.0,-764200000.0,0.765,2.546,21183000000.0,3863100000.0,17319900000.0,21183000000.0,0.0,539300000.0,341600000.0,0.035,0.56,-1075000000.0,-535700000.0,-0.115,-535700000.0,-1075000000.0,-1300300000.0,-1.56,-1.56,-1.56,17321900000.0,,17321900000.0,52929863913.0,34.0,14.783,594000000.0,1.208,1.0,1676300000.0,0.36,52500000.0,225300000.0,74580900000.0,,1024800000.0,279200000.0,279200000.0,0.0,44099000000.0,7779400000.0,36319600000.0,31572663913.0,-34600000.0,0.0,3300000.0,-320200000.0,-276700000.0,-600800000.0,-1129000000.0,21200000.0,1695200000.0,0.0,-765800000.0,-765800000.0,-765800000.0,0.0,1600000.0,-0.165,2804200000.0,-1127900000.0,1340300000.0,-0.359,1.823,44.651,44.902,44262200000.0,0.0,64.21,1.948,1.948,1880000000.0,7809400000.0,4652200000.0,4652200000.0,0.0,,,,,0.0,0.0,1.0,491709452.0,491697809,491813858.0,9.462,61389500000.0,214900000.0,-534500000.0,12481300000.0,124.852,-1830200000.0
20,AEP,MRQ,2016-06-30,2016-06-30,2016-06-30,2021-09-07,-117900000.0,63317100000.0,,4438900000.0,58878200000.0,,37.411,-1082300000.0,246800000.0,246800000.0,2512900000.0,503900000.0,0.564,2.443,21604000000.0,4066600000.0,17537400000.0,21604000000.0,0.0,513800000.0,335800000.0,0.032,0.56,892000000.0,1405800000.0,0.361,1405800000.0,892000000.0,667100000.0,1.02,1.02,1.02,18386200000.0,,18386200000.0,55249354804.0,15.0,9.752,-158900000.0,-0.323,1.0,1380000000.0,0.354,52500000.0,224900000.0,76751900000.0,,1362000000.0,306900000.0,306900000.0,0.0,44912200000.0,7869900000.0,37042300000.0,34436154804.0,56400000.0,0.0,18800000.0,569800000.0,-276600000.0,294400000.0,-1161400000.0,-48000000.0,923400000.0,0.0,502100000.0,502100000.0,502100000.0,2500000.0,1800000.0,0.129,513800000.0,866200000.0,1242300000.0,0.549,1.873,17.294,17.306,47436200000.0,0.0,70.09,2.154,2.155,1815200000.0,8851400000.0,3892900000.0,3892900000.0,0.0,,,,,0.0,0.0,1.0,491313380.0,491459541,491641400.0,7.921,63264600000.0,272700000.0,165000000.0,13216500000.0,128.728,-3431000000.0
21,AEP,MRQ,2016-03-31,2016-03-31,2016-03-31,2021-09-07,-133800000.0,62486500000.0,,4146300000.0,58340200000.0,,36.909,-1203500000.0,190400000.0,190400000.0,2654900000.0,503100000.0,0.574,2.446,21003600000.0,3254300000.0,17749300000.0,21003600000.0,0.0,497100000.0,358100000.0,0.033,0.56,953700000.0,1450800000.0,0.359,1450800000.0,953700000.0,736700000.0,1.02,1.02,1.02,18126500000.0,,18126500000.0,52802191378.0,15.0,9.378,-403600000.0,-0.822,1.0,1390000000.0,0.344,52500000.0,217000000.0,76025300000.0,,1351900000.0,264500000.0,264500000.0,0.0,44344800000.0,7221900000.0,37122900000.0,32605891378.0,14000000.0,0.0,12100000.0,598800000.0,-276500000.0,352400000.0,-1138300000.0,108500000.0,799900000.0,0.0,501200000.0,501200000.0,501200000.0,0.0,1900000.0,0.124,497100000.0,892900000.0,1219500000.0,0.549,1.799,16.99,16.982,46832900000.0,0.0,66.4,2.048,2.049,1650000000.0,8624800000.0,4044900000.0,4044900000.0,0.0,,,,,0.0,0.0,1.0,491052581.0,491108392,491332305.0,8.236,62434000000.0,226100000.0,235500000.0,13033300000.0,127.129,-3075600000.0
22,AEP,MRQ,2015-12-31,2015-12-31,2015-12-31,2021-09-07,-127100000.0,61683100000.0,,4072400000.0,57610700000.0,,36.447,-1225300000.0,176400000.0,176400000.0,2666600000.0,470700000.0,0.573,2.447,20372700000.0,2631800000.0,17740900000.0,20372700000.0,0.0,481700000.0,346600000.0,0.037,0.56,777900000.0,1259600000.0,0.348,1259600000.0,777900000.0,562100000.0,0.95,0.95,0.95,17891700000.0,,17891700000.0,48629930015.0,13.0,8.312,-327600000.0,-0.667,1.0,948100000.0,0.262,52500000.0,215800000.0,74718400000.0,,1339400000.0,386800000.0,386800000.0,0.0,43778200000.0,7108500000.0,36669700000.0,28599930015.0,-10000000.0,-5300000.0,13700000.0,231900000.0,-275600000.0,-129800000.0,-777900000.0,-93000000.0,897700000.0,0.0,469600000.0,469600000.0,469600000.0,-265500000.0,1100000.0,0.13,481700000.0,466400000.0,1418000000.0,0.589,1.599,13.971,13.974,46133200000.0,0.0,58.27,1.738,1.737,1640500000.0,8398300000.0,3614700000.0,3614700000.0,0.0,,,,,0.0,0.0,1.0,490817402.0,490896143,491065212.0,7.363,61630600000.0,0.0,92500000.0,12712300000.0,125.547,-3036100000.0
23,AEP,MRQ,2015-09-30,2015-09-30,2015-09-30,2021-09-07,-109000000.0,61099000000.0,,4548000000.0,56551000000.0,,36.073,-1101200000.0,178000000.0,178000000.0,2936300000.0,519600000.0,0.644,2.452,20208000000.0,2608000000.0,17600000000.0,20208000000.0,0.0,534900000.0,335000000.0,0.037,0.53,1014100000.0,1549000000.0,0.35,1549000000.0,1014100000.0,793900000.0,1.06,1.06,1.06,17699000000.0,,17699000000.0,48381219879.0,13.0,8.642,616100000.0,1.256,1.0,1495100000.0,0.337,53000000.0,220200000.0,74018000000.0,,1105000000.0,315000000.0,315000000.0,0.0,43390000000.0,7058000000.0,36332000000.0,27893219879.0,-17400000.0,0.0,12100000.0,-425000000.0,-261300000.0,-679200000.0,-1055500000.0,23700000.0,1717300000.0,0.0,518300000.0,518300000.0,518300000.0,-7800000.0,1300000.0,0.117,534900000.0,960200000.0,1274000000.0,0.5,1.576,15.774,15.707,45238000000.0,0.0,56.86,1.674,1.675,1853000000.0,8204000000.0,4431400000.0,4431400000.0,0.0,,,,,0.0,0.0,1.0,490559618.0,490648929,490800335.0,9.032,61046000000.0,0.0,275600000.0,12173000000.0,124.419,-2510000000.0
24,AEP,MRQ,2015-06-30,2015-06-30,2015-06-30,2021-09-07,-102000000.0,60938000000.0,,4225000000.0,56713000000.0,,35.565,-1104500000.0,195000000.0,195000000.0,2524900000.0,431300000.0,0.635,2.495,20683000000.0,2922000000.0,17761000000.0,20683000000.0,0.0,497700000.0,335000000.0,0.039,0.53,873500000.0,1371200000.0,0.358,1371200000.0,873500000.0,654300000.0,0.88,0.88,0.88,17434000000.0,,17434000000.0,45846225092.0,13.0,8.324,-158900000.0,-0.324,1.0,1301800000.0,0.34,91000000.0,219200000.0,74685000000.0,,1160000000.0,356000000.0,356000000.0,0.0,43496000000.0,6650000000.0,36846000000.0,25952225092.0,4800000.0,0.0,25400000.0,477700000.0,-261100000.0,233000000.0,-1173800000.0,-70500000.0,945600000.0,0.0,430000000.0,430000000.0,430000000.0,100000.0,1300000.0,0.112,497700000.0,804100000.0,1236000000.0,0.602,1.489,14.889,14.838,45013000000.0,0.0,52.97,1.584,1.584,1920000000.0,7945000000.0,3826700000.0,3826700000.0,0.0,,,,,0.0,0.0,1.0,489941950.0,490207482,490484450.0,7.806,60847000000.0,0.0,224300000.0,12175000000.0,124.125,-2425000000.0
25,AEP,MRQ,2015-03-31,2015-03-31,2015-03-31,2021-09-07,-103000000.0,60038000000.0,,4116000000.0,55922000000.0,,35.215,-1077000000.0,190000000.0,190000000.0,2982200000.0,630700000.0,0.577,2.482,20084000000.0,3306000000.0,16778000000.0,20084000000.0,0.0,495400000.0,335000000.0,0.037,0.53,1175100000.0,1670500000.0,0.365,1670500000.0,1175100000.0,956400000.0,1.29,1.29,1.29,17241000000.0,,17241000000.0,47395894394.0,14.0,8.768,180900000.0,0.369,1.0,1598200000.0,0.349,91000000.0,218700000.0,72713000000.0,,1192000000.0,293000000.0,293000000.0,0.0,42790000000.0,7128000000.0,35662000000.0,27528894394.0,27900000.0,0.0,30400000.0,16400000.0,-261000000.0,-213400000.0,-1016600000.0,75500000.0,1257900000.0,0.0,629200000.0,629200000.0,629200000.0,-10500000.0,1500000.0,0.137,495400000.0,1102800000.0,1283000000.0,0.411,1.597,16.165,16.117,44810000000.0,0.0,56.25,1.658,1.659,1889000000.0,7776000000.0,4580400000.0,4580400000.0,0.0,,,,,0.0,0.0,1.0,489402567.0,489597986,489936726.0,9.355,59947000000.0,0.0,327200000.0,12034000000.0,122.441,-3012000000.0
26,AEP,MRQ,2014-12-31,2014-12-31,2014-12-31,2021-09-07,-103100000.0,59544600000.0,,4478100000.0,55066500000.0,,34.377,-1233000000.0,162500000.0,162500000.0,2909600000.0,192000000.0,0.562,2.54,19858400000.0,3846400000.0,16012000000.0,19858400000.0,0.0,479600000.0,323900000.0,0.033,0.53,528400000.0,1008000000.0,0.264,1008000000.0,528400000.0,310400000.0,0.39,0.39,0.39,16820200000.0,,16820200000.0,48852682006.0,14.0,9.214,-334500000.0,-0.684,1.0,910000000.0,0.238,52500000.0,218000000.0,71221400000.0,,1316600000.0,385600000.0,385600000.0,0.0,42720100000.0,7966600000.0,34753500000.0,29706682006.0,-31000000.0,-19800000.0,10600000.0,657400000.0,-261600000.0,397500000.0,-1327000000.0,-79300000.0,898500000.0,0.0,190800000.0,190800000.0,190800000.0,-31500000.0,1200000.0,0.05,479600000.0,430400000.0,1258200000.0,1.359,1.766,18.183,18.18,43635100000.0,0.0,60.72,1.814,1.811,1835200000.0,7406600000.0,3819600000.0,3819600000.0,0.0,,,,,0.0,0.0,1.0,489240481.0,489288937,489807826.0,7.806,59492100000.0,0.0,119600000.0,11755700000.0,121.589,-3488500000.0
27,AEP,MRQ,2014-09-30,2014-09-30,2014-09-30,2021-09-07,-105000000.0,57925000000.0,,4111000000.0,53814000000.0,,34.501,-1014000000.0,194000000.0,194000000.0,2757000000.0,494000000.0,0.551,2.434,19340000000.0,3663000000.0,15677000000.0,19340000000.0,0.0,484000000.0,315000000.0,0.038,0.5,974000000.0,1458000000.0,0.35,1458000000.0,974000000.0,757000000.0,1.01,1.01,1.01,16868000000.0,,16868000000.0,44930480644.0,12.0,8.295,504000000.0,1.031,1.0,1404000000.0,0.337,91000000.0,217000000.0,69523000000.0,,1205000000.0,318000000.0,318000000.0,0.0,41053000000.0,7457000000.0,33596000000.0,25513480644.0,4000000.0,0.0,34000000.0,-289000000.0,-246000000.0,-503000000.0,-1011000000.0,43000000.0,1518000000.0,0.0,493000000.0,493000000.0,493000000.0,-11000000.0,1000000.0,0.118,499000000.0,905000000.0,1259000000.0,0.495,1.513,14.257,14.226,43064000000.0,0.0,52.21,1.586,1.587,1855000000.0,7470000000.0,4161000000.0,4161000000.0,0.0,,,,,0.0,0.0,1.0,488670382.0,488912892,488970647.0,8.511,57834000000.0,0.0,264000000.0,11275000000.0,118.291,-3346000000.0
28,AEP,MRQ,2014-06-30,2014-06-30,2014-06-30,2021-09-07,-104000000.0,57620000000.0,,4323000000.0,53297000000.0,,33.957,-976000000.0,190000000.0,190000000.0,2834000000.0,391000000.0,0.569,2.475,19607000000.0,4006000000.0,15601000000.0,19607000000.0,0.0,443000000.0,306000000.0,0.036,0.5,826000000.0,1269000000.0,0.314,1269000000.0,826000000.0,605000000.0,0.8,0.8,0.8,16581000000.0,,16581000000.0,46347389914.0,13.0,8.711,88000000.0,0.18,1.0,1210000000.0,0.299,91000000.0,221000000.0,69346000000.0,,1219000000.0,377000000.0,377000000.0,0.0,41035000000.0,7600000000.0,33435000000.0,27220389914.0,-102000000.0,-2000000.0,14000000.0,151000000.0,-245000000.0,-79000000.0,-1087000000.0,-78000000.0,1064000000.0,0.0,390000000.0,390000000.0,390000000.0,0.0,1000000.0,0.096,443000000.0,767000000.0,1228000000.0,0.625,1.642,15.739,15.71,42273000000.0,0.0,55.77,1.691,1.692,1926000000.0,7222000000.0,4044000000.0,4044000000.0,0.0,,,,,0.0,0.0,1.0,488083018.0,488291576,488538227.0,8.282,57529000000.0,0.0,215000000.0,11155000000.0,117.817,-3277000000.0
29,AEP,MRQ,2014-03-31,2014-03-31,2014-03-31,2021-09-07,-109000000.0,57038000000.0,,4335000000.0,52703000000.0,,33.649,-907000000.0,292000000.0,292000000.0,3116000000.0,561000000.0,0.665,2.474,19419000000.0,2944000000.0,16475000000.0,19419000000.0,0.0,491000000.0,302000000.0,0.039,0.5,1087000000.0,1578000000.0,0.34,1578000000.0,1087000000.0,867000000.0,1.15,1.15,1.15,16416000000.0,,16416000000.0,43726801666.0,13.0,8.526,226000000.0,0.463,1.0,1532000000.0,0.33,91000000.0,220000000.0,69555000000.0,,1214000000.0,310000000.0,310000000.0,0.0,40619000000.0,6519000000.0,34100000000.0,24710801666.0,174000000.0,-43000000.0,15000000.0,248000000.0,-245000000.0,22000000.0,-981000000.0,27000000.0,1133000000.0,0.0,560000000.0,560000000.0,560000000.0,0.0,1000000.0,0.12,491000000.0,1041000000.0,1213000000.0,0.435,1.505,14.731,14.727,41530000000.0,0.0,50.66,1.58,1.581,1943000000.0,7076000000.0,4648000000.0,4648000000.0,0.0,,,,,0.0,0.0,1.0,487777372.0,487867089,488271167.0,9.527,56947000000.0,0.0,307000000.0,11249000000.0,116.726,-2184000000.0
30,AEP,MRQ,2013-12-31,2013-12-31,2013-12-31,2021-09-07,-115000000.0,56414000000.0,,4310000000.0,52104000000.0,,33.001,-1135400000.0,118000000.0,118000000.0,2253100000.0,347200000.0,0.705,2.507,19134000000.0,2306000000.0,16828000000.0,19134000000.0,0.0,402500000.0,299000000.0,0.042,0.5,709200000.0,1111700000.0,0.344,1111700000.0,709200000.0,504200000.0,0.71,0.71,0.71,16085000000.0,,16085000000.0,41414952455.0,14.0,8.699,-69700000.0,-0.143,1.0,976400000.0,0.302,91000000.0,205000000.0,69227000000.0,,1423000000.0,353000000.0,353000000.0,0.0,40328000000.0,6112000000.0,34216000000.0,22775952455.0,-29200000.0,-40000000.0,22200000.0,437200000.0,-245300000.0,203300000.0,-1298200000.0,-75200000.0,1065700000.0,0.0,346500000.0,346500000.0,346500000.0,-10300000.0,700000.0,0.107,330900000.0,645500000.0,1266000000.0,0.704,1.416,15.384,15.375,40997000000.0,0.0,46.74,1.538,1.535,1860000000.0,6766000000.0,3229500000.0,3229500000.0,0.0,,,,,0.0,0.0,1.0,487290382.0,487416592,487785082.0,6.626,56323000000.0,0.0,157700000.0,11122000000.0,115.554,-1802000000.0
31,AEP,MRQ,2013-09-30,2013-09-30,2013-09-30,2021-09-07,-306000000.0,54963000000.0,,4317000000.0,50646000000.0,,32.37,-844000000.0,147000000.0,147000000.0,2710000000.0,434000000.0,0.758,2.487,18786000000.0,2584000000.0,16202000000.0,18786000000.0,0.0,447000000.0,298000000.0,0.044,0.49,915000000.0,1362000000.0,0.326,1362000000.0,915000000.0,690000000.0,0.89,0.89,0.89,15762000000.0,,15762000000.0,40140592037.0,15.0,9.177,680000000.0,1.396,1.0,1466000000.0,0.351,91000000.0,225000000.0,67819000000.0,,1440000000.0,288000000.0,288000000.0,0.0,39200000000.0,5692000000.0,33508000000.0,21101592037.0,30000000.0,1000000.0,20000000.0,-402000000.0,-240000000.0,-617000000.0,-877000000.0,-5000000.0,1524000000.0,0.0,433000000.0,433000000.0,433000000.0,0.0,1000000.0,0.104,591000000.0,875000000.0,1044000000.0,0.551,1.339,18.27,18.214,39870000000.0,0.0,43.35,1.389,1.389,1856000000.0,6664000000.0,4176000000.0,4176000000.0,0.0,,,,,0.0,0.0,1.0,486772596.0,486932747,487258905.0,8.576,54872000000.0,0.0,257000000.0,10461000000.0,112.689,-1375000000.0
32,AEP,MRQ,2013-06-30,2013-06-30,2013-06-30,2021-09-07,-313000000.0,54979000000.0,,4622000000.0,50357000000.0,,31.95,-794000000.0,117000000.0,117000000.0,2438000000.0,339000000.0,0.709,2.539,19156000000.0,3357000000.0,15799000000.0,19156000000.0,0.0,443000000.0,297000000.0,0.042,0.49,634000000.0,1077000000.0,0.301,1077000000.0,634000000.0,406000000.0,0.69,0.69,0.69,15537000000.0,,15537000000.0,40466099488.0,15.0,9.108,-34000000.0,-0.07,1.0,1144000000.0,0.319,91000000.0,228000000.0,67408000000.0,,1574000000.0,298000000.0,298000000.0,0.0,39442000000.0,6519000000.0,32923000000.0,21765099488.0,-62000000.0,9000000.0,26000000.0,269000000.0,-239000000.0,49000000.0,-871000000.0,-47000000.0,760000000.0,0.0,338000000.0,338000000.0,338000000.0,0.0,1000000.0,0.094,597000000.0,547000000.0,987000000.0,0.71,1.401,18.003,17.984,39425000000.0,0.0,44.78,1.434,1.435,1931000000.0,6470000000.0,3582000000.0,3582000000.0,0.0,,,,,0.0,0.0,1.0,486045098.0,486293026,486763615.0,7.366,54888000000.0,0.0,68000000.0,10371000000.0,112.87,-1897000000.0
33,AEP,MRQ,2013-03-31,2013-03-31,2013-03-31,2021-09-07,-306000000.0,54550000000.0,,4397000000.0,50153000000.0,,31.742,-843000000.0,179000000.0,179000000.0,2651000000.0,364000000.0,0.712,2.537,18880000000.0,2981000000.0,15899000000.0,18880000000.0,0.0,420000000.0,299000000.0,0.039,0.47,790000000.0,1210000000.0,0.316,1210000000.0,790000000.0,558000000.0,0.75,0.75,0.75,15421000000.0,,15421000000.0,42077052833.0,15.0,9.121,-87000000.0,-0.179,1.0,1175000000.0,0.307,91000000.0,232000000.0,66985000000.0,,1520000000.0,261000000.0,261000000.0,0.0,39129000000.0,6175000000.0,32954000000.0,23618052833.0,-100000000.0,-2000000.0,15000000.0,123000000.0,-230000000.0,-84000000.0,-772000000.0,47000000.0,756000000.0,0.0,363000000.0,363000000.0,363000000.0,0.0,1000000.0,0.095,420000000.0,755000000.0,1004000000.0,0.627,1.532,19.155,19.071,39130000000.0,0.0,48.63,1.559,1.56,1869000000.0,6370000000.0,3826000000.0,3826000000.0,0.0,,,,,0.0,0.0,1.0,485668370.0,485823668,486344036.0,7.875,54459000000.0,0.0,195000000.0,10283000000.0,112.096,-1778000000.0
34,AEP,MRQ,2012-12-31,2012-12-31,2012-12-31,2021-09-07,-337000000.0,54367000000.0,,4589000000.0,49778000000.0,,31.39,-917000000.0,279000000.0,279000000.0,2648000000.0,21000000.0,0.673,2.568,18738000000.0,3152000000.0,15586000000.0,18738000000.0,0.0,429000000.0,316000000.0,0.044,0.47,296000000.0,725000000.0,0.201,725000000.0,296000000.0,5000000.0,0.05,0.05,0.05,15237000000.0,,15237000000.0,38710431417.0,14.0,8.355,-25000000.0,-0.052,1.0,965000000.0,0.267,91000000.0,291000000.0,65912000000.0,,1519000000.0,324000000.0,324000000.0,0.0,39130000000.0,6823000000.0,32307000000.0,20710431417.0,-164000000.0,0.0,19000000.0,264000000.0,-229000000.0,54000000.0,-1110000000.0,-59000000.0,892000000.0,0.0,21000000.0,21000000.0,21000000.0,0.0,0.0,0.006,716000000.0,249000000.0,1169000000.0,9.4,1.359,16.45,16.415,38763000000.0,0.0,42.68,1.386,1.384,1871000000.0,6236000000.0,3613000000.0,3613000000.0,0.0,,,,,0.0,0.0,1.0,485249096.0,485416251,485860407.0,7.443,54276000000.0,0.0,-16000000.0,9999000000.0,111.813,-2234000000.0
35,AEP,MRQ,2012-09-30,2012-09-30,2012-09-30,2021-09-07,-454000000.0,53843000000.0,,4648000000.0,49195000000.0,,31.56,-737000000.0,443000000.0,443000000.0,2761000000.0,488000000.0,0.684,2.518,18443000000.0,3488000000.0,14955000000.0,18443000000.0,0.0,470000000.0,295000000.0,0.043,0.47,961000000.0,1431000000.0,0.344,1431000000.0,961000000.0,728000000.0,1.0,1.0,1.0,15306000000.0,,15306000000.0,39519618311.0,13.0,8.135,462000000.0,0.953,1.0,1395000000.0,0.336,90000000.0,233000000.0,64958000000.0,,1462000000.0,278000000.0,278000000.0,0.0,38537000000.0,6795000000.0,31742000000.0,21306618311.0,146000000.0,4000000.0,14000000.0,-87000000.0,-229000000.0,-302000000.0,-751000000.0,3000000.0,1199000000.0,0.0,487000000.0,487000000.0,487000000.0,0.0,1000000.0,0.117,483000000.0,912000000.0,988000000.0,0.47,1.392,13.782,13.818,38133000000.0,0.0,43.94,1.442,1.442,1855000000.0,6444000000.0,4156000000.0,4156000000.0,0.0,,,,,0.0,0.0,1.0,484902556.0,484979543,485362858.0,8.569,53753000000.0,49000000.0,241000000.0,9417000000.0,110.836,-2147000000.0
36,AEP,MRQ,2012-06-30,2012-06-30,2012-06-30,2021-09-07,-475000000.0,53421000000.0,,4483000000.0,48938000000.0,,30.974,-630000000.0,297000000.0,297000000.0,2350000000.0,363000000.0,0.7,2.56,18510000000.0,3191000000.0,15319000000.0,18510000000.0,0.0,460000000.0,293000000.0,0.047,0.47,787000000.0,1247000000.0,0.351,1247000000.0,787000000.0,552000000.0,0.75,0.75,0.75,15007000000.0,,15007000000.0,37408439581.0,10.0,6.957,207000000.0,0.427,1.0,1201000000.0,0.338,90000000.0,235000000.0,65137000000.0,,1494000000.0,297000000.0,297000000.0,0.0,38413000000.0,6407000000.0,32006000000.0,19324439581.0,11000000.0,-3000000.0,19000000.0,121000000.0,-229000000.0,-88000000.0,-738000000.0,-90000000.0,837000000.0,0.0,362000000.0,362000000.0,362000000.0,0.0,1000000.0,0.102,460000000.0,741000000.0,906000000.0,0.627,1.288,9.725,9.732,37828000000.0,0.0,39.9,1.292,1.293,1762000000.0,6185000000.0,3551000000.0,3551000000.0,0.0,,,,,0.0,0.0,1.0,484321794.0,484500029,484860690.0,7.329,53331000000.0,46000000.0,190000000.0,9244000000.0,110.074,-1924000000.0
37,AEP,MRQ,2012-03-31,2012-03-31,2012-03-31,2021-09-07,-472000000.0,52902000000.0,,4214000000.0,48688000000.0,,30.705,-741000000.0,286000000.0,286000000.0,2448000000.0,390000000.0,0.664,2.561,18370000000.0,3030000000.0,15340000000.0,18370000000.0,0.0,423000000.0,301000000.0,0.048,0.47,807000000.0,1230000000.0,0.339,1230000000.0,807000000.0,578000000.0,0.8,0.8,0.8,14856000000.0,,14856000000.0,36595454247.0,10.0,6.898,135000000.0,0.279,1.0,1177000000.0,0.325,90000000.0,229000000.0,64554000000.0,,1418000000.0,217000000.0,217000000.0,0.0,38045000000.0,6342000000.0,31703000000.0,18650454247.0,65000000.0,-77000000.0,31000000.0,175000000.0,-229000000.0,-19000000.0,-792000000.0,60000000.0,876000000.0,0.0,389000000.0,389000000.0,389000000.0,0.0,1000000.0,0.107,423000000.0,754000000.0,978000000.0,0.588,1.255,9.434,9.456,37432000000.0,0.0,38.58,1.242,1.243,1670000000.0,6050000000.0,3625000000.0,3625000000.0,0.0,,,,,0.0,0.0,1.0,483422868.0,483828101,484248868.0,7.492,52812000000.0,47000000.0,189000000.0,9172000000.0,109.154,-2128000000.0
38,AEP,MRQ,2011-12-31,2011-12-31,2011-12-31,2021-09-07,-470000000.0,52223000000.0,,4182000000.0,48041000000.0,,30.355,-820000000.0,221000000.0,221000000.0,2655000000.0,311000000.0,0.633,2.561,18166000000.0,3083000000.0,15083000000.0,18166000000.0,0.0,397000000.0,289000000.0,0.045,0.47,553000000.0,950000000.0,0.276,950000000.0,553000000.0,343000000.0,0.63,0.63,0.63,14664000000.0,,14664000000.0,37132104924.0,10.0,6.938,-370000000.0,-0.766,1.0,789000000.0,0.229,76000000.0,210000000.0,63481000000.0,,1292000000.0,294000000.0,294000000.0,0.0,37558000000.0,6611000000.0,30947000000.0,19949104924.0,-325000000.0,-2000000.0,22000000.0,418000000.0,-230000000.0,148000000.0,-923000000.0,-66000000.0,450000000.0,0.0,311000000.0,308000000.0,308000000.0,0.0,0.0,0.089,446000000.0,343000000.0,1095000000.0,0.746,1.36,10.278,10.276,36971000000.0,3000000.0,41.31,1.32,1.318,1834000000.0,5890000000.0,3444000000.0,3444000000.0,0.0,,,,,0.0,0.0,1.0,482912247.0,483090744,483460420.0,7.129,52147000000.0,0.0,32000000.0,8944000000.0,107.945,-2429000000.0
39,AEP,MRQ,2011-09-30,2011-09-30,2011-09-30,2021-09-07,-470000000.0,52223000000.0,,4182000000.0,48041000000.0,,30.392,-736000000.0,221000000.0,221000000.0,2908000000.0,930000000.0,0.633,2.561,18166000000.0,3083000000.0,15083000000.0,18166000000.0,0.0,445000000.0,289000000.0,0.048,0.46,1505000000.0,1950000000.0,0.45,1950000000.0,1505000000.0,1263000000.0,1.92,1.92,1.92,14664000000.0,,14664000000.0,36193050979.0,10.0,6.771,870000000.0,1.803,1.0,1425000000.0,0.329,76000000.0,242000000.0,63481000000.0,,1292000000.0,294000000.0,294000000.0,0.0,37558000000.0,6611000000.0,30947000000.0,18336050979.0,129000000.0,22000000.0,21000000.0,-591000000.0,-222000000.0,-790000000.0,-687000000.0,54000000.0,1606000000.0,0.0,929000000.0,928000000.0,928000000.0,0.0,1000000.0,0.214,535000000.0,890000000.0,1095000000.0,0.24,1.25,10.136,10.139,36971000000.0,1000000.0,38.02,1.214,1.214,1834000000.0,5890000000.0,4333000000.0,4333000000.0,0.0,,,,,0.0,0.0,1.0,482273829.0,482498734,482796945.0,8.98,52147000000.0,51000000.0,334000000.0,8944000000.0,108.077,-2429000000.0
40,AEP,MRQ,2011-06-30,2011-06-30,2011-06-30,2021-09-07,-470000000.0,52223000000.0,,4182000000.0,48041000000.0,,30.428,-573000000.0,221000000.0,221000000.0,2482000000.0,353000000.0,0.633,2.561,18166000000.0,3083000000.0,15083000000.0,18166000000.0,0.0,410000000.0,289000000.0,0.048,0.46,765000000.0,1175000000.0,0.326,1175000000.0,765000000.0,526000000.0,0.73,0.73,0.73,14664000000.0,,14664000000.0,36013883184.0,11.0,7.374,329000000.0,0.683,1.0,1127000000.0,0.312,76000000.0,239000000.0,63481000000.0,,1292000000.0,294000000.0,294000000.0,0.0,37558000000.0,6611000000.0,30947000000.0,18153883184.0,-208000000.0,17000000.0,18000000.0,-238000000.0,-223000000.0,-443000000.0,-667000000.0,-25000000.0,902000000.0,0.0,352000000.0,352000000.0,352000000.0,0.0,1000000.0,0.098,410000000.0,717000000.0,1095000000.0,0.63,1.238,12.642,12.602,36971000000.0,0.0,37.68,1.224,1.224,1834000000.0,5890000000.0,3609000000.0,3609000000.0,0.0,,,,,0.0,0.0,1.0,481790955.0,481928494,482203255.0,7.489,52147000000.0,51000000.0,174000000.0,8944000000.0,108.205,-2429000000.0
41,AEP,MRQ,2011-03-31,2011-03-31,2011-03-31,2021-09-07,-470000000.0,52223000000.0,,4182000000.0,48041000000.0,,30.477,-540000000.0,221000000.0,221000000.0,2495000000.0,355000000.0,0.633,2.561,18166000000.0,3083000000.0,15083000000.0,18166000000.0,0.0,403000000.0,289000000.0,0.05,0.46,874000000.0,1277000000.0,0.342,1277000000.0,874000000.0,632000000.0,0.73,0.73,0.73,14664000000.0,,14664000000.0,34758563462.0,12.0,7.616,290000000.0,0.603,1.0,1235000000.0,0.331,76000000.0,242000000.0,63481000000.0,,1292000000.0,294000000.0,294000000.0,0.0,37558000000.0,6611000000.0,30947000000.0,16895563462.0,331000000.0,-147000000.0,31000000.0,307000000.0,-223000000.0,114000000.0,-613000000.0,103000000.0,830000000.0,0.0,354000000.0,353000000.0,353000000.0,0.0,1000000.0,0.095,403000000.0,832000000.0,1095000000.0,0.63,1.152,13.849,13.835,36971000000.0,1000000.0,35.14,1.158,1.159,1834000000.0,5890000000.0,3730000000.0,3730000000.0,0.0,,,,,0.0,0.0,1.0,480807156.0,481144270,481365806.0,7.752,52147000000.0,51000000.0,278000000.0,8944000000.0,108.381,-2429000000.0
42,AEP,MRQ,2010-12-31,2010-12-31,2010-12-31,2021-09-07,-381000000.0,50455000000.0,,5016000000.0,45439000000.0,,28.354,-716000000.0,294000000.0,294000000.0,2544000000.0,178000000.0,0.77,2.7,18157000000.0,2655000000.0,15502000000.0,18157000000.0,0.0,404000000.0,273000000.0,0.048,0.46,539000000.0,943000000.0,0.275,943000000.0,539000000.0,290000000.0,0.37,0.37,0.37,13622000000.0,,13622000000.0,34937340195.0,12.0,7.769,244000000.0,0.508,1.0,890000000.0,0.259,76000000.0,249000000.0,61724000000.0,,1448000000.0,416000000.0,416000000.0,0.0,36773000000.0,6518000000.0,30255000000.0,17280340195.0,-796000000.0,-112000000.0,28000000.0,-611000000.0,-222000000.0,-808000000.0,-948000000.0,-103000000.0,960000000.0,0.0,177000000.0,176000000.0,176000000.0,0.0,1000000.0,0.051,404000000.0,486000000.0,1061000000.0,1.243,1.269,14.269,14.221,35674000000.0,1000000.0,35.98,1.198,1.196,1923000000.0,4842000000.0,3434000000.0,3434000000.0,0.0,,,,,0.0,0.0,1.0,480276270.0,480422154,480621523.0,7.148,50379000000.0,389000000.0,113000000.0,8061000000.0,104.864,-1502000000.0
43,AEP,MRQ,2010-09-30,2010-09-30,2010-09-30,2021-09-07,-381000000.0,50455000000.0,,5016000000.0,45439000000.0,,28.404,-525000000.0,294000000.0,294000000.0,2615000000.0,557000000.0,0.77,2.7,18157000000.0,2655000000.0,15502000000.0,18157000000.0,0.0,424000000.0,273000000.0,0.046,0.42,1065000000.0,1489000000.0,0.366,1489000000.0,1065000000.0,814000000.0,1.16,1.16,1.16,13622000000.0,,13622000000.0,35353003488.0,12.0,7.897,595000000.0,1.241,1.0,1449000000.0,0.357,76000000.0,251000000.0,61724000000.0,,1448000000.0,416000000.0,416000000.0,0.0,36773000000.0,6518000000.0,30255000000.0,17370003488.0,252000000.0,9000000.0,23000000.0,-104000000.0,-203000000.0,-285000000.0,-583000000.0,-44000000.0,1120000000.0,0.0,556000000.0,555000000.0,555000000.0,0.0,1000000.0,0.137,424000000.0,1025000000.0,1061000000.0,0.362,1.275,13.645,13.672,35674000000.0,1000000.0,36.23,1.217,1.217,1923000000.0,4842000000.0,4064000000.0,4064000000.0,0.0,,,,,0.0,0.0,1.0,479437027.0,479578139,479750447.0,8.474,50379000000.0,389000000.0,258000000.0,8061000000.0,105.049,-1502000000.0
44,AEP,MRQ,2010-06-30,2010-06-30,2010-06-30,2021-09-07,-381000000.0,50455000000.0,,5016000000.0,45439000000.0,,28.435,-495000000.0,294000000.0,294000000.0,2561000000.0,137000000.0,0.77,2.7,18157000000.0,2655000000.0,15502000000.0,18157000000.0,0.0,405000000.0,273000000.0,0.051,0.42,450000000.0,855000000.0,0.254,855000000.0,450000000.0,201000000.0,0.28,0.28,0.28,13622000000.0,,13622000000.0,33246618927.0,12.0,7.716,85000000.0,0.177,1.0,799000000.0,0.238,76000000.0,249000000.0,61724000000.0,,1448000000.0,416000000.0,416000000.0,0.0,36773000000.0,6518000000.0,30255000000.0,15467618927.0,20000000.0,-4000000.0,16000000.0,189000000.0,-202000000.0,2000000.0,-562000000.0,-68000000.0,580000000.0,0.0,136000000.0,136000000.0,136000000.0,0.0,1000000.0,0.04,405000000.0,394000000.0,1061000000.0,1.5,1.135,13.323,13.347,35674000000.0,0.0,32.3,1.124,1.125,1923000000.0,4842000000.0,3360000000.0,3360000000.0,0.0,,,,,0.0,0.0,1.0,478873651.0,479050774,479176543.0,7.014,50379000000.0,389000000.0,65000000.0,8061000000.0,105.164,-1502000000.0
45,AEP,MRQ,2010-03-31,2010-03-31,2010-03-31,2021-09-07,-381000000.0,50455000000.0,,5016000000.0,45439000000.0,,28.472,-609000000.0,294000000.0,294000000.0,2403000000.0,346000000.0,0.77,2.7,18157000000.0,2655000000.0,15502000000.0,18157000000.0,0.0,408000000.0,273000000.0,0.048,0.41,802000000.0,1210000000.0,0.339,1210000000.0,802000000.0,552000000.0,0.72,0.72,0.72,13622000000.0,,13622000000.0,33473899631.0,11.0,7.349,-607000000.0,-1.269,1.0,1166000000.0,0.327,76000000.0,250000000.0,61724000000.0,,1448000000.0,416000000.0,416000000.0,0.0,36773000000.0,6518000000.0,30255000000.0,16339899631.0,328000000.0,139000000.0,26000000.0,928000000.0,-197000000.0,756000000.0,-430000000.0,110000000.0,2000000.0,0.0,345000000.0,344000000.0,344000000.0,0.0,1000000.0,0.096,408000000.0,758000000.0,1061000000.0,0.569,1.2,12.185,12.164,35674000000.0,1000000.0,34.18,1.201,1.202,1923000000.0,4842000000.0,3569000000.0,3569000000.0,0.0,,,,,0.0,0.0,1.0,478054407.0,478429535,478844632.0,7.46,50379000000.0,389000000.0,207000000.0,8061000000.0,105.301,-1502000000.0
46,AEP,MRQ,2009-12-31,2009-12-31,2009-12-31,2021-09-07,-374000000.0,48348000000.0,,4756000000.0,43592000000.0,,27.493,-669000000.0,490000000.0,490000000.0,2404000000.0,239000000.0,0.893,2.675,17624000000.0,1867000000.0,15757000000.0,17624000000.0,0.0,397000000.0,256000000.0,0.047,0.41,526000000.0,923000000.0,0.281,923000000.0,526000000.0,279000000.0,0.49,0.49,0.49,13140000000.0,,13140000000.0,33345737997.0,11.0,7.402,-65000000.0,-0.136,1.0,878000000.0,0.268,76000000.0,247000000.0,60079000000.0,,1661000000.0,363000000.0,363000000.0,0.0,35147000000.0,5327000000.0,29820000000.0,16617737997.0,-387000000.0,-14000000.0,22000000.0,-9000000.0,-194000000.0,-172000000.0,-819000000.0,-112000000.0,604000000.0,0.0,239000000.0,238000000.0,238000000.0,0.0,0.0,0.073,397000000.0,481000000.0,1158000000.0,0.837,1.265,12.246,11.753,34344000000.0,1000000.0,34.79,1.232,1.183,1050000000.0,4451000000.0,3282000000.0,3282000000.0,0.0,,,,,0.0,0.0,1.0,477658465.0,477944779,478442686.0,6.867,48272000000.0,547000000.0,40000000.0,7052000000.0,100.999,-571000000.0
47,AEP,MRQ,2009-09-30,2009-09-30,2009-09-30,2021-09-07,-374000000.0,48348000000.0,,4756000000.0,43592000000.0,,27.55,-576000000.0,490000000.0,490000000.0,2268000000.0,446000000.0,0.893,2.675,17624000000.0,1867000000.0,15757000000.0,17624000000.0,0.0,421000000.0,256000000.0,0.053,0.41,900000000.0,1321000000.0,0.372,1321000000.0,900000000.0,652000000.0,0.93,0.93,0.93,13140000000.0,,13140000000.0,31675747233.0,11.0,7.171,438000000.0,0.918,1.0,1279000000.0,0.361,76000000.0,248000000.0,60079000000.0,,1661000000.0,363000000.0,363000000.0,0.0,35147000000.0,5327000000.0,29820000000.0,14775747233.0,519000000.0,-41000000.0,18000000.0,320000000.0,-200000000.0,124000000.0,-619000000.0,12000000.0,1014000000.0,0.0,444000000.0,443000000.0,443000000.0,0.0,2000000.0,0.125,421000000.0,858000000.0,1158000000.0,0.441,1.124,11.625,10.836,34344000000.0,1000000.0,30.99,1.099,1.1,1050000000.0,4451000000.0,3547000000.0,3547000000.0,0.0,,,,,0.0,0.0,1.0,476790811.0,476948143,477111144.0,7.437,48272000000.0,547000000.0,208000000.0,7052000000.0,101.21,-571000000.0
48,AEP,MRQ,2009-06-30,2009-06-30,2009-06-30,2021-09-07,-374000000.0,48348000000.0,,4756000000.0,43592000000.0,,27.826,-650000000.0,490000000.0,490000000.0,2123000000.0,317000000.0,0.893,2.675,17624000000.0,1867000000.0,15757000000.0,17624000000.0,0.0,397000000.0,256000000.0,0.057,0.41,704000000.0,1101000000.0,0.344,1101000000.0,704000000.0,464000000.0,0.67,0.67,0.67,13140000000.0,,13140000000.0,31882621303.0,12.0,7.474,-110000000.0,-0.233,1.0,1079000000.0,0.337,76000000.0,240000000.0,60079000000.0,,1661000000.0,363000000.0,363000000.0,0.0,35147000000.0,5327000000.0,29820000000.0,13773621303.0,-352000000.0,57000000.0,1640000000.0,-1584000000.0,-195000000.0,-141000000.0,-751000000.0,-79000000.0,540000000.0,0.0,316000000.0,316000000.0,316000000.0,0.0,1000000.0,0.099,397000000.0,682000000.0,1158000000.0,0.612,1.048,11.459,10.101,34344000000.0,0.0,28.89,0.978,0.968,1050000000.0,4451000000.0,3202000000.0,3202000000.0,0.0,,,,,0.0,0.0,1.0,476760862.0,472220041,472222817.0,6.781,48272000000.0,547000000.0,148000000.0,7052000000.0,102.224,-571000000.0
49,AEP,MRQ,2009-03-31,2009-03-31,2009-03-31,2021-09-07,-446000000.0,45865000000.0,,4118000000.0,41747000000.0,,26.891,-897000000.0,710000000.0,710000000.0,2326000000.0,363000000.0,0.642,3.185,18819000000.0,2915000000.0,15904000000.0,18819000000.0,0.0,382000000.0,266000000.0,0.065,0.41,778000000.0,1160000000.0,0.335,1160000000.0,778000000.0,540000000.0,0.89,0.89,0.89,10940000000.0,,10940000000.0,27805359927.0,10.0,6.658,-580000000.0,-1.426,1.0,1132000000.0,0.327,76000000.0,238000000.0,57487000000.0,,1290000000.0,215000000.0,215000000.0,0.0,34846000000.0,6411000000.0,28435000000.0,10257359927.0,299000000.0,172000000.0,48000000.0,831000000.0,-169000000.0,709000000.0,-727000000.0,90000000.0,317000000.0,0.0,361000000.0,360000000.0,360000000.0,0.0,2000000.0,0.104,382000000.0,750000000.0,1126000000.0,0.461,0.938,8.79,8.74,33251000000.0,1000000.0,25.26,0.711,0.712,962000000.0,4040000000.0,3458000000.0,3458000000.0,0.0,,,,,0.0,0.0,1.0,406071256.0,406826606,407381954.0,8.5,45789000000.0,0.0,179000000.0,5869000000.0,112.552,-2293000000.0
50,AEP,MRQ,2008-12-31,2008-12-31,2008-12-31,2021-09-07,-452000000.0,45155000000.0,,3775000000.0,41380000000.0,,26.486,-1224000000.0,411000000.0,411000000.0,2441000000.0,154000000.0,0.599,3.216,17959000000.0,2423000000.0,15536000000.0,17959000000.0,0.0,360000000.0,254000000.0,0.049,0.41,475000000.0,835000000.0,0.258,835000000.0,475000000.0,187000000.0,0.37,0.37,0.37,10693000000.0,,10693000000.0,30401298220.0,10.0,6.809,-702000000.0,-1.739,1.0,795000000.0,0.246,76000000.0,288000000.0,56330000000.0,,1173000000.0,327000000.0,327000000.0,0.0,34384000000.0,6297000000.0,28087000000.0,13430298220.0,73000000.0,-56000000.0,53000000.0,624000000.0,-166000000.0,517000000.0,-966000000.0,408000000.0,522000000.0,0.0,153000000.0,152000000.0,152000000.0,-11000000.0,1000000.0,0.047,374000000.0,421000000.0,1297000000.0,1.108,1.256,9.732,9.703,32987000000.0,1000000.0,33.28,0.93,0.927,1066000000.0,3847000000.0,3236000000.0,3236000000.0,0.0,,,,,0.0,0.0,1.0,403554634.0,403728405,405786230.0,8.015,45079000000.0,46000000.0,34000000.0,5762000000.0,111.657,-2522000000.0
51,AEP,MRQ,2008-09-30,2008-09-30,2008-09-30,2021-09-07,-148000000.0,43038000000.0,,3984000000.0,39054000000.0,,27.137,-968000000.0,338000000.0,338000000.0,3073000000.0,376000000.0,0.696,2.937,17309000000.0,1984000000.0,15325000000.0,17309000000.0,0.0,387000000.0,288000000.0,0.044,0.41,783000000.0,1170000000.0,0.279,1170000000.0,783000000.0,567000000.0,0.93,0.93,0.93,10917000000.0,,10917000000.0,31135645178.0,10.0,6.875,-110000000.0,-0.273,1.0,1118000000.0,0.267,76000000.0,216000000.0,54211000000.0,,1018000000.0,670000000.0,670000000.0,0.0,32060000000.0,5722000000.0,26338000000.0,14895645178.0,120000000.0,-2000000.0,34000000.0,816000000.0,-167000000.0,678000000.0,-1416000000.0,-447000000.0,858000000.0,0.0,375000000.0,374000000.0,374000000.0,0.0,1000000.0,0.089,381000000.0,737000000.0,1447000000.0,0.441,1.364,10.209,10.173,31789000000.0,1000000.0,37.03,1.029,1.029,1187000000.0,3861000000.0,4191000000.0,4191000000.0,0.0,,,,,0.0,0.0,1.0,402258849.0,402286779,403910309.0,10.418,42962000000.0,0.0,192000000.0,5714000000.0,106.794,-1738000000.0
52,AEP,MRQ,2008-06-30,2008-06-30,2008-06-30,2021-09-07,-189000000.0,42696000000.0,,4006000000.0,38690000000.0,,26.477,-830000000.0,218000000.0,218000000.0,2592000000.0,282000000.0,0.712,3.01,16458000000.0,1274000000.0,15184000000.0,16458000000.0,0.0,373000000.0,319000000.0,0.04,0.41,638000000.0,1011000000.0,0.285,1011000000.0,638000000.0,404000000.0,0.7,0.7,0.7,10631000000.0,,10631000000.0,32046006131.0,10.0,7.015,-260000000.0,-0.648,1.0,954000000.0,0.269,76000000.0,234000000.0,53234000000.0,,1049000000.0,243000000.0,243000000.0,0.0,32004000000.0,5626000000.0,26378000000.0,16156006131.0,63000000.0,-30000000.0,27000000.0,376000000.0,-166000000.0,244000000.0,-751000000.0,96000000.0,570000000.0,0.0,281000000.0,281000000.0,281000000.0,-1000000.0,1000000.0,0.079,368000000.0,586000000.0,1414000000.0,0.586,1.52,10.828,10.786,31004000000.0,0.0,40.23,1.148,1.147,1235000000.0,3651000000.0,3546000000.0,3546000000.0,0.0,,,,,0.0,0.0,1.0,401591005.0,401513958,402785942.0,8.832,42620000000.0,0.0,123000000.0,5576000000.0,106.148,-1620000000.0
53,AEP,MRQ,2008-03-31,2008-03-31,2008-03-31,2021-09-07,-187000000.0,41317000000.0,,3361000000.0,37956000000.0,,26.17,-778000000.0,155000000.0,155000000.0,2319000000.0,576000000.0,0.65,2.933,16045000000.0,1340000000.0,14705000000.0,16045000000.0,0.0,363000000.0,308000000.0,0.038,0.41,1086000000.0,1449000000.0,0.418,1449000000.0,1086000000.0,867000000.0,1.43,1.43,1.43,10489000000.0,,10489000000.0,32145763688.0,11.0,7.256,-147000000.0,-0.367,1.0,1148000000.0,0.331,76000000.0,219000000.0,51959000000.0,,947000000.0,339000000.0,339000000.0,0.0,30767000000.0,5172000000.0,25595000000.0,16669763688.0,-23000000.0,18000000.0,45000000.0,353000000.0,-167000000.0,240000000.0,-894000000.0,-17000000.0,631000000.0,0.0,574000000.0,573000000.0,573000000.0,0.0,2000000.0,0.165,105000000.0,1043000000.0,1176000000.0,0.287,1.589,11.984,11.963,30371000000.0,1000000.0,41.63,1.219,1.22,1050000000.0,3535000000.0,3467000000.0,3467000000.0,0.0,,,,,0.0,0.0,1.0,400426704.0,400797993,402072098.0,8.65,41241000000.0,0.0,293000000.0,5597000000.0,102.897,-1811000000.0
54,AEP,MRQ,2007-12-31,2007-12-31,2007-12-31,2021-09-07,-154000000.0,40319000000.0,,3026000000.0,37293000000.0,,25.204,-961000000.0,178000000.0,178000000.0,2452000000.0,240000000.0,0.586,2.994,15654000000.0,1452000000.0,14202000000.0,15654000000.0,0.0,369000000.0,301000000.0,0.034,0.41,530000000.0,899000000.0,0.274,899000000.0,530000000.0,307000000.0,0.58,0.57,0.58,10079000000.0,,10079000000.0,33791280384.0,14.0,8.535,-197000000.0,-0.493,1.0,824000000.0,0.252,76000000.0,223000000.0,50558000000.0,,967000000.0,365000000.0,365000000.0,0.0,30179000000.0,5161000000.0,25018000000.0,18624280384.0,-18000000.0,144000000.0,28000000.0,346000000.0,-169000000.0,204000000.0,-986000000.0,-154000000.0,764000000.0,0.0,234000000.0,231000000.0,231000000.0,-22000000.0,6000000.0,0.071,397000000.0,427000000.0,1324000000.0,0.707,1.848,17.102,17.055,29870000000.0,3000000.0,46.56,1.392,1.388,1117000000.0,3138000000.0,3276000000.0,3276000000.0,0.0,,,,,0.0,0.0,1.0,400006022.0,399901561,402137306.0,8.192,40243000000.0,0.0,73000000.0,5331000000.0,100.632,-2135000000.0
55,AEP,MRQ,2007-09-30,2007-09-30,2007-09-30,2021-09-07,-228000000.0,39456000000.0,,3111000000.0,36345000000.0,,24.821,-772000000.0,196000000.0,196000000.0,2612000000.0,407000000.0,0.634,2.976,15363000000.0,1497000000.0,13866000000.0,15363000000.0,0.0,381000000.0,326000000.0,0.034,0.39,828000000.0,1209000000.0,0.319,1209000000.0,828000000.0,612000000.0,1.02,1.02,1.02,9909000000.0,,9909000000.0,33249319997.0,14.0,8.463,-111000000.0,-0.278,1.0,1177000000.0,0.311,76000000.0,216000000.0,49639000000.0,,961000000.0,231000000.0,231000000.0,0.0,29486000000.0,4908000000.0,24578000000.0,18395319997.0,24000000.0,-81000000.0,26000000.0,280000000.0,-156000000.0,171000000.0,-808000000.0,88000000.0,661000000.0,0.0,407000000.0,407000000.0,407000000.0,0.0,0.0,0.107,379000000.0,798000000.0,1121000000.0,0.382,1.856,17.705,17.655,29030000000.0,0.0,46.08,1.406,1.406,1202000000.0,3070000000.0,3789000000.0,3789000000.0,0.0,,,,,0.0,0.0,1.0,399203993.0,399222569,400215911.0,9.491,39380000000.0,0.0,205000000.0,5201000000.0,98.642,-1797000000.0
56,AEP,MRQ,2007-06-30,2007-06-30,2007-06-30,2021-09-07,-202000000.0,39193000000.0,,3263000000.0,35930000000.0,,24.22,-916000000.0,172000000.0,172000000.0,2228000000.0,180000000.0,0.562,3.053,15026000000.0,1959000000.0,13067000000.0,15026000000.0,0.0,372000000.0,353000000.0,0.034,0.39,501000000.0,873000000.0,0.277,873000000.0,501000000.0,288000000.0,0.45,0.45,0.45,9656000000.0,,9656000000.0,31778461536.0,15.0,8.65,-298000000.0,-0.747,1.0,918000000.0,0.292,76000000.0,213000000.0,48167000000.0,,1038000000.0,337000000.0,337000000.0,0.0,29476000000.0,5804000000.0,23672000000.0,17960461536.0,-87000000.0,-421000000.0,36000000.0,939000000.0,-156000000.0,794000000.0,-1499000000.0,-137000000.0,618000000.0,0.0,180000000.0,180000000.0,180000000.0,-2000000.0,0.0,0.057,369000000.0,549000000.0,1189000000.0,0.867,1.86,20.023,19.929,28467000000.0,0.0,45.04,1.393,1.393,1072000000.0,2819000000.0,3146000000.0,3146000000.0,0.0,,,,,0.0,0.0,1.0,398766908.0,398679242,399868900.0,7.891,39117000000.0,0.0,108000000.0,5319000000.0,98.116,-2541000000.0
57,AEP,MRQ,2007-03-31,2007-03-31,2007-03-31,2021-09-07,-253000000.0,37936000000.0,,3163000000.0,34773000000.0,,24.011,-907000000.0,259000000.0,259000000.0,2256000000.0,271000000.0,0.596,2.97,14077000000.0,1552000000.0,12525000000.0,14077000000.0,0.0,391000000.0,315000000.0,0.031,0.39,587000000.0,978000000.0,0.309,978000000.0,587000000.0,401000000.0,0.68,0.68,0.68,9540000000.0,,9540000000.0,32752893380.0,16.0,9.154,-556000000.0,-1.399,1.0,913000000.0,0.288,76000000.0,186000000.0,46370000000.0,,942000000.0,197000000.0,197000000.0,0.0,28335000000.0,5308000000.0,23027000000.0,19337893380.0,-42000000.0,68000000.0,54000000.0,355000000.0,-155000000.0,235000000.0,-628000000.0,216000000.0,351000000.0,0.0,271000000.0,271000000.0,271000000.0,0.0,0.0,0.086,368000000.0,545000000.0,1263000000.0,0.574,2.027,21.679,21.667,27303000000.0,0.0,48.75,1.525,1.527,1089000000.0,2795000000.0,3169000000.0,3169000000.0,0.0,,,,,0.0,0.0,1.0,396674736.0,397314642,398552113.0,7.976,37860000000.0,0.0,130000000.0,5339000000.0,95.29,-2145000000.0
58,AEP,MRQ,2006-12-31,2006-12-31,2006-12-31,2021-09-07,-223000000.0,37987000000.0,,3588000000.0,34399000000.0,,23.793,-1100000000.0,301000000.0,301000000.0,2231000000.0,181000000.0,0.658,3.03,13716000000.0,1287000000.0,12429000000.0,13716000000.0,0.0,383000000.0,339000000.0,0.035,0.39,486000000.0,869000000.0,0.291,869000000.0,486000000.0,272000000.0,0.46,0.46,0.46,9412000000.0,,9412000000.0,29370487056.0,13.0,7.968,-564000000.0,-1.426,1.0,753000000.0,0.252,76000000.0,214000000.0,45870000000.0,,913000000.0,425000000.0,425000000.0,0.0,28514000000.0,5456000000.0,23058000000.0,16843487056.0,42000000.0,66000000.0,75000000.0,828000000.0,-154000000.0,792000000.0,-1286000000.0,-235000000.0,536000000.0,0.0,181000000.0,181000000.0,181000000.0,-4000000.0,0.0,0.061,382000000.0,371000000.0,1360000000.0,0.848,1.79,16.81,16.764,26781000000.0,0.0,42.58,1.334,1.33,1040000000.0,2696000000.0,2984000000.0,2984000000.0,0.0,,,,,0.0,0.0,1.0,395572735.0,395586254,398584133.0,7.543,37911000000.0,0.0,91000000.0,5471000000.0,95.835,-1868000000.0
59,AEP,MRQ,2006-09-30,2006-09-30,2006-09-30,2021-09-07,-1000000.0,36385000000.0,,3175000000.0,33210000000.0,,24.18,-817000000.0,259000000.0,259000000.0,2468000000.0,265000000.0,0.567,2.814,12786000000.0,1812000000.0,10974000000.0,12786000000.0,0.0,382000000.0,336000000.0,0.041,0.37,572000000.0,954000000.0,0.265,954000000.0,572000000.0,398000000.0,0.67,0.67,0.67,9525000000.0,,9525000000.0,26883873078.0,16.0,8.508,256000000.0,0.65,1.0,1126000000.0,0.313,76000000.0,174000000.0,43240000000.0,,810000000.0,243000000.0,198000000.0,45000000.0,26799000000.0,5596000000.0,21203000000.0,14328873078.0,10000000.0,2000000.0,18000000.0,-23000000.0,-146000000.0,-178000000.0,-885000000.0,-29000000.0,1073000000.0,0.0,265000000.0,265000000.0,265000000.0,0.0,0.0,0.074,591000000.0,535000000.0,1180000000.0,0.552,1.504,21.323,21.521,25822000000.0,0.0,36.37,1.143,1.143,1083000000.0,2669000000.0,3594000000.0,3594000000.0,0.0,,,,,0.0,0.0,1.0,393975064.0,393913463,396266250.0,9.124,36309000000.0,0.0,133000000.0,5501000000.0,92.175,-2421000000.0
60,AEP,MRQ,2006-06-30,2006-06-30,2006-06-30,2021-09-07,38000000.0,36184000000.0,,3255000000.0,32929000000.0,,23.941,-846000000.0,249000000.0,249000000.0,2211000000.0,175000000.0,0.714,2.832,12804000000.0,959000000.0,11845000000.0,12804000000.0,0.0,354000000.0,382000000.0,0.043,0.37,423000000.0,777000000.0,0.265,777000000.0,423000000.0,247000000.0,0.44,0.44,0.44,9426000000.0,,9426000000.0,25583584708.0,14.0,7.781,-306000000.0,-0.777,1.0,725000000.0,0.247,76000000.0,176000000.0,44102000000.0,,865000000.0,218000000.0,173000000.0,45000000.0,26697000000.0,4561000000.0,22136000000.0,13491584708.0,-27000000.0,7000000.0,1000000.0,423000000.0,-145000000.0,255000000.0,-822000000.0,14000000.0,540000000.0,0.0,175000000.0,175000000.0,175000000.0,-3000000.0,0.0,0.06,354000000.0,371000000.0,1191000000.0,0.841,1.431,16.992,17.04,25398000000.0,0.0,34.25,1.099,1.099,1017000000.0,2550000000.0,2936000000.0,2936000000.0,0.0,,,,,0.0,0.0,1.0,393914882.0,393722353,395500506.0,7.457,36108000000.0,0.0,72000000.0,5534000000.0,91.709,-1306000000.0
61,AEP,MRQ,2006-03-31,2006-03-31,2006-03-31,2021-09-07,27000000.0,35765000000.0,,3249000000.0,32516000000.0,,23.838,-765000000.0,276000000.0,276000000.0,2139000000.0,381000000.0,0.668,2.805,12368000000.0,1287000000.0,11081000000.0,12368000000.0,0.0,348000000.0,415000000.0,0.042,0.37,738000000.0,1086000000.0,0.349,1086000000.0,738000000.0,570000000.0,0.97,0.96,0.97,9384000000.0,,9384000000.0,25229314869.0,13.0,7.536,-182000000.0,-0.462,1.0,969000000.0,0.312,76000000.0,168000000.0,42917000000.0,,776000000.0,249000000.0,202000000.0,47000000.0,26320000000.0,4864000000.0,21456000000.0,13394314869.0,-125000000.0,111000000.0,5000000.0,129000000.0,-146000000.0,42000000.0,-750000000.0,-62000000.0,583000000.0,0.0,381000000.0,381000000.0,381000000.0,-3000000.0,0.0,0.123,280000000.0,689000000.0,1033000000.0,0.381,1.427,15.946,15.823,24808000000.0,0.0,34.02,1.102,1.102,1000000000.0,2520000000.0,3108000000.0,3108000000.0,0.0,,,,,0.0,0.0,1.0,393718838.0,393653162,395580106.0,7.895,35689000000.0,0.0,189000000.0,5676000000.0,90.661,-1615000000.0
62,AEP,MRQ,2005-12-31,2005-12-31,2005-12-31,2021-09-07,-27000000.0,36172000000.0,,3945000000.0,32227000000.0,,23.132,-576000000.0,401000000.0,401000000.0,2355000000.0,-149000000.0,0.723,2.973,12236000000.0,1163000000.0,11073000000.0,12236000000.0,0.0,360000000.0,571000000.0,0.038,0.37,-17000000.0,343000000.0,0.118,343000000.0,-17000000.0,-190000000.0,-0.39,-0.39,-0.39,9088000000.0,,9088000000.0,25509750353.0,13.0,7.756,-398000000.0,-1.013,1.0,544000000.0,0.188,76000000.0,173000000.0,42471000000.0,,726000000.0,127000000.0,127000000.0,0.0,27023000000.0,5460000000.0,21563000000.0,14601750353.0,-448000000.0,-353000000.0,9000000.0,415000000.0,-145000000.0,319000000.0,-945000000.0,16000000.0,178000000.0,0.0,-149000000.0,-149000000.0,-149000000.0,-1000000.0,0.0,-0.051,356000000.0,188000000.0,1144000000.0,-0.949,1.607,17.938,17.746,24284000000.0,0.0,37.09,1.206,1.194,1220000000.0,2285000000.0,2899000000.0,2899000000.0,0.0,,,,,0.0,0.0,1.0,393684291.0,392878544,395695368.0,7.379,36096000000.0,0.0,-41000000.0,5461000000.0,91.876,-1515000000.0
63,AEP,MRQ,2005-09-30,2005-09-30,2005-09-30,2021-09-07,-412000000.0,35956000000.0,,4670000000.0,31286000000.0,,23.098,-808000000.0,849000000.0,849000000.0,2330000000.0,387000000.0,0.863,2.995,11757000000.0,732000000.0,11025000000.0,11757000000.0,0.0,336000000.0,725000000.0,0.035,0.35,746000000.0,1082000000.0,0.325,1082000000.0,746000000.0,583000000.0,0.99,0.99,0.99,8985000000.0,,8985000000.0,26598448916.0,11.0,7.013,-91000000.0,-0.234,1.0,998000000.0,0.3,76000000.0,163000000.0,41376000000.0,,649000000.0,178000000.0,73000000.0,105000000.0,26910000000.0,5412000000.0,21498000000.0,15275448916.0,242000000.0,99000000.0,365000000.0,-173000000.0,-135000000.0,43000000.0,-518000000.0,189000000.0,717000000.0,0.0,387000000.0,387000000.0,387000000.0,-22000000.0,0.0,0.116,374000000.0,624000000.0,1112000000.0,0.354,1.7,13.4,13.596,23515000000.0,0.0,39.7,1.184,1.197,1210000000.0,2579000000.0,3328000000.0,3328000000.0,0.0,,,,,0.0,0.0,1.0,384772013.0,389000000,390000000.0,8.555,35880000000.0,0.0,196000000.0,5403000000.0,92.237,-742000000.0
64,AEP,MRQ,2005-06-30,2005-06-30,2005-06-30,2021-09-07,-396000000.0,33939000000.0,,3530000000.0,30409000000.0,,21.828,-586000000.0,607000000.0,607000000.0,2039000000.0,221000000.0,0.779,3.042,11930000000.0,1078000000.0,10852000000.0,11930000000.0,0.0,325000000.0,380000000.0,0.038,0.35,512000000.0,837000000.0,0.297,837000000.0,512000000.0,324000000.0,0.58,0.58,0.58,8382000000.0,,8382000000.0,25275829162.0,10.0,6.365,-271000000.0,-0.706,1.0,780000000.0,0.277,76000000.0,188000000.0,40655000000.0,,729000000.0,413000000.0,275000000.0,138000000.0,25496000000.0,4531000000.0,20965000000.0,14158829162.0,-654000000.0,316000000.0,18000000.0,-454000000.0,-135000000.0,-585000000.0,-384000000.0,-107000000.0,315000000.0,0.0,221000000.0,221000000.0,221000000.0,-3000000.0,0.0,0.078,325000000.0,455000000.0,925000000.0,0.603,1.689,11.036,11.275,22893000000.0,0.0,36.87,1.06,1.06,1058000000.0,2327000000.0,2819000000.0,2819000000.0,0.0,,,,,0.0,0.0,1.0,384020319.0,384000000,385000000.0,7.341,33863000000.0,0.0,103000000.0,5451000000.0,88.185,-1001000000.0
65,AEP,MRQ,2005-03-31,2005-03-31,2005-03-31,2021-09-07,-394000000.0,35097000000.0,,4403000000.0,30694000000.0,,21.038,-434000000.0,1261000000.0,1261000000.0,2193000000.0,355000000.0,0.796,3.238,12378000000.0,1704000000.0,10674000000.0,12378000000.0,0.0,327000000.0,469000000.0,0.041,0.35,700000000.0,1027000000.0,0.335,1027000000.0,700000000.0,527000000.0,0.9,0.9,0.9,8268000000.0,,8268000000.0,25197928691.0,10.0,6.577,233000000.0,0.593,1.0,872000000.0,0.285,76000000.0,173000000.0,40606000000.0,,636000000.0,317000000.0,181000000.0,136000000.0,26768000000.0,5532000000.0,21236000000.0,13482928691.0,941000000.0,1184000000.0,-417000000.0,65000000.0,-138000000.0,-568000000.0,842000000.0,76000000.0,667000000.0,0.0,355000000.0,355000000.0,355000000.0,-1000000.0,0.0,0.116,212000000.0,660000000.0,876000000.0,0.389,1.631,11.603,11.585,22599000000.0,0.0,34.06,0.967,0.96,1125000000.0,2241000000.0,3065000000.0,3065000000.0,0.0,,,,,0.0,0.0,1.0,395858153.0,393000000,394000000.0,7.799,35021000000.0,0.0,172000000.0,5639000000.0,89.112,-1129000000.0
66,AEP,MRQ,2004-12-31,2004-12-31,2004-12-31,2021-09-07,-344000000.0,34636000000.0,,3996000000.0,30640000000.0,,21.585,-590000000.0,320000000.0,320000000.0,3033000000.0,177000000.0,0.801,3.06,12310000000.0,1302000000.0,11008000000.0,12310000000.0,0.0,352000000.0,414000000.0,0.041,0.35,495000000.0,847000000.0,0.23,847000000.0,495000000.0,305000000.0,0.45,0.45,0.45,8515000000.0,,8515000000.0,24978503004.0,10.0,6.633,-157000000.0,-0.398,1.0,656000000.0,0.178,76000000.0,190000000.0,41560000000.0,,852000000.0,429000000.0,275000000.0,154000000.0,26060000000.0,4990000000.0,21070000000.0,13588503004.0,-614000000.0,155000000.0,4000000.0,-555000000.0,-140000000.0,-751000000.0,-296000000.0,201000000.0,433000000.0,0.0,177000000.0,177000000.0,177000000.0,-23000000.0,0.0,0.048,238000000.0,418000000.0,1055000000.0,0.778,1.596,12.478,12.487,22801000000.0,0.0,34.34,0.954,0.954,1502000000.0,2024000000.0,3689000000.0,3689000000.0,0.0,,,,,0.0,0.0,1.0,395704805.0,394488548,398361628.0,9.351,34560000000.0,0.0,128000000.0,5430000000.0,87.607,-994000000.0
67,AEP,MRQ,2004-09-30,2004-09-30,2004-09-30,2021-09-07,-531000000.0,34822000000.0,,4983000000.0,29839000000.0,,20.917,-357000000.0,1461000000.0,1461000000.0,2809000000.0,530000000.0,0.885,3.197,12851000000.0,1812000000.0,11039000000.0,12851000000.0,0.0,333000000.0,399000000.0,0.044,0.35,927000000.0,1260000000.0,0.333,1260000000.0,927000000.0,734000000.0,1.34,1.34,1.34,8283000000.0,,8283000000.0,25573243583.0,19.0,9.72,646000000.0,1.631,1.0,972000000.0,0.257,78000000.0,193000000.0,40502000000.0,,1074000000.0,190000000.0,0.0,190000000.0,26478000000.0,5632000000.0,20846000000.0,12645243583.0,271000000.0,1071000000.0,2000000.0,-1128000000.0,-138000000.0,-1264000000.0,532000000.0,-124000000.0,1003000000.0,0.0,530000000.0,530000000.0,530000000.0,-118000000.0,0.0,0.14,369000000.0,603000000.0,1033000000.0,0.261,1.527,84.302,103.097,22294000000.0,0.0,31.96,0.89,0.89,1333000000.0,1987000000.0,3781000000.0,3781000000.0,0.0,,,,,0.0,0.0,1.0,395658435.0,396000000,397000000.0,9.548,34744000000.0,0.0,204000000.0,5103000000.0,87.737,-649000000.0
68,AEP,MRQ,2004-06-30,2004-06-30,2004-06-30,2021-09-07,-335000000.0,35848000000.0,,4865000000.0,30983000000.0,,20.412,-385000000.0,1066000000.0,1066000000.0,2681000000.0,100000000.0,0.757,3.427,13994000000.0,2461000000.0,11533000000.0,13994000000.0,0.0,320000000.0,462000000.0,0.044,0.35,377000000.0,697000000.0,0.204,697000000.0,377000000.0,178000000.0,0.25,0.25,0.25,8083000000.0,,8083000000.0,25500751936.0,24.0,10.875,-7000000.0,-0.018,1.0,730000000.0,0.214,78000000.0,199000000.0,42270000000.0,,1192000000.0,214000000.0,0.0,214000000.0,27704000000.0,6428000000.0,21276000000.0,12660751936.0,-250000000.0,91000000.0,1000000.0,-111000000.0,-139000000.0,-249000000.0,-379000000.0,-63000000.0,378000000.0,0.0,100000000.0,100000000.0,100000000.0,51000000.0,0.0,0.029,358000000.0,372000000.0,1165000000.0,1.4,1.566,-102.933,-84.211,22181000000.0,0.0,32.0,0.881,0.882,1546000000.0,1595000000.0,3411000000.0,3411000000.0,0.0,,,,,0.0,0.0,1.0,395648498.0,396000000,396000000.0,8.614,35770000000.0,0.0,78000000.0,4906000000.0,90.328,-1563000000.0
69,AEP,MRQ,2004-03-31,2004-03-31,2004-03-31,2021-09-07,-379000000.0,36235000000.0,,4830000000.0,31405000000.0,,20.433,-305000000.0,1253000000.0,1253000000.0,2419000000.0,282000000.0,0.765,3.482,14093000000.0,2230000000.0,11863000000.0,14093000000.0,0.0,319000000.0,422000000.0,0.043,0.35,643000000.0,962000000.0,0.286,962000000.0,643000000.0,444000000.0,0.71,0.71,0.71,8071000000.0,,8071000000.0,26248940579.0,24.0,10.887,592000000.0,1.499,1.0,945000000.0,0.281,78000000.0,199000000.0,42685000000.0,,961000000.0,216000000.0,0.0,216000000.0,28103000000.0,6312000000.0,21791000000.0,13003940579.0,135000000.0,40000000.0,10000000.0,-444000000.0,-138000000.0,-576000000.0,-186000000.0,64000000.0,897000000.0,0.0,282000000.0,282000000.0,282000000.0,7000000.0,0.0,0.084,355000000.0,590000000.0,1246000000.0,0.493,1.611,-270.915,-173.263,22055000000.0,0.0,32.92,0.902,0.902,1521000000.0,1630000000.0,3364000000.0,3364000000.0,0.0,,,,,0.0,0.0,1.0,395016421.0,395000000,395000000.0,8.516,36157000000.0,0.0,162000000.0,4868000000.0,91.537,-1482000000.0
70,AEP,MRQ,2003-12-31,2003-12-31,2003-12-31,2021-09-07,-426000000.0,36781000000.0,,4827000000.0,31954000000.0,,19.985,-386000000.0,1182000000.0,1182000000.0,2734000000.0,-762000000.0,0.807,3.663,14427000000.0,2105000000.0,12322000000.0,14427000000.0,0.0,336000000.0,379000000.0,0.054,0.35,-624000000.0,-288000000.0,-0.079,-288000000.0,-624000000.0,-833000000.0,-1.99,-1.99,-1.99,7874000000.0,,7874000000.0,24719673333.0,19.0,9.548,358000000.0,0.909,1.0,923000000.0,0.252,78000000.0,209000000.0,43966000000.0,,889000000.0,212000000.0,0.0,212000000.0,28846000000.0,5982000000.0,22864000000.0,12051673333.0,-843000000.0,33000000.0,0.0,-627000000.0,-139000000.0,-829000000.0,-758000000.0,-413000000.0,744000000.0,0.0,-762000000.0,-762000000.0,-762000000.0,507000000.0,0.0,-0.208,938000000.0,-15000000.0,1337000000.0,-0.176,1.531,109.561,105.207,22017000000.0,0.0,30.51,0.812,0.792,1710000000.0,1490000000.0,3657000000.0,3657000000.0,0.0,,,,,0.0,0.0,1.0,395007320.0,394000000,394000000.0,9.282,36703000000.0,0.0,-71000000.0,4577000000.0,93.155,-1155000000.0
71,AEP,MRQ,2003-09-30,2003-09-30,2003-09-30,2021-09-07,-745000000.0,36079000000.0,,6355000000.0,29724000000.0,,21.413,-297000000.0,1708000000.0,1708000000.0,2877000000.0,257000000.0,1.027,3.258,14376000000.0,1677000000.0,12699000000.0,14376000000.0,0.0,329000000.0,0.0,0.063,0.35,645000000.0,974000000.0,0.247,974000000.0,645000000.0,429000000.0,0.65,0.65,0.65,8458000000.0,,8458000000.0,23571055590.0,20.0,9.76,609000000.0,1.542,1.0,1064000000.0,0.27,397000000.0,216000000.0,42162000000.0,,1197000000.0,221000000.0,0.0,221000000.0,27560000000.0,6188000000.0,21372000000.0,11850055590.0,554000000.0,8000000.0,0.0,37000000.0,-137000000.0,-100000000.0,-252000000.0,13000000.0,906000000.0,0.0,257000000.0,257000000.0,257000000.0,50000000.0,0.0,0.065,329000000.0,735000000.0,1700000000.0,0.538,1.401,338.573,-142.857,23012000000.0,0.0,30.0,0.833,0.833,1535000000.0,2393000000.0,3941000000.0,3941000000.0,0.0,,,,,0.0,0.0,1.0,395001853.0,395000000,395000000.0,9.977,35682000000.0,0.0,172000000.0,4575000000.0,90.334,167000000.0
72,AEP,MRQ,2003-06-30,2003-06-30,2003-06-30,2021-09-07,-670000000.0,35359000000.0,,5932000000.0,29427000000.0,,21.299,-347000000.0,1176000000.0,1176000000.0,2726000000.0,175000000.0,0.95,3.203,12897000000.0,1587000000.0,11310000000.0,12897000000.0,0.0,333000000.0,0.0,0.072,0.35,430000000.0,763000000.0,0.221,763000000.0,430000000.0,233000000.0,0.44,0.44,0.44,8413000000.0,,8413000000.0,22765653719.0,17.0,8.53,-259000000.0,-0.656,1.0,724000000.0,0.21,396000000.0,197000000.0,40443000000.0,,1178000000.0,283000000.0,0.0,283000000.0,26946000000.0,6241000000.0,20705000000.0,11782653719.0,-533000000.0,6000000.0,-1000000.0,33000000.0,-139000000.0,-334000000.0,-287000000.0,23000000.0,88000000.0,0.0,175000000.0,175000000.0,175000000.0,2000000.0,0.0,0.051,331000000.0,393000000.0,1860000000.0,0.795,1.401,58.043,76.487,22413000000.0,0.0,29.83,0.836,0.836,1685000000.0,2275000000.0,3450000000.0,3450000000.0,0.0,,,,,0.0,0.0,1.0,394993420.0,395000000,395000000.0,8.734,34963000000.0,0.0,58000000.0,4508000000.0,88.514,-309000000.0
73,AEP,MRQ,2003-03-31,2003-03-31,2003-03-31,2021-09-07,-602000000.0,36901000000.0,,7444000000.0,29457000000.0,,23.699,-292000000.0,1764000000.0,1764000000.0,2846000000.0,440000000.0,0.913,3.374,12747000000.0,1935000000.0,10812000000.0,12747000000.0,0.0,309000000.0,0.0,0.105,0.6,831000000.0,1140000000.0,0.301,1140000000.0,831000000.0,639000000.0,1.24,1.24,1.24,8437000000.0,,8437000000.0,20189350502.0,16.0,7.709,470000000.0,1.32,1.0,939000000.0,0.248,396000000.0,192000000.0,39335000000.0,,966000000.0,291000000.0,0.0,291000000.0,28464000000.0,8153000000.0,20311000000.0,7742350502.0,515000000.0,35000000.0,1143000000.0,-186000000.0,-203000000.0,754000000.0,-1001000000.0,0.0,762000000.0,0.0,440000000.0,440000000.0,440000000.0,46000000.0,0.0,0.116,309000000.0,630000000.0,2930000000.0,0.484,0.918,86.026,163.214,22328000000.0,0.0,22.85,0.544,0.572,2572000000.0,2238000000.0,3785000000.0,3785000000.0,0.0,,,,,0.0,0.0,1.0,338833720.0,356000000,356000000.0,10.632,36505000000.0,0.0,199000000.0,4485000000.0,102.542,-709000000.0
74,AEP,MRQ,2002-12-31,2002-12-31,2002-12-31,2021-09-07,-609000000.0,35890000000.0,,5318000000.0,30572000000.0,,20.716,-548000000.0,1199000000.0,1199000000.0,2159000000.0,-837000000.0,0.614,3.907,12929000000.0,4066000000.0,8863000000.0,12929000000.0,0.0,290000000.0,186000000.0,0.088,0.6,-752000000.0,-462000000.0,-0.152,-462000000.0,-752000000.0,-955000000.0,-2.54,-2.54,-2.54,7064000000.0,,7064000000.0,21843366563.0,38.0,11.335,773000000.0,2.267,1.0,884000000.0,0.291,241000000.0,203000000.0,38723000000.0,,938000000.0,283000000.0,0.0,283000000.0,27601000000.0,8656000000.0,18945000000.0,9260366563.0,594000000.0,147000000.0,0.0,-81000000.0,-203000000.0,-284000000.0,-443000000.0,-84000000.0,1321000000.0,0.0,-837000000.0,-837000000.0,-837000000.0,619000000.0,0.0,-0.275,952000000.0,-68000000.0,1892000000.0,-0.236,1.311,-17.843,-17.408,20588000000.0,0.0,27.33,0.69,0.676,2089000000.0,1999000000.0,3043000000.0,3043000000.0,0.0,,,,,0.0,0.0,1.0,338835220.0,341000000,341000000.0,8.924,35649000000.0,0.0,-118000000.0,4472000000.0,104.543,-3338000000.0
75,AEP,MRQ,2002-09-30,2002-09-30,2002-09-30,2021-09-07,-28000000.0,45516000000.0,,13597000000.0,31919000000.0,,25.563,-353000000.0,566000000.0,566000000.0,2667000000.0,425000000.0,0.816,4.252,13149000000.0,4059000000.0,9090000000.0,13149000000.0,0.0,379000000.0,0.0,0.084,0.6,849000000.0,1228000000.0,0.322,1228000000.0,849000000.0,668000000.0,1.25,1.25,1.25,8666000000.0,,8666000000.0,24092192122.0,15.0,8.175,296000000.0,0.873,1.0,1144000000.0,0.3,496000000.0,181000000.0,40937000000.0,,1227000000.0,0.0,0.0,0.0,36850000000.0,16666000000.0,20184000000.0,9660192122.0,-10000000.0,1116000000.0,0.0,-1222000000.0,-203000000.0,-1435000000.0,765000000.0,0.0,649000000.0,11000000.0,425000000.0,425000000.0,425000000.0,-39000000.0,0.0,0.112,362000000.0,782000000.0,2662000000.0,0.48,1.115,26.109,26.398,22817000000.0,0.0,28.51,0.732,0.733,2546000000.0,3039000000.0,3811000000.0,3811000000.0,0.0,,,,,0.0,0.0,1.0,338835220.0,339000000,339000000.0,11.242,45020000000.0,0.0,243000000.0,4912000000.0,132.802,-3069000000.0
76,AEP,MRQ,2002-06-30,2002-06-30,2002-06-30,2021-09-07,-92000000.0,51158000000.0,,15111000000.0,36047000000.0,,25.718,-484000000.0,585000000.0,585000000.0,2803000000.0,62000000.0,0.816,5.102,15017000000.0,4547000000.0,10470000000.0,15017000000.0,0.0,351000000.0,0.0,0.06,0.6,362000000.0,713000000.0,0.199,713000000.0,362000000.0,166000000.0,0.19,0.19,0.19,8384000000.0,,8384000000.0,28399356010.0,18.0,9.888,-367000000.0,-1.126,1.0,778000000.0,0.217,848000000.0,196000000.0,46227000000.0,,1146000000.0,0.0,0.0,0.0,42774000000.0,18515000000.0,24259000000.0,12919356010.0,354000000.0,0.0,642000000.0,-93000000.0,-194000000.0,689000000.0,-452000000.0,0.0,117000000.0,0.0,62000000.0,62000000.0,62000000.0,96000000.0,0.0,0.017,357000000.0,421000000.0,2641000000.0,3.158,1.541,35.299,35.105,23441000000.0,0.0,40.02,0.983,0.993,2638000000.0,2802000000.0,3581000000.0,3581000000.0,0.0,,,,,0.0,0.0,1.0,322822489.0,326000000,326000000.0,10.985,50310000000.0,0.0,104000000.0,4800000000.0,154.325,-3404000000.0
77,AEP,MRQ,2002-03-31,2002-03-31,2002-03-31,2021-09-07,-170000000.0,50153000000.0,,14280000000.0,35873000000.0,,25.422,-300000000.0,306000000.0,306000000.0,2201000000.0,-169000000.0,0.747,5.127,15786000000.0,5215000000.0,10571000000.0,15786000000.0,0.0,336000000.0,0.0,0.052,0.6,112000000.0,448000000.0,0.15,448000000.0,112000000.0,-83000000.0,-0.52,-0.52,-0.52,8186000000.0,,8186000000.0,29732948817.0,16.0,9.644,-320000000.0,-0.994,1.0,791000000.0,0.264,2062000000.0,195000000.0,44444000000.0,,963000000.0,0.0,0.0,0.0,41967000000.0,19127000000.0,22840000000.0,14857948817.0,-17000000.0,0.0,14000000.0,528000000.0,-193000000.0,349000000.0,-332000000.0,0.0,-20000000.0,-14000000.0,-169000000.0,-169000000.0,-169000000.0,-22000000.0,0.0,-0.056,332000000.0,459000000.0,2162000000.0,-1.154,1.815,27.72,27.599,24447000000.0,0.0,46.09,0.627,0.626,2554000000.0,3288000000.0,2992000000.0,2992000000.0,0.0,,,,,0.0,0.0,1.0,322368167.0,322000000,322000000.0,9.292,48091000000.0,0.0,86000000.0,5247000000.0,149.351,-4847000000.0
78,AEP,MRQ,2001-12-31,2001-12-31,2001-12-31,2021-09-07,-126000000.0,39297000000.0,,5664000000.0,33633000000.0,,25.556,-459000000.0,224000000.0,224000000.0,2243000000.0,52000000.0,0.523,3.775,13516000000.0,5106000000.0,8410000000.0,13516000000.0,0.0,307000000.0,0.0,0.055,0.6,251000000.0,558000000.0,0.199,558000000.0,251000000.0,68000000.0,0.16,0.16,0.16,8229000000.0,,8229000000.0,28697889768.0,12.0,7.919,1194000000.0,3.708,1.0,566000000.0,0.201,392000000.0,183000000.0,41376000000.0,,1037000000.0,633000000.0,0.0,633000000.0,31068000000.0,10821000000.0,20247000000.0,14026889768.0,27000000.0,-542000000.0,2000000.0,537000000.0,-193000000.0,340000000.0,-1972000000.0,0.0,1653000000.0,6000000.0,52000000.0,52000000.0,52000000.0,24000000.0,0.0,0.019,202000000.0,364000000.0,1914000000.0,3.75,1.705,14.446,14.462,22104000000.0,0.0,43.53,1.1,1.099,1639000000.0,3296000000.0,2809000000.0,2809000000.0,0.0,,,,,0.0,0.0,1.0,322235005.0,322000000,322000000.0,8.724,38905000000.0,0.0,16000000.0,4991000000.0,120.823,-5157000000.0
79,AEP,MRQ,2001-09-30,2001-09-30,2001-09-30,2021-09-07,-128000000.0,52819000000.0,,18007000000.0,34812000000.0,,26.022,-375000000.0,379000000.0,379000000.0,2626000000.0,421000000.0,0.819,5.304,15050000000.0,5125000000.0,9925000000.0,15050000000.0,0.0,296000000.0,0.0,0.056,0.6,857000000.0,1153000000.0,0.307,1153000000.0,857000000.0,642000000.0,1.31,1.31,1.31,8379000000.0,,8379000000.0,29404785111.0,9.0,6.778,225000000.0,0.699,1.0,1131000000.0,0.301,1360000000.0,215000000.0,44155000000.0,,0.0,0.0,0.0,0.0,44440000000.0,21975000000.0,22465000000.0,13928785111.0,86000000.0,0.0,0.0,-727000000.0,-193000000.0,-175000000.0,-332000000.0,0.0,600000000.0,-7000000.0,421000000.0,421000000.0,421000000.0,-2000000.0,0.0,0.112,360000000.0,771000000.0,1847000000.0,0.458,1.662,19.984,19.922,23072000000.0,0.0,43.23,0.791,0.791,2824000000.0,3438000000.0,3757000000.0,3757000000.0,0.0,,,,,0.0,0.0,1.0,322201830.0,322000000,322000000.0,11.668,51459000000.0,0.0,221000000.0,5432000000.0,159.811,-3968000000.0
80,AEP,MRQ,2001-06-30,2001-06-30,2001-06-30,2021-09-07,-131000000.0,50227000000.0,,16152000000.0,34075000000.0,,25.304,-497000000.0,212000000.0,212000000.0,13255000000.0,232000000.0,0.822,5.164,15688000000.0,5079000000.0,10609000000.0,15688000000.0,0.0,312000000.0,0.0,0.052,0.6,612000000.0,924000000.0,0.065,924000000.0,612000000.0,395000000.0,0.72,0.72,0.72,8148000000.0,,8148000000.0,29247756686.0,10.0,7.181,-516000000.0,-1.602,1.0,893000000.0,0.063,1300000000.0,217000000.0,44753000000.0,,0.0,0.0,0.0,0.0,42079000000.0,19650000000.0,22429000000.0,14873756686.0,11000000.0,-79000000.0,6000000.0,993000000.0,-194000000.0,805000000.0,-782000000.0,0.0,-19000000.0,7000000.0,232000000.0,232000000.0,232000000.0,-25000000.0,0.0,0.016,357000000.0,536000000.0,1252000000.0,0.833,1.825,23.423,23.437,22867000000.0,0.0,46.17,0.584,0.584,2532000000.0,3210000000.0,14148000000.0,14148000000.0,0.0,,,,,0.0,0.0,1.0,322151975.0,322000000,322000000.0,43.938,48927000000.0,0.0,163000000.0,5424000000.0,151.947,-3498000000.0
81,AEP,MRQ,2001-03-31,2001-03-31,2001-03-31,2021-09-07,-172000000.0,46910000000.0,,14234000000.0,32676000000.0,,25.022,-315000000.0,275000000.0,275000000.0,13228000000.0,266000000.0,0.747,4.822,14649000000.0,5573000000.0,9076000000.0,14649000000.0,0.0,352000000.0,0.0,0.051,0.6,702000000.0,1054000000.0,0.074,1054000000.0,702000000.0,436000000.0,0.83,0.83,0.83,8057000000.0,,8057000000.0,29785161558.0,13.0,8.488,269000000.0,0.835,1.0,1007000000.0,0.071,1310000000.0,266000000.0,40931000000.0,,0.0,0.0,0.0,0.0,38853000000.0,19043000000.0,19810000000.0,15135161558.0,-162000000.0,0.0,3000000.0,-343000000.0,-193000000.0,-533000000.0,-206000000.0,0.0,584000000.0,-7000000.0,266000000.0,266000000.0,266000000.0,0.0,0.0,0.019,336000000.0,671000000.0,2058000000.0,0.723,1.879,38.414,38.525,22103000000.0,0.0,47.0,0.778,0.778,3158000000.0,3163000000.0,14235000000.0,14235000000.0,0.0,,,,,0.0,0.0,1.0,322024714.0,322000000,322000000.0,44.208,45600000000.0,0.0,170000000.0,5384000000.0,141.615,-4809000000.0
82,AEP,MRQ,2000-12-31,2000-12-31,2000-12-31,2021-09-07,-103000000.0,53350000000.0,,20901000000.0,32449000000.0,,25.012,-264000000.0,342000000.0,342000000.0,-14867000000.0,-222000000.0,0.806,5.624,15087000000.0,5485000000.0,9602000000.0,15087000000.0,0.0,176000000.0,0.0,0.052,0.6,1031000000.0,1207000000.0,-0.083,1207000000.0,1031000000.0,32000000.0,-0.69,-0.69,-0.69,8054000000.0,,8054000000.0,30004693518.0,16.0,9.935,349000000.0,1.084,1.0,331000000.0,-0.023,1382000000.0,999000000.0,40776000000.0,,0.0,0.0,0.0,0.0,45296000000.0,25937000000.0,19359000000.0,14972693518.0,140000000.0,0.0,2000000.0,-51000000.0,-193000000.0,-243000000.0,-253000000.0,0.0,613000000.0,23000000.0,-222000000.0,-222000000.0,-222000000.0,-122000000.0,0.0,0.015,166000000.0,165000000.0,2627000000.0,-0.87,1.859,56.078,56.024,22393000000.0,0.0,46.5,1.322,1.322,3699000000.0,3090000000.0,-14536000000.0,-14536000000.0,0.0,,,,,0.0,0.0,1.0,321993409.0,322000000,322000000.0,-45.143,51968000000.0,0.0,254000000.0,5403000000.0,161.391,-5036000000.0
83,AEP,MRQ,2000-09-30,2000-09-30,2000-09-30,2021-09-07,-155000000.0,40518000000.0,,8605000000.0,31913000000.0,,26.14,-396000000.0,295000000.0,295000000.0,10393000000.0,359000000.0,0.674,3.814,15327000000.0,5256000000.0,10071000000.0,15327000000.0,0.0,310000000.0,0.0,0.061,0.6,578000000.0,888000000.0,0.076,888000000.0,578000000.0,578000000.0,1.11,1.11,1.11,8417000000.0,,8417000000.0,22310205080.0,11.0,6.599,-237000000.0,-0.736,1.0,1215000000.0,0.105,1378000000.0,0.0,41413000000.0,,806000000.0,0.0,0.0,0.0,32101000000.0,12759000000.0,19342000000.0,7597205080.0,-67000000.0,0.0,0.0,338000000.0,-193000000.0,125000000.0,-365000000.0,0.0,159000000.0,14000000.0,359000000.0,359000000.0,359000000.0,0.0,0.0,0.031,342000000.0,873000000.0,1782000000.0,0.541,0.903,11.123,18.55,22070000000.0,0.0,39.14,0.184,0.306,3395000000.0,3506000000.0,11608000000.0,11608000000.0,0.0,,,,,0.0,0.0,1.0,194103349.0,322000000,322000000.0,36.05,39140000000.0,0.0,219000000.0,6211000000.0,121.553,-4154000000.0
84,AEP,MRQ,2000-06-30,2000-06-30,2000-06-30,2021-09-07,-101000000.0,40399000000.0,,9216000000.0,31183000000.0,,25.634,-432000000.0,312000000.0,312000000.0,7363000000.0,-9000000.0,0.727,3.894,15025000000.0,4954000000.0,10071000000.0,15025000000.0,0.0,317000000.0,0.0,0.081,0.6,43000000.0,360000000.0,0.044,360000000.0,43000000.0,43000000.0,-0.03,-0.03,-0.03,8254000000.0,,8254000000.0,13849282231.0,7.0,4.067,-645000000.0,-2.003,1.0,774000000.0,0.095,1422000000.0,0.0,41015000000.0,,823000000.0,0.0,0.0,0.0,32145000000.0,12675000000.0,19470000000.0,5751282231.0,-190000000.0,0.0,11000000.0,698000000.0,-210000000.0,499000000.0,-472000000.0,0.0,-213000000.0,-4000000.0,-9000000.0,-9000000.0,-9000000.0,0.0,0.0,-0.001,466000000.0,308000000.0,1591000000.0,-20.0,0.697,7.999,13.287,21954000000.0,0.0,29.63,0.174,0.288,2932000000.0,3342000000.0,8137000000.0,8137000000.0,0.0,,,,,0.0,0.0,1.0,194103349.0,322000000,322000000.0,25.27,38977000000.0,0.0,52000000.0,6035000000.0,121.047,-3459000000.0
85,AEP,MRQ,2000-03-31,2000-03-31,2000-03-31,2021-09-07,-8000000.0,21902000000.0,,3575000000.0,18327000000.0,,15.441,-376000000.0,364000000.0,364000000.0,5369000000.0,140000000.0,0.697,3.405,8462000000.0,2223000000.0,6239000000.0,8462000000.0,0.0,349000000.0,0.0,0.081,0.6,217000000.0,566000000.0,0.093,566000000.0,217000000.0,217000000.0,0.43,0.43,0.43,4972000000.0,,4972000000.0,13879220834.0,6.0,3.644,206000000.0,0.64,1.0,748000000.0,0.122,0.0,0.0,24870000000.0,,571000000.0,0.0,0.0,0.0,16930000000.0,5130000000.0,11800000000.0,5786220834.0,-107000000.0,0.0,1000000.0,-82000000.0,-209000000.0,-290000000.0,-396000000.0,0.0,582000000.0,-3000000.0,140000000.0,140000000.0,140000000.0,0.0,0.0,0.023,320000000.0,428000000.0,729000000.0,1.395,1.164,6.303,10.46,13019000000.0,0.0,29.81,0.207,0.344,1197000000.0,1728000000.0,6117000000.0,6117000000.0,0.0,,,,,0.0,0.0,1.0,194103349.0,322000000,322000000.0,18.997,21902000000.0,0.0,77000000.0,3401000000.0,68.019,-1555000000.0
86,AEP,MRQ,1999-12-31,1999-12-31,1999-12-31,2021-09-07,-4000000.0,35719000000.0,,4998000000.0,30721000000.0,,26.769,-533000000.0,609000000.0,609000000.0,14487000000.0,193000000.0,0.62,3.118,14536000000.0,4379000000.0,10157000000.0,14536000000.0,0.0,318000000.0,0.0,0.075,0.6,1249000000.0,1567000000.0,0.102,1567000000.0,1249000000.0,272000000.0,0.6,0.6,0.6,8673000000.0,,8673000000.0,13959540603.0,6.0,3.748,-127000000.0,-0.392,1.0,845000000.0,0.055,1531000000.0,977000000.0,40049000000.0,,0.0,0.0,0.0,0.0,27046000000.0,8066000000.0,18980000000.0,6236540603.0,156000000.0,0.0,0.0,787000000.0,-209000000.0,250000000.0,-500000000.0,0.0,406000000.0,0.0,193000000.0,193000000.0,193000000.0,0.0,0.0,0.013,436000000.0,409000000.0,1280000000.0,1.0,0.719,6.416,10.604,21865000000.0,0.0,32.13,0.252,0.417,2027000000.0,3630000000.0,15332000000.0,15332000000.0,0.0,,,,,0.0,0.0,1.0,194103349.0,324000000,324000000.0,47.321,34188000000.0,0.0,79000000.0,5730000000.0,105.519,-3068000000.0
87,AEP,MRQ,1999-09-30,1999-09-30,1999-09-30,2021-09-07,19000000.0,20438000000.0,,2828000000.0,17610000000.0,,15.639,-415000000.0,274000000.0,274000000.0,2450000000.0,395000000.0,0.724,3.071,7997000000.0,1778000000.0,6219000000.0,7997000000.0,0.0,351000000.0,0.0,0.07,0.6,561000000.0,912000000.0,0.258,912000000.0,561000000.0,561000000.0,1.23,1.23,1.23,5020000000.0,,5020000000.0,14507378447.0,8.0,4.092,253000000.0,0.788,1.0,1082000000.0,0.306,0.0,0.0,24254000000.0,,604000000.0,0.0,0.0,0.0,15418000000.0,3907000000.0,11511000000.0,6600378447.0,63000000.0,0.0,29000000.0,-140000000.0,-207000000.0,-203000000.0,-404000000.0,0.0,668000000.0,2000000.0,395000000.0,395000000.0,395000000.0,0.0,0.0,0.112,276000000.0,806000000.0,647000000.0,0.488,1.315,5.293,10.567,12921000000.0,0.0,34.13,0.437,0.726,1191000000.0,1750000000.0,3532000000.0,3532000000.0,0.0,,,,,0.0,0.0,1.0,193389348.0,321000000,321000000.0,11.003,20438000000.0,0.0,166000000.0,3220000000.0,63.67,-1079000000.0
88,AEP,MRQ,1999-06-30,1999-06-30,1999-06-30,2021-09-07,20000000.0,20587000000.0,,2985000000.0,17602000000.0,,15.416,-520000000.0,242000000.0,242000000.0,2163000000.0,190000000.0,0.695,3.173,8149000000.0,2032000000.0,6117000000.0,8149000000.0,0.0,453000000.0,0.0,0.064,0.6,311000000.0,764000000.0,0.258,764000000.0,311000000.0,311000000.0,0.59,,0.59,4933000000.0,,4933000000.0,14699814138.0,9.0,4.762,-398000000.0,-1.244,1.0,799000000.0,0.27,0.0,0.0,24196000000.0,,628000000.0,0.0,0.0,0.0,15654000000.0,4298000000.0,11356000000.0,7238814138.0,-67000000.0,0.0,33000000.0,636000000.0,-302000000.0,367000000.0,-552000000.0,0.0,122000000.0,-4000000.0,190000000.0,190000000.0,190000000.0,0.0,0.0,0.064,251000000.0,548000000.0,560000000.0,1.017,1.467,6.914,12.437,12924000000.0,0.0,37.56,0.539,0.896,1132000000.0,1692000000.0,2962000000.0,2962000000.0,0.0,,,,,0.0,0.0,1.0,192726681.0,320000000,,9.256,20587000000.0,0.0,121000000.0,3237000000.0,64.334,-1313000000.0
89,AEP,MRQ,1999-03-31,1999-03-31,1999-03-31,2021-09-07,0.0,20130000000.0,,2590000000.0,17540000000.0,,25.599,-212000000.0,280000000.0,280000000.0,1169000000.0,151000000.0,0.726,3.096,7741000000.0,1199000000.0,6542000000.0,7741000000.0,0.0,172000000.0,0.0,0.06,0.6,244000000.0,416000000.0,0.246,416000000.0,244000000.0,244000000.0,0.79,,0.79,4915000000.0,,4915000000.0,15145362799.0,10.0,5.658,191000000.0,0.995,1.0,525000000.0,0.31,0.0,0.0,24022000000.0,,544000000.0,0.0,0.0,0.0,15215000000.0,3569000000.0,11646000000.0,7613965799.0,107000000.0,0.0,31000000.0,5000000.0,-115000000.0,-79000000.0,-217000000.0,0.0,403000000.0,0.0,151000000.0,151000000.0,151000000.0,0.0,0.0,0.089,148000000.0,377000000.0,741000000.0,0.759,1.549,7.809,13.013,12815000000.0,0.0,39.69,0.634,0.634,1037000000.0,1720000000.0,1694000000.0,1694000000.0,0.0,,,,,0.0,0.0,1.0,191835873.0,192000000,,8.823,20130000000.0,0.0,93000000.0,3348000000.0,104.844,-979000000.0
90,AEP,MRQ,1998-12-31,1998-12-31,1998-12-31,2021-09-07,-1000000.0,19483000000.0,,2218000000.0,17265000000.0,,15.226,-1188000000.0,173000000.0,173000000.0,5120000000.0,511000000.0,0.792,3.024,7705000000.0,905000000.0,6800000000.0,7705000000.0,0.0,708000000.0,0.0,0.051,0.6,745000000.0,1453000000.0,0.21,1453000000.0,745000000.0,745000000.0,0.62,,0.62,4842000000.0,,4842000000.0,14996159846.0,10.0,5.663,-78000000.0,-0.245,1.0,1784000000.0,0.258,0.0,0.0,24214000000.0,,496000000.0,0.0,0.0,0.0,14641000000.0,2801000000.0,11840000000.0,9004871846.0,103000000.0,-1054000000.0,33000000.0,1758000000.0,-484000000.0,1279000000.0,-2286000000.0,10000000.0,1110000000.0,0.0,511000000.0,511000000.0,511000000.0,0.0,0.0,0.074,555000000.0,1229000000.0,607000000.0,0.968,1.86,9.236,15.379,12802000000.0,0.0,47.06,0.761,1.264,1093000000.0,1684000000.0,6904000000.0,6904000000.0,0.0,,,,,0.0,0.0,1.0,191348743.0,318000000,,21.711,19483000000.0,0.0,234000000.0,3334000000.0,61.267,-583000000.0
91,AEP,MRQ,1998-09-30,1998-09-30,1998-09-30,2021-09-07,0.0,17476247000.0,,1920960000.0,15555287000.0,,25.451,-170000000.0,147894000.0,147894000.0,1299000000.0,195000000.0,0.842,2.595,6139182000.0,730185000.0,5408997000.0,6139182000.0,242418000.0,154000000.0,0.0,0.049,0.6,300000000.0,454000000.0,0.244,454000000.0,300000000.0,300000000.0,1.02,,1.02,4861171000.0,,4861171000.0,15307842704.0,25.0,12.49,105000000.0,0.55,1.0,559000000.0,0.301,0.0,0.0,21186872000.0,,474364000.0,0.0,0.0,0.0,12615076000.0,2280663000.0,10334413000.0,9317057704.0,-27000000.0,0.0,21000000.0,-29000000.0,-114000000.0,-122000000.0,-180000000.0,-10000000.0,275000000.0,0.0,195000000.0,195000000.0,195000000.0,0.0,0.0,0.105,146000000.0,413000000.0,460917000.0,0.588,1.917,15.788,15.796,11656276000.0,0.0,48.81,1.454,1.455,1032089000.0,1726249000.0,1858000000.0,1858000000.0,0.0,,,,,0.0,0.0,1.0,190884198.0,191000000,,9.728,17476247000.0,0.0,105000000.0,3210873000.0,91.499,-359703000.0
92,AEP,MRQ,1998-06-30,1998-06-30,1998-06-30,2021-09-07,0.0,17812235000.0,,2641032000.0,15171203000.0,,24.922,-225000000.0,175338000.0,175338000.0,1119000000.0,118000000.0,0.86,2.742,6166123000.0,1032434000.0,5133689000.0,6166123000.0,210679000.0,156000000.0,0.0,0.053,0.6,198000000.0,354000000.0,0.227,354000000.0,198000000.0,198000000.0,0.62,,0.62,4760022000.0,,4760022000.0,14551209727.0,24.0,12.025,6000000.0,0.031,1.0,438000000.0,0.281,0.0,0.0,20730865000.0,,519555000.0,0.0,0.0,0.0,13052213000.0,3072155000.0,9980058000.0,8641624727.0,42000000.0,0.0,23000000.0,120000000.0,-115000000.0,28000000.0,-217000000.0,0.0,231000000.0,0.0,118000000.0,118000000.0,118000000.0,0.0,0.0,0.076,144000000.0,294000000.0,512015000.0,0.968,1.815,17.77,17.796,11629338000.0,0.0,45.38,1.409,1.414,1064785000.0,1645466000.0,1557000000.0,1557000000.0,0.0,,,,,0.0,0.0,1.0,190428046.0,191000000,,8.152,17812235000.0,0.0,80000000.0,3211145000.0,93.258,-431123000.0
93,AEP,MRQ,1998-03-31,1998-03-31,1998-03-31,2021-09-07,0.0,16798403000.0,,1585635000.0,15212768000.0,,24.91,-153000000.0,133190000.0,133190000.0,1033000000.0,151000000.0,0.771,2.549,6042775000.0,861219000.0,5181556000.0,6042775000.0,194812000.0,153000000.0,0.0,0.048,0.6,234000000.0,387000000.0,0.254,387000000.0,234000000.0,234000000.0,0.79,,0.79,4732921000.0,,4732921000.0,15535596947.0,22.0,11.925,186000000.0,0.979,1.0,488000000.0,0.321,0.0,0.0,20652451000.0,,481775000.0,0.0,0.0,0.0,12065482000.0,2055537000.0,10009945000.0,9546996947.0,42000000.0,0.0,19000000.0,-41000000.0,-114000000.0,-136000000.0,-161000000.0,0.0,339000000.0,0.0,151000000.0,151000000.0,151000000.0,0.0,0.0,0.099,144000000.0,344000000.0,342162000.0,0.759,2.017,19.506,19.553,11609619000.0,0.0,50.25,1.603,1.603,878213000.0,1641607000.0,1521000000.0,1521000000.0,0.0,,,,,0.0,0.0,1.0,189989989.0,190000000,,8.005,16798403000.0,0.0,83000000.0,3338853000.0,88.413,-469902000.0
94,AEP,MRQ,1997-12-31,1997-12-31,1997-12-31,2021-09-07,0.0,16615346000.0,,1520442000.0,15094904000.0,,24.676,-273578000.0,91481000.0,91481000.0,1016140000.0,126119000.0,0.729,2.552,0.0,950618000.0,5129463000.0,0.0,0.0,152506000.0,0.0,0.046,0.6,-121927000.0,30579000.0,0.021,30579000.0,-121927000.0,178924000.0,0.66,,0.66,4677234000.0,,4677234000.0,15643012240.0,19.0,10.871,-41573000.0,-0.219,1.0,453639000.0,0.309,0.0,-300851000.0,14438189000.0,,488580000.0,0.0,0.0,0.0,11938112000.0,2085676000.0,9852436000.0,9789616240.0,-228000.0,-2205000.0,18955000.0,128435000.0,-113315000.0,34309000.0,-266542000.0,7241000.0,232005000.0,0.0,126119000.0,126119000.0,126119000.0,0.0,0.0,0.086,143157000.0,310482000.0,0.0,0.909,2.093,19.158,19.122,11695062000.0,0.0,51.63,1.651,1.646,856709000.0,1605017000.0,1469779000.0,1469779000.0,0.0,,,,,0.0,0.0,1.0,189611006.0,189543000,,7.754,16615346000.0,0.0,52805000.0,0.0,87.66,-565234000.0
95,AEP,MRQ,1997-09-30,1997-09-30,1997-09-30,2021-09-07,0.0,16250414000.0,,1379080000.0,14871334000.0,,24.545,-159929000.0,91767000.0,91767000.0,1072807000.0,91181000.0,0.783,2.498,5945163000.0,822781000.0,5122382000.0,5945163000.0,181481000.0,152176000.0,0.0,0.053,0.6,286314000.0,438490000.0,0.277,438490000.0,286314000.0,182936000.0,0.48,,0.48,4645972000.0,,4645972000.0,14591349712.0,12.0,7.845,239646000.0,1.266,1.0,511187000.0,0.323,0.0,103378000.0,20341636000.0,,476800000.0,0.0,0.0,0.0,11604442000.0,1762174000.0,9842268000.0,8608084712.0,-2412000.0,-4590000.0,19022000.0,-135734000.0,-113515000.0,-230227000.0,-171760000.0,-7241000.0,399575000.0,0.0,91181000.0,91181000.0,91181000.0,0.0,0.0,0.058,144342000.0,366845000.0,207669000.0,1.25,1.853,16.64,16.545,11502352000.0,0.0,45.5,1.458,1.459,723070000.0,1592705000.0,1583994000.0,1583994000.0,0.0,,,,,0.0,0.0,1.0,189188675.0,189287000,,8.368,16250414000.0,0.0,91755000.0,3217870000.0,85.851,-383094000.0
96,AEP,MRQ,1997-06-30,1997-06-30,1997-06-30,2021-09-07,0.0,16326818000.0,,1451750000.0,14875068000.0,,24.621,-200806000.0,94179000.0,94179000.0,939077000.0,121139000.0,0.757,2.512,6077444000.0,999687000.0,5077757000.0,6077444000.0,173604000.0,151602000.0,0.0,0.057,0.6,295067000.0,446669000.0,0.323,446669000.0,295067000.0,191416000.0,0.64,,0.64,4649024000.0,,4649024000.0,13388557000.0,10.0,6.967,-51397000.0,-0.272,1.0,443081000.0,0.321,0.0,103651000.0,20391812000.0,,499190000.0,0.0,0.0,0.0,11677794000.0,1918271000.0,9759523000.0,7925820000.0,8096000.0,-357205000.0,19451000.0,561824000.0,-113227000.0,417746000.0,-559059000.0,0.0,149409000.0,0.0,121139000.0,121139000.0,121139000.0,0.0,0.0,0.088,151549000.0,291532000.0,176050000.0,0.938,1.705,13.469,13.376,11468917000.0,0.0,42.0,1.365,1.366,726185000.0,1615039000.0,1382158000.0,1382158000.0,0.0,,,,,0.0,0.0,1.0,188710000.0,188822000,,7.32,16326818000.0,0.0,70277000.0,3364346000.0,86.467,-466521000.0
97,AEP,MRQ,1997-03-31,1997-03-31,1997-03-31,2021-09-07,0.0,15905690000.0,,1407780000.0,14497910000.0,,24.554,-125687000.0,86083000.0,86083000.0,962976000.0,172562000.0,0.766,2.439,5548820000.0,762184000.0,4786636000.0,5548820000.0,159734000.0,151716000.0,0.0,0.058,0.6,371547000.0,523263000.0,0.351,523263000.0,371547000.0,277725000.0,0.92,,0.92,4624586000.0,,4624586000.0,13000112750.0,10.0,6.845,291324000.0,1.547,1.0,529093000.0,0.355,0.0,93822000.0,19531415000.0,,461235000.0,0.0,0.0,0.0,11281104000.0,1837012000.0,9444092000.0,7764693750.0,28544000.0,0.0,19572000.0,212475000.0,-112943000.0,-263828000.0,-124639000.0,0.0,417011000.0,0.0,172562000.0,172562000.0,172562000.0,0.0,0.0,0.116,151952000.0,377141000.0,158749000.0,0.652,1.679,13.388,13.306,11416209000.0,0.0,41.25,1.333,1.334,731018000.0,1607776000.0,1492069000.0,1492069000.0,0.0,,,,,0.0,0.0,1.0,188235000.0,188347000,,7.922,15905690000.0,0.0,105163000.0,3496340000.0,84.449,-429232000.0
98,AEP,MRQ,1996-12-31,1996-12-31,1996-12-31,2021-09-07,0.0,15882988000.0,,1354881000.0,14528107000.0,,24.186,-230638000.0,57539000.0,57539000.0,981524000.0,132428000.0,0.906,2.494,0.0,496190000.0,4796768000.0,0.0,0.0,148452000.0,0.0,0.058,0.6,303062000.0,451514000.0,0.312,451514000.0,303062000.0,211000000.0,0.71,,0.71,4545327000.0,,4545327000.0,,,,21864000.0,0.116,1.0,464566000.0,0.321,0.0,92062000.0,14329412000.0,,487153000.0,0.0,0.0,0.0,11337661000.0,1496037000.0,9841624000.0,7740223200.0,-55165000.0,0.0,16124000.0,38061000.0,-112702000.0,-89312000.0,-218355000.0,0.0,252502000.0,0.0,132428000.0,132428000.0,132428000.0,0.0,0.0,0.092,150514000.0,314052000.0,0.0,0.845,1.703,13.176,13.096,11420371000.0,0.0,41.12,1.323,1.317,706298000.0,1547746000.0,1446090000.0,1446090000.0,0.0,,,,,0.0,0.0,1.0,188235000.0,187930000,,7.695,15882988000.0,0.0,78572000.0,0.0,84.515,-141156000.0
99,AEP,MRQ,1996-09-30,1996-09-30,1996-09-30,2021-09-07,,,,,,,,-138496000.0,,,973261000.0,162324000.0,,,,,,,,147340000.0,,0.059,0.6,352809000.0,500149000.0,0.337,500149000.0,352809000.0,261931000.0,0.87,,0.87,,,,,,,291779000.0,1.556,1.0,511161000.0,0.344,,90878000.0,,,,,,,,,,,2290000.0,0.0,16216000.0,-191333000.0,-112463000.0,-289489000.0,-138496000.0,0.0,430275000.0,0.0,162324000.0,162324000.0,162324000.0,0.0,0.0,0.109,151809000.0,359352000.0,,0.69,,,,,0.0,40.62,,,,,1484422000.0,1484422000.0,0.0,,,,,0.0,0.0,1.0,,187528000,,7.916,,,99607000.0,,,
100,AEP,MRQ,1996-06-30,1996-06-30,1996-06-30,2021-09-07,,,,,,,,-120828000.0,,,965670000.0,112666000.0,,,,,,,,148089000.0,,0.058,0.6,276261000.0,424350000.0,0.303,424350000.0,276261000.0,177898000.0,0.6,,0.6,,,,,,,20282000.0,0.108,1.0,435271000.0,0.311,,98363000.0,,,,,,,,,,,-79007000.0,0.0,18548000.0,24925000.0,-112205000.0,-99289000.0,-120828000.0,0.0,141110000.0,0.0,112666000.0,112666000.0,112666000.0,0.0,0.0,0.08,149414000.0,285857000.0,,1.0,,,,,0.0,41.625,,,,,1400941000.0,1400941000.0,0.0,,,,,0.0,0.0,1.0,,187104000,,7.487,,,65232000.0,,,
101,AEP,MRQ,1996-03-31,1996-03-31,1996-03-31,2021-09-07,,,,,,,,-87729000.0,,,977734000.0,180012000.0,,,,,,,,146776000.0,,0.057,0.6,378848000.0,525624000.0,0.346,525624000.0,378848000.0,278823000.0,0.96,,0.96,,,,,,,325446000.0,1.743,1.0,540047000.0,0.356,,100025000.0,,,,,,,,,,,109466000.0,0.0,14573000.0,-111070000.0,-111983000.0,-215980000.0,-87729000.0,0.0,413175000.0,0.0,180012000.0,180012000.0,180012000.0,0.0,0.0,0.119,149114000.0,390933000.0,,0.625,,,,,0.0,41.75,,,,,1517781000.0,1517781000.0,0.0,,,,,0.0,0.0,1.0,,186723000,,8.129,,,98811000.0,,,
102,AEP,MRQ,1995-12-31,1995-12-31,1995-12-31,2021-09-07,0.0,15902301000.0,,1401858000.0,14500443000.0,,,,79955000.0,79955000.0,,,,,0.0,,,0.0,0.0,,0.0,0.059,0.6,,,,,,,,,,,,,,,,,,1.0,,,0.0,,15822346000.0,,522984000.0,0.0,0.0,0.0,,,,,,,,,,,,,,,,,,,,,,,0.0,,,,14.211,11384839000.0,,40.5,,1.327,700202000.0,,,,,,,,,,,1.0,,185847000,,,15902301000.0,0.0,,0.0,85.567,
0,AEP,MRT,2021-06-30,2021-06-30,2021-06-30,2021-09-07,97000000.0,84358200000.0,81697450000.0,4605800000.0,79752400000.0,0.193,42.765,-5900500000.0,359700000.0,359700000.0,9916300000.0,2335500000.0,0.442,2.931,37056900000.0,5829200000.0,31227700000.0,37056900000.0,0.0,2938000000.0,350100000.0,0.035,2.92,3605800000.0,6543800000.0,0.415,6543800000.0,3605800000.0,2434400000.0,4.71,4.67,4.71,21378700000.0,20817075000.0,21378700000.0,78208986336.0,22.0,11.952,-2769900000.0,-5.541,1.0,5868300000.0,0.372,52500000.0,1171400000.0,110574300000.0,106627500000.0,1188400000.0,221700000.0,221700000.0,0.0,62663400000.0,10428600000.0,52234800000.0,42273886336.0,-145000000.0,-270000000.0,300900000.0,4335900000.0,-1466800000.0,2940500000.0,-6216100000.0,-48400000.0,3130600000.0,0.0,2337300000.0,2337300000.0,2337300000.0,0.0,-1800000.0,0.148,2734700000.0,3133600000.0,1641600000.0,0.62,1.977,18.087,17.96,66462100000.0,0.0,84.59,2.678,2.679,2073800000.0,11098700000.0,15784600000.0,15784600000.0,0.0,0.029,0.112,0.034,0.228,0.0,0.0,1.0,499750400.0,499916640,500983778.0,31.574,84305700000.0,189800000.0,97100000.0,9625600000.0,168.64,-5822800000.0
1,AEP,MRT,2021-03-31,2021-03-31,2021-03-31,2021-09-07,-30800000.0,82985100000.0,80059100000.0,4258400000.0,78726700000.0,0.193,42.194,-6049200000.0,324000000.0,324000000.0,9698800000.0,2276200000.0,0.417,2.942,36259100000.0,5419200000.0,30839900000.0,36259100000.0,0.0,2910400000.0,331000000.0,0.034,2.88,3492200000.0,6402600000.0,0.414,6402600000.0,3492200000.0,2328400000.0,4.6,4.57,4.6,20972800000.0,20474250000.0,20972800000.0,76055575232.0,22.0,11.879,-2949200000.0,-5.933,1.0,5753300000.0,0.372,52500000.0,1163800000.0,108647600000.0,103959550000.0,1271900000.0,199100000.0,199100000.0,0.0,61709800000.0,10220100000.0,51489700000.0,42062375232.0,-1346800000.0,0.0,283500000.0,2991700000.0,-1433200000.0,1655300000.0,-6102100000.0,-49500000.0,3100000000.0,0.0,2279900000.0,2279900000.0,2279900000.0,0.0,-3700000.0,0.148,2706900000.0,3046400000.0,1703900000.0,0.626,2.006,18.449,18.413,65515000000.0,0.0,84.7,2.722,2.725,1858400000.0,10892700000.0,15452100000.0,15452100000.0,0.0,0.028,0.111,0.034,0.226,0.0,0.0,1.0,496604194.0,497058635,498164219.0,31.087,82932600000.0,187600000.0,48500000.0,9747800000.0,166.847,-5961700000.0
2,AEP,MRT,2020-12-31,2020-12-31,2020-12-31,2021-09-07,-85100000.0,80757200000.0,78743825000.0,4351500000.0,76405700000.0,0.189,41.457,-6246300000.0,438300000.0,438300000.0,9248000000.0,2196700000.0,0.438,2.917,34431500000.0,4806700000.0,29624800000.0,34431500000.0,0.0,2819300000.0,335600000.0,0.034,2.84,3406300000.0,6225600000.0,0.417,6225600000.0,3406300000.0,2240600000.0,4.44,4.42,4.44,20550900000.0,20163150000.0,20550900000.0,74261383204.0,22.0,11.928,-2413400000.0,-4.868,1.0,5670500000.0,0.38,52500000.0,1165700000.0,104771200000.0,101216000000.0,1310000000.0,200800000.0,200800000.0,0.0,59937500000.0,9926700000.0,50010800000.0,41334083204.0,5700000.0,0.0,155000000.0,3865600000.0,-1424900000.0,2406700000.0,-6233900000.0,-34500000.0,3832900000.0,0.0,2200100000.0,2200100000.0,2200100000.0,0.0,-3400000.0,0.147,2682800000.0,2987700000.0,1709700000.0,0.64,2.011,18.787,18.755,64768000000.0,0.0,83.27,2.771,2.767,1842700000.0,10687800000.0,14918500000.0,14918500000.0,0.0,0.028,0.109,0.034,0.228,0.0,0.0,1.0,496386252.0,495718223,497226867.0,30.095,80704700000.0,185300000.0,40500000.0,9717300000.0,162.804,-5575200000.0
3,AEP,MRT,2020-09-30,2020-09-30,2020-09-30,2021-09-07,-135400000.0,78689300000.0,77527600000.0,4338200000.0,74351100000.0,0.192,41.046,-6405800000.0,463800000.0,463800000.0,9418100000.0,1914700000.0,0.48,2.847,33391100000.0,4545100000.0,28846000000.0,33391100000.0,0.0,2842000000.0,339700000.0,0.034,2.8,3100700000.0,5942700000.0,0.398,5942700000.0,3100700000.0,1932400000.0,3.87,3.86,3.87,20365900000.0,19933475000.0,20365900000.0,72822983784.0,23.0,12.254,-2563400000.0,-5.166,1.0,5505800000.0,0.369,52500000.0,1168300000.0,102516900000.0,98933350000.0,1267300000.0,209000000.0,209000000.0,0.0,57982200000.0,9047200000.0,48935000000.0,40550783784.0,-26000000.0,2900000.0,157100000.0,3951700000.0,-1403700000.0,2625800000.0,-6494200000.0,-41000000.0,3842400000.0,0.0,1918100000.0,1918100000.0,1918100000.0,0.0,-3400000.0,0.129,2793600000.0,2712200000.0,1659600000.0,0.724,1.991,21.141,21.119,63667400000.0,0.0,81.73,2.717,2.717,1850700000.0,10621400000.0,14923900000.0,14923900000.0,0.0,0.025,0.096,0.031,0.208,0.0,0.0,1.0,496155436.0,496177968,497458523.0,30.078,78636800000.0,0.0,14300000.0,8954100000.0,158.485,-4709000000.0
4,AEP,MRT,2020-06-30,2020-06-30,2020-06-30,2021-09-07,-172900000.0,77804800000.0,76330450000.0,4273200000.0,73531600000.0,0.199,40.366,-6309600000.0,504700000.0,504700000.0,9651100000.0,1900400000.0,0.422,2.869,32776900000.0,5450700000.0,27326200000.0,32776900000.0,0.0,2842600000.0,356500000.0,0.035,2.77,3111200000.0,5953800000.0,0.392,5953800000.0,3111200000.0,1959100000.0,3.85,3.84,3.85,20007400000.0,19771100000.0,20007400000.0,71124840712.0,23.0,11.946,-2094100000.0,-4.225,1.0,5521400000.0,0.364,52500000.0,1152100000.0,99902500000.0,96846200000.0,1279800000.0,192300000.0,192300000.0,0.0,57393800000.0,10122000000.0,47271800000.0,39468240712.0,115000000.0,-337200000.0,144000000.0,3998600000.0,-1386500000.0,2696600000.0,-6797100000.0,-62900000.0,4215500000.0,0.0,1903000000.0,1903000000.0,1903000000.0,0.0,-2600000.0,0.125,2794200000.0,2727200000.0,1628000000.0,0.719,1.973,20.74,20.686,62839700000.0,0.0,79.64,2.601,2.602,1791500000.0,10221900000.0,15172500000.0,15172500000.0,0.0,0.025,0.096,0.032,0.205,0.0,0.0,1.0,495583133.0,495655053,497337980.0,30.611,77752300000.0,0.0,56100000.0,9023700000.0,156.868,-5848800000.0
5,AEP,MRT,2020-03-31,2020-03-31,2020-03-31,2021-09-07,-216500000.0,77724000000.0,75016750000.0,5292000000.0,72432000000.0,0.203,39.888,-6278700000.0,1670800000.0,1670800000.0,9959300000.0,1845000000.0,0.454,2.92,33327400000.0,6808100000.0,26519300000.0,33327400000.0,0.0,2751500000.0,361000000.0,0.034,2.74,2941400000.0,5692900000.0,0.373,5692900000.0,2941400000.0,1832600000.0,3.73,3.72,3.73,19728400000.0,19584150000.0,19728400000.0,69623574291.0,24.0,12.23,-2201200000.0,-4.45,1.0,5292800000.0,0.347,52500000.0,1108800000.0,97673400000.0,94992075000.0,1195900000.0,185200000.0,185200000.0,0.0,57598300000.0,11654700000.0,45943600000.0,39523674291.0,1307700000.0,-918400000.0,106900000.0,5903500000.0,-1380100000.0,4557900000.0,-7327700000.0,-60400000.0,4077500000.0,0.0,1843500000.0,1843500000.0,1843500000.0,0.0,1500000.0,0.121,2737300000.0,2555500000.0,1593400000.0,0.735,2.003,21.439,21.442,61975600000.0,0.0,79.98,2.591,2.594,1741500000.0,10038800000.0,15252100000.0,15252100000.0,0.0,0.025,0.094,0.031,0.193,0.0,0.0,1.0,494169471.0,494596869,496608918.0,30.837,77671500000.0,0.0,-10900000.0,8923900000.0,157.04,-6362700000.0
6,AEP,MRT,2019-12-31,2019-12-31,2019-12-31,2021-09-07,-147700000.0,75892300000.0,73266250000.0,4077800000.0,71814500000.0,0.212,39.766,-6051400000.0,432600000.0,432600000.0,10298200000.0,1919800000.0,0.396,2.846,30532500000.0,4671100000.0,25861400000.0,30532500000.0,0.0,2651000000.0,366100000.0,0.029,2.71,2980700000.0,5631700000.0,0.362,5631700000.0,2980700000.0,1908200000.0,3.89,3.88,3.89,19632200000.0,19451125000.0,19632200000.0,75614685752.0,25.0,13.427,-1781300000.0,-3.608,1.0,5263200000.0,0.338,52500000.0,1072500000.0,95640600000.0,92995950000.0,1169200000.0,202700000.0,202700000.0,0.0,55870500000.0,10299100000.0,45571400000.0,46683385752.0,-11500000.0,-918400000.0,65300000.0,4173400000.0,-1350000000.0,2862900000.0,-7144500000.0,-81800000.0,4270100000.0,0.0,1921100000.0,1921100000.0,1921100000.0,0.0,-1300000.0,0.123,2670900000.0,2592300000.0,2085800000.0,0.697,2.378,24.3,24.296,61095500000.0,0.0,94.51,3.0,2.998,1705100000.0,9900900000.0,15561400000.0,15561400000.0,0.0,0.026,0.099,0.032,0.192,0.0,0.0,1.0,493951812.0,493694345,495306238.0,31.52,75839800000.0,85800000.0,-12900000.0,8946000000.0,153.617,-6221300000.0
7,AEP,MRT,2019-09-30,2019-09-30,2019-09-30,2021-09-07,-187900000.0,73900700000.0,71493875000.0,4166400000.0,69734300000.0,0.22,39.925,-5958500000.0,489800000.0,489800000.0,10362500000.0,2131900000.0,0.484,2.727,29421100000.0,4066500000.0,25354600000.0,29421100000.0,0.0,2464700000.0,381400000.0,0.029,2.68,3216400000.0,5681100000.0,0.361,5681100000.0,3216400000.0,2183500000.0,4.31,4.31,4.31,19716400000.0,19300175000.0,19716400000.0,74609263950.0,23.0,13.133,-1318000000.0,-2.669,1.0,5384000000.0,0.342,52500000.0,1032900000.0,94168300000.0,90314325000.0,1051300000.0,198400000.0,198400000.0,0.0,53765100000.0,8611200000.0,45153900000.0,46263663950.0,-447700000.0,-921300000.0,55800000.0,3232600000.0,-1335000000.0,1934300000.0,-7022500000.0,-94800000.0,4640500000.0,0.0,2131000000.0,2131000000.0,2131000000.0,0.0,900000.0,0.135,2535300000.0,2848700000.0,1766800000.0,0.622,2.346,21.71,21.738,59682700000.0,0.0,93.69,2.938,2.938,1825100000.0,10095300000.0,15746500000.0,15746500000.0,0.0,0.03,0.11,0.036,0.204,0.0,0.0,1.0,493795111.0,493839034,495461509.0,31.886,73848200000.0,0.0,52500000.0,8311200000.0,149.539,-4444800000.0
8,AEP,MRT,2019-06-30,2019-06-30,2019-06-30,2021-09-07,-230700000.0,72550000000.0,69923050000.0,4061300000.0,68488700000.0,0.225,39.02,-6074200000.0,389600000.0,389600000.0,10712800000.0,1977700000.0,0.486,2.752,28735200000.0,3763600000.0,24971600000.0,28735200000.0,0.0,2422100000.0,382100000.0,0.03,2.63,2920900000.0,5343000000.0,0.339,5343000000.0,2920900000.0,1906300000.0,3.99,4.0,3.99,19259600000.0,19125275000.0,19259600000.0,70437260995.0,24.0,13.183,-1057000000.0,-2.141,1.0,5051800000.0,0.32,52500000.0,1014600000.0,92486000000.0,87576700000.0,1034400000.0,175700000.0,175700000.0,0.0,53001000000.0,8357100000.0,44643900000.0,43427260995.0,2400000.0,-581200000.0,55000000.0,2963400000.0,-1309400000.0,1694900000.0,-6709700000.0,-62400000.0,5017200000.0,0.0,1975100000.0,1975100000.0,1975100000.0,0.0,2600000.0,0.125,2492700000.0,2559100000.0,1689000000.0,0.659,2.255,21.987,22.058,58219400000.0,0.0,88.01,2.755,2.756,1781200000.0,9694200000.0,15764600000.0,15764600000.0,0.0,0.028,0.103,0.033,0.185,0.0,0.0,1.0,493435530.0,493584347,495382966.0,31.939,72497500000.0,0.0,-68800000.0,8340200000.0,146.88,-4295800000.0
9,AEP,MRT,2019-03-31,2019-03-31,2019-03-31,2021-09-07,-150700000.0,70722000000.0,68503075000.0,3914800000.0,66807200000.0,0.237,38.913,-5970500000.0,363100000.0,363100000.0,11015800000.0,2048700000.0,0.49,2.676,27373100000.0,3614700000.0,23758400000.0,27373100000.0,0.0,2352700000.0,400400000.0,0.031,2.58,3106200000.0,5458900000.0,0.337,5458900000.0,3106200000.0,2100000000.0,4.13,4.14,4.13,19196300000.0,18990950000.0,19196300000.0,66121942115.0,21.0,12.113,-741200000.0,-1.503,1.0,5188400000.0,0.32,52500000.0,1006200000.0,89688900000.0,84953500000.0,946600000.0,168900000.0,168900000.0,0.0,51378800000.0,7990600000.0,43388200000.0,41309342115.0,46600000.0,0.0,55900000.0,2068300000.0,-1283000000.0,825900000.0,-6008600000.0,-59000000.0,5229300000.0,0.0,2042200000.0,2042200000.0,2042200000.0,0.0,6500000.0,0.126,2423300000.0,2765100000.0,1497200000.0,0.625,2.152,20.228,20.278,57014000000.0,0.0,83.75,2.549,2.55,1882300000.0,9565600000.0,16204200000.0,16204200000.0,0.0,0.03,0.108,0.037,0.192,0.0,0.0,1.0,493245876.0,493309076,494484144.0,32.848,70669500000.0,0.0,57800000.0,8349500000.0,143.256,-4075800000.0
10,AEP,MRT,2018-12-31,2018-12-31,2018-12-31,2021-09-07,-120400000.0,68802800000.0,67224950000.0,4113900000.0,64688900000.0,0.241,38.615,-6310900000.0,444100000.0,444100000.0,11155800000.0,1931300000.0,0.476,2.608,25256700000.0,3608500000.0,21648200000.0,25256700000.0,0.0,2286600000.0,412200000.0,0.034,2.53,3023500000.0,5310100000.0,0.328,5310100000.0,3023500000.0,2039100000.0,3.9,3.9,3.9,19028400000.0,18812700000.0,19028400000.0,60934053730.0,20.0,11.475,-1087700000.0,-2.207,1.0,5039900000.0,0.311,52500000.0,984400000.0,84914100000.0,82503500000.0,921100000.0,159100000.0,159100000.0,0.0,49634600000.0,8648800000.0,40985800000.0,36854953730.0,31500000.0,0.0,73600000.0,2370000000.0,-1255500000.0,1161900000.0,-6353600000.0,-57800000.0,5223200000.0,0.0,1923800000.0,1923800000.0,1923800000.0,0.0,7500000.0,0.119,2357200000.0,2682700000.0,1874300000.0,0.649,1.937,19.157,19.164,55099100000.0,0.0,74.74,2.276,2.274,1926500000.0,9325300000.0,16195700000.0,16195700000.0,0.0,0.029,0.102,0.037,0.187,0.0,0.0,1.0,493108827.0,492774600,493758277.0,32.866,68750300000.0,0.0,115300000.0,8304500000.0,139.517,-4534900000.0
11,AEP,MRT,2018-09-30,2018-09-30,2018-09-30,2021-09-07,-86000000.0,67617400000.0,66206525000.0,4692400000.0,62925000000.0,0.245,38.575,-6601500000.0,937500000.0,937500000.0,11048600000.0,1968300000.0,0.557,2.549,25016600000.0,4146800000.0,20869800000.0,25016600000.0,0.0,2206800000.0,372500000.0,0.035,2.48,3186600000.0,5393400000.0,0.333,5393400000.0,3186600000.0,2226500000.0,3.98,3.97,3.98,19016800000.0,18627350000.0,19016800000.0,59173066031.0,19.0,10.971,-1522700000.0,-3.089,1.0,5156400000.0,0.318,52500000.0,960100000.0,83217800000.0,80976125000.0,847900000.0,164100000.0,164100000.0,0.0,48470100000.0,8426200000.0,40043900000.0,34939166031.0,446700000.0,0.0,74700000.0,3170000000.0,-1239400000.0,1990300000.0,-6622400000.0,-51500000.0,5078800000.0,0.0,1961100000.0,1961100000.0,1961100000.0,0.0,7200000.0,0.121,2293900000.0,2862500000.0,1579900000.0,0.623,1.837,17.816,17.809,53355700000.0,0.0,70.88,2.156,2.156,2118100000.0,9293700000.0,16205000000.0,16205000000.0,0.0,0.03,0.105,0.039,0.197,0.0,0.0,1.0,492934058.0,492984741,493940543.0,32.871,67564900000.0,0.0,265400000.0,7884500000.0,137.053,-3733800000.0
12,AEP,MRT,2018-06-30,2018-06-30,2018-06-30,2021-09-07,-94800000.0,66870100000.0,65293400000.0,4570100000.0,62300000000.0,0.245,38.0,-6404300000.0,387300000.0,387300000.0,10597800000.0,1945300000.0,0.505,2.565,24621200000.0,4870600000.0,19750600000.0,24621200000.0,0.0,2122700000.0,369000000.0,0.035,2.45,3464900000.0,5587600000.0,0.35,5587600000.0,3464900000.0,2538300000.0,3.92,3.9,3.92,18722300000.0,18390425000.0,18722300000.0,57910550298.0,17.0,10.364,-1844100000.0,-3.743,1.0,5378800000.0,0.337,52500000.0,926600000.0,81993200000.0,79678550000.0,915600000.0,163100000.0,163100000.0,0.0,48024700000.0,9058300000.0,38966400000.0,34107250298.0,43000000.0,0.0,63100000.0,3153700000.0,-1221200000.0,1981300000.0,-6498500000.0,-60700000.0,4560200000.0,0.0,1928200000.0,1928200000.0,1928200000.0,0.0,17100000.0,0.121,2209800000.0,3169000000.0,1635400000.0,0.625,1.822,17.689,17.666,52441500000.0,0.0,69.25,2.135,2.136,2270700000.0,9023100000.0,15976600000.0,15976600000.0,0.0,0.03,0.105,0.043,0.217,0.0,0.0,1.0,492523470.0,492688342,493505085.0,32.427,66817600000.0,0.0,610100000.0,8029200000.0,135.618,-4488200000.0
13,AEP,MRT,2018-03-31,2018-03-31,2018-03-31,2021-09-07,-95400000.0,65609500000.0,64260650000.0,4135000000.0,61474500000.0,0.242,37.547,-6231300000.0,316500000.0,316500000.0,10252400000.0,1791400000.0,0.437,2.543,24119800000.0,5274900000.0,18844900000.0,24119800000.0,0.0,2055000000.0,365500000.0,0.035,2.42,3410500000.0,5465500000.0,0.352,5465500000.0,3410500000.0,2503300000.0,3.61,3.59,3.61,18483300000.0,18165875000.0,18483300000.0,56145963967.0,16.0,10.273,-1965500000.0,-3.993,1.0,5287500000.0,0.34,52500000.0,907200000.0,79888900000.0,78061650000.0,922800000.0,167900000.0,167900000.0,0.0,47010200000.0,9471400000.0,37538800000.0,33746663967.0,17100000.0,0.0,44400000.0,3276700000.0,-1206600000.0,2111700000.0,-6360400000.0,-57600000.0,4265800000.0,0.0,1774800000.0,1774800000.0,1774800000.0,0.0,16600000.0,0.114,2142200000.0,3145300000.0,1449600000.0,0.67,1.826,19.014,19.0,51365100000.0,0.0,68.59,2.172,2.173,1851500000.0,8801500000.0,15539900000.0,15539900000.0,0.0,0.028,0.098,0.044,0.219,0.0,0.0,1.0,492005598.0,492267402,493127300.0,31.568,65557000000.0,0.0,728500000.0,8025300000.0,133.174,-5336400000.0
14,AEP,MRT,2017-12-31,2017-12-31,2017-12-31,2021-09-07,-67800000.0,64729100000.0,63290350000.0,4253100000.0,60476000000.0,0.244,37.183,-3531700000.0,412600000.0,412600000.0,10042000000.0,1928900000.0,0.514,2.538,22811900000.0,3392300000.0,19419600000.0,22811900000.0,0.0,1997200000.0,357000000.0,0.032,2.39,3777300000.0,5774500000.0,0.374,5774500000.0,3777300000.0,2882300000.0,3.89,3.88,3.89,18287000000.0,17966825000.0,18287000000.0,57624997567.0,15.0,9.979,738700000.0,1.502,1.0,5382900000.0,0.349,52500000.0,895000000.0,78804600000.0,76679100000.0,953200000.0,161700000.0,161700000.0,0.0,46403600000.0,8271300000.0,38132300000.0,36187897567.0,9100000.0,0.0,12200000.0,578400000.0,-1191900000.0,-604900000.0,-3656400000.0,-58400000.0,4270400000.0,0.0,1912600000.0,1912600000.0,1912600000.0,0.0,16300000.0,0.124,1857900000.0,3525000000.0,2065300000.0,0.614,1.979,18.921,18.913,50261500000.0,0.0,73.57,2.346,2.346,1891000000.0,8626700000.0,15424900000.0,15424900000.0,0.0,0.03,0.106,0.049,0.245,0.0,0.0,1.0,491883887.0,491814651,492611067.0,31.363,64676600000.0,0.0,969700000.0,7929400000.0,131.506,-4018200000.0
15,AEP,MRT,2017-09-30,2017-09-30,2017-09-30,2021-09-07,-175400000.0,63964900000.0,62975000000.0,4067800000.0,59897100000.0,0.245,36.738,-3012700000.0,343900000.0,343900000.0,10403300000.0,1902300000.0,0.556,2.537,21781000000.0,3418600000.0,18362400000.0,21781000000.0,0.0,1898000000.0,346600000.0,0.034,2.36,3621400000.0,5519400000.0,0.358,5519400000.0,3621400000.0,2743400000.0,3.83,3.82,3.83,18069100000.0,17744325000.0,18069100000.0,55778068432.0,15.0,10.106,1212300000.0,2.465,1.0,5001300000.0,0.325,52500000.0,878000000.0,78027500000.0,75848725000.0,916500000.0,310700000.0,310700000.0,0.0,45850100000.0,7322000000.0,38528100000.0,34546868432.0,28100000.0,-107900000.0,0.0,323200000.0,-1166200000.0,-856300000.0,-3340600000.0,-173500000.0,4225000000.0,0.0,1885300000.0,1885300000.0,1885300000.0,0.0,17000000.0,0.122,1674500000.0,3326800000.0,1537000000.0,0.616,1.912,18.324,18.339,48316500000.0,0.0,70.24,2.243,2.243,1740900000.0,8532000000.0,15404600000.0,15404600000.0,0.0,0.03,0.106,0.048,0.235,0.0,0.0,1.0,491840382.0,491840722,492986307.0,31.32,63912400000.0,0.0,858100000.0,13344700000.0,129.945,-3254200000.0
16,AEP,MRT,2017-06-30,2017-06-30,2017-06-30,2021-09-07,-161600000.0,62739100000.0,62344275000.0,3809000000.0,58930100000.0,0.256,36.243,-2846100000.0,172400000.0,172400000.0,10768100000.0,581400000.0,0.454,2.518,21403600000.0,4606700000.0,16796900000.0,21403600000.0,0.0,1918800000.0,344000000.0,0.034,2.33,1514400000.0,3433200000.0,0.215,3433200000.0,1514400000.0,634400000.0,1.16,1.16,1.16,17824100000.0,17557525000.0,17824100000.0,54756637572.0,36.0,15.949,1666900000.0,3.389,1.0,5184000000.0,0.325,52500000.0,880000000.0,75525600000.0,74987075000.0,982200000.0,317600000.0,317600000.0,0.0,44884100000.0,8392200000.0,36491900000.0,34159237572.0,-153000000.0,-107900000.0,3300000.0,-351000000.0,-1152800000.0,-1522300000.0,-3143700000.0,-134200000.0,4513000000.0,0.0,574800000.0,574800000.0,574800000.0,0.0,6600000.0,0.036,3960200000.0,1223800000.0,1268400000.0,2.009,1.916,59.428,59.888,47227200000.0,0.0,69.47,2.141,2.142,1661800000.0,8276400000.0,15952100000.0,15952100000.0,0.0,0.009,0.033,0.02,0.095,0.0,0.0,1.0,491712071.0,491790752,492642100.0,32.437,62686600000.0,0.0,59600000.0,13180000000.0,127.466,-4583200000.0
17,AEP,MRT,2017-03-31,2017-03-31,2017-03-31,2021-09-07,-171000000.0,61728300000.0,62488775000.0,3616400000.0,58111900000.0,0.26,35.97,-2783800000.0,175000000.0,175000000.0,10923400000.0,709100000.0,0.457,2.489,20772400000.0,4050200000.0,16722200000.0,20772400000.0,0.0,1947100000.0,342000000.0,0.034,2.3,1617900000.0,3565000000.0,0.219,3565000000.0,1617900000.0,735900000.0,1.42,1.42,1.42,17687100000.0,17698050000.0,17687100000.0,54767521727.0,34.0,15.363,1742400000.0,3.544,1.0,5345100000.0,0.329,52500000.0,882000000.0,74358700000.0,75293650000.0,955300000.0,275000000.0,275000000.0,0.0,44015000000.0,7914500000.0,36100500000.0,33008621727.0,-141500000.0,-107900000.0,22100000.0,-390300000.0,-1135900000.0,-1535600000.0,-3132100000.0,-171200000.0,4526200000.0,0.0,701900000.0,701900000.0,701900000.0,2500000.0,7200000.0,0.043,3988400000.0,1356700000.0,1116900000.0,1.62,1.866,47.028,47.275,46236300000.0,0.0,67.13,2.029,2.029,1711200000.0,8194300000.0,16268500000.0,16268500000.0,0.0,0.011,0.04,0.021,0.099,0.0,0.0,1.0,491711928.0,491712042,492031975.0,33.085,61675800000.0,0.0,34000000.0,13060100000.0,125.431,-4298100000.0
18,AEP,MRT,2016-12-31,2016-12-31,2016-12-31,2021-09-07,-156300000.0,63467700000.0,62678325000.0,6033900000.0,57433800000.0,0.261,35.396,-4781100000.0,403500000.0,403500000.0,10986100000.0,618000000.0,0.635,2.647,21969400000.0,4591000000.0,17378400000.0,21969400000.0,0.0,1962300000.0,343200000.0,0.036,2.27,1414400000.0,3376700000.0,0.206,3376700000.0,1414400000.0,537200000.0,1.24,1.24,1.24,17397000000.0,17807900000.0,17397000000.0,51928958118.0,37.0,15.379,-261800000.0,-0.533,1.0,5394000000.0,0.329,52500000.0,877200000.0,75483100000.0,75710300000.0,967300000.0,138700000.0,138700000.0,0.0,46047600000.0,9498000000.0,36549600000.0,30958158118.0,-23400000.0,-107900000.0,34200000.0,1606400000.0,-1121000000.0,503900000.0,-5046600000.0,-44600000.0,4519300000.0,0.0,610900000.0,610900000.0,610900000.0,2500000.0,7100000.0,0.037,4230100000.0,1163900000.0,1688500000.0,1.831,1.78,50.676,50.774,45639300000.0,0.0,62.96,1.89,1.889,1916700000.0,7892400000.0,16380100000.0,16380100000.0,0.0,0.01,0.034,0.019,0.086,0.0,0.0,1.0,491711533.0,491495458,491662007.0,33.327,63415200000.0,0.0,-73700000.0,12932400000.0,129.025,-3464100000.0
19,AEP,MRT,2016-09-30,2016-09-30,2016-09-30,2021-09-07,-145800000.0,61442000000.0,62232175000.0,5949200000.0,55492800000.0,0.26,35.229,-4612300000.0,212200000.0,212200000.0,10810300000.0,713500000.0,0.765,2.546,21183000000.0,3863100000.0,17319900000.0,21183000000.0,0.0,2031900000.0,341600000.0,0.035,2.24,1548600000.0,3580500000.0,0.221,3580500000.0,1548600000.0,665600000.0,1.43,1.43,1.43,17321900000.0,17931575000.0,17321900000.0,52929863913.0,34.0,14.783,-296100000.0,-0.602,1.0,5394400000.0,0.333,52500000.0,883000000.0,74580900000.0,75519125000.0,1024800000.0,279200000.0,279200000.0,0.0,44099000000.0,7779400000.0,36319600000.0,31572663913.0,25800000.0,-5300000.0,47900000.0,1080300000.0,-1105400000.0,-83800000.0,-4206600000.0,-11300000.0,4316200000.0,0.0,707100000.0,707100000.0,707100000.0,-263000000.0,6400000.0,0.044,4296800000.0,1097600000.0,1340300000.0,1.566,1.823,44.651,44.902,44262200000.0,0.0,64.21,1.948,1.948,1880000000.0,7809400000.0,16204700000.0,16204700000.0,0.0,0.011,0.039,0.021,0.096,0.0,0.0,1.0,491709452.0,491697809,491813858.0,32.957,61389500000.0,214900000.0,-41500000.0,12481300000.0,124.852,-1830200000.0
20,AEP,MRT,2016-06-30,2016-06-30,2016-06-30,2021-09-07,-117900000.0,63317100000.0,62146425000.0,4438900000.0,58878200000.0,0.257,37.411,-4612300000.0,246800000.0,246800000.0,10770700000.0,1997300000.0,0.564,2.443,21604000000.0,4066600000.0,17537400000.0,21604000000.0,0.0,2027500000.0,335800000.0,0.032,2.21,3637700000.0,5665200000.0,0.354,5665200000.0,3637700000.0,2759800000.0,4.05,4.05,4.05,18386200000.0,18025850000.0,18386200000.0,55249354804.0,15.0,9.752,-274000000.0,-0.558,1.0,5213200000.0,0.326,52500000.0,877900000.0,76751900000.0,75378400000.0,1362000000.0,306900000.0,306900000.0,0.0,44912200000.0,7869900000.0,37042300000.0,34436154804.0,43000000.0,-5300000.0,56700000.0,975500000.0,-1090000000.0,-162200000.0,-4133100000.0,-8800000.0,4338300000.0,0.0,1991200000.0,1991200000.0,1991200000.0,-270800000.0,6100000.0,0.125,2027500000.0,3185700000.0,1242300000.0,0.546,1.873,17.294,17.306,47436200000.0,0.0,70.09,2.154,2.155,1815200000.0,8851400000.0,15983900000.0,15983900000.0,0.0,0.032,0.11,0.048,0.228,0.0,0.0,1.0,491313380.0,491459541,491641400.0,32.523,63264600000.0,272700000.0,768600000.0,13216500000.0,128.728,-3431000000.0
21,AEP,MRT,2016-03-31,2016-03-31,2016-03-31,2021-09-07,-133800000.0,62486500000.0,61551650000.0,4146300000.0,58340200000.0,0.259,36.909,-4634500000.0,190400000.0,190400000.0,10782700000.0,1924700000.0,0.574,2.446,21003600000.0,3254300000.0,17749300000.0,21003600000.0,0.0,2011400000.0,358100000.0,0.033,2.18,3619200000.0,5630600000.0,0.354,5630600000.0,3619200000.0,2747000000.0,3.91,3.91,3.91,18126500000.0,17787800000.0,18126500000.0,52802191378.0,15.0,9.378,-274000000.0,-0.558,1.0,5135000000.0,0.323,52500000.0,872200000.0,76025300000.0,74861675000.0,1351900000.0,264500000.0,264500000.0,0.0,44344800000.0,7221900000.0,37122900000.0,32605891378.0,-8600000.0,-5300000.0,63300000.0,883400000.0,-1074500000.0,-223600000.0,-4145500000.0,-31300000.0,4360500000.0,0.0,1919100000.0,1919100000.0,1919100000.0,-273200000.0,5600000.0,0.121,2011400000.0,3123600000.0,1219500000.0,0.558,1.799,16.99,16.982,46832900000.0,0.0,66.4,2.048,2.049,1650000000.0,8624800000.0,15917700000.0,15917700000.0,0.0,0.031,0.108,0.048,0.227,0.0,0.0,1.0,491052581.0,491108392,491332305.0,32.412,62434000000.0,226100000.0,827900000.0,13033300000.0,127.129,-3075600000.0
22,AEP,MRT,2015-12-31,2015-12-31,2015-12-31,2021-09-07,-127100000.0,61683100000.0,60939525000.0,4072400000.0,57610700000.0,0.27,36.488,-4508000000.0,176400000.0,176400000.0,11110000000.0,2052300000.0,0.573,2.447,20372700000.0,2631800000.0,17740900000.0,20372700000.0,0.0,2009700000.0,346600000.0,0.037,2.15,3840600000.0,5850300000.0,0.356,5850300000.0,3840600000.0,2966700000.0,4.17,4.17,4.17,17891700000.0,17566425000.0,17891700000.0,48629930015.0,13.0,8.312,310500000.0,0.633,1.0,5343200000.0,0.325,52500000.0,873900000.0,74718400000.0,74033600000.0,1339400000.0,386800000.0,386800000.0,0.0,43778200000.0,7108500000.0,36669700000.0,28599930015.0,5300000.0,-5300000.0,81600000.0,301000000.0,-1059000000.0,-789400000.0,-4023800000.0,-64300000.0,4818500000.0,0.0,2047100000.0,2047100000.0,2047100000.0,-283700000.0,5200000.0,0.124,2009700000.0,3333500000.0,1418000000.0,0.516,1.599,13.971,13.974,46133200000.0,0.0,58.27,1.738,1.737,1640500000.0,8398300000.0,16453200000.0,16453200000.0,0.0,0.034,0.117,0.052,0.233,0.0,0.0,1.0,490817402.0,490340522,490574568.0,33.555,61630600000.0,0.0,919600000.0,12712300000.0,125.689,-3036100000.0
23,AEP,MRT,2015-09-30,2015-09-30,2015-09-30,2021-09-07,-109000000.0,61099000000.0,60404900000.0,4548000000.0,56551000000.0,0.276,36.073,-4515700000.0,178000000.0,178000000.0,11353000000.0,1773600000.0,0.644,2.452,20208000000.0,2608000000.0,17600000000.0,20208000000.0,0.0,2007600000.0,335000000.0,0.037,2.12,3591100000.0,5598700000.0,0.336,5598700000.0,3591100000.0,2715000000.0,3.62,3.62,3.62,17699000000.0,17298550000.0,17699000000.0,48381219879.0,13.0,8.642,303600000.0,0.619,1.0,5305100000.0,0.318,53000000.0,876100000.0,74018000000.0,73159350000.0,1105000000.0,315000000.0,315000000.0,0.0,43390000000.0,7058000000.0,36332000000.0,27893219879.0,-15700000.0,-19800000.0,78500000.0,726500000.0,-1045000000.0,-262100000.0,-4572900000.0,-50600000.0,4819300000.0,0.0,1768300000.0,1768300000.0,1768300000.0,-49700000.0,5300000.0,0.106,2007600000.0,3297500000.0,1274000000.0,0.586,1.576,15.774,15.707,45238000000.0,0.0,56.86,1.674,1.675,1853000000.0,8204000000.0,16658100000.0,16658100000.0,0.0,0.029,0.102,0.049,0.216,0.0,0.0,1.0,490559618.0,490648929,490800335.0,33.951,61046000000.0,0.0,946700000.0,12173000000.0,124.419,-2510000000.0
24,AEP,MRT,2015-06-30,2015-06-30,2015-06-30,2021-09-07,-102000000.0,60938000000.0,59611400000.0,4225000000.0,56713000000.0,0.275,35.565,-4428500000.0,195000000.0,195000000.0,11173700000.0,1748000000.0,0.635,2.495,20683000000.0,2922000000.0,17761000000.0,20683000000.0,0.0,1956700000.0,335000000.0,0.039,2.09,3551000000.0,5507700000.0,0.336,5507700000.0,3551000000.0,2678100000.0,3.57,3.57,3.57,17434000000.0,17090800000.0,17434000000.0,45846225092.0,13.0,8.324,191500000.0,0.391,1.0,5214000000.0,0.318,91000000.0,872900000.0,74685000000.0,72035600000.0,1160000000.0,356000000.0,356000000.0,0.0,43496000000.0,6650000000.0,36846000000.0,25952225092.0,5700000.0,-19800000.0,100400000.0,862500000.0,-1029700000.0,-85900000.0,-4528400000.0,-31300000.0,4620000000.0,0.0,1743000000.0,1743000000.0,1743000000.0,-52900000.0,5000000.0,0.106,1971700000.0,3242300000.0,1236000000.0,0.585,1.489,14.889,14.838,45013000000.0,0.0,52.97,1.584,1.584,1920000000.0,7945000000.0,16387700000.0,16387700000.0,0.0,0.029,0.102,0.049,0.217,0.0,0.0,1.0,489941950.0,490207482,490484450.0,33.43,60847000000.0,0.0,935100000.0,12175000000.0,124.125,-2425000000.0
25,AEP,MRT,2015-03-31,2015-03-31,2015-03-31,2021-09-07,-103000000.0,60038000000.0,58781900000.0,4116000000.0,55922000000.0,0.282,35.215,-4300000000.0,190000000.0,190000000.0,11482800000.0,1707700000.0,0.577,2.482,20084000000.0,3306000000.0,16778000000.0,20084000000.0,0.0,1902000000.0,335000000.0,0.037,2.06,3503500000.0,5405500000.0,0.326,5405500000.0,3503500000.0,2628800000.0,3.49,3.49,3.49,17241000000.0,16877550000.0,17241000000.0,47395894394.0,14.0,8.768,438400000.0,0.895,1.0,5122200000.0,0.308,91000000.0,874700000.0,72713000000.0,70700850000.0,1192000000.0,293000000.0,293000000.0,0.0,42790000000.0,7128000000.0,35662000000.0,27528894394.0,-101100000.0,-21800000.0,89000000.0,535800000.0,-1013600000.0,-397900000.0,-4441600000.0,-38800000.0,4738400000.0,0.0,1703000000.0,1703000000.0,1703000000.0,-53000000.0,4700000.0,0.103,1917000000.0,3205200000.0,1283000000.0,0.59,1.597,16.165,16.117,44810000000.0,0.0,56.25,1.658,1.659,1889000000.0,7776000000.0,16605000000.0,16605000000.0,0.0,0.029,0.101,0.05,0.211,0.0,0.0,1.0,489402567.0,489597986,489936726.0,33.916,59947000000.0,0.0,925800000.0,12034000000.0,122.441,-3012000000.0
26,AEP,MRT,2014-12-31,2014-12-31,2014-12-31,2021-09-07,-103100000.0,59544600000.0,58031900000.0,4478100000.0,55066500000.0,0.282,34.426,-4130000000.0,162500000.0,162500000.0,11353600000.0,1638000000.0,0.562,2.54,19858400000.0,3846400000.0,16012000000.0,19858400000.0,0.0,1897600000.0,323900000.0,0.033,2.03,3404400000.0,5302000000.0,0.324,5302000000.0,3404400000.0,2536400000.0,3.34,3.34,3.34,16820200000.0,16671300000.0,16820200000.0,48852682006.0,14.0,9.214,483500000.0,0.99,1.0,5025000000.0,0.307,52500000.0,868000000.0,71221400000.0,69911350000.0,1316600000.0,385600000.0,385600000.0,0.0,42720100000.0,7966600000.0,34753500000.0,29706682006.0,45000000.0,-64800000.0,73600000.0,767400000.0,-997600000.0,-162500000.0,-4406000000.0,-87300000.0,4613500000.0,0.0,1633800000.0,1633800000.0,1633800000.0,-47500000.0,4200000.0,0.1,1897600000.0,3127400000.0,1258200000.0,0.608,1.766,18.183,18.18,43635100000.0,0.0,60.72,1.814,1.811,1835200000.0,7406600000.0,16378600000.0,16378600000.0,0.0,0.028,0.098,0.049,0.208,0.0,0.0,1.0,489240481.0,488592997,488899840.0,33.522,59492100000.0,0.0,902600000.0,11755700000.0,121.762,-3488500000.0
27,AEP,MRT,2014-09-30,2014-09-30,2014-09-30,2021-09-07,-105000000.0,57925000000.0,57249250000.0,4111000000.0,53814000000.0,0.281,34.501,-4032400000.0,194000000.0,194000000.0,10960100000.0,1793200000.0,0.551,2.434,19340000000.0,3663000000.0,15677000000.0,19340000000.0,0.0,1820500000.0,315000000.0,0.038,2.0,3596200000.0,5416700000.0,0.337,5416700000.0,3596200000.0,2733200000.0,3.67,3.67,3.67,16868000000.0,16487500000.0,16868000000.0,44930480644.0,12.0,8.295,748300000.0,1.531,1.0,5122400000.0,0.319,91000000.0,863000000.0,69523000000.0,69412750000.0,1205000000.0,318000000.0,318000000.0,0.0,41053000000.0,7457000000.0,33596000000.0,25513480644.0,46800000.0,-85000000.0,85200000.0,547200000.0,-981300000.0,-356700000.0,-4377200000.0,-83200000.0,4780700000.0,0.0,1789500000.0,1789500000.0,1789500000.0,-21300000.0,3700000.0,0.111,1763900000.0,3358500000.0,1259000000.0,0.545,1.513,14.257,14.226,43064000000.0,0.0,52.21,1.586,1.587,1855000000.0,7470000000.0,16082500000.0,16082500000.0,0.0,0.031,0.109,0.052,0.224,0.0,0.0,1.0,488670382.0,488912892,488970647.0,32.894,57834000000.0,0.0,943700000.0,11275000000.0,118.291,-3346000000.0
28,AEP,MRT,2014-06-30,2014-06-30,2014-06-30,2021-09-07,-104000000.0,57620000000.0,56508750000.0,4323000000.0,53297000000.0,0.285,33.957,-3862400000.0,190000000.0,190000000.0,10913100000.0,1733200000.0,0.569,2.475,19607000000.0,4006000000.0,15601000000.0,19607000000.0,0.0,1783500000.0,306000000.0,0.036,1.99,3537200000.0,5320700000.0,0.331,5320700000.0,3537200000.0,2666200000.0,3.55,3.55,3.55,16581000000.0,16211000000.0,16581000000.0,46347389914.0,13.0,8.711,924300000.0,1.893,1.0,5184400000.0,0.322,91000000.0,871000000.0,69346000000.0,68986750000.0,1219000000.0,377000000.0,377000000.0,0.0,41035000000.0,7600000000.0,33435000000.0,27220389914.0,72800000.0,-84000000.0,71200000.0,434200000.0,-975300000.0,-470700000.0,-4243200000.0,-131200000.0,4786700000.0,0.0,1729500000.0,1729500000.0,1729500000.0,-10300000.0,3700000.0,0.107,1855900000.0,3328500000.0,1228000000.0,0.561,1.642,15.739,15.71,42273000000.0,0.0,55.77,1.691,1.692,1926000000.0,7222000000.0,16097500000.0,16097500000.0,0.0,0.031,0.107,0.051,0.22,0.0,0.0,1.0,488083018.0,488291576,488538227.0,32.967,57529000000.0,0.0,936700000.0,11155000000.0,117.817,-3277000000.0
29,AEP,MRT,2014-03-31,2014-03-31,2014-03-31,2021-09-07,-109000000.0,57038000000.0,55848500000.0,4335000000.0,52703000000.0,0.28,33.649,-3680400000.0,292000000.0,292000000.0,10517100000.0,1681200000.0,0.665,2.474,19419000000.0,2944000000.0,16475000000.0,19419000000.0,0.0,1783500000.0,302000000.0,0.039,1.98,3345200000.0,5128700000.0,0.328,5128700000.0,3345200000.0,2467200000.0,3.44,3.44,3.44,16416000000.0,15950000000.0,16416000000.0,43726801666.0,13.0,8.526,802300000.0,1.645,1.0,5118400000.0,0.327,91000000.0,878000000.0,69555000000.0,68502250000.0,1214000000.0,310000000.0,310000000.0,0.0,40619000000.0,6519000000.0,34100000000.0,24710801666.0,112800000.0,-73000000.0,83200000.0,552200000.0,-969300000.0,-342700000.0,-4027200000.0,-100200000.0,4482700000.0,0.0,1677500000.0,1677500000.0,1677500000.0,-10300000.0,3700000.0,0.107,2009900000.0,3108500000.0,1213000000.0,0.576,1.505,14.731,14.727,41530000000.0,0.0,50.66,1.58,1.581,1943000000.0,7076000000.0,15635500000.0,15635500000.0,0.0,0.03,0.105,0.049,0.214,0.0,0.0,1.0,487777372.0,487867089,488271167.0,32.049,56947000000.0,0.0,789700000.0,11249000000.0,116.726,-2184000000.0
30,AEP,MRT,2013-12-31,2013-12-31,2013-12-31,2021-09-07,-115000000.0,56414000000.0,55226500000.0,4310000000.0,52104000000.0,0.268,33.055,-3616400000.0,118000000.0,118000000.0,10052100000.0,1484200000.0,0.705,2.507,19134000000.0,2306000000.0,16828000000.0,19134000000.0,0.0,1712500000.0,299000000.0,0.042,1.95,3048200000.0,4760700000.0,0.321,4760700000.0,3048200000.0,2158200000.0,3.04,3.04,3.04,16085000000.0,15701250000.0,16085000000.0,41414952455.0,14.0,8.699,489300000.0,1.006,1.0,4761400000.0,0.321,91000000.0,890000000.0,69227000000.0,67859750000.0,1423000000.0,353000000.0,353000000.0,0.0,40328000000.0,6112000000.0,34216000000.0,22775952455.0,-161200000.0,-32000000.0,83200000.0,427200000.0,-954300000.0,-448700000.0,-3818200000.0,-80200000.0,4105700000.0,0.0,1480500000.0,1480500000.0,1480500000.0,-10300000.0,3700000.0,0.1,1938900000.0,2822500000.0,1266000000.0,0.641,1.416,15.384,15.375,40997000000.0,0.0,46.74,1.538,1.535,1860000000.0,6766000000.0,14813500000.0,14813500000.0,0.0,0.027,0.094,0.045,0.206,0.0,0.0,1.0,487290382.0,486619555,487040956.0,30.442,56323000000.0,0.0,677700000.0,11122000000.0,115.743,-1802000000.0
31,AEP,MRT,2013-09-30,2013-09-30,2013-09-30,2021-09-07,-306000000.0,54963000000.0,54714750000.0,4317000000.0,50646000000.0,0.278,32.37,-3398000000.0,147000000.0,147000000.0,10447000000.0,1158000000.0,0.758,2.487,18786000000.0,2584000000.0,16202000000.0,18786000000.0,0.0,1739000000.0,298000000.0,0.044,1.92,2635000000.0,4374000000.0,0.288,4374000000.0,2635000000.0,1659000000.0,2.38,2.38,2.38,15762000000.0,15489250000.0,15762000000.0,40140592037.0,15.0,9.177,534000000.0,1.097,1.0,4750000000.0,0.313,91000000.0,976000000.0,67819000000.0,67031000000.0,1440000000.0,288000000.0,288000000.0,0.0,39200000000.0,5692000000.0,33508000000.0,21101592037.0,-296000000.0,8000000.0,80000000.0,254000000.0,-938000000.0,-598000000.0,-3630000000.0,-64000000.0,3932000000.0,0.0,1155000000.0,1155000000.0,1155000000.0,0.0,3000000.0,0.076,2324000000.0,2426000000.0,1044000000.0,0.807,1.339,18.27,18.214,39870000000.0,0.0,43.35,1.389,1.389,1856000000.0,6664000000.0,15197000000.0,15197000000.0,0.0,0.021,0.075,0.039,0.173,0.0,0.0,1.0,486772596.0,486932747,487258905.0,31.21,54872000000.0,0.0,504000000.0,10461000000.0,112.689,-1375000000.0
32,AEP,MRT,2013-06-30,2013-06-30,2013-06-30,2021-09-07,-313000000.0,54979000000.0,54434750000.0,4622000000.0,50357000000.0,0.279,31.95,-3291000000.0,117000000.0,117000000.0,10498000000.0,1212000000.0,0.709,2.539,19156000000.0,3357000000.0,15799000000.0,19156000000.0,0.0,1762000000.0,297000000.0,0.042,1.9,2681000000.0,4443000000.0,0.293,4443000000.0,2681000000.0,1697000000.0,2.49,2.49,2.49,15537000000.0,15375250000.0,15537000000.0,40466099488.0,15.0,9.108,316000000.0,0.65,1.0,4679000000.0,0.308,91000000.0,984000000.0,67408000000.0,66315750000.0,1574000000.0,298000000.0,298000000.0,0.0,39442000000.0,6519000000.0,32923000000.0,21765099488.0,-180000000.0,11000000.0,74000000.0,569000000.0,-927000000.0,-283000000.0,-3504000000.0,-56000000.0,3607000000.0,0.0,1209000000.0,1209000000.0,1209000000.0,0.0,3000000.0,0.08,2216000000.0,2463000000.0,987000000.0,0.763,1.401,18.003,17.984,39425000000.0,0.0,44.78,1.434,1.435,1931000000.0,6470000000.0,15177000000.0,15177000000.0,0.0,0.022,0.079,0.04,0.177,0.0,0.0,1.0,486045098.0,486293026,486763615.0,31.21,54888000000.0,0.0,488000000.0,10371000000.0,112.87,-1897000000.0
33,AEP,MRT,2013-03-31,2013-03-31,2013-03-31,2021-09-07,-306000000.0,54550000000.0,54045250000.0,4397000000.0,50153000000.0,0.28,31.742,-3127000000.0,179000000.0,179000000.0,10410000000.0,1236000000.0,0.712,2.537,18880000000.0,2981000000.0,15899000000.0,18880000000.0,0.0,1779000000.0,299000000.0,0.039,1.88,2834000000.0,4613000000.0,0.305,4613000000.0,2834000000.0,1843000000.0,2.55,2.55,2.55,15421000000.0,15242750000.0,15421000000.0,42077052833.0,15.0,9.121,557000000.0,1.147,1.0,4736000000.0,0.313,91000000.0,991000000.0,66985000000.0,65748000000.0,1520000000.0,261000000.0,261000000.0,0.0,39129000000.0,6175000000.0,32954000000.0,23618052833.0,-107000000.0,-1000000.0,67000000.0,421000000.0,-917000000.0,-420000000.0,-3371000000.0,-99000000.0,3684000000.0,0.0,1233000000.0,1233000000.0,1233000000.0,0.0,3000000.0,0.081,2079000000.0,2657000000.0,1004000000.0,0.737,1.532,19.155,19.071,39130000000.0,0.0,48.63,1.559,1.56,1869000000.0,6370000000.0,15146000000.0,15146000000.0,0.0,0.023,0.081,0.043,0.187,0.0,0.0,1.0,485668370.0,485823668,486344036.0,31.176,54459000000.0,0.0,610000000.0,10283000000.0,112.096,-1778000000.0
34,AEP,MRT,2012-12-31,2012-12-31,2012-12-31,2021-09-07,-337000000.0,54367000000.0,53633250000.0,4589000000.0,49778000000.0,0.279,31.437,-3025000000.0,279000000.0,279000000.0,10207000000.0,1262000000.0,0.673,2.568,18738000000.0,3152000000.0,15586000000.0,18738000000.0,0.0,1782000000.0,316000000.0,0.044,1.88,2851000000.0,4633000000.0,0.31,4633000000.0,2851000000.0,1863000000.0,2.6,2.6,2.6,15237000000.0,15101500000.0,15237000000.0,38710431417.0,14.0,8.355,779000000.0,1.607,1.0,4738000000.0,0.317,91000000.0,988000000.0,65912000000.0,65140250000.0,1519000000.0,324000000.0,324000000.0,0.0,39130000000.0,6823000000.0,32307000000.0,20710431417.0,58000000.0,-76000000.0,83000000.0,473000000.0,-916000000.0,-355000000.0,-3391000000.0,-86000000.0,3804000000.0,0.0,1259000000.0,1259000000.0,1259000000.0,0.0,3000000.0,0.084,2082000000.0,2656000000.0,1169000000.0,0.723,1.359,16.45,16.415,38763000000.0,0.0,42.68,1.386,1.384,1871000000.0,6236000000.0,14945000000.0,14945000000.0,0.0,0.023,0.083,0.044,0.191,0.0,0.0,1.0,485249096.0,484682469,485084694.0,30.835,54276000000.0,0.0,604000000.0,9999000000.0,111.983,-2234000000.0
35,AEP,MRT,2012-09-30,2012-09-30,2012-09-30,2021-09-07,-454000000.0,53843000000.0,53097250000.0,4648000000.0,49195000000.0,0.278,31.56,-2928000000.0,443000000.0,443000000.0,10214000000.0,1552000000.0,0.684,2.518,18443000000.0,3488000000.0,14955000000.0,18443000000.0,0.0,1750000000.0,295000000.0,0.043,1.88,3108000000.0,4858000000.0,0.329,4858000000.0,3108000000.0,2201000000.0,3.18,3.18,3.18,15306000000.0,14958250000.0,15306000000.0,39519618311.0,13.0,8.135,434000000.0,0.895,1.0,4562000000.0,0.309,90000000.0,907000000.0,64958000000.0,64532500000.0,1462000000.0,278000000.0,278000000.0,0.0,38537000000.0,6795000000.0,31742000000.0,21306618311.0,-103000000.0,-78000000.0,86000000.0,627000000.0,-917000000.0,-261000000.0,-3204000000.0,-93000000.0,3362000000.0,0.0,1549000000.0,1546000000.0,1546000000.0,0.0,3000000.0,0.105,1812000000.0,2750000000.0,988000000.0,0.591,1.392,13.782,13.818,38133000000.0,3000000.0,43.94,1.442,1.442,1855000000.0,6444000000.0,14776000000.0,14776000000.0,0.0,0.029,0.103,0.048,0.21,0.0,0.0,1.0,484902556.0,484979543,485362858.0,30.467,53753000000.0,49000000.0,652000000.0,9417000000.0,110.836,-2147000000.0
36,AEP,MRT,2012-06-30,2012-06-30,2012-06-30,2021-09-07,-475000000.0,53421000000.0,52692250000.0,4483000000.0,48938000000.0,0.284,30.974,-2927000000.0,297000000.0,297000000.0,10361000000.0,1994000000.0,0.7,2.56,18510000000.0,3191000000.0,15319000000.0,18510000000.0,0.0,1725000000.0,293000000.0,0.047,1.87,3652000000.0,5377000000.0,0.36,5377000000.0,3652000000.0,2736000000.0,4.1,4.1,4.1,15007000000.0,14797750000.0,15007000000.0,37408439581.0,10.0,6.957,842000000.0,1.738,1.0,4592000000.0,0.307,90000000.0,916000000.0,65137000000.0,64163250000.0,1494000000.0,297000000.0,297000000.0,0.0,38413000000.0,6407000000.0,32006000000.0,19324439581.0,-120000000.0,-60000000.0,93000000.0,123000000.0,-910000000.0,-749000000.0,-3140000000.0,-42000000.0,3769000000.0,0.0,1991000000.0,1987000000.0,1987000000.0,0.0,3000000.0,0.133,1864000000.0,2728000000.0,906000000.0,0.456,1.288,9.725,9.732,37828000000.0,4000000.0,39.9,1.292,1.293,1762000000.0,6185000000.0,14953000000.0,14953000000.0,0.0,0.038,0.134,0.057,0.244,0.0,0.0,1.0,484321794.0,484500029,484860690.0,30.863,53331000000.0,46000000.0,745000000.0,9244000000.0,110.074,-1924000000.0
37,AEP,MRT,2012-03-31,2012-03-31,2012-03-31,2021-09-07,-472000000.0,52902000000.0,52392750000.0,4214000000.0,48688000000.0,0.287,30.705,-2870000000.0,286000000.0,286000000.0,10493000000.0,1984000000.0,0.664,2.561,18370000000.0,3030000000.0,15340000000.0,18370000000.0,0.0,1675000000.0,301000000.0,0.048,1.86,3630000000.0,5305000000.0,0.353,5305000000.0,3630000000.0,2710000000.0,4.08,4.08,4.08,14856000000.0,14712000000.0,14856000000.0,36595454247.0,10.0,6.898,964000000.0,1.992,1.0,4518000000.0,0.301,90000000.0,920000000.0,64554000000.0,63749250000.0,1418000000.0,217000000.0,217000000.0,0.0,38045000000.0,6342000000.0,31703000000.0,18650454247.0,-339000000.0,-40000000.0,92000000.0,-236000000.0,-904000000.0,-1104000000.0,-3069000000.0,23000000.0,3834000000.0,0.0,1981000000.0,1977000000.0,1977000000.0,0.0,3000000.0,0.132,1814000000.0,2704000000.0,978000000.0,0.456,1.255,9.434,9.456,37432000000.0,4000000.0,38.58,1.242,1.243,1670000000.0,6050000000.0,15011000000.0,15011000000.0,0.0,0.038,0.134,0.057,0.242,0.0,0.0,1.0,483422868.0,483828101,484248868.0,31.025,52812000000.0,47000000.0,729000000.0,9172000000.0,109.154,-2128000000.0
38,AEP,MRT,2011-12-31,2011-12-31,2011-12-31,2021-09-07,-470000000.0,52223000000.0,52223000000.0,4182000000.0,48041000000.0,0.289,30.413,-2669000000.0,221000000.0,221000000.0,10540000000.0,1949000000.0,0.633,2.561,18166000000.0,3083000000.0,15083000000.0,18166000000.0,0.0,1655000000.0,289000000.0,0.045,1.85,3697000000.0,5352000000.0,0.354,5352000000.0,3697000000.0,2764000000.0,4.02,4.02,4.02,14664000000.0,14664000000.0,14664000000.0,37132104924.0,10.0,6.938,1119000000.0,2.321,1.0,4576000000.0,0.303,76000000.0,933000000.0,63481000000.0,63481000000.0,1292000000.0,294000000.0,294000000.0,0.0,37558000000.0,6611000000.0,30947000000.0,19949104924.0,-73000000.0,-110000000.0,92000000.0,-104000000.0,-898000000.0,-971000000.0,-2890000000.0,66000000.0,3788000000.0,0.0,1946000000.0,1941000000.0,1941000000.0,0.0,3000000.0,0.128,1794000000.0,2782000000.0,1095000000.0,0.46,1.36,10.278,10.276,36971000000.0,5000000.0,41.31,1.32,1.318,1834000000.0,5890000000.0,15116000000.0,15116000000.0,0.0,0.037,0.132,0.058,0.245,0.0,0.0,1.0,482912247.0,482169282,482460328.0,31.35,52147000000.0,0.0,818000000.0,8944000000.0,108.151,-2429000000.0
39,AEP,MRT,2011-09-30,2011-09-30,2011-09-30,2021-09-07,-470000000.0,52223000000.0,51781000000.0,4182000000.0,48041000000.0,0.292,30.392,-2565000000.0,221000000.0,221000000.0,10429000000.0,1816000000.0,0.633,2.561,18166000000.0,3083000000.0,15083000000.0,18166000000.0,0.0,1662000000.0,289000000.0,0.048,1.84,3683000000.0,5345000000.0,0.354,5345000000.0,3683000000.0,2711000000.0,3.75,3.75,3.75,14664000000.0,14403500000.0,14664000000.0,36193050979.0,10.0,6.771,1733000000.0,3.592,1.0,4677000000.0,0.31,76000000.0,972000000.0,63481000000.0,63041750000.0,1292000000.0,294000000.0,294000000.0,0.0,37558000000.0,6611000000.0,30947000000.0,18336050979.0,-544000000.0,-220000000.0,98000000.0,-1133000000.0,-890000000.0,-1927000000.0,-2915000000.0,29000000.0,4298000000.0,0.0,1812000000.0,1809000000.0,1809000000.0,0.0,4000000.0,0.12,1752000000.0,2925000000.0,1095000000.0,0.491,1.25,10.136,10.139,36971000000.0,3000000.0,38.02,1.214,1.214,1834000000.0,5890000000.0,15106000000.0,15106000000.0,0.0,0.035,0.126,0.058,0.244,0.0,0.0,1.0,482273829.0,482498734,482796945.0,31.308,52147000000.0,51000000.0,899000000.0,8944000000.0,108.077,-2429000000.0
40,AEP,MRT,2011-06-30,2011-06-30,2011-06-30,2021-09-07,-470000000.0,52223000000.0,51339000000.0,4182000000.0,48041000000.0,0.289,30.428,-2354000000.0,221000000.0,221000000.0,10136000000.0,1443000000.0,0.633,2.561,18166000000.0,3083000000.0,15083000000.0,18166000000.0,0.0,1641000000.0,289000000.0,0.048,1.8,3243000000.0,4884000000.0,0.329,4884000000.0,3243000000.0,2262000000.0,2.99,2.99,2.99,14664000000.0,14143000000.0,14664000000.0,36013883184.0,11.0,7.374,1458000000.0,3.025,1.0,4701000000.0,0.317,76000000.0,981000000.0,63481000000.0,62602500000.0,1292000000.0,294000000.0,294000000.0,0.0,37558000000.0,6611000000.0,30947000000.0,18153883184.0,-421000000.0,-233000000.0,100000000.0,-646000000.0,-871000000.0,-1422000000.0,-2811000000.0,-69000000.0,3812000000.0,0.0,1439000000.0,1436000000.0,1436000000.0,0.0,4000000.0,0.097,1641000000.0,3060000000.0,1095000000.0,0.602,1.238,12.642,12.602,36971000000.0,3000000.0,37.68,1.224,1.224,1834000000.0,5890000000.0,14837000000.0,14837000000.0,0.0,0.028,0.102,0.052,0.219,0.0,0.0,1.0,481790955.0,481928494,482203255.0,30.787,52147000000.0,51000000.0,823000000.0,8944000000.0,108.205,-2429000000.0
41,AEP,MRT,2011-03-31,2011-03-31,2011-03-31,2021-09-07,-470000000.0,52223000000.0,50897000000.0,4182000000.0,48041000000.0,0.287,30.477,-2276000000.0,221000000.0,221000000.0,10215000000.0,1227000000.0,0.633,2.561,18166000000.0,3083000000.0,15083000000.0,18166000000.0,0.0,1636000000.0,289000000.0,0.05,1.76,2928000000.0,4564000000.0,0.313,4564000000.0,2928000000.0,1937000000.0,2.54,2.54,2.54,14664000000.0,13882500000.0,14664000000.0,34758563462.0,12.0,7.616,1214000000.0,2.523,1.0,4373000000.0,0.3,76000000.0,991000000.0,63481000000.0,62163250000.0,1292000000.0,294000000.0,294000000.0,0.0,37558000000.0,6611000000.0,30947000000.0,16895563462.0,-193000000.0,-254000000.0,98000000.0,-219000000.0,-850000000.0,-977000000.0,-2706000000.0,-112000000.0,3490000000.0,0.0,1223000000.0,1220000000.0,1220000000.0,0.0,4000000.0,0.084,1636000000.0,2737000000.0,1095000000.0,0.693,1.152,13.849,13.835,36971000000.0,3000000.0,35.14,1.158,1.159,1834000000.0,5890000000.0,14588000000.0,14588000000.0,0.0,0.024,0.088,0.047,0.201,0.0,0.0,1.0,480807156.0,481144270,481365806.0,30.319,52147000000.0,51000000.0,714000000.0,8944000000.0,108.381,-2429000000.0
42,AEP,MRT,2010-12-31,2010-12-31,2010-12-31,2021-09-07,-381000000.0,50455000000.0,50455000000.0,5016000000.0,45439000000.0,0.286,28.416,-2345000000.0,294000000.0,294000000.0,10123000000.0,1218000000.0,0.77,2.7,18157000000.0,2655000000.0,15502000000.0,18157000000.0,0.0,1641000000.0,273000000.0,0.048,1.71,2856000000.0,4497000000.0,0.312,4497000000.0,2856000000.0,1857000000.0,2.53,2.53,2.53,13622000000.0,13622000000.0,13622000000.0,34937340195.0,12.0,7.769,317000000.0,0.661,1.0,4304000000.0,0.298,76000000.0,999000000.0,61724000000.0,61724000000.0,1448000000.0,416000000.0,416000000.0,0.0,36773000000.0,6518000000.0,30255000000.0,17280340195.0,-196000000.0,32000000.0,93000000.0,402000000.0,-824000000.0,-335000000.0,-2523000000.0,-105000000.0,2662000000.0,0.0,1214000000.0,1211000000.0,1211000000.0,0.0,4000000.0,0.084,1641000000.0,2663000000.0,1061000000.0,0.676,1.269,14.269,14.221,35674000000.0,3000000.0,35.98,1.198,1.196,1923000000.0,4842000000.0,14427000000.0,14427000000.0,0.0,0.024,0.089,0.046,0.198,0.0,0.0,1.0,480276270.0,479373306,479601442.0,30.096,50379000000.0,389000000.0,643000000.0,8061000000.0,105.093,-1502000000.0
43,AEP,MRT,2010-09-30,2010-09-30,2010-09-30,2021-09-07,-381000000.0,50455000000.0,49928250000.0,5016000000.0,45439000000.0,0.286,28.404,-2298000000.0,294000000.0,294000000.0,9983000000.0,1279000000.0,0.77,2.7,18157000000.0,2655000000.0,15502000000.0,18157000000.0,0.0,1634000000.0,273000000.0,0.046,1.66,2843000000.0,4477000000.0,0.314,4477000000.0,2843000000.0,1846000000.0,2.65,2.65,2.65,13622000000.0,13501500000.0,13622000000.0,35353003488.0,12.0,7.897,8000000.0,0.017,1.0,4292000000.0,0.301,76000000.0,997000000.0,61724000000.0,61312750000.0,1448000000.0,416000000.0,416000000.0,0.0,36773000000.0,6518000000.0,30255000000.0,17370003488.0,213000000.0,130000000.0,87000000.0,1004000000.0,-796000000.0,301000000.0,-2394000000.0,-114000000.0,2306000000.0,0.0,1276000000.0,1273000000.0,1273000000.0,0.0,3000000.0,0.089,1634000000.0,2658000000.0,1061000000.0,0.626,1.275,13.645,13.672,35674000000.0,3000000.0,36.23,1.217,1.217,1923000000.0,4842000000.0,14275000000.0,14275000000.0,0.0,0.025,0.094,0.046,0.199,0.0,0.0,1.0,479437027.0,479578139,479750447.0,29.766,50379000000.0,389000000.0,570000000.0,8061000000.0,105.049,-1502000000.0
44,AEP,MRT,2010-06-30,2010-06-30,2010-06-30,2021-09-07,-381000000.0,50455000000.0,49401500000.0,5016000000.0,45439000000.0,0.278,28.435,-2349000000.0,294000000.0,294000000.0,9636000000.0,1168000000.0,0.77,2.7,18157000000.0,2655000000.0,15502000000.0,18157000000.0,0.0,1631000000.0,273000000.0,0.051,1.65,2678000000.0,4309000000.0,0.313,4309000000.0,2678000000.0,1684000000.0,2.42,2.42,2.42,13622000000.0,13381000000.0,13622000000.0,33246618927.0,12.0,7.716,-149000000.0,-0.311,1.0,4122000000.0,0.3,76000000.0,994000000.0,61724000000.0,60901500000.0,1448000000.0,416000000.0,416000000.0,0.0,36773000000.0,6518000000.0,30255000000.0,15467618927.0,480000000.0,80000000.0,82000000.0,1428000000.0,-793000000.0,710000000.0,-2430000000.0,-58000000.0,2200000000.0,0.0,1164000000.0,1161000000.0,1161000000.0,0.0,4000000.0,0.084,1631000000.0,2491000000.0,1061000000.0,0.682,1.135,13.323,13.347,35674000000.0,3000000.0,32.3,1.124,1.125,1923000000.0,4842000000.0,13758000000.0,13758000000.0,0.0,0.024,0.087,0.044,0.195,0.0,0.0,1.0,478873651.0,479050774,479176543.0,28.719,50379000000.0,389000000.0,520000000.0,8061000000.0,105.164,-1502000000.0
45,AEP,MRT,2010-03-31,2010-03-31,2010-03-31,2021-09-07,-381000000.0,50455000000.0,48874750000.0,5016000000.0,45439000000.0,0.278,28.472,-2504000000.0,294000000.0,294000000.0,9198000000.0,1348000000.0,0.77,2.7,18157000000.0,2655000000.0,15502000000.0,18157000000.0,0.0,1623000000.0,273000000.0,0.048,1.64,2932000000.0,4555000000.0,0.335,4555000000.0,2932000000.0,1947000000.0,2.81,2.81,2.81,13622000000.0,13260500000.0,13622000000.0,33473899631.0,11.0,7.349,-344000000.0,-0.719,1.0,4402000000.0,0.324,76000000.0,985000000.0,61724000000.0,60490250000.0,1448000000.0,416000000.0,416000000.0,0.0,36773000000.0,6518000000.0,30255000000.0,16339899631.0,108000000.0,141000000.0,1706000000.0,-345000000.0,-786000000.0,567000000.0,-2619000000.0,-69000000.0,2160000000.0,0.0,1344000000.0,1341000000.0,1341000000.0,0.0,4000000.0,0.099,1623000000.0,2779000000.0,1061000000.0,0.584,1.2,12.185,12.164,35674000000.0,3000000.0,34.18,1.201,1.202,1923000000.0,4842000000.0,13600000000.0,13600000000.0,0.0,0.027,0.101,0.048,0.216,0.0,0.0,1.0,478054407.0,478429535,478844632.0,28.426,50379000000.0,389000000.0,603000000.0,8061000000.0,105.301,-1502000000.0
46,AEP,MRT,2009-12-31,2009-12-31,2009-12-31,2021-09-07,-374000000.0,48348000000.0,47727250000.0,4756000000.0,43592000000.0,0.283,28.648,-2792000000.0,490000000.0,490000000.0,9121000000.0,1365000000.0,0.893,2.675,17624000000.0,1867000000.0,15757000000.0,17624000000.0,0.0,1597000000.0,256000000.0,0.047,1.64,2908000000.0,4505000000.0,0.334,4505000000.0,2908000000.0,1935000000.0,2.96,2.96,2.96,13140000000.0,12590000000.0,13140000000.0,33345737997.0,11.0,7.402,-317000000.0,-0.691,1.0,4368000000.0,0.324,76000000.0,973000000.0,60079000000.0,59431000000.0,1661000000.0,363000000.0,363000000.0,0.0,35147000000.0,5327000000.0,29820000000.0,16617737997.0,79000000.0,174000000.0,1728000000.0,-442000000.0,-758000000.0,520000000.0,-2916000000.0,-89000000.0,2475000000.0,0.0,1360000000.0,1357000000.0,1357000000.0,0.0,5000000.0,0.101,1597000000.0,2771000000.0,1158000000.0,0.554,1.265,12.246,11.753,34344000000.0,3000000.0,34.79,1.232,1.183,1050000000.0,4451000000.0,13489000000.0,13489000000.0,0.0,0.028,0.108,0.049,0.216,0.0,0.0,1.0,477658465.0,458677534,458982292.0,29.408,48272000000.0,547000000.0,575000000.0,7052000000.0,105.242,-571000000.0
47,AEP,MRT,2009-09-30,2009-09-30,2009-09-30,2021-09-07,-374000000.0,48348000000.0,46929000000.0,4756000000.0,43592000000.0,0.286,27.55,-3347000000.0,490000000.0,490000000.0,9158000000.0,1280000000.0,0.893,2.675,17624000000.0,1867000000.0,15757000000.0,17624000000.0,0.0,1560000000.0,256000000.0,0.053,1.64,2857000000.0,4417000000.0,0.329,4417000000.0,2857000000.0,1843000000.0,2.86,2.86,2.86,13140000000.0,11978250000.0,13140000000.0,31675747233.0,11.0,7.171,-954000000.0,-2.0,1.0,4285000000.0,0.319,76000000.0,1014000000.0,60079000000.0,58493750000.0,1661000000.0,363000000.0,363000000.0,0.0,35147000000.0,5327000000.0,29820000000.0,14775747233.0,539000000.0,132000000.0,1759000000.0,191000000.0,-730000000.0,1209000000.0,-3063000000.0,431000000.0,2393000000.0,0.0,1274000000.0,1271000000.0,1271000000.0,-11000000.0,6000000.0,0.095,1574000000.0,2711000000.0,1158000000.0,0.573,1.124,11.625,10.836,34344000000.0,3000000.0,30.99,1.099,1.1,1050000000.0,4451000000.0,13443000000.0,13443000000.0,0.0,0.027,0.106,0.049,0.213,0.0,0.0,1.0,476790811.0,476948143,477111144.0,28.185,48272000000.0,547000000.0,569000000.0,7052000000.0,101.21,-571000000.0
48,AEP,MRT,2009-06-30,2009-06-30,2009-06-30,2021-09-07,-374000000.0,48348000000.0,45601500000.0,4756000000.0,43592000000.0,0.309,27.826,-3739000000.0,490000000.0,490000000.0,9963000000.0,1210000000.0,0.893,2.675,17624000000.0,1867000000.0,15757000000.0,17624000000.0,0.0,1526000000.0,256000000.0,0.057,1.64,2740000000.0,4266000000.0,0.303,4266000000.0,2740000000.0,1758000000.0,2.86,2.86,2.86,13140000000.0,11422500000.0,13140000000.0,31882621303.0,12.0,7.474,-1502000000.0,-3.181,1.0,4124000000.0,0.293,76000000.0,982000000.0,60079000000.0,57026750000.0,1661000000.0,363000000.0,363000000.0,0.0,35147000000.0,5327000000.0,29820000000.0,13773621303.0,140000000.0,171000000.0,1775000000.0,687000000.0,-697000000.0,1763000000.0,-3860000000.0,-28000000.0,2237000000.0,0.0,1205000000.0,1202000000.0,1202000000.0,-11000000.0,5000000.0,0.085,1534000000.0,2590000000.0,1158000000.0,0.573,1.048,11.459,10.101,34344000000.0,3000000.0,28.89,0.978,0.968,1050000000.0,4451000000.0,14087000000.0,14087000000.0,0.0,0.026,0.105,0.048,0.195,0.0,0.0,1.0,476760862.0,472220041,472222817.0,29.831,48272000000.0,547000000.0,553000000.0,7052000000.0,102.224,-571000000.0
49,AEP,MRT,2009-03-31,2009-03-31,2009-03-31,2021-09-07,-446000000.0,45865000000.0,44188500000.0,4118000000.0,41747000000.0,0.327,26.891,-3919000000.0,710000000.0,710000000.0,10432000000.0,1175000000.0,0.642,3.185,18819000000.0,2915000000.0,15904000000.0,18819000000.0,0.0,1502000000.0,266000000.0,0.065,1.64,2674000000.0,4176000000.0,0.289,4176000000.0,2674000000.0,1698000000.0,2.89,2.89,2.89,10940000000.0,10795250000.0,10940000000.0,27805359927.0,10.0,6.658,-1652000000.0,-4.061,1.0,3999000000.0,0.277,76000000.0,976000000.0,57487000000.0,55315500000.0,1290000000.0,215000000.0,215000000.0,0.0,34846000000.0,6411000000.0,28435000000.0,10257359927.0,555000000.0,84000000.0,162000000.0,2647000000.0,-668000000.0,2148000000.0,-3860000000.0,147000000.0,2267000000.0,0.0,1170000000.0,1167000000.0,1167000000.0,-12000000.0,5000000.0,0.081,1505000000.0,2494000000.0,1126000000.0,0.567,0.938,8.79,8.74,33251000000.0,3000000.0,25.26,0.711,0.712,962000000.0,4040000000.0,14431000000.0,14431000000.0,0.0,0.026,0.108,0.048,0.185,0.0,0.0,1.0,406071256.0,406826606,407381954.0,35.472,45789000000.0,0.0,528000000.0,5869000000.0,112.552,-2293000000.0
50,AEP,MRT,2008-12-31,2008-12-31,2008-12-31,2021-09-07,-452000000.0,45155000000.0,43051500000.0,3775000000.0,41380000000.0,0.335,26.594,-3800000000.0,411000000.0,411000000.0,10425000000.0,1388000000.0,0.599,3.216,17959000000.0,2423000000.0,15536000000.0,17959000000.0,0.0,1483000000.0,254000000.0,0.049,1.64,2982000000.0,4465000000.0,0.309,4465000000.0,2982000000.0,2025000000.0,3.43,3.42,3.43,10693000000.0,10682500000.0,10693000000.0,30401298220.0,10.0,6.809,-1219000000.0,-3.032,1.0,4015000000.0,0.278,76000000.0,957000000.0,56330000000.0,53933500000.0,1173000000.0,327000000.0,327000000.0,0.0,34384000000.0,6297000000.0,28087000000.0,13430298220.0,233000000.0,-70000000.0,159000000.0,2169000000.0,-666000000.0,1679000000.0,-4027000000.0,40000000.0,2581000000.0,0.0,1383000000.0,1380000000.0,1380000000.0,-12000000.0,5000000.0,0.096,1228000000.0,2787000000.0,1297000000.0,0.478,1.256,9.732,9.703,32987000000.0,3000000.0,33.28,0.93,0.927,1066000000.0,3847000000.0,14440000000.0,14440000000.0,0.0,0.032,0.129,0.055,0.207,0.0,0.0,1.0,403554634.0,402083847,403640708.0,35.913,45079000000.0,46000000.0,642000000.0,5762000000.0,112.113,-2522000000.0
51,AEP,MRT,2008-09-30,2008-09-30,2008-09-30,2021-09-07,-148000000.0,43038000000.0,41842500000.0,3984000000.0,39054000000.0,0.346,27.137,-3537000000.0,338000000.0,338000000.0,10436000000.0,1474000000.0,0.696,2.937,17309000000.0,1984000000.0,15325000000.0,17309000000.0,0.0,1492000000.0,288000000.0,0.044,1.64,3037000000.0,4529000000.0,0.313,4529000000.0,3037000000.0,2145000000.0,3.64,3.63,3.64,10917000000.0,10529000000.0,10917000000.0,31135645178.0,10.0,6.875,-714000000.0,-1.775,1.0,4044000000.0,0.279,76000000.0,892000000.0,54211000000.0,52490500000.0,1018000000.0,670000000.0,670000000.0,0.0,32060000000.0,5722000000.0,26338000000.0,14895645178.0,142000000.0,130000000.0,134000000.0,1891000000.0,-669000000.0,1366000000.0,-4047000000.0,-522000000.0,2823000000.0,0.0,1464000000.0,1459000000.0,1459000000.0,-23000000.0,10000000.0,0.101,1251000000.0,2793000000.0,1447000000.0,0.451,1.364,10.209,10.173,31789000000.0,5000000.0,37.03,1.029,1.029,1187000000.0,3861000000.0,14480000000.0,14480000000.0,0.0,0.035,0.139,0.058,0.21,0.0,0.0,1.0,402258849.0,402286779,403910309.0,35.994,42962000000.0,0.0,681000000.0,5714000000.0,106.794,-1738000000.0
52,AEP,MRT,2008-06-30,2008-06-30,2008-06-30,2021-09-07,-189000000.0,42696000000.0,40947000000.0,4006000000.0,38690000000.0,0.344,26.477,-3341000000.0,218000000.0,218000000.0,9975000000.0,1505000000.0,0.712,3.01,16458000000.0,1274000000.0,15184000000.0,16458000000.0,0.0,1486000000.0,319000000.0,0.04,1.62,3082000000.0,4568000000.0,0.324,4568000000.0,3082000000.0,2190000000.0,3.73,3.72,3.73,10631000000.0,10277000000.0,10631000000.0,32046006131.0,10.0,7.015,-715000000.0,-1.781,1.0,4103000000.0,0.291,76000000.0,892000000.0,53234000000.0,51347500000.0,1049000000.0,243000000.0,243000000.0,0.0,32004000000.0,5626000000.0,26378000000.0,16156006131.0,46000000.0,51000000.0,126000000.0,1355000000.0,-658000000.0,859000000.0,-3439000000.0,13000000.0,2626000000.0,0.0,1496000000.0,1492000000.0,1492000000.0,-23000000.0,9000000.0,0.106,1249000000.0,2854000000.0,1414000000.0,0.434,1.52,10.828,10.786,31004000000.0,4000000.0,40.23,1.148,1.147,1235000000.0,3651000000.0,14078000000.0,14078000000.0,0.0,0.036,0.145,0.06,0.219,0.0,0.0,1.0,401591005.0,401513958,402785942.0,35.062,42620000000.0,0.0,694000000.0,5576000000.0,106.148,-1620000000.0
53,AEP,MRT,2008-03-31,2008-03-31,2008-03-31,2021-09-07,-187000000.0,41317000000.0,40071250000.0,3361000000.0,37956000000.0,0.341,26.17,-3427000000.0,155000000.0,155000000.0,9611000000.0,1403000000.0,0.65,2.933,16045000000.0,1340000000.0,14705000000.0,16045000000.0,0.0,1485000000.0,308000000.0,0.038,1.6,2945000000.0,4430000000.0,0.324,4430000000.0,2945000000.0,2074000000.0,3.48,3.47,3.48,10489000000.0,10033250000.0,10489000000.0,32145763688.0,11.0,7.256,-753000000.0,-1.879,1.0,4067000000.0,0.297,76000000.0,871000000.0,51959000000.0,50080750000.0,947000000.0,339000000.0,339000000.0,0.0,30767000000.0,5172000000.0,25595000000.0,16669763688.0,-104000000.0,-340000000.0,135000000.0,1918000000.0,-648000000.0,1409000000.0,-4187000000.0,-220000000.0,2674000000.0,0.0,1395000000.0,1391000000.0,1391000000.0,-24000000.0,8000000.0,0.102,1250000000.0,2817000000.0,1176000000.0,0.46,1.589,11.984,11.963,30371000000.0,4000000.0,41.63,1.219,1.22,1050000000.0,3535000000.0,13678000000.0,13678000000.0,0.0,0.035,0.139,0.059,0.215,0.0,0.0,1.0,400426704.0,400797993,402072098.0,34.127,41241000000.0,0.0,679000000.0,5597000000.0,102.897,-1811000000.0
54,AEP,MRT,2007-12-31,2007-12-31,2007-12-31,2021-09-07,-154000000.0,40319000000.0,39226000000.0,3026000000.0,37293000000.0,0.341,25.274,-3556000000.0,178000000.0,178000000.0,9548000000.0,1098000000.0,0.586,2.994,15654000000.0,1452000000.0,14202000000.0,15654000000.0,0.0,1513000000.0,301000000.0,0.034,1.58,2446000000.0,3959000000.0,0.296,3959000000.0,2446000000.0,1608000000.0,2.73,2.72,2.73,10079000000.0,9796000000.0,10079000000.0,33791280384.0,14.0,8.535,-1162000000.0,-2.914,1.0,3832000000.0,0.286,76000000.0,838000000.0,50558000000.0,48683500000.0,967000000.0,365000000.0,365000000.0,0.0,30179000000.0,5161000000.0,25018000000.0,18624280384.0,-123000000.0,-290000000.0,144000000.0,1920000000.0,-636000000.0,1404000000.0,-3921000000.0,13000000.0,2394000000.0,0.0,1092000000.0,1089000000.0,1089000000.0,-24000000.0,6000000.0,0.081,1513000000.0,2319000000.0,1324000000.0,0.579,1.848,17.102,17.055,29870000000.0,3000000.0,46.56,1.392,1.388,1117000000.0,3138000000.0,13380000000.0,13380000000.0,0.0,0.028,0.111,0.05,0.183,0.0,0.0,1.0,400006022.0,398784745,400198799.0,33.552,40243000000.0,0.0,516000000.0,5331000000.0,100.914,-2135000000.0
55,AEP,MRT,2007-09-30,2007-09-30,2007-09-30,2021-09-07,-228000000.0,39456000000.0,38643000000.0,3111000000.0,36345000000.0,0.339,24.821,-3695000000.0,196000000.0,196000000.0,9327000000.0,1039000000.0,0.634,2.976,15363000000.0,1497000000.0,13866000000.0,15363000000.0,0.0,1527000000.0,326000000.0,0.034,1.56,2402000000.0,3929000000.0,0.3,3929000000.0,2402000000.0,1573000000.0,2.61,2.61,2.61,9909000000.0,9629250000.0,9909000000.0,33249319997.0,14.0,8.463,-1529000000.0,-3.83,1.0,3761000000.0,0.287,76000000.0,829000000.0,49639000000.0,47511500000.0,961000000.0,231000000.0,231000000.0,0.0,29486000000.0,4908000000.0,24578000000.0,18395319997.0,-63000000.0,-368000000.0,191000000.0,2402000000.0,-621000000.0,1992000000.0,-4221000000.0,-68000000.0,2166000000.0,0.0,1039000000.0,1039000000.0,1039000000.0,-6000000.0,0.0,0.079,1498000000.0,2263000000.0,1121000000.0,0.598,1.856,17.705,17.655,29030000000.0,0.0,46.08,1.406,1.406,1202000000.0,3070000000.0,13088000000.0,13088000000.0,0.0,0.027,0.108,0.051,0.184,0.0,0.0,1.0,399203993.0,399222569,400215911.0,32.784,39380000000.0,0.0,534000000.0,5201000000.0,98.642,-1797000000.0
56,AEP,MRT,2007-06-30,2007-06-30,2007-06-30,2021-09-07,-202000000.0,39193000000.0,37875250000.0,3263000000.0,35930000000.0,0.34,24.22,-3740000000.0,172000000.0,172000000.0,9183000000.0,897000000.0,0.562,3.053,15026000000.0,1959000000.0,13067000000.0,15026000000.0,0.0,1528000000.0,353000000.0,0.034,1.54,2146000000.0,3674000000.0,0.285,3674000000.0,2146000000.0,1359000000.0,2.26,2.26,2.26,9656000000.0,9533250000.0,9656000000.0,31778461536.0,15.0,8.65,-1162000000.0,-2.915,1.0,3710000000.0,0.288,76000000.0,787000000.0,48167000000.0,45911750000.0,1038000000.0,337000000.0,337000000.0,0.0,29476000000.0,5804000000.0,23672000000.0,17960461536.0,-77000000.0,-285000000.0,183000000.0,2099000000.0,-611000000.0,1643000000.0,-4298000000.0,-185000000.0,2578000000.0,0.0,897000000.0,897000000.0,897000000.0,-6000000.0,0.0,0.07,1710000000.0,2000000000.0,1189000000.0,0.681,1.86,20.023,19.929,28467000000.0,0.0,45.04,1.393,1.393,1072000000.0,2819000000.0,12893000000.0,12893000000.0,0.0,0.024,0.094,0.047,0.166,0.0,0.0,1.0,398766908.0,398679242,399868900.0,32.339,39117000000.0,0.0,462000000.0,5319000000.0,98.116,-2541000000.0
57,AEP,MRT,2007-03-31,2007-03-31,2007-03-31,2021-09-07,-253000000.0,37936000000.0,37123000000.0,3163000000.0,34773000000.0,0.342,24.011,-3670000000.0,259000000.0,259000000.0,9166000000.0,892000000.0,0.596,2.97,14077000000.0,1552000000.0,12525000000.0,14077000000.0,0.0,1510000000.0,315000000.0,0.031,1.52,2068000000.0,3578000000.0,0.282,3578000000.0,2068000000.0,1318000000.0,2.25,2.25,2.25,9540000000.0,9475750000.0,9540000000.0,32752893380.0,16.0,9.154,-1170000000.0,-2.945,1.0,3517000000.0,0.277,76000000.0,750000000.0,46370000000.0,44895500000.0,942000000.0,197000000.0,197000000.0,0.0,28335000000.0,5308000000.0,23027000000.0,19337893380.0,-17000000.0,143000000.0,148000000.0,1583000000.0,-600000000.0,1104000000.0,-3621000000.0,-34000000.0,2500000000.0,0.0,892000000.0,892000000.0,892000000.0,-7000000.0,0.0,0.07,1695000000.0,1822000000.0,1263000000.0,0.676,2.027,21.679,21.667,27303000000.0,0.0,48.75,1.525,1.527,1089000000.0,2795000000.0,12683000000.0,12683000000.0,0.0,0.024,0.094,0.046,0.163,0.0,0.0,1.0,396674736.0,397314642,398552113.0,31.922,37860000000.0,0.0,426000000.0,5339000000.0,95.29,-2145000000.0
58,AEP,MRT,2006-12-31,2006-12-31,2006-12-31,2021-09-07,-223000000.0,37987000000.0,36580250000.0,3588000000.0,34399000000.0,0.345,23.875,-3528000000.0,301000000.0,301000000.0,9049000000.0,1002000000.0,0.658,3.03,13716000000.0,1287000000.0,12429000000.0,13716000000.0,0.0,1467000000.0,339000000.0,0.035,1.5,2219000000.0,3686000000.0,0.292,3686000000.0,2219000000.0,1487000000.0,2.54,2.53,2.54,9412000000.0,9436750000.0,9412000000.0,29370487056.0,13.0,7.968,-796000000.0,-2.019,1.0,3573000000.0,0.283,76000000.0,732000000.0,45870000000.0,44032250000.0,913000000.0,425000000.0,425000000.0,0.0,28514000000.0,5456000000.0,23058000000.0,16843487056.0,-100000000.0,186000000.0,99000000.0,1357000000.0,-591000000.0,911000000.0,-3743000000.0,-312000000.0,2732000000.0,0.0,1002000000.0,1002000000.0,1002000000.0,-10000000.0,0.0,0.079,1607000000.0,1966000000.0,1360000000.0,0.591,1.79,16.81,16.764,26781000000.0,0.0,42.58,1.334,1.33,1040000000.0,2696000000.0,12622000000.0,12622000000.0,0.0,0.027,0.106,0.05,0.176,0.0,0.0,1.0,395572735.0,394219523,396483464.0,32.018,37911000000.0,0.0,485000000.0,5471000000.0,96.167,-1868000000.0
59,AEP,MRT,2006-09-30,2006-09-30,2006-09-30,2021-09-07,-1000000.0,36385000000.0,36126500000.0,3175000000.0,33210000000.0,0.347,24.18,-3004000000.0,259000000.0,259000000.0,9173000000.0,672000000.0,0.567,2.814,12786000000.0,1812000000.0,10974000000.0,12786000000.0,0.0,1444000000.0,336000000.0,0.041,1.48,1716000000.0,3160000000.0,0.252,3160000000.0,1716000000.0,1025000000.0,1.69,1.68,1.69,9525000000.0,9355750000.0,9525000000.0,26883873078.0,16.0,8.508,-630000000.0,-1.599,1.0,3364000000.0,0.268,76000000.0,691000000.0,43240000000.0,43182500000.0,810000000.0,243000000.0,198000000.0,45000000.0,26799000000.0,5596000000.0,21203000000.0,14328873078.0,-590000000.0,-233000000.0,33000000.0,944000000.0,-582000000.0,438000000.0,-3402000000.0,-61000000.0,2374000000.0,0.0,672000000.0,672000000.0,672000000.0,-7000000.0,0.0,0.054,1581000000.0,1783000000.0,1180000000.0,0.876,1.504,21.323,21.521,25822000000.0,0.0,36.37,1.143,1.143,1083000000.0,2669000000.0,12537000000.0,12537000000.0,0.0,0.019,0.072,0.04,0.137,0.0,0.0,1.0,393975064.0,393913463,396266250.0,31.827,36309000000.0,0.0,353000000.0,5501000000.0,92.175,-2421000000.0
60,AEP,MRT,2006-06-30,2006-06-30,2006-06-30,2021-09-07,38000000.0,36184000000.0,36019250000.0,3255000000.0,32929000000.0,0.341,23.941,-2995000000.0,249000000.0,249000000.0,9035000000.0,794000000.0,0.714,2.832,12804000000.0,959000000.0,11845000000.0,12804000000.0,0.0,1398000000.0,382000000.0,0.043,1.46,1890000000.0,3288000000.0,0.268,3288000000.0,1890000000.0,1210000000.0,2.01,2.0,2.01,9426000000.0,9220750000.0,9426000000.0,25583584708.0,14.0,7.781,-977000000.0,-2.481,1.0,3236000000.0,0.264,76000000.0,680000000.0,44102000000.0,42716500000.0,865000000.0,218000000.0,173000000.0,45000000.0,26697000000.0,4561000000.0,22136000000.0,13491584708.0,-358000000.0,-136000000.0,380000000.0,794000000.0,-571000000.0,659000000.0,-3035000000.0,157000000.0,2018000000.0,0.0,794000000.0,794000000.0,794000000.0,-29000000.0,0.0,0.065,1364000000.0,1872000000.0,1191000000.0,0.726,1.431,16.992,17.04,25398000000.0,0.0,34.25,1.099,1.099,1017000000.0,2550000000.0,12271000000.0,12271000000.0,0.0,0.022,0.086,0.044,0.154,0.0,0.0,1.0,393914882.0,393722353,395500506.0,31.167,36108000000.0,0.0,416000000.0,5534000000.0,91.709,-1306000000.0
61,AEP,MRT,2006-03-31,2006-03-31,2006-03-31,2021-09-07,27000000.0,35765000000.0,35458000000.0,3249000000.0,32516000000.0,0.343,23.838,-2735000000.0,276000000.0,276000000.0,8863000000.0,840000000.0,0.668,2.805,12368000000.0,1287000000.0,11081000000.0,12368000000.0,0.0,1369000000.0,415000000.0,0.042,1.44,1979000000.0,3348000000.0,0.275,3348000000.0,1979000000.0,1287000000.0,2.15,2.14,2.15,9384000000.0,8959750000.0,9384000000.0,25229314869.0,13.0,7.536,-942000000.0,-2.393,1.0,3291000000.0,0.271,76000000.0,692000000.0,42917000000.0,41854750000.0,776000000.0,249000000.0,202000000.0,47000000.0,26320000000.0,4864000000.0,21456000000.0,13394314869.0,-985000000.0,173000000.0,397000000.0,-83000000.0,-561000000.0,-181000000.0,-2597000000.0,36000000.0,1793000000.0,0.0,840000000.0,840000000.0,840000000.0,-29000000.0,0.0,0.069,1335000000.0,1956000000.0,1033000000.0,0.67,1.427,15.946,15.823,24808000000.0,0.0,34.02,1.102,1.102,1000000000.0,2520000000.0,12154000000.0,12154000000.0,0.0,0.024,0.094,0.047,0.163,0.0,0.0,1.0,393718838.0,393653162,395580106.0,30.875,35689000000.0,0.0,447000000.0,5676000000.0,90.661,-1615000000.0
62,AEP,MRT,2005-12-31,2005-12-31,2005-12-31,2021-09-07,-27000000.0,36172000000.0,35291000000.0,3945000000.0,32227000000.0,0.343,23.304,-2404000000.0,401000000.0,401000000.0,8917000000.0,814000000.0,0.723,2.973,12236000000.0,1163000000.0,11073000000.0,12236000000.0,0.0,1348000000.0,571000000.0,0.038,1.42,1941000000.0,3289000000.0,0.272,3289000000.0,1941000000.0,1244000000.0,2.09,2.08,2.09,9088000000.0,8680750000.0,9088000000.0,25509750353.0,13.0,7.756,-527000000.0,-1.351,1.0,3194000000.0,0.264,76000000.0,697000000.0,42471000000.0,41277000000.0,726000000.0,127000000.0,127000000.0,0.0,27023000000.0,5460000000.0,21563000000.0,14601750353.0,81000000.0,1246000000.0,-25000000.0,-147000000.0,-553000000.0,-791000000.0,-1005000000.0,174000000.0,1877000000.0,0.0,814000000.0,814000000.0,814000000.0,-27000000.0,0.0,0.067,1267000000.0,1927000000.0,1144000000.0,0.679,1.607,17.938,17.746,24284000000.0,0.0,37.09,1.206,1.194,1220000000.0,2285000000.0,12111000000.0,12111000000.0,0.0,0.023,0.094,0.047,0.16,0.0,0.0,1.0,393684291.0,389969636,391423842.0,31.056,36096000000.0,0.0,430000000.0,5461000000.0,92.561,-1515000000.0
63,AEP,MRT,2005-09-30,2005-09-30,2005-09-30,2021-09-07,-412000000.0,35956000000.0,34907000000.0,4670000000.0,31286000000.0,0.37,23.098,-2418000000.0,849000000.0,849000000.0,9595000000.0,1140000000.0,0.863,2.995,11757000000.0,732000000.0,11025000000.0,11757000000.0,0.0,1340000000.0,725000000.0,0.035,1.4,2453000000.0,3793000000.0,0.294,3793000000.0,2453000000.0,1739000000.0,2.92,2.92,2.92,8985000000.0,8537500000.0,8985000000.0,26598448916.0,11.0,7.013,-286000000.0,-0.735,1.0,3306000000.0,0.256,76000000.0,714000000.0,41376000000.0,41049250000.0,649000000.0,178000000.0,73000000.0,105000000.0,26910000000.0,5412000000.0,21498000000.0,15275448916.0,-85000000.0,1754000000.0,-30000000.0,-1117000000.0,-548000000.0,-1861000000.0,-356000000.0,359000000.0,2132000000.0,0.0,1140000000.0,1140000000.0,1140000000.0,-49000000.0,0.0,0.088,1149000000.0,2157000000.0,1112000000.0,0.479,1.7,13.4,13.596,23515000000.0,0.0,39.7,1.184,1.197,1210000000.0,2579000000.0,12901000000.0,12901000000.0,0.0,0.033,0.134,0.06,0.19,0.0,0.0,1.0,384772013.0,389000000,390000000.0,33.165,35880000000.0,0.0,599000000.0,5403000000.0,92.237,-742000000.0
64,AEP,MRT,2005-06-30,2005-06-30,2005-06-30,2021-09-07,-396000000.0,33939000000.0,34623500000.0,3530000000.0,30409000000.0,0.386,21.828,-1967000000.0,607000000.0,607000000.0,10074000000.0,1283000000.0,0.779,3.042,11930000000.0,1078000000.0,10852000000.0,11930000000.0,0.0,1337000000.0,380000000.0,0.038,1.4,2634000000.0,3971000000.0,0.297,3971000000.0,2634000000.0,1890000000.0,3.27,3.27,3.27,8382000000.0,8362000000.0,8382000000.0,25275829162.0,10.0,6.365,451000000.0,1.174,1.0,3280000000.0,0.246,76000000.0,744000000.0,40655000000.0,40830750000.0,729000000.0,413000000.0,275000000.0,138000000.0,25496000000.0,4531000000.0,20965000000.0,14158829162.0,-56000000.0,2726000000.0,-393000000.0,-2072000000.0,-551000000.0,-3168000000.0,694000000.0,46000000.0,2418000000.0,0.0,1283000000.0,1283000000.0,1283000000.0,-145000000.0,0.0,0.096,1144000000.0,2136000000.0,925000000.0,0.428,1.689,11.036,11.275,22893000000.0,0.0,36.87,1.06,1.06,1058000000.0,2327000000.0,13354000000.0,13354000000.0,0.0,0.037,0.153,0.065,0.197,0.0,0.0,1.0,384020319.0,384000000,385000000.0,34.776,33863000000.0,0.0,607000000.0,5451000000.0,88.185,-1001000000.0
65,AEP,MRT,2005-03-31,2005-03-31,2005-03-31,2021-09-07,-394000000.0,35097000000.0,35100750000.0,4403000000.0,30694000000.0,0.397,21.038,-1766000000.0,1261000000.0,1261000000.0,10716000000.0,1162000000.0,0.796,3.238,12378000000.0,1704000000.0,10674000000.0,12378000000.0,0.0,1332000000.0,469000000.0,0.041,1.4,2499000000.0,3831000000.0,0.275,3831000000.0,2499000000.0,1744000000.0,2.94,2.94,2.94,8268000000.0,8287250000.0,8268000000.0,25197928691.0,10.0,6.577,715000000.0,1.819,1.0,3230000000.0,0.232,76000000.0,755000000.0,40606000000.0,41234500000.0,636000000.0,317000000.0,181000000.0,136000000.0,26768000000.0,5532000000.0,21236000000.0,13482928691.0,348000000.0,2501000000.0,-410000000.0,-1729000000.0,-555000000.0,-2832000000.0,699000000.0,90000000.0,2481000000.0,0.0,1162000000.0,1162000000.0,1162000000.0,-91000000.0,0.0,0.083,1177000000.0,2053000000.0,876000000.0,0.476,1.631,11.603,11.585,22599000000.0,0.0,34.06,0.967,0.96,1125000000.0,2241000000.0,13946000000.0,13946000000.0,0.0,0.033,0.14,0.061,0.179,0.0,0.0,1.0,395858153.0,393000000,394000000.0,35.486,35021000000.0,0.0,582000000.0,5639000000.0,89.112,-1129000000.0
66,AEP,MRT,2004-12-31,2004-12-31,2004-12-31,2021-09-07,-344000000.0,34636000000.0,35385250000.0,3996000000.0,30640000000.0,0.403,21.523,-1637000000.0,320000000.0,320000000.0,10942000000.0,1089000000.0,0.801,3.06,12310000000.0,1302000000.0,11008000000.0,12310000000.0,0.0,1324000000.0,414000000.0,0.041,1.4,2442000000.0,3766000000.0,0.264,3766000000.0,2442000000.0,1661000000.0,2.75,2.75,2.75,8515000000.0,8238000000.0,8515000000.0,24978503004.0,10.0,6.633,1074000000.0,2.715,1.0,3303000000.0,0.232,76000000.0,781000000.0,41560000000.0,41754250000.0,852000000.0,429000000.0,275000000.0,154000000.0,26060000000.0,4990000000.0,21070000000.0,13588503004.0,-458000000.0,1357000000.0,17000000.0,-2238000000.0,-555000000.0,-2840000000.0,-329000000.0,78000000.0,2711000000.0,0.0,1089000000.0,1089000000.0,1089000000.0,-83000000.0,0.0,0.076,1320000000.0,1983000000.0,1055000000.0,0.509,1.596,12.478,12.487,22801000000.0,0.0,34.34,0.954,0.954,1502000000.0,2024000000.0,14245000000.0,14245000000.0,0.0,0.031,0.132,0.058,0.171,0.0,0.0,1.0,395704805.0,395622137,396590407.0,36.007,34560000000.0,0.0,572000000.0,5430000000.0,87.356,-994000000.0
67,AEP,MRT,2004-09-30,2004-09-30,2004-09-30,2021-09-07,-531000000.0,34822000000.0,35921500000.0,4983000000.0,29839000000.0,0.396,20.917,-1433000000.0,1461000000.0,1461000000.0,10643000000.0,150000000.0,0.885,3.197,12851000000.0,1812000000.0,11039000000.0,12851000000.0,0.0,1308000000.0,399000000.0,0.044,1.4,1323000000.0,2631000000.0,0.185,2631000000.0,1323000000.0,523000000.0,0.31,0.31,0.31,8283000000.0,8077750000.0,8283000000.0,25573243583.0,19.0,9.72,1589000000.0,4.013,1.0,3570000000.0,0.251,78000000.0,800000000.0,40502000000.0,42355750000.0,1074000000.0,190000000.0,0.0,190000000.0,26478000000.0,5632000000.0,20846000000.0,12645243583.0,-687000000.0,1235000000.0,13000000.0,-2310000000.0,-554000000.0,-2918000000.0,-791000000.0,-536000000.0,3022000000.0,0.0,150000000.0,150000000.0,150000000.0,447000000.0,0.0,0.011,2020000000.0,1550000000.0,1033000000.0,4.516,1.527,84.302,103.097,22294000000.0,0.0,31.96,0.89,0.89,1333000000.0,1987000000.0,14213000000.0,14213000000.0,0.0,0.004,0.019,0.031,0.093,0.0,0.0,1.0,395658435.0,396000000,397000000.0,35.891,34744000000.0,0.0,373000000.0,5103000000.0,87.737,-649000000.0
68,AEP,MRT,2004-06-30,2004-06-30,2004-06-30,2021-09-07,-335000000.0,35848000000.0,36235750000.0,4865000000.0,30983000000.0,0.397,20.412,-1373000000.0,1066000000.0,1066000000.0,10711000000.0,-123000000.0,0.757,3.427,13994000000.0,2461000000.0,11533000000.0,13994000000.0,0.0,1304000000.0,462000000.0,0.044,1.4,1041000000.0,2345000000.0,0.163,2345000000.0,1041000000.0,218000000.0,-0.38,-0.38,-0.38,8083000000.0,8121500000.0,8083000000.0,25500751936.0,24.0,10.875,1552000000.0,3.919,1.0,3662000000.0,0.255,78000000.0,823000000.0,42270000000.0,42770750000.0,1192000000.0,214000000.0,0.0,214000000.0,27704000000.0,6428000000.0,21276000000.0,12660751936.0,-404000000.0,172000000.0,11000000.0,-1145000000.0,-553000000.0,-1754000000.0,-1575000000.0,-399000000.0,2925000000.0,0.0,-123000000.0,-123000000.0,-123000000.0,615000000.0,0.0,-0.009,1980000000.0,1682000000.0,1165000000.0,-3.684,1.566,-102.933,-84.211,22181000000.0,0.0,32.0,0.881,0.882,1546000000.0,1595000000.0,14373000000.0,14373000000.0,0.0,-0.003,-0.015,0.024,0.072,0.0,0.0,1.0,395648498.0,396000000,396000000.0,36.295,35770000000.0,0.0,341000000.0,4906000000.0,90.328,-1563000000.0
69,AEP,MRT,2004-03-31,2004-03-31,2004-03-31,2021-09-07,-379000000.0,36235000000.0,36113500000.0,4830000000.0,31405000000.0,0.399,20.433,-1335000000.0,1253000000.0,1253000000.0,10756000000.0,-48000000.0,0.765,3.482,14093000000.0,2230000000.0,11863000000.0,14093000000.0,0.0,1317000000.0,422000000.0,0.043,1.4,1094000000.0,2411000000.0,0.167,2411000000.0,1094000000.0,273000000.0,-0.19,-0.19,-0.19,8071000000.0,8204000000.0,8071000000.0,26248940579.0,24.0,10.887,1300000000.0,3.291,1.0,3656000000.0,0.254,78000000.0,821000000.0,42685000000.0,42314000000.0,961000000.0,216000000.0,0.0,216000000.0,28103000000.0,6312000000.0,21791000000.0,13003940579.0,-687000000.0,87000000.0,9000000.0,-1001000000.0,-553000000.0,-1839000000.0,-1483000000.0,-313000000.0,2635000000.0,0.0,-48000000.0,-48000000.0,-48000000.0,566000000.0,0.0,-0.003,1953000000.0,1703000000.0,1246000000.0,-7.368,1.611,-270.915,-173.263,22055000000.0,0.0,32.92,0.902,0.902,1521000000.0,1630000000.0,14412000000.0,14412000000.0,0.0,-0.001,-0.006,0.026,0.076,0.0,0.0,1.0,395016421.0,395000000,395000000.0,36.486,36157000000.0,0.0,321000000.0,4868000000.0,91.537,-1482000000.0
70,AEP,MRT,2003-12-31,2003-12-31,2003-12-31,2021-09-07,-426000000.0,36781000000.0,36280000000.0,4827000000.0,31954000000.0,0.409,20.452,-1322000000.0,1182000000.0,1182000000.0,11181000000.0,110000000.0,0.807,3.663,14427000000.0,2105000000.0,12322000000.0,14427000000.0,0.0,1307000000.0,379000000.0,0.054,1.65,1282000000.0,2589000000.0,0.175,2589000000.0,1282000000.0,468000000.0,0.29,0.29,0.29,7874000000.0,8295500000.0,7874000000.0,24719673333.0,19.0,9.548,1178000000.0,3.06,1.0,3652000000.0,0.246,78000000.0,814000000.0,43966000000.0,41476500000.0,889000000.0,212000000.0,0.0,212000000.0,28846000000.0,5982000000.0,22864000000.0,12051673333.0,-307000000.0,82000000.0,1142000000.0,-743000000.0,-618000000.0,-509000000.0,-2298000000.0,-377000000.0,2500000000.0,0.0,110000000.0,110000000.0,110000000.0,605000000.0,0.0,0.007,1909000000.0,1743000000.0,1337000000.0,5.69,1.531,109.561,105.207,22017000000.0,0.0,30.51,0.812,0.792,1710000000.0,1490000000.0,14833000000.0,14833000000.0,0.0,0.003,0.013,0.031,0.086,0.0,0.0,1.0,395007320.0,385000000,385000000.0,38.527,36703000000.0,0.0,358000000.0,4577000000.0,95.332,-1155000000.0
71,AEP,MRT,2003-09-30,2003-09-30,2003-09-30,2021-09-07,-745000000.0,36079000000.0,36057250000.0,6355000000.0,29724000000.0,0.394,21.413,-1484000000.0,1708000000.0,1708000000.0,10608000000.0,35000000.0,1.027,3.258,14376000000.0,1677000000.0,12699000000.0,14376000000.0,0.0,1261000000.0,0.0,0.063,1.9,1154000000.0,2415000000.0,0.17,2415000000.0,1154000000.0,346000000.0,-0.21,-0.21,-0.21,8458000000.0,8093000000.0,8458000000.0,23571055590.0,20.0,9.76,1593000000.0,4.033,1.0,3611000000.0,0.254,397000000.0,808000000.0,42162000000.0,40165750000.0,1197000000.0,221000000.0,0.0,221000000.0,27560000000.0,6188000000.0,21372000000.0,11850055590.0,1130000000.0,196000000.0,1142000000.0,-197000000.0,-682000000.0,36000000.0,-1983000000.0,-48000000.0,3077000000.0,0.0,35000000.0,35000000.0,35000000.0,717000000.0,0.0,0.002,1921000000.0,1690000000.0,1700000000.0,-9.048,1.401,338.573,-142.857,23012000000.0,0.0,30.0,0.833,0.833,1535000000.0,2393000000.0,14219000000.0,14219000000.0,0.0,0.001,0.004,0.029,0.081,0.0,0.0,1.0,395001853.0,395000000,395000000.0,35.997,35682000000.0,0.0,311000000.0,4575000000.0,90.334,167000000.0
72,AEP,MRT,2003-06-30,2003-06-30,2003-06-30,2021-09-07,-670000000.0,35359000000.0,38416500000.0,5932000000.0,29427000000.0,0.367,21.299,-1540000000.0,1176000000.0,1176000000.0,10398000000.0,203000000.0,0.95,3.203,12897000000.0,1587000000.0,11310000000.0,12897000000.0,0.0,1311000000.0,0.0,0.072,2.15,1358000000.0,2669000000.0,0.189,2669000000.0,1358000000.0,585000000.0,0.39,0.39,0.39,8413000000.0,8145000000.0,8413000000.0,22765653719.0,17.0,8.53,1280000000.0,3.241,1.0,3691000000.0,0.262,396000000.0,773000000.0,40443000000.0,39859500000.0,1178000000.0,283000000.0,0.0,283000000.0,26946000000.0,6241000000.0,20705000000.0,11782653719.0,566000000.0,1304000000.0,1142000000.0,-1456000000.0,-748000000.0,-1299000000.0,-966000000.0,-61000000.0,2820000000.0,11000000.0,203000000.0,203000000.0,203000000.0,628000000.0,0.0,0.014,1954000000.0,1737000000.0,1860000000.0,5.513,1.401,58.043,76.487,22413000000.0,0.0,29.83,0.836,0.836,1685000000.0,2275000000.0,14089000000.0,14089000000.0,0.0,0.005,0.025,0.034,0.096,0.0,0.0,1.0,394993420.0,395000000,395000000.0,35.668,34963000000.0,0.0,382000000.0,4508000000.0,88.514,-309000000.0
73,AEP,MRT,2003-03-31,2003-03-31,2003-03-31,2021-09-07,-602000000.0,36901000000.0,42366250000.0,7444000000.0,29457000000.0,0.336,23.699,-1677000000.0,1764000000.0,1764000000.0,10475000000.0,90000000.0,0.913,3.374,12747000000.0,1935000000.0,10812000000.0,12747000000.0,0.0,1329000000.0,0.0,0.105,2.4,1290000000.0,2619000000.0,0.184,2619000000.0,1290000000.0,518000000.0,0.14,0.14,0.14,8437000000.0,8137750000.0,8437000000.0,20189350502.0,16.0,7.709,1172000000.0,3.292,1.0,3745000000.0,0.263,396000000.0,772000000.0,39335000000.0,41305500000.0,966000000.0,291000000.0,0.0,291000000.0,28464000000.0,8153000000.0,20311000000.0,7742350502.0,1453000000.0,1298000000.0,1785000000.0,-1582000000.0,-803000000.0,-276000000.0,-1131000000.0,-84000000.0,2849000000.0,11000000.0,90000000.0,90000000.0,90000000.0,722000000.0,0.0,0.006,1980000000.0,1765000000.0,2930000000.0,17.143,0.918,86.026,163.214,22328000000.0,0.0,22.85,0.544,0.572,2572000000.0,2238000000.0,14220000000.0,14220000000.0,0.0,0.002,0.011,0.031,0.091,0.0,0.0,1.0,338833720.0,356000000,356000000.0,39.944,36505000000.0,0.0,428000000.0,4485000000.0,102.542,-709000000.0
74,AEP,MRT,2002-12-31,2002-12-31,2002-12-31,2021-09-07,-609000000.0,35890000000.0,45679250000.0,5318000000.0,30572000000.0,0.294,21.277,-1685000000.0,1199000000.0,1199000000.0,9830000000.0,-519000000.0,0.614,3.907,12929000000.0,4066000000.0,8863000000.0,12929000000.0,0.0,1356000000.0,186000000.0,0.088,2.4,571000000.0,1927000000.0,0.144,1927000000.0,571000000.0,-204000000.0,-1.57,-1.57,-1.57,7064000000.0,8075000000.0,7064000000.0,21843366563.0,38.0,11.335,382000000.0,1.151,1.0,3597000000.0,0.268,241000000.0,775000000.0,38723000000.0,42582750000.0,938000000.0,283000000.0,0.0,283000000.0,27601000000.0,8656000000.0,18945000000.0,9260366563.0,921000000.0,1263000000.0,656000000.0,-868000000.0,-793000000.0,-681000000.0,-462000000.0,-84000000.0,2067000000.0,-3000000.0,-519000000.0,-519000000.0,-519000000.0,654000000.0,0.0,-0.039,1997000000.0,1600000000.0,1892000000.0,-1.529,1.311,-17.843,-17.408,20588000000.0,0.0,27.33,0.69,0.676,2089000000.0,1999000000.0,13427000000.0,13427000000.0,0.0,-0.011,-0.064,0.013,0.043,0.0,0.0,1.0,338835220.0,332000000,332000000.0,40.443,35649000000.0,0.0,315000000.0,4472000000.0,107.377,-3338000000.0
75,AEP,MRT,2002-09-30,2002-09-30,2002-09-30,2021-09-07,-28000000.0,45516000000.0,46531000000.0,13597000000.0,31919000000.0,0.284,25.563,-1596000000.0,566000000.0,566000000.0,9914000000.0,370000000.0,0.816,4.252,13149000000.0,4059000000.0,9090000000.0,13149000000.0,0.0,1373000000.0,0.0,0.084,2.4,1574000000.0,2947000000.0,0.223,2947000000.0,1574000000.0,819000000.0,1.08,1.08,1.08,8666000000.0,8366250000.0,8666000000.0,24092192122.0,15.0,8.175,803000000.0,2.369,1.0,3279000000.0,0.249,496000000.0,755000000.0,40937000000.0,43246000000.0,1227000000.0,0.0,0.0,0.0,36850000000.0,16666000000.0,20184000000.0,9660192122.0,354000000.0,574000000.0,658000000.0,-250000000.0,-783000000.0,-57000000.0,-1991000000.0,0.0,2399000000.0,3000000.0,370000000.0,370000000.0,370000000.0,59000000.0,0.0,0.028,1253000000.0,2026000000.0,2662000000.0,2.222,1.115,26.109,26.398,22817000000.0,0.0,28.51,0.732,0.733,2546000000.0,3039000000.0,13193000000.0,13193000000.0,0.0,0.008,0.044,0.036,0.119,0.0,0.0,1.0,338835220.0,339000000,339000000.0,38.917,45020000000.0,0.0,449000000.0,4912000000.0,132.802,-3069000000.0
76,AEP,MRT,2002-06-30,2002-06-30,2002-06-30,2021-09-07,-92000000.0,51158000000.0,48356750000.0,15111000000.0,36047000000.0,0.272,25.718,-1618000000.0,585000000.0,585000000.0,9873000000.0,366000000.0,0.816,5.102,15017000000.0,4547000000.0,10470000000.0,15017000000.0,0.0,1290000000.0,0.0,0.06,2.4,1582000000.0,2872000000.0,0.219,2872000000.0,1582000000.0,793000000.0,1.14,1.14,1.14,8384000000.0,8294500000.0,8384000000.0,28399356010.0,18.0,9.888,732000000.0,2.245,1.0,3266000000.0,0.249,848000000.0,789000000.0,46227000000.0,44050500000.0,1146000000.0,0.0,0.0,0.0,42774000000.0,18515000000.0,24259000000.0,12919356010.0,450000000.0,-542000000.0,658000000.0,245000000.0,-773000000.0,1203000000.0,-3088000000.0,0.0,2350000000.0,-15000000.0,366000000.0,366000000.0,366000000.0,96000000.0,0.0,0.028,1251000000.0,2015000000.0,2641000000.0,2.105,1.541,35.299,35.105,23441000000.0,0.0,40.02,0.983,0.993,2638000000.0,2802000000.0,13139000000.0,13139000000.0,0.0,0.008,0.044,0.036,0.12,0.0,0.0,1.0,322822489.0,326000000,326000000.0,40.304,50310000000.0,0.0,427000000.0,4800000000.0,154.325,-3404000000.0
77,AEP,MRT,2002-03-31,2002-03-31,2002-03-31,2021-09-07,-170000000.0,50153000000.0,48124000000.0,14280000000.0,35873000000.0,0.493,25.422,-1631000000.0,306000000.0,306000000.0,20325000000.0,536000000.0,0.747,5.127,15786000000.0,5215000000.0,10571000000.0,15786000000.0,0.0,1251000000.0,0.0,0.052,2.4,1832000000.0,3083000000.0,0.13,3083000000.0,1832000000.0,1022000000.0,1.67,1.67,1.67,8186000000.0,8235500000.0,8186000000.0,29732948817.0,16.0,9.644,583000000.0,1.811,1.0,3381000000.0,0.143,2062000000.0,810000000.0,44444000000.0,43682000000.0,963000000.0,0.0,0.0,0.0,41967000000.0,19127000000.0,22840000000.0,14857948817.0,107000000.0,-621000000.0,22000000.0,1331000000.0,-773000000.0,1319000000.0,-3418000000.0,0.0,2214000000.0,-8000000.0,536000000.0,536000000.0,536000000.0,-25000000.0,0.0,0.023,1251000000.0,2130000000.0,2162000000.0,1.437,1.815,27.72,27.599,24447000000.0,0.0,46.09,0.627,0.626,2554000000.0,3288000000.0,23706000000.0,23706000000.0,0.0,0.011,0.065,0.042,0.077,0.0,0.0,1.0,322368167.0,322000000,322000000.0,73.621,48091000000.0,0.0,486000000.0,5247000000.0,149.351,-4847000000.0
78,AEP,MRT,2001-12-31,2001-12-31,2001-12-31,2021-09-07,-126000000.0,39297000000.0,47313250000.0,5664000000.0,33633000000.0,0.27,25.556,-1646000000.0,224000000.0,224000000.0,9297000000.0,971000000.0,0.523,3.775,13516000000.0,5106000000.0,8410000000.0,13516000000.0,0.0,1267000000.0,0.0,0.055,2.4,2357000000.0,3624000000.0,0.284,3624000000.0,2357000000.0,1524000000.0,3.01,3.01,3.01,8229000000.0,8203250000.0,8229000000.0,28697889768.0,12.0,7.919,1172000000.0,3.64,1.0,3456000000.0,0.271,392000000.0,833000000.0,41376000000.0,42803750000.0,1037000000.0,633000000.0,0.0,633000000.0,31068000000.0,10821000000.0,20247000000.0,14026889768.0,-38000000.0,-621000000.0,11000000.0,460000000.0,-773000000.0,437000000.0,-3292000000.0,0.0,2818000000.0,-1000000.0,971000000.0,971000000.0,971000000.0,-41000000.0,0.0,0.076,1233000000.0,2223000000.0,1914000000.0,0.797,1.705,14.446,14.462,22104000000.0,0.0,43.53,1.1,1.099,1639000000.0,3296000000.0,12753000000.0,12753000000.0,0.0,0.021,0.118,0.055,0.185,0.0,0.0,1.0,322235005.0,322000000,322000000.0,39.606,38905000000.0,0.0,553000000.0,4991000000.0,120.823,-5157000000.0
79,AEP,MRT,2001-09-30,2001-09-30,2001-09-30,2021-09-07,-128000000.0,52819000000.0,50826500000.0,18007000000.0,34812000000.0,0.346,26.022,-1451000000.0,379000000.0,379000000.0,14242000000.0,697000000.0,0.819,5.304,15050000000.0,5125000000.0,9925000000.0,15050000000.0,0.0,1136000000.0,0.0,0.056,2.4,3202000000.0,4338000000.0,0.246,4338000000.0,3202000000.0,1505000000.0,2.17,2.17,2.17,8379000000.0,8159500000.0,8379000000.0,29404785111.0,9.0,6.778,327000000.0,1.016,1.0,3362000000.0,0.191,1360000000.0,1697000000.0,44155000000.0,42653750000.0,0.0,0.0,0.0,0.0,44440000000.0,21975000000.0,22465000000.0,13928785111.0,75000000.0,-79000000.0,11000000.0,-128000000.0,-773000000.0,-146000000.0,-1573000000.0,0.0,1778000000.0,16000000.0,697000000.0,697000000.0,697000000.0,-149000000.0,0.0,0.04,1219000000.0,2143000000.0,1847000000.0,1.106,1.662,19.984,19.922,23072000000.0,0.0,43.23,0.791,0.791,2824000000.0,3438000000.0,17604000000.0,17604000000.0,0.0,0.014,0.085,0.075,0.182,0.0,0.0,1.0,322201830.0,322000000,322000000.0,54.671,51459000000.0,0.0,808000000.0,5432000000.0,159.811,-3968000000.0
80,AEP,MRT,2001-06-30,2001-06-30,2001-06-30,2021-09-07,-131000000.0,50227000000.0,47751250000.0,16152000000.0,34075000000.0,0.533,25.304,-1472000000.0,212000000.0,212000000.0,22009000000.0,635000000.0,0.822,5.164,15688000000.0,5079000000.0,10609000000.0,15688000000.0,0.0,1150000000.0,0.0,0.052,2.4,2923000000.0,4073000000.0,0.16,4073000000.0,2923000000.0,1441000000.0,1.97,1.97,1.97,8148000000.0,8169000000.0,8148000000.0,29247756686.0,10.0,7.181,-135000000.0,-0.419,1.0,3446000000.0,0.135,1300000000.0,1482000000.0,44753000000.0,41968250000.0,0.0,0.0,0.0,0.0,42079000000.0,19650000000.0,22429000000.0,14873756686.0,-78000000.0,-79000000.0,11000000.0,937000000.0,-773000000.0,154000000.0,-1606000000.0,0.0,1337000000.0,37000000.0,635000000.0,635000000.0,635000000.0,-147000000.0,0.0,0.025,1201000000.0,2245000000.0,1252000000.0,1.218,1.825,23.423,23.437,22867000000.0,0.0,46.17,0.584,0.584,2532000000.0,3210000000.0,25455000000.0,25455000000.0,0.0,0.013,0.078,0.07,0.115,0.0,0.0,1.0,322151975.0,322000000,322000000.0,79.053,48927000000.0,0.0,806000000.0,5424000000.0,151.947,-3498000000.0
81,AEP,MRT,2001-03-31,2001-03-31,2001-03-31,2021-09-07,-172000000.0,46910000000.0,45294250000.0,14234000000.0,32676000000.0,0.429,25.022,-1407000000.0,275000000.0,275000000.0,16117000000.0,394000000.0,0.747,4.822,14649000000.0,5573000000.0,9076000000.0,14649000000.0,0.0,1155000000.0,0.0,0.051,2.4,2354000000.0,3509000000.0,0.18,3509000000.0,2354000000.0,1089000000.0,1.22,1.22,1.22,8057000000.0,8195500000.0,8057000000.0,29785161558.0,13.0,8.488,-264000000.0,-0.82,1.0,3327000000.0,0.171,1310000000.0,1265000000.0,40931000000.0,41033750000.0,0.0,0.0,0.0,0.0,38853000000.0,19043000000.0,19810000000.0,15135161558.0,-279000000.0,0.0,16000000.0,642000000.0,-789000000.0,-152000000.0,-1296000000.0,0.0,1143000000.0,26000000.0,394000000.0,394000000.0,394000000.0,-122000000.0,0.0,0.02,1310000000.0,2017000000.0,2058000000.0,1.967,1.879,38.414,38.525,22103000000.0,0.0,47.0,0.778,0.778,3158000000.0,3163000000.0,19444000000.0,19444000000.0,0.0,0.009,0.048,0.057,0.121,0.0,0.0,1.0,322024714.0,322000000,322000000.0,60.385,45600000000.0,0.0,695000000.0,5384000000.0,141.615,-4809000000.0
82,AEP,MRT,2000-12-31,2000-12-31,2000-12-31,2021-09-07,-103000000.0,53350000000.0,39042250000.0,20901000000.0,32449000000.0,0.29,25.012,-1468000000.0,342000000.0,342000000.0,8258000000.0,267000000.0,0.806,5.624,15087000000.0,5485000000.0,9602000000.0,15087000000.0,0.0,1152000000.0,0.0,0.052,2.4,1868000000.0,3020000000.0,0.267,3020000000.0,1868000000.0,869000000.0,0.83,0.83,0.83,8054000000.0,7424250000.0,8054000000.0,30004693518.0,16.0,9.935,-327000000.0,-1.016,1.0,3068000000.0,0.271,1382000000.0,999000000.0,40776000000.0,37018500000.0,0.0,0.0,0.0,0.0,45296000000.0,25937000000.0,19359000000.0,14972693518.0,-224000000.0,0.0,14000000.0,903000000.0,-805000000.0,91000000.0,-1486000000.0,0.0,1141000000.0,30000000.0,267000000.0,267000000.0,267000000.0,-122000000.0,0.0,0.024,1294000000.0,1774000000.0,2627000000.0,2.892,1.859,56.078,56.024,22393000000.0,0.0,46.5,1.322,1.322,3699000000.0,3090000000.0,11326000000.0,11326000000.0,0.0,0.007,0.036,0.05,0.165,0.0,0.0,1.0,321993409.0,322000000,322000000.0,35.174,51968000000.0,0.0,602000000.0,5403000000.0,161.391,-5036000000.0
83,AEP,MRT,2000-09-30,2000-09-30,2000-09-30,2021-09-07,-155000000.0,40518000000.0,34634500000.0,8605000000.0,31913000000.0,1.189,26.14,-1737000000.0,295000000.0,295000000.0,37612000000.0,683000000.0,0.674,3.814,15327000000.0,5256000000.0,10071000000.0,15327000000.0,0.0,1294000000.0,0.0,0.061,2.4,2087000000.0,3381000000.0,0.082,3381000000.0,2087000000.0,1110000000.0,2.11,2.11,2.11,8417000000.0,7579000000.0,8417000000.0,22310205080.0,11.0,6.599,-803000000.0,-2.494,1.0,3582000000.0,0.087,1378000000.0,977000000.0,41413000000.0,36836750000.0,806000000.0,0.0,0.0,0.0,32101000000.0,12759000000.0,19342000000.0,7597205080.0,-208000000.0,0.0,12000000.0,1741000000.0,-821000000.0,584000000.0,-1733000000.0,0.0,934000000.0,7000000.0,683000000.0,683000000.0,683000000.0,0.0,0.0,0.017,1564000000.0,2018000000.0,1782000000.0,1.137,0.903,11.123,18.55,22070000000.0,0.0,39.14,0.184,0.306,3395000000.0,3506000000.0,41194000000.0,41194000000.0,0.0,0.02,0.09,0.057,0.051,0.0,0.0,1.0,194103349.0,322000000,322000000.0,127.932,39140000000.0,0.0,427000000.0,6211000000.0,121.553,-4154000000.0
84,AEP,MRT,2000-06-30,2000-06-30,2000-06-30,2021-09-07,-101000000.0,40399000000.0,29614500000.0,9216000000.0,31183000000.0,1.118,25.634,-1756000000.0,312000000.0,312000000.0,29669000000.0,719000000.0,0.727,3.894,15025000000.0,4954000000.0,10071000000.0,15025000000.0,0.0,1335000000.0,0.0,0.081,2.4,2070000000.0,3405000000.0,0.103,3405000000.0,2070000000.0,1093000000.0,2.23,2.23,2.23,8254000000.0,6729750000.0,8254000000.0,13849282231.0,7.0,4.067,-313000000.0,-0.972,1.0,3449000000.0,0.104,1422000000.0,977000000.0,41015000000.0,32547000000.0,823000000.0,0.0,0.0,0.0,32145000000.0,12675000000.0,19470000000.0,5751282231.0,-78000000.0,0.0,41000000.0,1263000000.0,-835000000.0,256000000.0,-1772000000.0,0.0,1443000000.0,-5000000.0,719000000.0,719000000.0,719000000.0,0.0,0.0,0.022,1498000000.0,1951000000.0,1591000000.0,1.076,0.697,7.999,13.287,21954000000.0,0.0,29.63,0.174,0.288,2932000000.0,3342000000.0,33118000000.0,33118000000.0,0.0,0.024,0.107,0.064,0.063,0.0,0.0,1.0,194103349.0,322000000,322000000.0,102.851,38977000000.0,0.0,374000000.0,6035000000.0,121.047,-3459000000.0
85,AEP,MRT,2000-03-31,2000-03-31,2000-03-31,2021-09-07,-8000000.0,21902000000.0,24661500000.0,3575000000.0,18327000000.0,1.133,15.441,-1844000000.0,364000000.0,364000000.0,24469000000.0,918000000.0,0.697,3.405,8462000000.0,2223000000.0,6239000000.0,8462000000.0,0.0,1471000000.0,0.0,0.081,2.4,2338000000.0,3809000000.0,0.136,3809000000.0,2338000000.0,1361000000.0,2.85,,2.85,4972000000.0,5899500000.0,4972000000.0,13879220834.0,6.0,3.644,-66000000.0,-0.205,1.0,3474000000.0,0.124,0.0,977000000.0,24870000000.0,28342250000.0,571000000.0,0.0,0.0,0.0,16930000000.0,5130000000.0,11800000000.0,5786220834.0,45000000.0,0.0,63000000.0,1201000000.0,-927000000.0,124000000.0,-1852000000.0,0.0,1778000000.0,-5000000.0,918000000.0,918000000.0,918000000.0,0.0,0.0,0.033,1283000000.0,2191000000.0,729000000.0,0.842,1.164,6.303,10.46,13019000000.0,0.0,29.81,0.207,0.344,1197000000.0,1728000000.0,27943000000.0,27943000000.0,0.0,0.037,0.156,0.082,0.084,0.0,0.0,1.0,194103349.0,322000000,,86.78,21902000000.0,0.0,443000000.0,3401000000.0,68.019,-1555000000.0
86,AEP,MRT,1999-12-31,1999-12-31,1999-12-31,2021-09-07,-4000000.0,35719000000.0,24218500000.0,4998000000.0,30721000000.0,1.022,27.019,-1680000000.0,609000000.0,609000000.0,21229000000.0,972000000.0,0.62,3.118,14536000000.0,4379000000.0,10157000000.0,14536000000.0,0.0,1294000000.0,0.0,0.075,2.4,2431000000.0,3725000000.0,0.151,3725000000.0,2431000000.0,1454000000.0,3.03,3.03,3.03,8673000000.0,5885250000.0,8673000000.0,13959540603.0,6.0,3.748,-81000000.0,-0.252,1.0,3516000000.0,0.142,1531000000.0,977000000.0,40049000000.0,28130250000.0,0.0,0.0,0.0,0.0,27046000000.0,8066000000.0,18980000000.0,6236540603.0,259000000.0,0.0,93000000.0,1288000000.0,-833000000.0,335000000.0,-1673000000.0,0.0,1599000000.0,-2000000.0,972000000.0,972000000.0,972000000.0,0.0,0.0,0.039,1212000000.0,2304000000.0,1280000000.0,0.792,0.719,6.416,10.604,21865000000.0,0.0,32.13,0.252,0.417,2027000000.0,3630000000.0,24745000000.0,24745000000.0,0.0,0.04,0.165,0.086,0.098,0.0,0.0,1.0,194103349.0,321000000,321000000.0,77.087,34188000000.0,0.0,482000000.0,5730000000.0,106.505,-3068000000.0
87,AEP,MRT,1999-09-30,1999-09-30,1999-09-30,2021-09-07,19000000.0,20438000000.0,20159500000.0,2828000000.0,17610000000.0,0.749,15.639,-2335000000.0,274000000.0,274000000.0,10902000000.0,1247000000.0,0.724,3.071,7997000000.0,1778000000.0,6219000000.0,7997000000.0,0.0,1684000000.0,0.0,0.07,2.4,1861000000.0,3545000000.0,0.235,3545000000.0,1861000000.0,1861000000.0,3.23,,3.23,5020000000.0,4927500000.0,5020000000.0,14507378447.0,8.0,4.092,-32000000.0,-0.1,1.0,4190000000.0,0.278,0.0,0.0,24254000000.0,24171500000.0,604000000.0,0.0,0.0,0.0,15418000000.0,3907000000.0,11511000000.0,6600378447.0,206000000.0,-1054000000.0,126000000.0,2259000000.0,-1108000000.0,1364000000.0,-3459000000.0,10000000.0,2303000000.0,-2000000.0,1247000000.0,1247000000.0,1247000000.0,0.0,0.0,0.083,1230000000.0,2960000000.0,647000000.0,0.743,1.315,5.293,10.567,12921000000.0,0.0,34.13,0.437,0.726,1191000000.0,1750000000.0,15092000000.0,15092000000.0,0.0,0.062,0.253,0.077,0.123,0.0,0.0,1.0,193389348.0,321000000,,47.016,20438000000.0,0.0,614000000.0,3220000000.0,63.67,-1079000000.0
88,AEP,MRT,1999-06-30,1999-06-30,1999-06-30,2021-09-07,20000000.0,20587000000.0,19419061750.0,2985000000.0,17602000000.0,0.691,15.416,-2090000000.0,242000000.0,242000000.0,9751000000.0,1047000000.0,0.695,3.173,8149000000.0,2032000000.0,6117000000.0,8149000000.0,0.0,1487000000.0,0.0,0.064,2.4,1600000000.0,3087000000.0,0.23,3087000000.0,1600000000.0,1600000000.0,3.02,,3.02,4933000000.0,4887792750.0,4933000000.0,14699814138.0,9.0,4.762,-180000000.0,-0.562,1.0,3667000000.0,0.273,0.0,0.0,24196000000.0,23404718000.0,628000000.0,0.0,0.0,0.0,15654000000.0,4298000000.0,11356000000.0,7238814138.0,116000000.0,-1054000000.0,118000000.0,2370000000.0,-1015000000.0,1445000000.0,-3235000000.0,0.0,1910000000.0,-4000000.0,1047000000.0,1047000000.0,1047000000.0,0.0,0.0,0.078,1100000000.0,2567000000.0,560000000.0,0.795,1.467,6.914,12.437,12924000000.0,0.0,37.56,0.539,0.896,1132000000.0,1692000000.0,13418000000.0,13418000000.0,0.0,0.054,0.214,0.068,0.119,0.0,0.0,1.0,192726681.0,320000000,,41.931,20587000000.0,0.0,553000000.0,3237000000.0,64.334,-1313000000.0
89,AEP,MRT,1999-03-31,1999-03-31,1999-03-31,2021-09-07,0.0,20130000000.0,18725370500.0,2590000000.0,17540000000.0,0.642,25.599,-1795000000.0,280000000.0,280000000.0,8707000000.0,975000000.0,0.726,3.096,7741000000.0,1199000000.0,6542000000.0,7741000000.0,0.0,1190000000.0,0.0,0.06,2.4,1487000000.0,2677000000.0,0.223,2677000000.0,1487000000.0,1487000000.0,3.05,,3.05,4915000000.0,4844548250.0,4915000000.0,15145362799.0,10.0,5.658,224000000.0,1.167,1.0,3306000000.0,0.275,0.0,0.0,24022000000.0,22538434250.0,544000000.0,0.0,0.0,0.0,15215000000.0,3569000000.0,11646000000.0,7613965799.0,225000000.0,-1054000000.0,108000000.0,1854000000.0,-828000000.0,1106000000.0,-2900000000.0,0.0,2019000000.0,0.0,975000000.0,975000000.0,975000000.0,0.0,0.0,0.081,993000000.0,2313000000.0,741000000.0,0.787,1.549,7.809,13.013,12815000000.0,0.0,39.69,0.634,0.634,1037000000.0,1720000000.0,12013000000.0,12013000000.0,0.0,0.052,0.201,0.066,0.124,0.0,0.0,1.0,191835873.0,192000000,,62.568,20130000000.0,0.0,512000000.0,3348000000.0,104.844,-979000000.0
90,AEP,MRT,1998-12-31,1998-12-31,1998-12-31,2021-09-07,-1000000.0,19483000000.0,17892471250.0,2218000000.0,17265000000.0,0.662,15.226,-1736000000.0,173000000.0,173000000.0,8571000000.0,975000000.0,0.792,3.024,7705000000.0,905000000.0,6800000000.0,7705000000.0,0.0,1171000000.0,0.0,0.051,2.4,1477000000.0,2648000000.0,0.224,2648000000.0,1477000000.0,1477000000.0,3.06,,3.06,4842000000.0,4799028500.0,4842000000.0,14996159846.0,10.0,5.663,219000000.0,0.689,1.0,3269000000.0,0.276,0.0,0.0,24214000000.0,21696047000.0,496000000.0,0.0,0.0,0.0,14641000000.0,2801000000.0,11840000000.0,9004871846.0,160000000.0,-1054000000.0,96000000.0,1808000000.0,-827000000.0,1049000000.0,-2844000000.0,0.0,1955000000.0,0.0,975000000.0,975000000.0,975000000.0,0.0,0.0,0.082,989000000.0,2280000000.0,607000000.0,0.784,1.86,9.236,15.379,12802000000.0,0.0,47.06,0.761,1.264,1093000000.0,1684000000.0,11840000000.0,11840000000.0,0.0,0.054,0.203,0.068,0.125,0.0,0.0,1.0,191348743.0,318000000,,37.233,19483000000.0,0.0,502000000.0,3334000000.0,61.267,-583000000.0
91,AEP,MRT,1998-09-30,1998-09-30,1998-09-30,2021-09-07,0.0,17476247000.0,17175557750.0,1920960000.0,15555287000.0,0.373,25.451,-821578000.0,147894000.0,147894000.0,4467140000.0,590119000.0,0.842,2.595,6139182000.0,730185000.0,5408997000.0,6139182000.0,242418000.0,615506000.0,0.0,0.049,2.4,610073000.0,1225579000.0,0.191,1225579000.0,610073000.0,910924000.0,3.09,,3.09,4861171000.0,4757837000.0,4861171000.0,15307842704.0,25.0,12.49,255427000.0,1.337,1.0,1938639000.0,0.303,0.0,-300851000.0,21186872000.0,19252094250.0,474364000.0,0.0,0.0,0.0,12615076000.0,2280663000.0,10334413000.0,9317057704.0,56772000.0,-2205000.0,81955000.0,178435000.0,-456315000.0,-195691000.0,-824542000.0,-2759000.0,1077005000.0,0.0,590119000.0,590119000.0,590119000.0,0.0,0.0,0.092,577157000.0,1361482000.0,460917000.0,0.777,1.917,15.788,15.796,11656276000.0,0.0,48.81,1.454,1.455,1032089000.0,1726249000.0,6405779000.0,6405779000.0,0.0,0.034,0.124,0.032,0.095,0.0,0.0,1.0,190884198.0,191000000,,33.538,17476247000.0,0.0,320805000.0,3210873000.0,91.499,-359703000.0
92,AEP,MRT,1998-06-30,1998-06-30,1998-06-30,2021-09-07,0.0,17812235000.0,16869099500.0,2641032000.0,15171203000.0,0.363,24.922,-811507000.0,175338000.0,175338000.0,4240947000.0,486300000.0,0.86,2.742,6166123000.0,1032434000.0,5133689000.0,6166123000.0,210679000.0,613682000.0,0.0,0.053,2.4,596387000.0,1210069000.0,0.197,1210069000.0,596387000.0,793860000.0,2.55,,2.55,4760022000.0,4704037250.0,4760022000.0,14551209727.0,24.0,12.025,390073000.0,2.042,1.0,1890826000.0,0.308,0.0,-197473000.0,20730865000.0,19040785250.0,519555000.0,0.0,0.0,0.0,13052213000.0,3072155000.0,9980058000.0,8641624727.0,81360000.0,-6795000.0,79977000.0,71701000.0,-455830000.0,-303918000.0,-816302000.0,0.0,1201580000.0,0.0,486300000.0,486300000.0,486300000.0,0.0,0.0,0.079,575499000.0,1315327000.0,512015000.0,0.941,1.815,17.77,17.796,11629338000.0,0.0,45.38,1.409,1.414,1064785000.0,1645466000.0,6131773000.0,6131773000.0,0.0,0.029,0.103,0.031,0.097,0.0,0.0,1.0,190428046.0,191000000,,32.104,17812235000.0,0.0,307560000.0,3211145000.0,93.258,-431123000.0
93,AEP,MRT,1998-03-31,1998-03-31,1998-03-31,2021-09-07,0.0,16798403000.0,16497745250.0,1585635000.0,15212768000.0,0.361,24.91,-787313000.0,133190000.0,133190000.0,4061024000.0,489439000.0,0.771,2.549,6042775000.0,861219000.0,5181556000.0,6042775000.0,194812000.0,609284000.0,0.0,0.048,2.4,693454000.0,1302738000.0,0.219,1302738000.0,693454000.0,787276000.0,2.57,,2.57,4732921000.0,4676287750.0,4732921000.0,15535596947.0,22.0,11.925,332676000.0,1.751,1.0,1895907000.0,0.318,0.0,-93822000.0,20652451000.0,18956022000.0,481775000.0,0.0,0.0,0.0,12065482000.0,2055537000.0,10009945000.0,9546996947.0,47456000.0,-364000000.0,76428000.0,513525000.0,-454057000.0,85828000.0,-1158361000.0,0.0,1119989000.0,0.0,489439000.0,489439000.0,489439000.0,0.0,0.0,0.082,583048000.0,1312859000.0,342162000.0,0.934,2.017,19.506,19.553,11609619000.0,0.0,50.25,1.603,1.603,878213000.0,1641607000.0,5956931000.0,5956931000.0,0.0,0.03,0.105,0.037,0.116,0.0,0.0,1.0,189989989.0,190000000,,31.352,16798403000.0,0.0,297837000.0,3338853000.0,88.413,-469902000.0
94,AEP,MRT,1997-12-31,1997-12-31,1997-12-31,2021-09-07,0.0,16615346000.0,16274567000.0,1520442000.0,15094904000.0,0.364,24.747,-760000000.0,91481000.0,91481000.0,3991000000.0,511000000.0,0.729,2.552,0.0,950618000.0,5129463000.0,0.0,0.0,608000000.0,0.0,0.046,2.4,831000000.0,1439000000.0,0.243,1439000000.0,831000000.0,831000000.0,2.7,,2.7,4677234000.0,4649204000.0,4677234000.0,15643012240.0,19.0,10.871,438000000.0,2.317,1.0,1937000000.0,0.327,0.0,0.0,14438189000.0,18675763000.0,488580000.0,0.0,0.0,0.0,11938112000.0,2085676000.0,9852436000.0,9789616240.0,34000000.0,-364000000.0,77000000.0,767000000.0,-453000000.0,-42000000.0,-1122000000.0,0.0,1198000000.0,0.0,511000000.0,511000000.0,511000000.0,0.0,0.0,0.086,591000000.0,1346000000.0,0.0,0.889,2.093,19.158,19.122,11695062000.0,0.0,51.63,1.651,1.646,856709000.0,1605017000.0,5928000000.0,5928000000.0,0.0,0.031,0.11,0.044,0.14,0.0,0.0,1.0,189611006.0,189000000,,31.365,16615346000.0,0.0,320000000.0,0.0,87.912,-565234000.0
95,AEP,MRT,1997-09-30,1997-09-30,1997-09-30,2021-09-07,0.0,16250414000.0,16091477500.0,1379080000.0,14871334000.0,0.367,24.545,-717060000.0,91767000.0,91767000.0,3956384000.0,517310000.0,0.783,2.498,5945163000.0,822781000.0,5122382000.0,5945163000.0,181481000.0,603946000.0,0.0,0.053,2.4,1255990000.0,1859936000.0,0.315,1859936000.0,1255990000.0,863077000.0,2.75,,2.75,4645972000.0,4616227250.0,4645972000.0,14591349712.0,12.0,7.845,501437000.0,2.649,1.0,1947927000.0,0.33,0.0,392913000.0,20341636000.0,18648568750.0,476800000.0,0.0,0.0,0.0,11604442000.0,1762174000.0,9842268000.0,8608084712.0,-20937000.0,-361795000.0,74169000.0,676626000.0,-452387000.0,-165621000.0,-1073813000.0,-7241000.0,1218497000.0,0.0,517310000.0,517310000.0,517310000.0,0.0,0.0,0.088,598357000.0,1349570000.0,207669000.0,0.873,1.853,16.64,16.545,11502352000.0,0.0,45.5,1.458,1.459,723070000.0,1592705000.0,5904311000.0,5904311000.0,0.0,0.032,0.112,0.067,0.213,0.0,0.0,1.0,189188675.0,189287000,,31.192,16250414000.0,0.0,345767000.0,3217870000.0,85.851,-383094000.0
96,AEP,MRT,1997-06-30,1997-06-30,1997-06-30,2021-09-07,0.0,16326818000.0,,1451750000.0,14875068000.0,,24.621,-695627000.0,94179000.0,94179000.0,3856838000.0,588453000.0,0.757,2.512,6077444000.0,999687000.0,5077757000.0,6077444000.0,173604000.0,599110000.0,0.0,0.057,2.4,1322485000.0,1921595000.0,0.331,1921595000.0,1322485000.0,942072000.0,3.14,,3.14,4649024000.0,,4649024000.0,13388557000.0,10.0,6.967,553570000.0,2.932,1.0,1947901000.0,0.336,0.0,380413000.0,20391812000.0,,499190000.0,0.0,0.0,0.0,11677794000.0,1918271000.0,9759523000.0,7925820000.0,-16235000.0,-357205000.0,71363000.0,621027000.0,-451335000.0,-224883000.0,-1040549000.0,0.0,1249197000.0,0.0,588453000.0,588453000.0,588453000.0,0.0,0.0,0.101,605824000.0,1342077000.0,176050000.0,0.764,1.705,13.469,13.376,11468917000.0,0.0,42.0,1.365,1.366,726185000.0,1615039000.0,5804739000.0,5804739000.0,0.0,,,,0.228,0.0,0.0,1.0,188710000.0,188822000,,30.742,16326818000.0,0.0,353619000.0,3364346000.0,86.467,-466521000.0
97,AEP,MRT,1997-03-31,1997-03-31,1997-03-31,2021-09-07,0.0,15905690000.0,,1407780000.0,14497910000.0,,24.554,-615649000.0,86083000.0,86083000.0,3883431000.0,579980000.0,0.766,2.439,5548820000.0,762184000.0,4786636000.0,5548820000.0,159734000.0,595597000.0,0.0,0.058,2.4,1303679000.0,1899276000.0,0.326,1899276000.0,1303679000.0,928554000.0,3.1,,3.1,4624586000.0,,4624586000.0,13000112750.0,10.0,6.845,625249000.0,3.32,1.0,1940091000.0,0.333,0.0,375125000.0,19531415000.0,,461235000.0,0.0,0.0,0.0,11281104000.0,1837012000.0,9444092000.0,7764693750.0,-103338000.0,0.0,70460000.0,84128000.0,-450313000.0,-741918000.0,-602318000.0,0.0,1240898000.0,0.0,579980000.0,579980000.0,579980000.0,0.0,0.0,0.1,603689000.0,1336402000.0,158749000.0,0.774,1.679,13.388,13.306,11416209000.0,0.0,41.25,1.333,1.334,731018000.0,1607776000.0,5823522000.0,5823522000.0,0.0,,,,0.224,0.0,0.0,1.0,188235000.0,188347000,,30.919,15905690000.0,0.0,348574000.0,3496340000.0,84.449,-429232000.0
98,AEP,MRT,1996-12-31,1996-12-31,1996-12-31,2021-09-07,0.0,15882988000.0,15892644500.0,1354881000.0,14528107000.0,0.368,24.265,-577691000.0,57539000.0,57539000.0,3898189000.0,587430000.0,0.906,2.494,0.0,496190000.0,4796768000.0,0.0,0.0,590657000.0,0.0,0.058,2.4,1310980000.0,1901637000.0,0.325,1901637000.0,1310980000.0,929652000.0,3.14,,3.14,4545327000.0,,4545327000.0,,,,659371000.0,3.52,1.0,1951045000.0,0.334,0.0,381328000.0,14329412000.0,15075879000.0,487153000.0,0.0,0.0,0.0,11337661000.0,1496037000.0,9841624000.0,7740223200.0,-22416000.0,0.0,65461000.0,-239417000.0,-449353000.0,-694070000.0,-565408000.0,0.0,1237062000.0,0.0,587430000.0,587430000.0,587430000.0,0.0,0.0,0.1,600851000.0,1350194000.0,0.0,0.764,1.703,13.176,13.096,11420371000.0,0.0,41.12,1.323,1.317,706298000.0,1547746000.0,5849234000.0,5849234000.0,0.0,0.037,,0.087,0.224,0.0,0.0,1.0,188235000.0,187321000,,31.226,15882988000.0,0.0,342222000.0,0.0,84.79,-141156000.0
99,AEP,MRT,1996-09-30,1996-09-30,1996-09-30,2021-09-07,,,,,,,,,,,,,,,,,,,,,,0.059,2.4,,,,,,,,,,,,,,,,,,1.0,,,,,,,,,,,,,,,,,,,,,,,,,,,,,,,,,,,,,,,,40.62,,,,,,,,,,,,,,1.0,,187528000,,,,,,,,
100,AEP,MRT,1996-06-30,1996-06-30,1996-06-30,2021-09-07,,,,,,,,,,,,,,,,,,,,,,0.058,2.4,,,,,,,,,,,,,,,,,,1.0,,,,,,,,,,,,,,,,,,,,,,,,,,,,,,,,,,,,,,,,41.625,,,,,,,,,,,,,,1.0,,187104000,,,,,,,,
101,AEP,MRT,1996-03-31,1996-03-31,1996-03-31,2021-09-07,,,,,,,,,,,,,,,,,,,,,,0.057,2.4,,,,,,,,,,,,,,,,,,1.0,,,,,,,,,,,,,,,,,,,,,,,,,,,,,,,,,,,,,,,,41.75,,,,,,,,,,,,,,1.0,,186723000,,,,,,,,
102,AEP,MRT,1995-12-31,1995-12-31,1995-12-31,2021-09-07,0.0,15902301000.0,,1401858000.0,14500443000.0,,,-585407000.0,79955000.0,79955000.0,3840737000.0,529903000.0,,,0.0,,,0.0,0.0,578003000.0,0.0,0.059,2.4,1202007000.0,1780010000.0,0.314,1780010000.0,1202007000.0,801930000.0,2.85,,2.85,,,,,,,471203000.0,2.535,1.0,1829593000.0,0.323,0.0,400077000.0,15822346000.0,,522984000.0,0.0,0.0,0.0,,,,,17089000.0,0.0,48707000.0,101849000.0,-445831000.0,-454114000.0,-585407000.0,0.0,1056610000.0,0.0,529903000.0,529903000.0,529903000.0,0.0,0.0,0.093,593019000.0,1236574000.0,0.0,0.842,,,14.211,11384839000.0,0.0,40.5,,1.327,700202000.0,,5670330000.0,5670330000.0,0.0,,,,0.212,0.0,0.0,1.0,,185847000,,30.511,15902301000.0,0.0,272027000.0,0.0,85.567,
103,AEP,MRT,1994-12-31,1994-12-31,1994-12-31,2021-09-07,,,,,,,,-593655000.0,,,3786589000.0,500012000.0,,,,,,,,561188000.0,,0.073,2.4,1102651000.0,1663839000.0,0.302,1663839000.0,1102651000.0,713411000.0,2.71,,2.71,,,,,,,384070000.0,2.08,1.0,1718081000.0,0.312,,389240000.0,,,,,,,,,,,20305000.0,0.0,22256000.0,4242000.0,-443101000.0,-363765000.0,-593655000.0,0.0,977725000.0,0.0,500012000.0,500012000.0,500012000.0,0.0,0.0,0.091,572189000.0,1145892000.0,,0.886,,,12.133,,0.0,32.88,,1.103,,,5504670000.0,5504670000.0,0.0,,,,0.2,0.0,0.0,1.0,,184666000,,29.809,,,213399000.0,,,
