None,ticker,dimension,calendardate,datekey,reportperiod,lastupdated,accoci,assets,assetsavg,assetsc,assetsnc,assetturnover,bvps,capex,cashneq,cashnequsd,cor,consolinc,currentratio,de,debt,debtc,debtnc,debtusd,deferredrev,depamor,deposits,divyield,dps,ebit,ebitda,ebitdamargin,ebitdausd,ebitusd,ebt,eps,epsdil,epsusd,equity,equityavg,equityusd,ev,evebit,evebitda,fcf,fcfps,fxusd,gp,grossmargin,intangibles,intexp,invcap,invcapavg,inventory,investments,investmentsc,investmentsnc,liabilities,liabilitiesc,liabilitiesnc,marketcap,ncf,ncfbus,ncfcommon,ncfdebt,ncfdiv,ncff,ncfi,ncfinv,ncfo,ncfx,netinc,netinccmn,netinccmnusd,netincdis,netincnci,netmargin,opex,opinc,payables,payoutratio,pb,pe,pe1,ppnenet,prefdivis,price,ps,ps1,receivables,retearn,revenue,revenueusd,rnd,roa,roe,roic,ros,sbcomp,sgna,sharefactor,sharesbas,shareswa,shareswadil,sps,tangibles,taxassets,taxexp,taxliabilities,tbvps,workingcapital
0,NAV,ARY,2020-12-31,2020-12-17,2020-10-31,2021-06-08,-1865000000,6637000000,6528750000.0,4577000000,2060000000,1.149,-38.375,-232000000.0,1973000000,1973000000,6221000000.0,-329000000.0,1.358,-2.734,5330000000,640000000,4690000000,5330000000,0,199000000.0,0,0.0,0.0,-138000000.0,61000000.0,0.008,61000000.0,-138000000.0,-406000000.0,-3.48,-3.48,-3.48,-3826000000,-3813750000.0,-3826000000,7751205036,-56.0,127.069,242000000.0,2.427,1.0,1282000000.0,0.171,56000000,268000000.0,6567000000,7003500000.0,763000000,1653000000,1371000000,282000000,10459000000,3371000000,7088000000,4394205036,416000000.0,14000000.0,4000000.0,196000000.0,0.0,181000000.0,-217000000.0,0.0,474000000.0,-22000000.0,-347000000.0,-347000000.0,-347000000.0,0.0,18000000.0,-0.046,1404000000.0,-122000000.0,1278000000,0.0,-1.149,-12.663,-12.678,1417000000,0.0,44.12,0.586,0.586,280000000,-4566000000,7503000000.0,7503000000.0,321000000.0,-0.053,0.091,-0.02,-0.018,25000000.0,1021000000.0,1.0,99596669,99700000,99700000.0,75.256,6581000000,117000000,-59000000.0,0,66.008,1206000000
1,NAV,ARY,2019-12-31,2019-12-17,2019-10-31,2021-06-08,-1912000000,6917000000,7078500000.0,4952000000,1965000000,1.589,-37.523,-272000000.0,1557000000,1557000000,9245000000.0,243000000.0,1.385,-2.856,5188000000,871000000,4317000000,5188000000,0,193000000.0,0,0.0,0.0,552000000.0,745000000.0,0.066,745000000.0,552000000.0,240000000.0,2.23,2.22,2.23,-3726000000,-3765000000.0,-3726000000,6505865356,12.0,8.733,178000000.0,1.793,1.0,2006000000.0,0.178,63000000,312000000.0,6910000000,7287000000.0,911000000,2228000000,1923000000,305000000,10640000000,3575000000,7065000000,2874865356,112000000.0,100000000.0,4000000.0,-236000000.0,0.0,-258000000.0,-68000000.0,102000000.0,450000000.0,-12000000.0,221000000.0,221000000.0,221000000.0,0.0,22000000.0,0.02,1436000000.0,570000000.0,1341000000,0.0,-0.772,13.008,12.991,1309000000,0.0,28.97,0.256,0.256,348000000,-4409000000,11251000000.0,11251000000.0,319000000.0,0.031,-0.059,0.076,0.049,23000000.0,934000000.0,1.0,99235946,99300000,99500000.0,113.303,6854000000,117000000,19000000.0,0,69.023,1377000000
2,NAV,ARY,2018-12-31,2018-12-18,2018-10-31,2021-06-08,-1920000000,7230000000,6652500000.0,5136000000,2094000000,1.541,-39.747,-334000000.0,1445000000,1445000000,8317000000.0,368000000.0,1.349,-2.838,5467000000,946000000,4521000000,5467000000,0,211000000.0,0,0.0,0.0,719000000.0,930000000.0,0.091,930000000.0,719000000.0,392000000.0,3.44,3.41,3.44,-3931000000,-4346750000.0,-3931000000,6748690507,9.0,7.257,-65000000.0,-0.657,1.0,1933000000.0,0.189,68000000,327000000.0,7377000000,6947000000.0,1110000000,2309000000,1999000000,310000000,11156000000,3807000000,7349000000,2726690507,614000000.0,-3000000.0,8000000.0,450000000.0,0.0,414000000.0,-59000000.0,278000000.0,269000000.0,-10000000.0,340000000.0,340000000.0,340000000.0,0.0,28000000.0,0.033,1232000000.0,701000000.0,1606000000,0.0,-0.694,8.02,8.015,1370000000,0.0,27.57,0.266,0.266,505000000,-4593000000,10250000000.0,10250000000.0,297000000.0,0.051,-0.078,0.103,0.07,32000000.0,922000000.0,1.0,98900635,98900000,99600000.0,103.64,7162000000,121000000,52000000.0,0,72.417,1329000000
3,NAV,ARY,2017-12-31,2017-12-19,2017-10-31,2021-06-08,-2211000000,6135000000,5890250000.0,4160000000,1975000000,1.455,-49.226,-204000000.0,840000000,840000000,7037000000.0,55000000.0,1.141,-2.339,5058000000,1169000000,3889000000,5058000000,0,223000000.0,0,0.0,0.0,391000000.0,614000000.0,0.072,614000000.0,391000000.0,40000000.0,0.32,0.32,0.32,-4578000000,-4991750000.0,-4578000000,8677579882,22.0,14.133,-95000000.0,-1.022,1.0,1533000000.0,0.179,78000000,351000000.0,6630000000,6775000000.0,857000000,2211000000,1935000000,276000000,10709000000,3645000000,7064000000,4459579882,-98000000.0,8000000.0,257000000.0,110000000.0,0.0,338000000.0,-542000000.0,-346000000.0,109000000.0,-3000000.0,30000000.0,30000000.0,30000000.0,-1000000.0,25000000.0,0.004,1145000000.0,388000000.0,1292000000,0.0,-0.974,148.653,141.562,1326000000,0.0,45.3,0.52,0.492,404000000,-4933000000,8570000000.0,8570000000.0,251000000.0,0.005,-0.006,0.058,0.046,28000000.0,878000000.0,1.0,98445472,93000000,93500000.0,92.151,6057000000,129000000,10000000.0,0,65.129,515000000
4,NAV,ARY,2016-12-31,2016-12-20,2016-10-31,2021-06-08,-2640000000,5653000000,5885000000.0,3759000000,1894000000,1.378,-64.847,-224000000.0,916000000,916000000,6812000000.0,-65000000.0,1.174,-2.066,4904000000,907000000,3997000000,4904000000,0,225000000.0,0,0.0,0.0,263000000.0,488000000.0,0.06,488000000.0,263000000.0,-64000000.0,-1.19,-1.19,-1.19,-5298000000,-5190000000.0,-5298000000,6442346966,24.0,13.202,43000000.0,0.526,1.0,1299000000.0,0.16,91000000,327000000.0,6347000000,6560500000.0,944000000,1776000000,1503000000,273000000,10946000000,3203000000,7743000000,2454346966,-108000000.0,39000000.0,0.0,-320000000.0,0.0,-353000000.0,-67000000.0,118000000.0,267000000.0,45000000.0,-97000000.0,-97000000.0,-97000000.0,0.0,32000000.0,-0.012,1086000000.0,213000000.0,1113000000,0.0,-0.463,-25.303,-25.261,1241000000,0.0,30.06,0.303,0.303,292000000,-4963000000,8111000000.0,8111000000.0,247000000.0,-0.016,0.019,0.04,0.032,16000000.0,802000000.0,1.0,81648269,81700000,81700000.0,99.278,5562000000,161000000,33000000.0,0,68.078,556000000
5,NAV,ARY,2015-12-31,2015-12-17,2015-10-31,2021-06-08,-2601000000,6692000000,6792750000.0,4622000000,2070000000,1.493,-63.321,-176000000.0,1033000000,1033000000,8670000000.0,-151000000.0,1.22,-2.294,5298000000,1110000000,4188000000,5298000000,0,281000000.0,0,0.0,0.0,174000000.0,455000000.0,0.045,455000000.0,174000000.0,-133000000.0,-2.25,-2.25,-2.25,-5167000000,-4869750000.0,-5167000000,4915728374,28.0,10.804,-130000000.0,-1.593,1.0,1470000000.0,0.145,95000000,307000000.0,7074000000,7255000000.0,1135000000,2220000000,1938000000,282000000,11852000000,3788000000,8064000000,650728374,415000000.0,8000000.0,1000000.0,148000000.0,0.0,98000000.0,316000000.0,488000000.0,46000000.0,-45000000.0,-184000000.0,-184000000.0,-184000000.0,0.0,33000000.0,-0.018,1302000000.0,168000000.0,1301000000,0.0,-0.126,-3.537,-3.547,1345000000,0.0,7.98,0.064,0.064,442000000,-4866000000,10140000000.0,10140000000.0,288000000.0,-0.027,0.038,0.024,0.017,10000000.0,908000000.0,1.0,81544909,81600000,81600000.0,124.265,6597000000,164000000,51000000.0,14000000,80.846,834000000
6,NAV,ARY,2014-12-31,2014-12-16,2014-10-31,2021-06-08,-2263000000,7443000000,7631500000.0,5013000000,2430000000,1.416,-57.174,-234000000.0,668000000,668000000,9534000000.0,-579000000.0,1.185,-2.592,5226000000,1295000000,3931000000,5226000000,0,332000000.0,0,0.0,0.0,-279000000.0,53000000.0,0.005,53000000.0,-279000000.0,-593000000.0,-7.6,-7.6,-7.6,-4654000000,-4189000000.0,-4654000000,6927168876,-25.0,130.701,-570000000.0,-7.002,1.0,1272000000.0,0.118,128000000,314000000.0,7642000000,7744750000.0,1319000000,2716000000,2363000000,353000000,12061000000,4231000000,7830000000,2369168876,-258000000.0,14000000.0,19000000.0,210000000.0,0.0,179000000.0,-75000000.0,145000000.0,-336000000.0,-26000000.0,-619000000.0,-619000000.0,-619000000.0,0.0,40000000.0,-0.057,1523000000.0,-251000000.0,1564000000,0.0,-0.509,-3.827,-3.829,1562000000,0.0,29.1,0.219,0.219,578000000,-4682000000,10806000000.0,10806000000.0,331000000.0,-0.081,0.148,-0.036,-0.026,16000000.0,979000000.0,1.0,81414738,81400000,81400000.0,132.752,7315000000,200000000,26000000.0,14000000,89.865,782000000
7,NAV,ARY,2013-12-31,2013-12-20,2013-10-31,2021-06-08,-1824000000,8315000000,8452500000.0,5459000000,2856000000,1.275,-45.386,-574000000.0,846000000,846000000,9761000000.0,-844000000.0,1.281,-3.266,5089000000,1163000000,3926000000,5089000000,0,417000000.0,0,0.0,0.0,-748000000.0,-331000000.0,-0.031,-331000000.0,-748000000.0,-1069000000.0,-11.17,-11.17,-11.17,-3649000000,-3664250000.0,-3649000000,7259511791,-10.0,-21.932,-474000000.0,-5.896,1.0,1014000000.0,0.094,322000000,321000000.0,7975000000,8128250000.0,1210000000,2842000000,2427000000,415000000,11916000000,4261000000,7655000000,3016511791,-332000000.0,58000000.0,26000000.0,410000000.0,0.0,393000000.0,-810000000.0,-294000000.0,100000000.0,-15000000.0,-898000000.0,-898000000.0,-898000000.0,0.0,54000000.0,-0.083,1678000000.0,-664000000.0,1502000000,0.0,-0.827,-3.359,-3.327,1741000000,0.0,37.16,0.28,0.277,766000000,-4063000000,10775000000.0,10775000000.0,406000000.0,-0.106,0.245,-0.092,-0.069,24000000.0,1215000000.0,1.0,81176313,80400000,80400000.0,134.017,7993000000,231000000,-171000000.0,33000000,99.415,1198000000
8,NAV,ARY,2012-12-31,2012-12-19,2012-10-31,2021-06-08,-2325000000,9102000000,10783000000.0,5837000000,3265000000,1.201,-47.902,-352000000.0,1248000000,1248000000,11670000000.0,-2962000000.0,1.341,-3.735,4776000000,1205000000,3571000000,4776000000,0,323000000.0,0,0.0,0.0,-971000000.0,-648000000.0,-0.05,-648000000.0,-971000000.0,-1230000000.0,-43.56,-43.56,-43.56,-3310000000,-1102000000.0,-3310000000,5202285109,-5.0,-8.028,258000000.0,3.734,1.0,1278000000.0,0.099,451000000,259000000.0,7826000000,9589250000.0,1537000000,2677000000,2129000000,548000000,12362000000,4353000000,8009000000,1674285109,548000000.0,-53000000.0,119000000.0,-123000000.0,0.0,-63000000.0,-2000000.0,417000000.0,610000000.0,3000000.0,-3010000000.0,-3010000000.0,-3010000000.0,0.0,48000000.0,-0.232,2172000000.0,-894000000.0,1686000000,0.0,-0.506,-0.556,-0.48,1660000000,0.0,20.92,0.129,0.112,843000000,-3165000000,12948000000.0,12948000000.0,539000000.0,-0.279,2.731,-0.101,-0.075,19000000.0,1444000000.0,1.0,80032749,69100000,69100000.0,187.381,8651000000,263000000,1780000000.0,42000000,125.195,1484000000
9,NAV,ARY,2011-12-31,2011-12-20,2011-10-31,2021-06-08,-1944000000,12291000000,10678500000.0,7235000000,5056000000,1.307,-0.371,-468000000.0,866000000,866000000,11262000000.0,1778000000.0,1.508,-454.185,4861000000,1379000000,3482000000,4861000000,0,328000000.0,0,0.0,0.0,512000000.0,840000000.0,0.06,840000000.0,512000000.0,265000000.0,23.66,22.64,23.66,-27000000,-252250000.0,-27000000,6725956637,13.0,8.007,412000000.0,5.659,1.0,2696000000.0,0.193,553000000,247000000.0,10935000000,10070500000.0,1714000000,3691000000,2916000000,775000000,12263000000,4798000000,7465000000,2730956637,-46000000.0,-50000000.0,-85000000.0,38000000.0,0.0,-100000000.0,-823000000.0,-279000000.0,880000000.0,-3000000.0,1723000000.0,1723000000.0,1723000000.0,0.0,55000000.0,0.123,2122000000.0,574000000.0,2122000000,0.0,-101.147,1.585,1.645,1570000000,0.0,38.91,0.196,0.203,1341000000,-155000000,13958000000.0,13958000000.0,532000000.0,0.161,-6.831,0.051,0.037,36000000.0,1434000000.0,1.0,70186498,72800000,76100000.0,191.731,11738000000,2057000000,-1458000000.0,59000000,161.236,2437000000
10,NAV,ARY,2010-12-31,2010-12-22,2010-10-31,2021-06-08,-1196000000,9730000000,9303500000.0,5835000000,3895000000,1.305,-13.682,-256000000.0,765000000,765000000,9741000000.0,267000000.0,1.626,-10.86,4878000000,632000000,4246000000,4878000000,0,316000000.0,0,0.0,0.0,499000000.0,815000000.0,0.067,815000000.0,499000000.0,246000000.0,3.11,3.05,3.11,-981000000,-1260500000.0,-981000000,8220871112,16.0,10.087,851000000.0,11.869,1.0,2404000000.0,0.198,586000000,253000000.0,9668000000,8984250000.0,1568000000,3604000000,2356000000,1248000000,10654000000,3589000000,7065000000,4107871112,-627000000.0,-92000000.0,35000000.0,-1278000000.0,0.0,-1300000000.0,-434000000.0,-71000000.0,1107000000.0,0.0,223000000.0,223000000.0,223000000.0,0.0,44000000.0,0.018,1811000000.0,593000000.0,1827000000,0.0,-4.187,18.421,18.383,1442000000,0.0,57.17,0.338,0.338,1031000000,-1878000000,12145000000.0,12145000000.0,464000000.0,0.024,-0.177,0.056,0.041,24000000.0,1406000000.0,1.0,71853614,71700000,73200000.0,169.386,9144000000,146000000,23000000.0,142000000,127.531,2246000000
11,NAV,ARY,2009-12-31,2009-12-21,2009-10-31,2021-06-08,-1674000000,10027000000,9672750000.0,5748000000,4279000000,1.196,-25.535,-191000000.0,1697000000,1697000000,9366000000.0,320000000.0,1.373,-6.49,5419000000,1136000000,4283000000,5419000000,0,344000000.0,0,0.0,0.0,608000000.0,952000000.0,0.082,952000000.0,608000000.0,357000000.0,4.51,4.46,4.51,-1813000000,-1526250000.0,-1813000000,6233223239,10.0,6.548,1027000000.0,14.465,1.0,2203000000.0,0.19,582000000,251000000.0,8982000000,9253500000.0,1666000000,3266000000,1706000000,1560000000,11766000000,4185000000,7581000000,2511223239,271000000.0,-14000000.0,-29000000.0,-690000000.0,0.0,-744000000.0,-212000000.0,73000000.0,1218000000.0,9000000.0,320000000.0,320000000.0,320000000.0,0.0,0.0,0.028,1639000000.0,564000000.0,1872000000,0.0,-1.385,7.848,7.874,1467000000,0.0,35.51,0.217,0.218,881000000,-2072000000,11569000000.0,11569000000.0,433000000.0,0.033,-0.21,0.066,0.053,16000000.0,1344000000.0,1.0,70718762,71000000,71800000.0,162.944,9445000000,159000000,37000000.0,142000000,133.028,1563000000
12,NAV,ARY,2008-12-31,2008-12-30,2008-10-31,2021-06-08,-943000000,10390000000,10919000000.0,5535000000,4855000000,1.348,-21.146,-195000000.0,1418000000,1418000000,11930000000.0,134000000.0,1.428,-7.854,6217000000,665000000,5552000000,6217000000,0,393000000.0,0,0.0,0.0,660000000.0,1053000000.0,0.072,1053000000.0,660000000.0,191000000.0,1.89,1.82,1.89,-1495000000,-1114500000.0,-1495000000,6212180503,9.0,5.9,925000000.0,13.083,1.0,2794000000.0,0.19,529000000,469000000.0,10785000000,11644000000.0,1628000000,4949000000,2814000000,2135000000,11742000000,3875000000,7867000000,1413180503,84000000.0,3000000.0,27000000.0,-705000000.0,0.0,-676000000.0,-333000000.0,-139000000.0,1120000000.0,-27000000.0,134000000.0,134000000.0,134000000.0,0.0,0.0,0.009,2205000000.0,589000000.0,2027000000,0.0,-0.945,10.546,10.497,1501000000,0.0,19.84,0.096,0.095,0,-2392000000,14724000000.0,14724000000.0,380000000.0,0.012,-0.12,0.057,0.045,15000000.0,1453000000.0,1.0,71228856,70700000,73200000.0,208.26,9861000000,116000000,57000000.0,0,139.477,1660000000
13,NAV,ARY,2007-12-31,2008-05-29,2007-10-31,2021-06-08,-155000000,11448000000,,5445000000,6003000000,,-10.441,-320000000.0,1196000000,1196000000,10131000000.0,-120000000.0,1.364,-16.597,6881000000,798000000,6083000000,6881000000,0,371000000.0,0,0.0,0.0,429000000.0,800000000.0,0.065,800000000.0,429000000.0,-73000000.0,-1.7,-1.7,-1.7,-734000000,,-734000000,11016199682,26.0,13.77,-143000000.0,-2.034,1.0,2164000000.0,0.176,639000000,502000000.0,12503000000,,1412000000,5579000000,2947000000,2632000000,12182000000,3991000000,8191000000,5331199682,-380000000.0,34000000.0,0.0,-779000000.0,0.0,-779000000.0,134000000.0,411000000.0,177000000.0,88000000.0,-120000000.0,-120000000.0,-120000000.0,0.0,0.0,-0.01,1809000000.0,355000000.0,1770000000,0.0,-7.263,-44.427,-44.647,2086000000,0.0,75.9,0.434,0.434,0,-2519000000,12295000000.0,12295000000.0,382000000.0,,,,0.035,7000000.0,1461000000.0,1.0,70239785,70300000,70300000.0,174.893,10809000000,150000000,47000000.0,0,153.755,1454000000
14,NAV,ARY,2005-12-31,2007-12-10,2005-10-31,2021-06-08,-910000000,10786000000,,4852000000,5934000000,,-24.237,-326000000.0,1425000000,1425000000,10250000000.0,139000000.0,1.035,-7.348,6389000000,980000000,5409000000,6389000000,0,322000000.0,0,0.0,0.0,453000000.0,775000000.0,0.064,775000000.0,453000000.0,145000000.0,1.98,1.9,1.98,-1699000000,,-1699000000,8876168316,20.0,11.453,-51000000.0,-0.728,1.0,1874000000.0,0.155,657000000,308000000.0,10405000000,,1330000000,4951000000,2470000000,2481000000,12485000000,4688000000,7797000000,3912168316,226000000.0,-563000000.0,5000000.0,991000000.0,0.0,996000000.0,-1081000000.0,-187000000.0,275000000.0,36000000.0,139000000.0,139000000.0,139000000.0,0.0,0.0,0.011,1511000000.0,363000000.0,1869000000,0.0,-2.303,28.145,28.131,2083000000,0.0,55.7,0.323,0.322,0,-2699000000,12124000000.0,12124000000.0,413000000.0,,,,0.037,4000000.0,1067000000.0,1.0,70236415,70100000,76300000.0,172.953,10129000000,102000000,6000000.0,0,144.494,164000000
0,NAV,ARQ,2021-03-31,2021-06-08,2021-04-30,2021-06-08,-1758000000,7084000000,,4651000000,2433000000,,-36.466,-111000000.0,1702000000,1702000000,1731000000.0,168000000.0,1.196,-2.944,5467000000,843000000,4624000000,5467000000,0,52000000.0,0,0.0,0.0,276000000.0,328000000.0,0.152,328000000.0,276000000.0,214000000.0,1.63,1.63,1.63,-3643000000,,-3643000000,8191673647,174.0,32.767,-13000000.0,-0.13,1.0,431000000.0,0.199,56000000,62000000.0,6904000000,,1017000000,1644000000,1360000000,284000000,10724000000,3889000000,6835000000,4426673647,238000000.0,9000000.0,1000000.0,395000000.0,0.0,384000000.0,-245000000.0,-143000000.0,98000000.0,1000000.0,163000000.0,163000000.0,163000000.0,0.0,5000000.0,0.075,147000000.0,284000000.0,1529000000,0.0,-1.215,-23.176,-23.115,1386000000,0.0,44.38,0.574,0.575,290000000,-4491000000,2162000000.0,2162000000.0,88000000.0,,,,,8000000.0,304000000.0,1.0,99744787,99900000,100200000.0,21.642,7028000000,121000000,51000000.0,0,70.35,762000000
1,NAV,ARQ,2020-12-31,2021-03-09,2021-01-31,2021-06-08,-1786000000,6118000000,,4085000000,2033000000,,-38.368,-92000000.0,1464000000,1464000000,1507000000.0,-77000000.0,1.248,-2.594,5069000000,565000000,4504000000,5069000000,0,51000000.0,0,0.0,0.0,-35000000.0,16000000.0,0.009,16000000.0,-35000000.0,-99000000.0,-0.81,-0.81,-0.81,-3833000000,,-3833000000,7999468960,-41.0,2666.49,-222000000.0,-2.222,1.0,305000000.0,0.168,56000000,64000000.0,6393000000,,848000000,1530000000,1246000000,284000000,9943000000,3274000000,6669000000,4394468960,-509000000.0,-9000000.0,0.0,-279000000.0,0.0,-279000000.0,-101000000.0,0.0,-130000000.0,1000000.0,-81000000.0,-81000000.0,-81000000.0,-1000000.0,4000000.0,-0.045,336000000.0,-31000000.0,1281000000,0.0,-1.146,-11.21,-11.214,1331000000,0.0,44.07,0.588,0.589,269000000,-4654000000,1812000000.0,1812000000.0,84000000.0,,,,,4000000.0,205000000.0,1.0,99715656,99900000,99900000.0,18.138,6062000000,157000000,-18000000.0,0,60.681,811000000
2,NAV,ARQ,2020-09-30,2020-12-17,2020-10-31,2021-06-08,-1865000000,6637000000,,4577000000,2060000000,,-38.26,-59000000.0,1973000000,1973000000,1680000000.0,-230000000.0,1.358,-2.734,5330000000,640000000,4690000000,5330000000,0,53000000.0,0,0.0,0.0,-236000000.0,-183000000.0,-0.089,-183000000.0,-236000000.0,-305000000.0,-2.37,-2.37,-2.37,-3826000000,,-3826000000,7751205036,-56.0,127.069,283000000.0,2.83,1.0,385000000.0,0.186,56000000,69000000.0,6567000000,,763000000,1653000000,1371000000,282000000,10459000000,3371000000,7088000000,4394205036,39000000.0,4000000.0,1000000.0,-241000000.0,0.0,-244000000.0,-50000000.0,0.0,342000000.0,-9000000.0,-236000000.0,-236000000.0,-236000000.0,0.0,6000000.0,-0.114,617000000.0,-232000000.0,1278000000,0.0,-1.149,-12.663,-12.678,1417000000,0.0,44.12,0.586,0.586,280000000,-4566000000,2065000000.0,2065000000.0,84000000.0,,,,,11000000.0,528000000.0,1.0,99596669,100000000,100000000.0,20.65,6581000000,117000000,-69000000.0,0,65.81,1206000000
3,NAV,ARQ,2020-06-30,2020-09-09,2020-07-31,2021-06-08,-2100000000,6675000000,,4692000000,1983000000,,-38.415,-74000000.0,1934000000,1934000000,1388000000.0,-34000000.0,1.506,-2.742,5559000000,865000000,4694000000,5559000000,0,47000000.0,0,0.0,0.0,42000000.0,89000000.0,0.053,89000000.0,42000000.0,-29000000.0,-0.37,-0.37,-0.37,-3830000000,,-3830000000,7191381629,26.0,15.172,176000000.0,1.765,1.0,287000000.0,0.171,58000000,71000000.0,7127000000,,896000000,1683000000,1403000000,280000000,10503000000,3115000000,7388000000,3566381629,256000000.0,0.0,0.0,91000000.0,0.0,88000000.0,-78000000.0,0.0,250000000.0,-4000000.0,-37000000.0,-37000000.0,-37000000.0,0.0,3000000.0,-0.022,244000000.0,43000000.0,1154000000,0.0,-0.931,-396.265,-448.0,1360000000,0.0,35.84,0.434,0.435,274000000,-4333000000,1675000000.0,1675000000.0,73000000.0,,,,,1000000.0,141000000.0,1.0,99508416,99700000,99700000.0,16.8,6617000000,115000000,8000000.0,0,66.369,1577000000
4,NAV,ARQ,2020-03-31,2020-06-04,2020-04-30,2021-06-08,-2163000000,6440000000,,4525000000,1915000000,,-38.696,-35000000.0,1678000000,1678000000,1624000000.0,-33000000.0,1.687,-2.669,5429000000,570000000,4859000000,5429000000,0,49000000.0,0,0.0,0.0,32000000.0,81000000.0,0.042,81000000.0,32000000.0,-31000000.0,-0.38,-0.38,-0.38,-3858000000,,-3858000000,6530158758,13.0,9.423,-252000000.0,-2.528,1.0,301000000.0,0.156,57000000,63000000.0,7451000000,,1012000000,1648000000,1416000000,232000000,10296000000,2683000000,7613000000,2779158758,541000000.0,0.0,1000000.0,804000000.0,0.0,798000000.0,-35000000.0,0.0,-217000000.0,-5000000.0,-38000000.0,-38000000.0,-38000000.0,0.0,5000000.0,-0.02,263000000.0,38000000.0,1038000000,0.0,-0.72,15.104,15.016,1328000000,0.0,27.93,0.29,0.291,233000000,-4296000000,1925000000.0,1925000000.0,78000000.0,,,,,8000000.0,170000000.0,1.0,99504431,99700000,99700000.0,19.308,6383000000,117000000,7000000.0,0,64.022,1842000000
5,NAV,ARQ,2019-12-31,2020-03-04,2020-01-31,2021-06-08,-2084000000,6363000000,,4287000000,2076000000,,-37.598,-64000000.0,1137000000,1137000000,1529000000.0,-32000000.0,1.414,-2.7,4735000000,452000000,4283000000,4735000000,0,50000000.0,0,0.0,0.0,24000000.0,74000000.0,0.04,74000000.0,24000000.0,-41000000.0,-0.36,-0.36,-0.36,-3741000000,,-3741000000,7113014062,14.0,10.249,35000000.0,0.352,1.0,309000000.0,0.168,61000000,65000000.0,6869000000,,1074000000,1913000000,1615000000,298000000,10102000000,3031000000,7071000000,3515014062,-420000000.0,10000000.0,2000000.0,-458000000.0,0.0,-461000000.0,-54000000.0,0.0,99000000.0,-4000000.0,-36000000.0,-36000000.0,-36000000.0,0.0,4000000.0,-0.02,280000000.0,29000000.0,1286000000,0.0,-0.94,20.201,20.074,1390000000,0.0,35.33,0.33,0.33,279000000,-4256000000,1838000000.0,1838000000.0,86000000.0,,,,,5000000.0,182000000.0,1.0,99490916,99500000,99500000.0,18.472,6302000000,127000000,-5000000.0,0,63.337,1256000000
6,NAV,ARQ,2019-09-30,2019-12-17,2019-10-31,2021-06-08,-1912000000,6917000000,,4952000000,1965000000,,-37.41,-64000000.0,1557000000,1557000000,2272000000.0,108000000.0,1.385,-2.856,5188000000,871000000,4317000000,5188000000,0,49000000.0,0,0.0,0.0,181000000.0,230000000.0,0.083,230000000.0,181000000.0,112000000.0,1.03,1.02,1.03,-3726000000,,-3726000000,6505865356,12.0,8.733,282000000.0,2.831,1.0,508000000.0,0.183,63000000,69000000.0,6910000000,,911000000,2228000000,1923000000,305000000,10640000000,3575000000,7065000000,2874865356,261000000.0,0.0,1000000.0,-16000000.0,0.0,-21000000.0,-59000000.0,4000000.0,346000000.0,-5000000.0,102000000.0,102000000.0,102000000.0,0.0,6000000.0,0.037,321000000.0,187000000.0,1341000000,0.0,-0.772,13.008,12.991,1309000000,0.0,28.97,0.256,0.256,348000000,-4409000000,2780000000.0,2780000000.0,77000000.0,,,,,3000000.0,208000000.0,1.0,99235946,99600000,99500000.0,27.912,6854000000,117000000,10000000.0,0,68.815,1377000000
7,NAV,ARQ,2019-06-30,2019-09-04,2019-07-31,2021-06-08,-1754000000,7294000000,,5326000000,1968000000,,-36.851,-71000000.0,1296000000,1296000000,2501000000.0,161000000.0,1.4,-2.99,5204000000,676000000,4528000000,5204000000,0,47000000.0,0,0.0,0.0,261000000.0,308000000.0,0.101,308000000.0,261000000.0,185000000.0,1.57,1.56,1.57,-3663000000,,-3663000000,6366314471,9.0,7.334,223000000.0,2.243,1.0,541000000.0,0.178,65000000,76000000.0,7332000000,,1195000000,2498000000,2190000000,308000000,10954000000,3805000000,7149000000,2458314471,88000000.0,5000000.0,1000000.0,-159000000.0,0.0,-163000000.0,-46000000.0,19000000.0,294000000.0,3000000.0,156000000.0,156000000.0,156000000.0,0.0,5000000.0,0.051,276000000.0,265000000.0,1806000000,0.0,-0.671,8.008,7.994,1290000000,0.0,24.78,0.209,0.209,441000000,-4501000000,3042000000.0,3042000000.0,81000000.0,,,,,6000000.0,167000000.0,1.0,99205588,99400000,99700000.0,30.604,7229000000,124000000,29000000.0,0,72.726,1521000000
8,NAV,ARQ,2019-03-31,2019-06-04,2019-04-30,2021-06-08,-1786000000,7066000000,,5101000000,1965000000,,-38.861,-54000000.0,1208000000,1208000000,2493000000.0,-43000000.0,1.376,-2.832,5357000000,769000000,4588000000,5357000000,0,49000000.0,0,0.0,0.0,33000000.0,82000000.0,0.027,82000000.0,33000000.0,-49000000.0,-0.48,-0.48,-0.48,-3855000000,,-3855000000,7516050662,11.0,8.679,-4000000.0,-0.04,1.0,503000000.0,0.168,65000000,82000000.0,7442000000,,1164000000,2371000000,2060000000,311000000,10918000000,3708000000,7210000000,3367050662,-141000000.0,0.0,1000000.0,-141000000.0,0.0,-147000000.0,-37000000.0,18000000.0,50000000.0,-7000000.0,-48000000.0,-48000000.0,-48000000.0,0.0,5000000.0,-0.016,468000000.0,35000000.0,1630000000,0.0,-0.873,10.489,10.449,1270000000,0.0,33.96,0.297,0.297,483000000,-4657000000,2996000000.0,2996000000.0,75000000.0,,,,,14000000.0,373000000.0,1.0,99147546,99200000,99200000.0,30.202,7001000000,121000000,-1000000.0,0,70.575,1393000000
9,NAV,ARQ,2018-12-31,2019-03-08,2019-01-31,2021-06-08,-1791000000,7037000000,,5074000000,1963000000,,-38.507,-83000000.0,1349000000,1349000000,1979000000.0,17000000.0,1.39,-2.843,5494000000,942000000,4552000000,5494000000,0,48000000.0,0,0.0,0.0,77000000.0,125000000.0,0.051,125000000.0,77000000.0,-8000000.0,0.11,0.11,0.11,-3816000000,,-3816000000,7498366396,10.0,7.659,-323000000.0,-3.259,1.0,454000000.0,0.187,67000000,85000000.0,7464000000,,1211000000,2163000000,1859000000,304000000,10850000000,3651000000,7199000000,3353366396,-96000000.0,95000000.0,1000000.0,80000000.0,0.0,73000000.0,74000000.0,61000000.0,-240000000.0,-3000000.0,11000000.0,11000000.0,11000000.0,0.0,6000000.0,0.005,371000000.0,83000000.0,1484000000,0.0,-0.879,7.909,7.89,1275000000,0.0,33.85,0.311,0.311,460000000,-4609000000,2433000000.0,2433000000.0,86000000.0,,,,,0.0,186000000.0,1.0,99065477,99100000,99400000.0,24.551,6970000000,123000000,-19000000.0,0,70.333,1423000000
10,NAV,ARQ,2018-09-30,2018-12-18,2018-10-31,2021-06-08,-1920000000,7230000000,,5136000000,2094000000,,-39.627,-122000000.0,1445000000,1445000000,2702000000.0,196000000.0,1.349,-2.838,5467000000,946000000,4521000000,5467000000,0,51000000.0,0,0.0,0.0,302000000.0,353000000.0,0.106,353000000.0,302000000.0,215000000.0,1.9,1.88,1.9,-3931000000,,-3931000000,6748690507,9.0,7.257,327000000.0,3.296,1.0,615000000.0,0.185,68000000,87000000.0,7377000000,,1110000000,2309000000,1999000000,310000000,11156000000,3807000000,7349000000,2726690507,298000000.0,0.0,1000000.0,-97000000.0,0.0,-104000000.0,-53000000.0,69000000.0,449000000.0,6000000.0,188000000.0,188000000.0,188000000.0,0.0,8000000.0,0.057,314000000.0,301000000.0,1606000000,0.0,-0.694,8.02,8.015,1370000000,0.0,27.57,0.266,0.266,505000000,-4593000000,3317000000.0,3317000000.0,75000000.0,,,,,5000000.0,236000000.0,1.0,98900635,99200000,99600000.0,33.438,7162000000,121000000,27000000.0,0,72.198,1329000000
11,NAV,ARQ,2018-06-30,2018-09-06,2018-07-31,2021-06-08,-2138000000,6924000000,,4905000000,2019000000,,-43.828,-72000000.0,1222000000,1222000000,2096000000.0,177000000.0,1.138,-2.595,5600000000,1707000000,3893000000,5600000000,0,51000000.0,0,0.0,0.0,255000000.0,306000000.0,0.117,306000000.0,255000000.0,173000000.0,1.72,1.71,1.72,-4339000000,,-4339000000,8052011615,13.0,9.418,-155000000.0,-1.566,1.0,510000000.0,0.196,68000000,82000000.0,6925000000,,1400000000,2045000000,1733000000,312000000,11258000000,4309000000,6949000000,3674011615,-78000000.0,0.0,2000000.0,254000000.0,0.0,249000000.0,-235000000.0,-163000000.0,-83000000.0,-9000000.0,170000000.0,170000000.0,170000000.0,0.0,7000000.0,0.065,325000000.0,185000000.0,1527000000,0.0,-0.847,12.801,12.346,1297000000,0.0,37.16,0.385,0.386,452000000,-4781000000,2606000000.0,2606000000.0,72000000.0,,,,,6000000.0,244000000.0,1.0,98870065,99000000,99700000.0,26.323,6856000000,130000000,3000000.0,0,69.253,596000000
12,NAV,ARQ,2018-03-31,2018-06-05,2018-04-30,2021-06-08,-2154000000,6487000000,,4517000000,1970000000,,-45.85,-61000000.0,1192000000,1192000000,1987000000.0,61000000.0,1.112,-2.431,5350000000,1504000000,3846000000,5350000000,0,54000000.0,0,0.0,0.0,141000000.0,195000000.0,0.081,195000000.0,141000000.0,62000000.0,0.56,0.55,0.56,-4530000000,,-4530000000,7945998700,15.0,10.826,-82000000.0,-0.83,1.0,435000000.0,0.18,72000000,79000000.0,6512000000,,1167000000,1992000000,1696000000,296000000,11014000000,4061000000,6953000000,3787998700,401000000.0,-3000000.0,1000000.0,272000000.0,0.0,263000000.0,168000000.0,232000000.0,-21000000.0,-9000000.0,55000000.0,55000000.0,55000000.0,0.0,6000000.0,0.023,288000000.0,147000000.0,1500000000,0.0,-0.836,24.597,22.964,1299000000,0.0,38.35,0.415,0.415,326000000,-4951000000,2422000000.0,2422000000.0,75000000.0,,,,,12000000.0,220000000.0,1.0,98774412,98800000,99500000.0,24.514,6415000000,129000000,7000000.0,0,64.929,456000000
13,NAV,ARQ,2017-12-31,2018-03-08,2018-01-31,2021-06-08,-2154000000,5969000000,,3958000000,2011000000,,-46.521,-79000000.0,787000000,787000000,1532000000.0,-66000000.0,1.217,-2.3,5121000000,953000000,4168000000,5121000000,0,55000000.0,0,0.0,0.0,21000000.0,76000000.0,0.04,76000000.0,21000000.0,-58000000.0,-0.74,-0.74,-0.74,-4587000000,,-4587000000,8100971154,21.0,13.346,-155000000.0,-1.572,1.0,373000000.0,0.196,76000000,79000000.0,6974000000,,998000000,2004000000,1710000000,294000000,10552000000,3253000000,7299000000,3766971154,-7000000.0,0.0,4000000.0,21000000.0,0.0,6000000.0,61000000.0,140000000.0,-76000000.0,2000000.0,-73000000.0,-73000000.0,-73000000.0,0.0,7000000.0,-0.038,345000000.0,28000000.0,1140000000,0.0,-0.821,198.262,152.68,1335000000,0.0,38.17,0.427,0.427,340000000,-5006000000,1905000000.0,1905000000.0,75000000.0,,,,,9000000.0,222000000.0,1.0,98689315,98600000,98600000.0,19.32,5893000000,129000000,15000000.0,0,59.767,705000000
14,NAV,ARQ,2017-09-30,2017-12-19,2017-10-31,2021-06-08,-2211000000,6135000000,,4160000000,1975000000,,-46.383,-47000000.0,840000000,840000000,2088000000.0,142000000.0,1.141,-2.339,5058000000,1169000000,3889000000,5058000000,0,54000000.0,0,0.0,0.0,224000000.0,278000000.0,0.107,278000000.0,224000000.0,135000000.0,1.47,1.47,1.47,-4578000000,,-4578000000,8677579882,22.0,14.133,230000000.0,2.33,1.0,510000000.0,0.196,78000000,89000000.0,6630000000,,857000000,2211000000,1935000000,276000000,10709000000,3645000000,7064000000,4459579882,-205000000.0,4000000.0,8000000.0,-133000000.0,0.0,-130000000.0,-348000000.0,-305000000.0,277000000.0,-4000000.0,135000000.0,135000000.0,135000000.0,0.0,7000000.0,0.052,293000000.0,217000000.0,1292000000,0.0,-0.974,148.653,141.562,1326000000,0.0,45.3,0.52,0.492,404000000,-4933000000,2598000000.0,2598000000.0,62000000.0,,,,,9000000.0,224000000.0,1.0,98445472,98700000,100700000.0,26.322,6057000000,129000000,0.0,0,61.368,515000000
15,NAV,ARQ,2017-06-30,2017-09-06,2017-07-31,2021-06-08,-2412000000,6080000000,,4082000000,1998000000,,-50.102,-68000000.0,1048000000,1048000000,1803000000.0,42000000.0,1.231,-2.234,5220000000,965000000,4255000000,5220000000,0,57000000.0,0,0.0,0.0,128000000.0,185000000.0,0.084,185000000.0,128000000.0,37000000.0,0.38,0.38,0.38,-4925000000,,-4925000000,7735067058,35.0,17.113,-129000000.0,-1.312,1.0,410000000.0,0.185,82000000,91000000.0,6855000000,,979000000,1905000000,1619000000,286000000,11003000000,3315000000,7688000000,3563067058,140000000.0,6000000.0,1000000.0,129000000.0,0.0,124000000.0,77000000.0,139000000.0,-61000000.0,0.0,37000000.0,37000000.0,37000000.0,-1000000.0,5000000.0,0.017,287000000.0,123000000.0,1213000000,0.0,-0.723,-25.634,-21.861,1333000000,0.0,36.29,0.443,0.444,329000000,-5068000000,2213000000.0,2213000000.0,61000000.0,,,,,7000000.0,233000000.0,1.0,98183165,98300000,98600000.0,22.513,5998000000,141000000,0.0,0,61.017,767000000
16,NAV,ARQ,2017-03-31,2017-06-07,2017-04-30,2021-06-08,-2579000000,5952000000,,3947000000,2005000000,,-54.995,-21000000.0,931000000,931000000,1776000000.0,-75000000.0,1.264,-2.159,5065000000,744000000,4321000000,5065000000,0,53000000.0,0,0.0,0.0,15000000.0,68000000.0,0.032,68000000.0,15000000.0,-74000000.0,-0.86,-0.86,-0.86,-5131000000,,-5131000000,7043118695,45.0,18.341,-150000000.0,-1.608,1.0,320000000.0,0.153,84000000,89000000.0,6880000000,,946000000,1924000000,1637000000,287000000,11079000000,3122000000,7957000000,2909118695,198000000.0,0.0,245000000.0,162000000.0,0.0,397000000.0,-64000000.0,-43000000.0,-129000000.0,-6000000.0,-80000000.0,-80000000.0,-80000000.0,0.0,5000000.0,-0.038,302000000.0,18000000.0,1240000000,0.0,-0.567,-13.853,-12.049,1324000000,0.0,29.64,0.368,0.35,317000000,-5105000000,2096000000.0,2096000000.0,65000000.0,,,,,5000000.0,221000000.0,1.0,98148404,93300000,93300000.0,22.465,5868000000,161000000,6000000.0,0,62.894,825000000
17,NAV,ARQ,2016-12-31,2017-03-07,2017-01-31,2021-06-08,-2617000000,5394000000,,3449000000,1945000000,,-65.196,-68000000.0,670000000,670000000,1370000000.0,-54000000.0,1.247,-2.011,4865000000,589000000,4276000000,4865000000,0,59000000.0,0,0.0,0.0,24000000.0,83000000.0,0.05,83000000.0,24000000.0,-58000000.0,-0.76,-0.76,-0.76,-5333000000,,-5333000000,6633023933,27.0,14.113,-46000000.0,-0.562,1.0,293000000.0,0.176,88000000,82000000.0,6735000000,,1022000000,1614000000,1359000000,255000000,10723000000,2766000000,7957000000,2438023933,-231000000.0,-2000000.0,3000000.0,-48000000.0,0.0,-53000000.0,-207000000.0,-137000000.0,22000000.0,7000000.0,-62000000.0,-62000000.0,-62000000.0,0.0,8000000.0,-0.037,272000000.0,21000000.0,1046000000,0.0,-0.457,-19.349,-16.032,1290000000,0.0,24.85,0.304,0.254,279000000,-5025000000,1663000000.0,1663000000.0,63000000.0,,,,,7000000.0,200000000.0,1.0,98109615,81800000,81800000.0,20.33,5306000000,162000000,4000000.0,0,64.866,683000000
18,NAV,ARQ,2016-09-30,2016-12-20,2016-10-31,2021-06-08,-2640000000,5653000000,,3759000000,1894000000,,-64.847,-67000000.0,916000000,916000000,1744000000.0,-26000000.0,1.174,-2.066,4904000000,907000000,3997000000,4904000000,0,61000000.0,0,0.0,0.0,55000000.0,116000000.0,0.056,116000000.0,55000000.0,-26000000.0,-0.42,-0.42,-0.42,-5298000000,,-5298000000,6442346966,24.0,13.202,214000000.0,2.619,1.0,319000000.0,0.155,91000000,81000000.0,6347000000,,944000000,1776000000,1503000000,273000000,10946000000,3203000000,7743000000,2454346966,257000000.0,4000000.0,0.0,-130000000.0,0.0,-136000000.0,100000000.0,163000000.0,281000000.0,12000000.0,-34000000.0,-34000000.0,-34000000.0,0.0,8000000.0,-0.016,273000000.0,46000000.0,1113000000,0.0,-0.463,-25.303,-25.261,1241000000,0.0,30.06,0.303,0.303,292000000,-4963000000,2063000000.0,2063000000.0,66000000.0,,,,,7000000.0,198000000.0,1.0,81648269,81700000,81700000.0,25.251,5562000000,161000000,8000000.0,0,68.078,556000000
19,NAV,ARQ,2016-06-30,2016-09-08,2016-07-31,2021-06-08,-2512000000,5719000000,,3772000000,1947000000,,-62.876,-43000000.0,728000000,728000000,1757000000.0,-28000000.0,1.068,-2.113,5065000000,1389000000,3676000000,5065000000,0,53000000.0,0,0.0,0.0,64000000.0,117000000.0,0.056,117000000.0,64000000.0,-20000000.0,-0.42,-0.42,-0.42,-5137000000,,-5137000000,5897513426,23.0,12.39,47000000.0,0.575,1.0,329000000.0,0.158,94000000,84000000.0,6429000000,,1084000000,1813000000,1550000000,263000000,10853000000,3533000000,7320000000,1560513426,-42000000.0,-1000000.0,0.0,-137000000.0,0.0,-146000000.0,-1000000.0,43000000.0,90000000.0,15000000.0,-34000000.0,-34000000.0,-34000000.0,0.0,6000000.0,-0.016,276000000.0,53000000.0,1003000000,0.0,-0.304,-13.81,-13.855,1257000000,0.0,19.12,0.183,0.183,317000000,-4929000000,2086000000.0,2086000000.0,62000000.0,,,,,2000000.0,197000000.0,1.0,81616811,81700000,81700000.0,25.532,5625000000,153000000,14000000.0,0,68.849,239000000
20,NAV,ARQ,2016-03-31,2016-06-07,2016-04-30,2021-06-08,-2536000000,6188000000,,4130000000,2058000000,,-62.766,-50000000.0,728000000,728000000,1845000000.0,13000000.0,1.141,-2.205,5225000000,1251000000,3974000000,5225000000,0,53000000.0,0,0.0,0.0,101000000.0,154000000.0,0.07,154000000.0,101000000.0,20000000.0,0.05,0.05,0.05,-5128000000,,-5128000000,5683489968,23.0,11.694,-52000000.0,-0.636,1.0,352000000.0,0.16,91000000,81000000.0,6974000000,,1220000000,2055000000,1780000000,275000000,11309000000,3620000000,7689000000,1186489968,10000000.0,37000000.0,0.0,113000000.0,0.0,104000000.0,-107000000.0,-94000000.0,-2000000.0,15000000.0,4000000.0,4000000.0,4000000.0,0.0,9000000.0,0.002,269000000.0,83000000.0,1146000000,0.0,-0.231,-11.089,-11.185,1281000000,0.0,14.54,0.132,0.132,383000000,-4895000000,2197000000.0,2197000000.0,61000000.0,,,,,6000000.0,202000000.0,1.0,81601786,81700000,82000000.0,26.891,6097000000,164000000,16000000.0,0,74.627,510000000
21,NAV,ARQ,2015-12-31,2016-03-08,2016-01-31,2021-06-08,-2601000000,5980000000,,3939000000,2041000000,,-63.611,-64000000.0,697000000,697000000,1466000000.0,-24000000.0,1.037,-2.149,5099000000,1492000000,3607000000,5099000000,0,58000000.0,0,0.0,0.0,43000000.0,101000000.0,0.057,101000000.0,43000000.0,-38000000.0,-0.4,-0.4,-0.4,-5197000000,,-5197000000,5246487902,30.0,12.061,-166000000.0,-2.032,1.0,299000000.0,0.169,90000000,81000000.0,6492000000,,1269000000,1845000000,1583000000,262000000,11170000000,3800000000,7370000000,844487902,-333000000.0,-1000000.0,0.0,-166000000.0,0.0,-175000000.0,-59000000.0,6000000.0,-102000000.0,3000000.0,-33000000.0,-33000000.0,-33000000.0,0.0,9000000.0,-0.019,268000000.0,31000000.0,1031000000,0.0,-0.162,-4.826,-4.859,1304000000,0.0,10.35,0.089,0.089,352000000,-4899000000,1765000000.0,1765000000.0,58000000.0,,,,,1000000.0,205000000.0,1.0,81593034,81700000,81700000.0,21.603,5890000000,157000000,-5000000.0,0,72.093,139000000
22,NAV,ARQ,2015-09-30,2015-12-17,2015-10-31,2021-06-08,-2601000000,6692000000,,4622000000,2070000000,,-63.089,-58000000.0,1033000000,1033000000,2093000000.0,-40000000.0,1.22,-2.294,5298000000,1110000000,4188000000,5298000000,0,60000000.0,0,0.0,0.0,44000000.0,104000000.0,0.042,104000000.0,44000000.0,-36000000.0,-0.61,-0.61,-0.61,-5167000000,,-5167000000,4915728374,28.0,10.804,2000000.0,0.024,1.0,395000000.0,0.159,95000000,80000000.0,7074000000,,1135000000,2220000000,1938000000,282000000,11852000000,3788000000,8064000000,650728374,365000000.0,1000000.0,0.0,9000000.0,0.0,12000000.0,311000000.0,368000000.0,60000000.0,-18000000.0,-50000000.0,-50000000.0,-50000000.0,0.0,10000000.0,-0.02,335000000.0,60000000.0,1301000000,0.0,-0.126,-3.537,-3.547,1345000000,0.0,7.98,0.064,0.064,442000000,-4866000000,2488000000.0,2488000000.0,62000000.0,,,,,2000000.0,204000000.0,1.0,81544909,81900000,81900000.0,30.379,6597000000,164000000,14000000.0,14000000,80.549,834000000
23,NAV,ARQ,2015-06-30,2015-09-02,2015-07-31,2021-06-08,-2298000000,6769000000,,4622000000,2147000000,,-59.032,-58000000.0,904000000,904000000,2172000000.0,-21000000.0,1.233,-2.404,5287000000,1090000000,4197000000,5287000000,0,68000000.0,0,0.0,0.0,59000000.0,127000000.0,0.05,127000000.0,59000000.0,-16000000.0,-0.34,-0.34,-0.34,-4817000000,,-4817000000,5737083842,41.0,13.158,165000000.0,2.022,1.0,366000000.0,0.144,105000000,75000000.0,7298000000,,1199000000,2314000000,2030000000,284000000,11578000000,3749000000,7829000000,1354083842,-36000000.0,0.0,0.0,103000000.0,0.0,69000000.0,-327000000.0,-265000000.0,223000000.0,-1000000.0,-28000000.0,-28000000.0,-28000000.0,0.0,7000000.0,-0.011,311000000.0,55000000.0,1326000000,0.0,-0.281,-6.573,-6.618,1375000000,0.0,16.61,0.127,0.127,444000000,-4816000000,2538000000.0,2538000000.0,71000000.0,,,,,0.0,220000000.0,1.0,81522206,81600000,81600000.0,31.103,6664000000,163000000,12000000.0,14000000,81.667,873000000
24,NAV,ARQ,2015-03-31,2015-06-04,2015-04-30,2021-06-08,-2284000000,6925000000,,4776000000,2149000000,,-58.517,-34000000.0,696000000,696000000,2360000000.0,-57000000.0,1.192,-2.444,5204000000,1211000000,3993000000,5204000000,0,74000000.0,0,0.0,0.0,29000000.0,103000000.0,0.038,103000000.0,29000000.0,-46000000.0,-0.78,-0.78,-0.78,-4775000000,,-4775000000,6530850055,38.0,13.895,-60000000.0,-0.735,1.0,333000000.0,0.124,112000000,75000000.0,7315000000,,1245000000,2495000000,2202000000,293000000,11669000000,4006000000,7663000000,2022850055,-37000000.0,7000000.0,1000000.0,133000000.0,0.0,126000000.0,-125000000.0,-98000000.0,-26000000.0,-12000000.0,-64000000.0,-64000000.0,-64000000.0,0.0,7000000.0,-0.024,298000000.0,35000000.0,1450000000,0.0,-0.424,-11.238,-11.333,1407000000,0.0,24.82,0.184,0.185,520000000,-4788000000,2693000000.0,2693000000.0,76000000.0,,,,,6000000.0,243000000.0,1.0,81500808,81600000,81600000.0,33.002,6813000000,172000000,18000000.0,14000000,83.493,770000000
25,NAV,ARQ,2014-12-31,2015-03-03,2015-01-31,2021-06-08,-2290000000,6785000000,,4523000000,2262000000,,-57.914,-26000000.0,735000000,735000000,2045000000.0,-33000000.0,1.229,-2.431,5083000000,1041000000,4042000000,5083000000,0,79000000.0,0,0.0,0.0,42000000.0,121000000.0,0.05,121000000.0,42000000.0,-35000000.0,-0.52,-0.52,-0.52,-4720000000,,-4720000000,6724952337,-114.0,25.282,-237000000.0,-2.908,1.0,376000000.0,0.155,121000000,77000000.0,7333000000,,1352000000,2153000000,1835000000,318000000,11473000000,3679000000,7794000000,2376952337,123000000.0,0.0,0.0,-97000000.0,0.0,-109000000.0,457000000.0,483000000.0,-211000000.0,-14000000.0,-42000000.0,-42000000.0,-42000000.0,0.0,9000000.0,-0.017,327000000.0,49000000.0,1330000000,0.0,-0.504,-5.755,-5.765,1474000000,0.0,29.17,0.216,0.216,512000000,-4724000000,2421000000.0,2421000000.0,79000000.0,,,,,2000000.0,241000000.0,1.0,81486196,81500000,81500000.0,29.706,6664000000,173000000,7000000.0,14000000,81.767,844000000
26,NAV,ARQ,2014-09-30,2014-12-16,2014-10-31,2021-06-08,-2263000000,7443000000,,5013000000,2430000000,,-56.965,-60000000.0,668000000,668000000,2635000000.0,-62000000.0,1.185,-2.592,5226000000,1295000000,3931000000,5226000000,0,76000000.0,0,0.0,0.0,9000000.0,85000000.0,0.028,85000000.0,9000000.0,-71000000.0,-0.87,-0.87,-0.87,-4654000000,,-4654000000,6927168876,-25.0,130.701,-52000000.0,-0.636,1.0,373000000.0,0.124,128000000,80000000.0,7642000000,,1319000000,2716000000,2363000000,353000000,12061000000,4231000000,7830000000,2369168876,-50000000.0,8000000.0,1000000.0,54000000.0,0.0,45000000.0,-89000000.0,-37000000.0,8000000.0,-14000000.0,-72000000.0,-72000000.0,-72000000.0,0.0,10000000.0,-0.024,358000000.0,15000000.0,1564000000,0.0,-0.509,-3.827,-3.829,1562000000,0.0,29.1,0.219,0.219,578000000,-4682000000,3008000000.0,3008000000.0,78000000.0,,,,,4000000.0,262000000.0,1.0,81414738,81700000,81700000.0,36.818,7315000000,200000000,1000000.0,14000000,89.535,782000000
27,NAV,ARQ,2014-06-30,2014-09-03,2014-07-31,2021-06-08,-1758000000,7702000000,,5143000000,2559000000,,-50.147,-36000000.0,668000000,668000000,2417000000.0,8000000.0,1.28,-2.878,5206000000,1020000000,4186000000,5206000000,0,71000000.0,0,0.0,0.0,90000000.0,161000000.0,0.057,161000000.0,90000000.0,12000000.0,-0.02,-0.02,-0.02,-4082000000,,-4082000000,7663421470,-13.0,-31.667,-54000000.0,-0.663,1.0,427000000.0,0.15,136000000,78000000.0,8087000000,,1462000000,2699000000,2325000000,374000000,11748000000,4017000000,7731000000,3125421470,-47000000.0,1000000.0,0.0,111000000.0,0.0,101000000.0,-128000000.0,-93000000.0,-18000000.0,-2000000.0,-2000000.0,-2000000.0,-2000000.0,0.0,10000000.0,-0.001,330000000.0,97000000.0,1572000000,0.0,-0.766,-4.459,-4.446,1657000000,0.0,38.41,0.296,0.296,594000000,-4610000000,2844000000.0,2844000000.0,80000000.0,,,,,0.0,241000000.0,1.0,81369994,81400000,81400000.0,34.939,7566000000,192000000,14000000.0,14000000,92.948,1126000000
28,NAV,ARQ,2014-03-31,2014-06-05,2014-04-30,2021-06-08,-1788000000,7727000000,,5122000000,2605000000,,-50.467,-78000000.0,706000000,706000000,2468000000.0,-286000000.0,1.264,-2.872,5102000000,956000000,4146000000,5102000000,0,99000000.0,0,0.0,0.0,-200000000.0,-101000000.0,-0.037,-101000000.0,-200000000.0,-274000000.0,-3.65,-3.65,-3.65,-4108000000,,-4108000000,7357172688,-9.0,-15.654,-311000000.0,-3.821,1.0,278000000.0,0.101,142000000,74000000.0,7929000000,,1384000000,2627000000,2247000000,380000000,11799000000,4052000000,7747000000,2961172688,45000000.0,7000000.0,2000000.0,247000000.0,0.0,239000000.0,28000000.0,99000000.0,-233000000.0,11000000.0,-297000000.0,-297000000.0,-297000000.0,0.0,11000000.0,-0.108,471000000.0,-193000000.0,1569000000,0.0,-0.721,-3.13,-3.117,1693000000,0.0,36.41,0.28,0.281,658000000,-4608000000,2746000000.0,2746000000.0,83000000.0,,,,,7000000.0,237000000.0,1.0,81328555,81400000,81400000.0,33.735,7585000000,192000000,23000000.0,14000000,93.182,1070000000
29,NAV,ARQ,2013-12-31,2014-03-05,2014-01-31,2021-06-08,-1861000000,7654000000,,4898000000,2756000000,,-48.177,-60000000.0,664000000,664000000,2014000000.0,-239000000.0,1.152,-2.948,4866000000,1259000000,3607000000,4866000000,0,86000000.0,0,0.0,0.0,-178000000.0,-92000000.0,-0.042,-92000000.0,-178000000.0,-260000000.0,-3.05,-3.05,-3.05,-3912000000,,-3912000000,7142217524,-8.0,-14.606,-153000000.0,-1.884,1.0,194000000.0,0.088,282000000,82000000.0,7321000000,,1382000000,2469000000,2091000000,378000000,11531000000,4253000000,7278000000,2940217524,-206000000.0,-2000000.0,16000000.0,-202000000.0,0.0,-206000000.0,114000000.0,176000000.0,-93000000.0,-21000000.0,-248000000.0,-248000000.0,-248000000.0,0.0,9000000.0,-0.112,364000000.0,-170000000.0,1430000000,0.0,-0.752,-2.874,-2.853,1700000000,0.0,36.17,0.284,0.284,581000000,-4311000000,2208000000.0,2208000000.0,90000000.0,,,,,5000000.0,239000000.0,1.0,81288845,81200000,81200000.0,27.192,7372000000,229000000,-12000000.0,25000000,90.788,645000000
30,NAV,ARQ,2013-09-30,2013-12-20,2013-10-31,2021-06-08,-1824000000,8315000000,,5459000000,2856000000,,-45.386,-109000000.0,846000000,846000000,2565000000.0,-134000000.0,1.281,-3.266,5089000000,1163000000,3926000000,5089000000,0,87000000.0,0,0.0,0.0,-297000000.0,-210000000.0,-0.076,-210000000.0,-297000000.0,-378000000.0,-1.92,-1.92,-1.92,-3649000000,,-3649000000,7259511791,-10.0,-21.932,-43000000.0,-0.535,1.0,186000000.0,0.068,322000000,81000000.0,7975000000,,1210000000,2842000000,2427000000,415000000,11916000000,4261000000,7655000000,3016511791,330000000.0,33000000.0,3000000.0,388000000.0,0.0,379000000.0,-119000000.0,-43000000.0,66000000.0,4000000.0,-154000000.0,-154000000.0,-154000000.0,0.0,20000000.0,-0.056,467000000.0,-281000000.0,1502000000,0.0,-0.827,-3.359,-3.327,1741000000,0.0,37.16,0.28,0.277,766000000,-4063000000,2751000000.0,2751000000.0,96000000.0,,,,,5000000.0,310000000.0,1.0,81176313,80400000,80400000.0,34.216,7993000000,231000000,-224000000.0,33000000,99.415,1198000000
31,NAV,ARQ,2013-06-30,2013-09-04,2013-07-31,2021-06-08,-2279000000,8241000000,,5264000000,2977000000,,-49.28,-82000000.0,595000000,595000000,2547000000.0,-237000000.0,1.338,-3.065,4728000000,820000000,3908000000,4728000000,0,88000000.0,0,0.0,0.0,-155000000.0,-67000000.0,-0.023,-67000000.0,-155000000.0,-231000000.0,-3.06,-3.06,-3.06,-3972000000,,-3972000000,6792595654,-7.0,-12.441,-5000000.0,-0.062,1.0,314000000.0,0.11,398000000,76000000.0,8041000000,,1336000000,2759000000,2298000000,461000000,12174000000,3935000000,8239000000,2659595654,-80000000.0,-5000000.0,1000000.0,-19000000.0,0.0,-28000000.0,-115000000.0,-28000000.0,77000000.0,-14000000.0,-247000000.0,-247000000.0,-247000000.0,0.0,10000000.0,-0.086,452000000.0,-138000000.0,1546000000,0.0,-0.67,-0.757,-0.671,1714000000,0.0,33.07,0.235,0.236,807000000,-3909000000,2861000000.0,2861000000.0,99000000.0,,,,,5000000.0,308000000.0,1.0,80423213,80600000,80600000.0,35.496,7843000000,249000000,16000000.0,38000000,97.308,1329000000
32,NAV,ARQ,2013-03-31,2013-06-10,2013-04-30,2021-06-08,-2227000000,8723000000,,5569000000,3154000000,,-45.734,-282000000.0,622000000,622000000,2363000000.0,-365000000.0,1.39,-3.362,4785000000,779000000,4006000000,4785000000,0,142000000.0,0,0.0,0.0,-262000000.0,-120000000.0,-0.048,-120000000.0,-262000000.0,-352000000.0,-4.65,-4.65,-4.65,-3677000000,,-3677000000,6921487220,-8.0,-15.519,-391000000.0,-4.863,1.0,163000000.0,0.065,432000000,90000000.0,8447000000,,1476000000,2877000000,2397000000,480000000,12361000000,4007000000,8354000000,2758487220,8000000.0,30000000.0,7000000.0,346000000.0,0.0,345000000.0,-229000000.0,23000000.0,-109000000.0,1000000.0,-374000000.0,-374000000.0,-374000000.0,0.0,9000000.0,-0.148,399000000.0,-236000000.0,1621000000,0.0,-0.75,-0.867,-0.762,1776000000,0.0,34.31,0.235,0.235,875000000,-3662000000,2526000000.0,2526000000.0,100000000.0,,,,,9000000.0,312000000.0,1.0,80398928,80400000,80400000.0,31.418,8291000000,256000000,22000000.0,41000000,103.122,1562000000
33,NAV,ARQ,2012-12-31,2013-03-07,2013-01-31,2021-06-08,-2269000000,8531000000,,5416000000,3115000000,,-41.883,-101000000.0,599000000,599000000,2286000000.0,-108000000.0,1.389,-3.525,4466000000,936000000,3530000000,4466000000,0,100000000.0,0,0.0,0.0,-34000000.0,66000000.0,0.025,66000000.0,-34000000.0,-108000000.0,-1.53,-1.53,-1.53,-3359000000,,-3359000000,6421862056,-8.0,-13.187,-35000000.0,-0.436,1.0,351000000.0,0.133,449000000,74000000.0,8050000000,,1520000000,2824000000,2315000000,509000000,11840000000,3899000000,7941000000,2554862056,-590000000.0,0.0,15000000.0,-305000000.0,0.0,-303000000.0,-347000000.0,-246000000.0,66000000.0,-6000000.0,-123000000.0,-123000000.0,-123000000.0,0.0,15000000.0,-0.047,360000000.0,-9000000.0,1547000000,0.0,-0.761,-0.857,-0.744,1643000000,0.0,31.89,0.204,0.204,841000000,-3288000000,2637000000.0,2637000000.0,111000000.0,,,,,5000000.0,285000000.0,1.0,80114834,80200000,80200000.0,32.88,8082000000,264000000,15000000.0,39000000,100.773,1517000000
34,NAV,ARQ,2012-09-30,2012-12-19,2012-10-31,2021-06-08,-2325000000,9102000000,,5837000000,3265000000,,-47.902,-65000000.0,1248000000,1248000000,3152000000.0,-2756000000.0,1.341,-3.735,4776000000,1205000000,3571000000,4776000000,0,77000000.0,0,0.0,0.0,-502000000.0,-425000000.0,-0.13,-425000000.0,-502000000.0,-579000000.0,-40.07,-40.07,-40.07,-3310000000,,-3310000000,5202285109,-5.0,-8.028,199000000.0,2.88,1.0,127000000.0,0.039,451000000,77000000.0,7826000000,,1537000000,2677000000,2129000000,548000000,12362000000,4353000000,8009000000,1674285109,540000000.0,-24000000.0,192000000.0,364000000.0,0.0,544000000.0,-278000000.0,-189000000.0,264000000.0,10000000.0,-2769000000.0,-2769000000.0,-2769000000.0,0.0,13000000.0,-0.844,608000000.0,-481000000.0,1686000000,0.0,-0.506,-0.556,-0.48,1660000000,0.0,20.92,0.129,0.112,843000000,-3165000000,3279000000.0,3279000000.0,131000000.0,,,,,3000000.0,376000000.0,1.0,80032749,69100000,69100000.0,47.453,8651000000,263000000,2190000000.0,42000000,125.195,1484000000
35,NAV,ARQ,2012-06-30,2012-09-06,2012-07-31,2021-06-08,-2020000000,11143000000,,6115000000,5028000000,,-5.924,-89000000.0,826000000,826000000,2876000000.0,96000000.0,1.35,-28.258,4417000000,1416000000,3001000000,4417000000,0,86000000.0,0,0.0,0.0,-53000000.0,33000000.0,0.01,33000000.0,-53000000.0,-112000000.0,1.22,1.22,1.22,-407000000,,-407000000,5235077179,-34.0,29.915,208000000.0,3.028,1.0,443000000.0,0.133,459000000,59000000.0,9745000000,,1877000000,2540000000,1971000000,569000000,11501000000,4530000000,6971000000,1644077179,147000000.0,-3000000.0,0.0,-87000000.0,0.0,-97000000.0,-49000000.0,43000000.0,297000000.0,-4000000.0,84000000.0,84000000.0,84000000.0,0.0,12000000.0,0.025,474000000.0,-31000000.0,1816000000,0.0,-4.04,117.434,399.5,1646000000,0.0,23.97,0.118,0.118,932000000,-396000000,3319000000.0,3319000000.0,137000000.0,,,,,2000000.0,328000000.0,1.0,68588952,68700000,68900000.0,48.311,10684000000,2406000000,-196000000.0,56000000,155.517,1585000000
36,NAV,ARQ,2012-03-31,2012-06-07,2012-04-30,2021-06-08,-1982000000,11384000000,,6378000000,5006000000,,-6.623,-72000000.0,545000000,545000000,2944000000.0,-162000000.0,1.351,-25.914,4502000000,1509000000,2993000000,4502000000,0,82000000.0,0,0.0,0.0,-243000000.0,-161000000.0,-0.049,-161000000.0,-243000000.0,-305000000.0,-2.5,-2.5,-2.5,-455000000,,-455000000,5609666940,-55.0,24.932,-142000000.0,-2.067,1.0,354000000.0,0.107,473000000,62000000.0,10148000000,,1948000000,3035000000,2403000000,632000000,11791000000,4720000000,7071000000,1652666940,-88000000.0,-14000000.0,-4000000.0,-16000000.0,0.0,-32000000.0,24000000.0,112000000.0,-70000000.0,-10000000.0,-172000000.0,-172000000.0,-172000000.0,0.0,10000000.0,-0.052,583000000.0,-229000000.0,1927000000,0.0,-3.632,1.243,1.344,1690000000,0.0,24.11,0.116,0.117,959000000,-480000000,3298000000.0,3298000000.0,134000000.0,,,,,2000000.0,378000000.0,1.0,68546949,68700000,68700000.0,48.006,10911000000,2238000000,-133000000.0,59000000,158.821,1658000000
37,NAV,ARQ,2011-12-31,2012-03-08,2012-01-31,2021-06-08,-1934000000,11503000000,,6459000000,5044000000,,-3.376,-126000000.0,643000000,643000000,2698000000.0,-140000000.0,1.53,-49.547,4538000000,1097000000,3441000000,4538000000,0,78000000.0,0,0.0,0.0,-173000000.0,-95000000.0,-0.031,-95000000.0,-173000000.0,-234000000.0,-2.19,-2.19,-2.19,-236000000,,-236000000,6585969407,23.0,10.832,-7000000.0,-0.1,1.0,354000000.0,0.116,539000000,61000000.0,10638000000,,1916000000,3116000000,2394000000,722000000,11693000000,4221000000,7472000000,2690969407,-51000000.0,-12000000.0,-69000000.0,-384000000.0,0.0,-478000000.0,301000000.0,451000000.0,119000000.0,7000000.0,-153000000.0,-153000000.0,-153000000.0,0.0,13000000.0,-0.05,507000000.0,-153000000.0,1861000000,0.0,-11.402,1.707,1.831,1671000000,0.0,39.27,0.189,0.192,978000000,-308000000,3052000000.0,3052000000.0,137000000.0,,,,,12000000.0,362000000.0,1.0,68524813,69900000,69900000.0,43.662,10964000000,2114000000,-81000000.0,66000000,156.853,2238000000
38,NAV,ARQ,2011-09-30,2011-12-20,2011-10-31,2021-06-08,-1944000000,12291000000,,7235000000,5056000000,,-0.374,-169000000.0,866000000,866000000,3432000000.0,275000000.0,1.508,-454.185,4861000000,1379000000,3482000000,4861000000,0,83000000.0,0,0.0,0.0,315000000.0,398000000.0,0.092,398000000.0,315000000.0,255000000.0,3.53,3.6,3.53,-27000000,,-27000000,6725956637,13.0,8.007,172000000.0,2.382,1.0,891000000.0,0.206,553000000,60000000.0,10935000000,,1714000000,3691000000,2916000000,775000000,12263000000,4798000000,7465000000,2730956637,95000000.0,-7000000.0,-110000000.0,337000000.0,0.0,217000000.0,-453000000.0,-266000000.0,341000000.0,-10000000.0,255000000.0,255000000.0,255000000.0,0.0,20000000.0,0.059,565000000.0,326000000.0,2122000000,0.0,-101.147,1.585,1.645,1570000000,0.0,38.91,0.196,0.203,1341000000,-155000000,4323000000.0,4323000000.0,125000000.0,,,,,3000000.0,428000000.0,1.0,70186498,72200000,73100000.0,59.875,11738000000,2057000000,0.0,59000000,162.576,2437000000
39,NAV,ARQ,2011-06-30,2011-09-07,2011-07-31,2021-06-08,-1066000000,11178000000,,6602000000,4576000000,,9.7,-114000000.0,603000000,603000000,2930000000.0,1409000000.0,1.74,14.657,4560000000,754000000,3806000000,4560000000,0,84000000.0,0,0.0,0.0,-1000000.0,83000000.0,0.023,83000000.0,-1000000.0,-63000000.0,19.1,18.24,19.1,711000000,,711000000,6795989725,22.0,10.77,199000000.0,2.715,1.0,607000000.0,0.172,559000000,62000000.0,10782000000,,1731000000,3526000000,2616000000,910000000,10421000000,3794000000,6627000000,2838989725,54000000.0,-21000000.0,-3000000.0,-245000000.0,0.0,-259000000.0,4000000.0,147000000.0,313000000.0,-4000000.0,1400000000.0,1400000000.0,1400000000.0,0.0,9000000.0,0.396,595000000.0,12000000.0,1921000000,0.0,3.993,1.884,1.901,1492000000,0.0,39.12,0.218,0.22,1136000000,-410000000,3537000000.0,3537000000.0,141000000.0,,,,,2000000.0,334000000.0,1.0,72571312,73300000,76800000.0,48.254,10619000000,1572000000,-1463000000.0,72000000,144.87,2808000000
40,NAV,ARQ,2011-03-31,2011-06-07,2011-04-30,2021-06-08,-1056000000,9966000000,,6200000000,3766000000,,-11.123,-90000000.0,578000000,578000000,2701000000.0,88000000.0,1.415,-13.111,4912000000,1370000000,3542000000,4912000000,0,81000000.0,0,0.0,0.0,141000000.0,222000000.0,0.066,222000000.0,141000000.0,79000000.0,1.01,0.93,1.01,-812000000,,-812000000,8619332052,17.0,10.261,131000000.0,1.795,1.0,654000000.0,0.195,617000000,62000000.0,9302000000,,1721000000,3772000000,2721000000,1051000000,10646000000,4381000000,6265000000,4285332052,-9000000.0,5000000.0,13000000.0,199000000.0,0.0,199000000.0,-437000000.0,-345000000.0,221000000.0,8000000.0,74000000.0,74000000.0,74000000.0,0.0,14000000.0,0.022,493000000.0,161000000.0,1907000000,0.0,-5.278,17.563,17.478,1486000000,0.0,58.9,0.338,0.339,1097000000,-1810000000,3355000000.0,3355000000.0,137000000.0,,,,,11000000.0,354000000.0,1.0,72756062,73000000,78600000.0,45.959,9349000000,110000000,5000000.0,94000000,128.068,1819000000
41,NAV,ARQ,2010-12-31,2011-03-09,2011-01-31,2021-06-08,-1118000000,9279000000,,5457000000,3822000000,,-12.152,-95000000.0,570000000,570000000,2199000000.0,6000000.0,1.579,-11.477,4621000000,748000000,3873000000,4621000000,0,80000000.0,0,0.0,0.0,57000000.0,137000000.0,0.05,137000000.0,57000000.0,-6000000.0,-0.08,-0.08,-0.08,-881000000,,-881000000,8617262154,19.0,11.034,-90000000.0,-1.241,1.0,544000000.0,0.198,612000000,63000000.0,9263000000,,1649000000,3298000000,2180000000,1118000000,10111000000,3455000000,6656000000,4566262154,-186000000.0,-27000000.0,15000000.0,-253000000.0,0.0,-257000000.0,63000000.0,185000000.0,5000000.0,3000000.0,-6000000.0,-6000000.0,-6000000.0,0.0,12000000.0,-0.002,458000000.0,86000000.0,1627000000,0.0,-5.183,22.831,22.613,1470000000,0.0,63.09,0.378,0.379,934000000,-1884000000,2743000000.0,2743000000.0,129000000.0,,,,,20000000.0,318000000.0,1.0,72376956,72500000,72500000.0,37.834,8667000000,157000000,0.0,142000000,119.545,2002000000
42,NAV,ARQ,2010-09-30,2010-12-22,2010-10-31,2021-06-08,-1196000000,9730000000,,5835000000,3895000000,,-13.625,-78000000.0,765000000,765000000,2765000000.0,45000000.0,1.626,-10.86,4878000000,632000000,4246000000,4878000000,0,80000000.0,0,0.0,0.0,109000000.0,189000000.0,0.056,189000000.0,109000000.0,45000000.0,0.55,0.54,0.55,-981000000,,-981000000,8220871112,16.0,10.087,365000000.0,5.069,1.0,607000000.0,0.18,586000000,64000000.0,9668000000,,1568000000,3604000000,2356000000,1248000000,10654000000,3589000000,7065000000,4107871112,70000000.0,-11000000.0,2000000.0,-163000000.0,0.0,-173000000.0,-203000000.0,-111000000.0,443000000.0,3000000.0,39000000.0,39000000.0,39000000.0,0.0,6000000.0,0.012,426000000.0,181000000.0,1827000000,0.0,-4.187,18.421,18.383,1442000000,0.0,57.17,0.338,0.338,1031000000,-1878000000,3372000000.0,3372000000.0,126000000.0,,,,,4000000.0,336000000.0,1.0,71853614,72000000,73500000.0,46.833,9144000000,146000000,6000000.0,142000000,127.0,2246000000
43,NAV,ARQ,2010-06-30,2010-09-08,2010-07-31,2021-06-08,-1304000000,9418000000,,5469000000,3949000000,,-15.347,-81000000.0,869000000,869000000,2525000000.0,149000000.0,1.582,-9.464,4795000000,661000000,4134000000,4795000000,0,78000000.0,0,0.0,0.0,214000000.0,292000000.0,0.091,292000000.0,214000000.0,156000000.0,1.89,1.83,1.89,-1105000000,,-1105000000,6885101467,13.0,8.091,317000000.0,4.403,1.0,696000000.0,0.216,583000000,58000000.0,9303000000,,1637000000,3388000000,2040000000,1348000000,10458000000,3458000000,7000000000,2959101467,7000000.0,-23000000.0,19000000.0,-307000000.0,0.0,-300000000.0,-91000000.0,14000000.0,398000000.0,0.0,137000000.0,137000000.0,137000000.0,0.0,12000000.0,0.043,464000000.0,232000000.0,1680000000,0.0,-2.678,10.96,10.976,1453000000,0.0,41.27,0.245,0.246,986000000,-1888000000,3221000000.0,3221000000.0,113000000.0,,,,,4000000.0,360000000.0,1.0,71701029,72000000,74300000.0,44.736,8835000000,152000000,19000000.0,170000000,122.708,2011000000
44,NAV,ARQ,2010-03-31,2010-06-09,2010-04-30,2021-06-08,-1311000000,8940000000,,4922000000,4018000000,,-17.717,-40000000.0,792000000,792000000,2189000000.0,43000000.0,1.341,-8.014,4556000000,1006000000,3550000000,4556000000,0,79000000.0,0,0.0,0.0,84000000.0,163000000.0,0.059,163000000.0,84000000.0,20000000.0,0.43,0.42,0.43,-1265000000,,-1265000000,7362988706,19.0,10.212,101000000.0,1.415,1.0,554000000.0,0.202,596000000,64000000.0,8437000000,,1719000000,3092000000,1595000000,1497000000,10138000000,3671000000,6467000000,3598988706,-182000000.0,-26000000.0,12000000.0,-271000000.0,0.0,-273000000.0,-53000000.0,13000000.0,141000000.0,3000000.0,30000000.0,30000000.0,30000000.0,0.0,13000000.0,0.011,444000000.0,110000000.0,1600000000,0.0,-2.845,29.744,29.398,1439000000,0.0,50.27,0.317,0.316,792000000,-2025000000,2743000000.0,2743000000.0,116000000.0,,,,,6000000.0,372000000.0,1.0,71593171,71400000,72800000.0,38.417,8344000000,150000000,-10000000.0,170000000,116.863,1251000000
45,NAV,ARQ,2009-12-31,2010-03-09,2010-01-31,2021-06-08,-1689000000,9126000000,,4968000000,4158000000,,-23.75,-57000000.0,1112000000,1112000000,2262000000.0,30000000.0,1.346,-6.356,4796000000,1023000000,3773000000,4796000000,0,79000000.0,0,0.0,0.0,92000000.0,171000000.0,0.061,171000000.0,92000000.0,25000000.0,0.24,0.23,0.24,-1691000000,,-1691000000,6818728720,18.0,9.418,68000000.0,0.955,1.0,547000000.0,0.195,590000000,67000000.0,8529000000,,1734000000,3050000000,1535000000,1515000000,10748000000,3691000000,7057000000,3134728720,-522000000.0,-32000000.0,2000000.0,-537000000.0,0.0,-554000000.0,-87000000.0,13000000.0,125000000.0,-6000000.0,17000000.0,17000000.0,17000000.0,0.0,13000000.0,0.006,436000000.0,111000000.0,1580000000,0.0,-1.854,30.434,30.729,1442000000,0.0,44.25,0.275,0.276,718000000,-2055000000,2809000000.0,2809000000.0,109000000.0,,,,,10000000.0,338000000.0,1.0,70841327,71200000,72100000.0,39.452,8536000000,162000000,8000000.0,169000000,119.888,1277000000
46,NAV,ARQ,2009-09-30,2009-12-21,2009-10-31,2021-06-08,-1674000000,10027000000,,5748000000,4279000000,,-25.535,-48000000.0,1697000000,1697000000,2629000000.0,86000000.0,1.373,-6.49,5419000000,1136000000,4283000000,5419000000,0,89000000.0,0,0.0,0.0,136000000.0,225000000.0,0.068,225000000.0,136000000.0,91000000.0,1.2,1.19,1.2,-1813000000,,-1813000000,6233223239,10.0,6.548,271000000.0,3.817,1.0,656000000.0,0.2,582000000,45000000.0,8982000000,,1666000000,3266000000,1706000000,1560000000,11766000000,4185000000,7581000000,2511223239,391000000.0,-39000000.0,-8000000.0,167000000.0,0.0,134000000.0,-65000000.0,22000000.0,319000000.0,3000000.0,86000000.0,86000000.0,86000000.0,0.0,0.0,0.026,260000000.0,396000000.0,1872000000,0.0,-1.385,7.848,7.874,1467000000,0.0,35.51,0.217,0.218,881000000,-2072000000,3285000000.0,3285000000.0,94000000.0,,,,,3000000.0,359000000.0,1.0,70718762,71000000,72100000.0,46.268,9445000000,159000000,5000000.0,142000000,133.028,1563000000
47,NAV,ARQ,2009-06-30,2009-09-09,2009-07-31,2021-06-08,-1157000000,9384000000,,4972000000,4412000000,,-19.096,-52000000.0,1328000000,1328000000,2119000000.0,-12000000.0,1.038,-7.888,5220000000,2063000000,3157000000,5220000000,0,88000000.0,0,0.0,0.0,74000000.0,162000000.0,0.065,162000000.0,74000000.0,18000000.0,-0.16,-0.16,-0.16,-1352000000,,-1352000000,7118405580,22.0,10.362,360000000.0,5.085,1.0,387000000.0,0.154,566000000,56000000.0,7918000000,,1731000000,3156000000,1512000000,1644000000,10665000000,4792000000,5873000000,3226405580,23000000.0,36000000.0,8000000.0,-462000000.0,0.0,-454000000.0,49000000.0,145000000.0,412000000.0,16000000.0,-12000000.0,-12000000.0,-12000000.0,0.0,0.0,-0.005,410000000.0,-23000000.0,1567000000,0.0,-2.386,-48.885,-46.141,1527000000,0.0,45.68,0.266,0.266,698000000,-2158000000,2506000000.0,2506000000.0,101000000.0,,,,,2000000.0,309000000.0,1.0,70630595,70800000,70800000.0,35.395,8818000000,116000000,30000000.0,109000000,124.548,180000000
48,NAV,ARQ,2009-03-31,2009-06-09,2009-04-30,2021-06-08,-1252000000,9657000000,,5049000000,4608000000,,-20.438,-39000000.0,1369000000,1369000000,2295000000.0,12000000.0,1.547,-7.664,5663000000,579000000,5084000000,5663000000,0,88000000.0,0,0.0,0.0,78000000.0,166000000.0,0.059,166000000.0,78000000.0,21000000.0,0.16,0.16,0.16,-1447000000,,-1447000000,7489868276,11.0,7.113,124000000.0,1.751,1.0,513000000.0,0.183,498000000,57000000.0,10189000000,,1646000000,3522000000,1655000000,1867000000,11090000000,3264000000,7826000000,3195868276,221000000.0,-2000000.0,-25000000.0,232000000.0,0.0,207000000.0,-146000000.0,-105000000.0,163000000.0,-3000000.0,12000000.0,12000000.0,12000000.0,0.0,0.0,0.004,449000000.0,64000000.0,1525000000,0.0,-2.209,11.537,11.808,1419000000,0.0,45.46,0.235,0.237,827000000,-2146000000,2808000000.0,2808000000.0,130000000.0,,,,,4000000.0,300000000.0,1.0,70300666,70800000,71300000.0,39.661,9159000000,121000000,9000000.0,97000000,129.364,1785000000
49,NAV,ARQ,2008-12-31,2009-03-11,2009-01-31,2021-06-08,-1294000000,9623000000,,5102000000,4521000000,,-20.881,-52000000.0,893000000,893000000,2323000000.0,234000000.0,1.366,-7.429,5429000000,794000000,4635000000,5429000000,0,79000000.0,0,0.0,0.0,320000000.0,399000000.0,0.134,399000000.0,320000000.0,227000000.0,3.28,3.27,3.28,-1493000000,,-1493000000,6396639596,7.0,4.939,272000000.0,3.804,1.0,647000000.0,0.218,499000000,93000000.0,9925000000,,1813000000,3752000000,1748000000,2004000000,11092000000,3735000000,7357000000,1860639596,-364000000.0,-9000000.0,-4000000.0,-627000000.0,0.0,-631000000.0,-50000000.0,11000000.0,324000000.0,-7000000.0,234000000.0,234000000.0,234000000.0,0.0,0.0,0.079,542000000.0,105000000.0,1680000000,0.0,-1.246,3.909,3.949,1447000000,0.0,26.42,0.126,0.128,831000000,-2158000000,2970000000.0,2970000000.0,108000000.0,,,,,7000000.0,376000000.0,1.0,70425420,71500000,71600000.0,41.538,9124000000,118000000,-7000000.0,0,127.608,1367000000
50,NAV,ARQ,2008-09-30,2008-12-30,2008-10-31,2021-06-08,-943000000,10390000000,,5535000000,4855000000,,-20.968,-25000000.0,1418000000,1418000000,3168000000.0,-300000000.0,1.428,-7.854,6217000000,665000000,5552000000,6217000000,0,108000000.0,0,0.0,0.0,-148000000.0,-40000000.0,-0.01,-40000000.0,-148000000.0,-260000000.0,-4.27,-4.1,-4.27,-1495000000,,-1495000000,6212180503,9.0,5.9,448000000.0,6.283,1.0,699000000.0,0.181,529000000,112000000.0,10785000000,,1628000000,4949000000,2814000000,2135000000,11742000000,3875000000,7867000000,1413180503,183000000.0,-5000000.0,1000000.0,-343000000.0,0.0,-340000000.0,104000000.0,141000000.0,473000000.0,-54000000.0,-300000000.0,-300000000.0,-300000000.0,0.0,0.0,-0.078,845000000.0,-146000000.0,2027000000,0.0,-0.945,10.546,10.497,1501000000,0.0,19.84,0.096,0.095,0,-2392000000,3867000000.0,3867000000.0,91000000.0,,,,,13000000.0,382000000.0,1.0,71228856,71300000,72900000.0,54.236,9861000000,116000000,40000000.0,0,138.303,1660000000
51,NAV,ARQ,2008-06-30,2008-09-03,2008-07-31,2021-06-08,-105000000,11557000000,,5578000000,5979000000,,-3.22,-60000000.0,1365000000,1365000000,3115000000.0,272000000.0,1.368,-51.689,6533000000,803000000,5730000000,6533000000,0,99000000.0,0,0.0,0.0,368000000.0,467000000.0,0.118,467000000.0,368000000.0,280000000.0,3.85,3.68,3.85,-228000000,,-228000000,9015000534,,,276000000.0,3.898,1.0,839000000.0,0.212,651000000,88000000.0,11997000000,,1544000000,5492000000,3069000000,2423000000,11785000000,4077000000,7708000000,3847000534,3000000.0,-7000000.0,26000000.0,-373000000.0,0.0,-347000000.0,4000000.0,67000000.0,336000000.0,10000000.0,272000000.0,272000000.0,272000000.0,0.0,0.0,0.069,494000000.0,345000000.0,2049000000,0.0,-16.873,,,1963000000,0.0,54.05,,,0,-2091000000,3954000000.0,3954000000.0,108000000.0,,,,,0.0,386000000.0,1.0,71174848,70800000,74000000.0,55.847,10906000000,147000000,8000000.0,0,154.04,1501000000
52,NAV,ARQ,2008-03-31,2008-06-27,2008-04-30,2021-06-08,-146000000,11614000000,,5501000000,6113000000,,-7.994,-74000000.0,1410000000,1410000000,3196000000.0,215000000.0,1.346,-21.665,6884000000,856000000,6028000000,6884000000,0,97000000.0,0,0.0,0.0,315000000.0,412000000.0,0.104,412000000.0,315000000.0,213000000.0,3.06,2.94,3.06,-562000000,,-562000000,10338105111,,,228000000.0,3.243,1.0,753000000.0,0.191,632000000,102000000.0,12370000000,,1364000000,5685000000,3180000000,2505000000,12176000000,4086000000,8090000000,4864105111,81000000.0,-1000000.0,0.0,-278000000.0,0.0,-278000000.0,37000000.0,113000000.0,302000000.0,20000000.0,215000000.0,215000000.0,215000000.0,0.0,0.0,0.054,459000000.0,294000000.0,2027000000,0.0,-8.655,,,1980000000,0.0,69.25,,,0,-2362000000,3949000000.0,3949000000.0,99000000.0,,,,,1000000.0,364000000.0,1.0,70239785,70300000,73200000.0,56.174,10982000000,135000000,-2000000.0,0,156.216,1415000000
53,NAV,ARQ,2007-09-30,2008-05-29,2007-10-31,2021-06-08,-155000000,11448000000,,5445000000,6003000000,,-10.441,,1196000000,1196000000,,,1.364,-16.597,6881000000,798000000,6083000000,6881000000,0,,0,0.0,0.0,,,,,,,,,,-734000000,,-734000000,11016199682,26.0,13.77,,,1.0,,,639000000,,12503000000,,1412000000,5579000000,2947000000,2632000000,12182000000,3991000000,8191000000,5331199682,,,,,,,,,,,,,,,,,,,1770000000,,-7.263,-44.427,-44.647,2086000000,,75.9,0.434,0.434,0,-2519000000,,,,,,,,,,1.0,70239785,70300000,,,10809000000,150000000,,0,153.755,1454000000
54,NAV,ARQ,2005-09-30,2007-12-10,2005-10-31,2021-06-08,-910000000,10786000000,,4852000000,5934000000,,-24.237,,1425000000,1425000000,,,1.035,-7.348,6389000000,980000000,5409000000,6389000000,0,,0,0.0,0.0,,,,,,,,,,-1699000000,,-1699000000,8876168316,20.0,11.453,,,1.0,,,657000000,,10405000000,,1330000000,4951000000,2470000000,2481000000,12485000000,4688000000,7797000000,3912168316,,,,,,,,,,,,,,,,,,,1869000000,,-2.303,28.145,28.131,2083000000,,55.7,0.323,0.322,0,-2699000000,,,,,,,,,,1.0,70236415,70100000,,,10129000000,102000000,,0,144.494,164000000
0,NAV,ART,2021-03-31,2021-06-08,2021-04-30,2021-06-08,-1758000000,7084000000,6628500000.0,4651000000,2433000000,1.164,-36.466,-336000000.0,1702000000,1702000000,6306000000.0,-173000000.0,1.196,-2.944,5467000000,843000000,4624000000,5467000000,0,203000000.0,0,0.0,0.0,47000000.0,250000000.0,0.032,250000000.0,47000000.0,-219000000.0,-1.92,-1.92,-1.92,-3643000000,-3783000000.0,-3643000000,8191673647,174.0,32.767,224000000.0,2.242,1.0,1408000000.0,0.183,56000000,266000000.0,6904000000,6747750000.0,1017000000,1644000000,1360000000,284000000,10724000000,3889000000,6835000000,4426673647,24000000.0,4000000.0,2000000.0,-34000000.0,0.0,-51000000.0,-474000000.0,-143000000.0,560000000.0,-11000000.0,-191000000.0,-191000000.0,-191000000.0,-1000000.0,18000000.0,-0.025,1344000000.0,64000000.0,1529000000,0.0,-1.215,-23.176,-23.115,1386000000,0.0,44.38,0.574,0.575,290000000,-4491000000,7714000000.0,7714000000.0,329000000.0,-0.029,0.05,0.007,0.006,24000000.0,1178000000.0,1.0,99744787,99900000,100200000.0,77.217,7028000000,121000000,-28000000.0,0,70.35,762000000
1,NAV,ART,2020-12-31,2021-03-09,2021-01-31,2021-06-08,-1786000000,6118000000,6467500000.0,4085000000,2033000000,1.156,-38.368,-260000000.0,1464000000,1464000000,6199000000.0,-374000000.0,1.248,-2.594,5069000000,565000000,4504000000,5069000000,0,200000000.0,0,0.0,0.0,-197000000.0,3000000.0,0.0,3000000.0,-197000000.0,-464000000.0,-3.93,-3.93,-3.93,-3833000000,-3836750000.0,-3833000000,7999468960,-41.0,2666.49,-15000000.0,-0.15,1.0,1278000000.0,0.171,56000000,267000000.0,6393000000,6884500000.0,848000000,1530000000,1246000000,284000000,9943000000,3274000000,6669000000,4394468960,327000000.0,-5000000.0,2000000.0,375000000.0,0.0,363000000.0,-264000000.0,0.0,245000000.0,-17000000.0,-392000000.0,-392000000.0,-392000000.0,-1000000.0,18000000.0,-0.052,1460000000.0,-182000000.0,1281000000,0.0,-1.146,-11.21,-11.214,1331000000,0.0,44.07,0.588,0.589,269000000,-4654000000,7477000000.0,7477000000.0,319000000.0,-0.061,0.102,-0.029,-0.026,24000000.0,1044000000.0,1.0,99715656,99900000,99900000.0,74.845,6062000000,157000000,-72000000.0,0,60.681,811000000
2,NAV,ART,2020-09-30,2020-12-17,2020-10-31,2021-06-08,-1865000000,6637000000,6528750000.0,4577000000,2060000000,1.149,-38.375,-232000000.0,1973000000,1973000000,6221000000.0,-329000000.0,1.358,-2.734,5330000000,640000000,4690000000,5330000000,0,199000000.0,0,0.0,0.0,-138000000.0,61000000.0,0.008,61000000.0,-138000000.0,-406000000.0,-3.48,-3.48,-3.48,-3826000000,-3813750000.0,-3826000000,7751205036,-56.0,127.069,242000000.0,2.427,1.0,1282000000.0,0.171,56000000,268000000.0,6567000000,7003500000.0,763000000,1653000000,1371000000,282000000,10459000000,3371000000,7088000000,4394205036,416000000.0,14000000.0,4000000.0,196000000.0,0.0,181000000.0,-217000000.0,0.0,474000000.0,-22000000.0,-347000000.0,-347000000.0,-347000000.0,0.0,18000000.0,-0.046,1404000000.0,-122000000.0,1278000000,0.0,-1.149,-12.663,-12.678,1417000000,0.0,44.12,0.586,0.586,280000000,-4566000000,7503000000.0,7503000000.0,321000000.0,-0.053,0.091,-0.02,-0.018,25000000.0,1021000000.0,1.0,99596669,99700000,99700000.0,75.256,6581000000,117000000,-59000000.0,0,66.008,1206000000
3,NAV,ART,2020-06-30,2020-09-09,2020-07-31,2021-06-08,-2100000000,6675000000,6598750000.0,4692000000,1983000000,1.245,-38.415,-237000000.0,1934000000,1934000000,6813000000.0,9000000.0,1.506,-2.742,5559000000,865000000,4694000000,5559000000,0,195000000.0,0,0.0,0.0,279000000.0,474000000.0,0.058,474000000.0,279000000.0,11000000.0,-0.08,-0.09,-0.08,-3830000000,-3788750000.0,-3830000000,7191381629,26.0,15.172,241000000.0,2.417,1.0,1405000000.0,0.171,58000000,268000000.0,7127000000,7089250000.0,896000000,1683000000,1403000000,280000000,10503000000,3115000000,7388000000,3566381629,638000000.0,10000000.0,4000000.0,421000000.0,0.0,404000000.0,-226000000.0,4000000.0,478000000.0,-18000000.0,-9000000.0,-9000000.0,-9000000.0,0.0,18000000.0,-0.001,1108000000.0,297000000.0,1154000000,0.0,-0.931,-396.265,-448.0,1360000000,0.0,35.84,0.434,0.435,274000000,-4333000000,8218000000.0,8218000000.0,314000000.0,-0.001,0.002,0.039,0.034,17000000.0,701000000.0,1.0,99508416,99700000,99700000.0,82.427,6617000000,115000000,20000000.0,0,66.369,1577000000
4,NAV,ART,2020-03-31,2020-06-04,2020-04-30,2021-06-08,-2163000000,6440000000,6753500000.0,4525000000,1915000000,1.419,-38.696,-234000000.0,1678000000,1678000000,7926000000.0,204000000.0,1.687,-2.669,5429000000,570000000,4859000000,5429000000,0,195000000.0,0,0.0,0.0,498000000.0,693000000.0,0.072,693000000.0,498000000.0,225000000.0,1.86,1.84,1.86,-3858000000,-3747000000.0,-3858000000,6530158758,13.0,9.423,288000000.0,2.889,1.0,1659000000.0,0.173,57000000,273000000.0,7451000000,7140500000.0,1012000000,1648000000,1416000000,232000000,10296000000,2683000000,7613000000,2779158758,470000000.0,15000000.0,5000000.0,171000000.0,0.0,153000000.0,-194000000.0,23000000.0,522000000.0,-11000000.0,184000000.0,184000000.0,184000000.0,0.0,20000000.0,0.019,1140000000.0,519000000.0,1038000000,0.0,-0.72,15.104,15.016,1328000000,0.0,27.93,0.29,0.291,233000000,-4296000000,9585000000.0,9585000000.0,322000000.0,0.027,-0.049,0.07,0.052,22000000.0,727000000.0,1.0,99504431,99700000,99700000.0,96.138,6383000000,117000000,41000000.0,0,64.022,1842000000
5,NAV,ART,2019-12-31,2020-03-04,2020-01-31,2021-06-08,-2084000000,6363000000,6910000000.0,4287000000,2076000000,1.542,-37.598,-253000000.0,1137000000,1137000000,8795000000.0,194000000.0,1.414,-2.7,4735000000,452000000,4283000000,4735000000,0,195000000.0,0,0.0,0.0,499000000.0,694000000.0,0.065,694000000.0,499000000.0,207000000.0,1.76,1.74,1.76,-3741000000,-3746250000.0,-3741000000,7113014062,14.0,10.249,536000000.0,5.387,1.0,1861000000.0,0.175,61000000,292000000.0,6869000000,7138250000.0,1074000000,1913000000,1615000000,298000000,10102000000,3031000000,7071000000,3515014062,-212000000.0,15000000.0,5000000.0,-774000000.0,0.0,-792000000.0,-196000000.0,41000000.0,789000000.0,-13000000.0,174000000.0,174000000.0,174000000.0,0.0,20000000.0,0.016,1345000000.0,516000000.0,1286000000,0.0,-0.94,20.201,20.074,1390000000,0.0,35.33,0.33,0.33,279000000,-4256000000,10656000000.0,10656000000.0,319000000.0,0.025,-0.046,0.07,0.047,28000000.0,930000000.0,1.0,99490916,99500000,99500000.0,107.095,6302000000,127000000,33000000.0,0,63.337,1256000000
6,NAV,ART,2019-09-30,2019-12-17,2019-10-31,2021-06-08,-1912000000,6917000000,7078500000.0,4952000000,1965000000,1.589,-37.523,-272000000.0,1557000000,1557000000,9245000000.0,243000000.0,1.385,-2.856,5188000000,871000000,4317000000,5188000000,0,193000000.0,0,0.0,0.0,552000000.0,745000000.0,0.066,745000000.0,552000000.0,240000000.0,2.23,2.22,2.23,-3726000000,-3765000000.0,-3726000000,6505865356,12.0,8.733,178000000.0,1.793,1.0,2006000000.0,0.178,63000000,312000000.0,6910000000,7287000000.0,911000000,2228000000,1923000000,305000000,10640000000,3575000000,7065000000,2874865356,112000000.0,100000000.0,4000000.0,-236000000.0,0.0,-258000000.0,-68000000.0,102000000.0,450000000.0,-12000000.0,221000000.0,221000000.0,221000000.0,0.0,22000000.0,0.02,1436000000.0,570000000.0,1341000000,0.0,-0.772,13.008,12.991,1309000000,0.0,28.97,0.256,0.256,348000000,-4409000000,11251000000.0,11251000000.0,319000000.0,0.031,-0.059,0.076,0.049,23000000.0,934000000.0,1.0,99235946,99300000,99500000.0,113.303,6854000000,117000000,19000000.0,0,69.023,1377000000
7,NAV,ART,2019-06-30,2019-09-04,2019-07-31,2021-06-08,-1754000000,7294000000,7156750000.0,5326000000,1968000000,1.647,-36.851,-330000000.0,1296000000,1296000000,9675000000.0,331000000.0,1.4,-2.99,5204000000,676000000,4528000000,5204000000,0,195000000.0,0,0.0,0.0,673000000.0,868000000.0,0.074,868000000.0,673000000.0,343000000.0,3.1,3.07,3.1,-3663000000,-3816250000.0,-3663000000,6366314471,9.0,7.334,223000000.0,2.243,1.0,2113000000.0,0.179,65000000,330000000.0,7332000000,7403750000.0,1195000000,2498000000,2190000000,308000000,10954000000,3805000000,7149000000,2458314471,149000000.0,100000000.0,4000000.0,-317000000.0,0.0,-341000000.0,-62000000.0,167000000.0,553000000.0,-1000000.0,307000000.0,307000000.0,307000000.0,0.0,24000000.0,0.026,1429000000.0,684000000.0,1806000000,0.0,-0.671,8.008,7.994,1290000000,0.0,24.78,0.209,0.209,441000000,-4501000000,11788000000.0,11788000000.0,317000000.0,0.043,-0.08,0.091,0.057,25000000.0,962000000.0,1.0,99205588,99400000,99700000.0,118.592,7229000000,124000000,36000000.0,0,72.726,1521000000
8,NAV,ART,2019-03-31,2019-06-04,2019-04-30,2021-06-08,-1786000000,7066000000,7064250000.0,5101000000,1965000000,1.607,-38.861,-331000000.0,1208000000,1208000000,9270000000.0,347000000.0,1.376,-2.832,5357000000,769000000,4588000000,5357000000,0,199000000.0,0,0.0,0.0,667000000.0,866000000.0,0.076,866000000.0,667000000.0,331000000.0,3.25,3.22,3.25,-3855000000,-3985250000.0,-3855000000,7516050662,11.0,8.679,-155000000.0,-1.562,1.0,2082000000.0,0.183,65000000,336000000.0,7442000000,7302000000.0,1164000000,2371000000,2060000000,311000000,10918000000,3708000000,7210000000,3367050662,-17000000.0,95000000.0,5000000.0,96000000.0,0.0,71000000.0,-251000000.0,-15000000.0,176000000.0,-13000000.0,321000000.0,321000000.0,321000000.0,0.0,26000000.0,0.028,1478000000.0,604000000.0,1630000000,0.0,-0.873,10.489,10.449,1270000000,0.0,33.96,0.297,0.297,483000000,-4657000000,11352000000.0,11352000000.0,308000000.0,0.045,-0.081,0.091,0.059,25000000.0,1039000000.0,1.0,99147546,99200000,99200000.0,114.435,7001000000,121000000,10000000.0,0,70.575,1393000000
9,NAV,ART,2018-12-31,2019-03-08,2019-01-31,2021-06-08,-1791000000,7037000000,6919500000.0,5074000000,1963000000,1.558,-38.507,-338000000.0,1349000000,1349000000,8764000000.0,451000000.0,1.39,-2.843,5494000000,942000000,4552000000,5494000000,0,204000000.0,0,0.0,0.0,775000000.0,979000000.0,0.091,979000000.0,775000000.0,442000000.0,4.29,4.25,4.29,-3816000000,-4154000000.0,-3816000000,7498366396,10.0,7.659,-233000000.0,-2.351,1.0,2014000000.0,0.187,67000000,333000000.0,7464000000,7069500000.0,1211000000,2163000000,1859000000,304000000,10850000000,3651000000,7199000000,3353366396,525000000.0,92000000.0,5000000.0,509000000.0,0.0,481000000.0,-46000000.0,199000000.0,105000000.0,-15000000.0,424000000.0,424000000.0,424000000.0,0.0,27000000.0,0.039,1298000000.0,716000000.0,1484000000,0.0,-0.879,7.909,7.89,1275000000,0.0,33.85,0.311,0.311,460000000,-4609000000,10778000000.0,10778000000.0,308000000.0,0.061,-0.102,0.11,0.072,23000000.0,886000000.0,1.0,99065477,99100000,99400000.0,108.759,6970000000,123000000,18000000.0,0,70.333,1423000000
10,NAV,ART,2018-09-30,2018-12-18,2018-10-31,2021-06-08,-1920000000,7230000000,6652500000.0,5136000000,2094000000,1.541,-39.747,-334000000.0,1445000000,1445000000,8317000000.0,368000000.0,1.349,-2.838,5467000000,946000000,4521000000,5467000000,0,211000000.0,0,0.0,0.0,719000000.0,930000000.0,0.091,930000000.0,719000000.0,392000000.0,3.44,3.41,3.44,-3931000000,-4346750000.0,-3931000000,6748690507,9.0,7.257,-65000000.0,-0.657,1.0,1933000000.0,0.189,68000000,327000000.0,7377000000,6947000000.0,1110000000,2309000000,1999000000,310000000,11156000000,3807000000,7349000000,2726690507,614000000.0,-3000000.0,8000000.0,450000000.0,0.0,414000000.0,-59000000.0,278000000.0,269000000.0,-10000000.0,340000000.0,340000000.0,340000000.0,0.0,28000000.0,0.033,1232000000.0,701000000.0,1606000000,0.0,-0.694,8.02,8.015,1370000000,0.0,27.57,0.266,0.266,505000000,-4593000000,10250000000.0,10250000000.0,297000000.0,0.051,-0.078,0.103,0.07,32000000.0,922000000.0,1.0,98900635,98900000,99600000.0,103.64,7162000000,121000000,52000000.0,0,72.417,1329000000
11,NAV,ART,2018-06-30,2018-09-06,2018-07-31,2021-06-08,-2138000000,6924000000,6378750000.0,4905000000,2019000000,1.494,-43.828,-259000000.0,1222000000,1222000000,7703000000.0,314000000.0,1.138,-2.595,5600000000,1707000000,3893000000,5600000000,0,214000000.0,0,0.0,0.0,641000000.0,855000000.0,0.09,855000000.0,641000000.0,312000000.0,3.01,2.99,3.01,-4339000000,-4508500000.0,-4339000000,8052011615,13.0,9.418,-162000000.0,-1.636,1.0,1828000000.0,0.192,68000000,329000000.0,6925000000,6760250000.0,1400000000,2045000000,1733000000,312000000,11258000000,4309000000,6949000000,3674011615,111000000.0,1000000.0,15000000.0,414000000.0,0.0,388000000.0,-354000000.0,-96000000.0,97000000.0,-20000000.0,287000000.0,287000000.0,287000000.0,0.0,27000000.0,0.03,1251000000.0,577000000.0,1527000000,0.0,-0.847,12.801,12.346,1297000000,0.0,37.16,0.385,0.386,452000000,-4781000000,9531000000.0,9531000000.0,284000000.0,0.045,-0.064,0.095,0.067,36000000.0,910000000.0,1.0,98870065,99000000,99700000.0,96.273,6856000000,130000000,25000000.0,0,69.253,596000000
12,NAV,ART,2018-03-31,2018-06-05,2018-04-30,2021-06-08,-2154000000,6487000000,6167750000.0,4517000000,1970000000,1.482,-45.85,-255000000.0,1192000000,1192000000,7410000000.0,179000000.0,1.112,-2.431,5350000000,1504000000,3846000000,5350000000,0,220000000.0,0,0.0,0.0,514000000.0,734000000.0,0.08,734000000.0,514000000.0,176000000.0,1.67,1.66,1.67,-4530000000,-4655000000.0,-4530000000,7945998700,15.0,10.826,-136000000.0,-1.377,1.0,1728000000.0,0.189,72000000,338000000.0,6512000000,6742750000.0,1167000000,1992000000,1696000000,296000000,11014000000,4061000000,6953000000,3787998700,329000000.0,7000000.0,14000000.0,289000000.0,0.0,263000000.0,-42000000.0,206000000.0,119000000.0,-11000000.0,154000000.0,154000000.0,154000000.0,-1000000.0,25000000.0,0.017,1213000000.0,515000000.0,1500000000,0.0,-0.836,24.597,22.964,1299000000,0.0,38.35,0.415,0.415,326000000,-4951000000,9138000000.0,9138000000.0,273000000.0,0.025,-0.033,0.076,0.056,37000000.0,899000000.0,1.0,98774412,98800000,99500000.0,92.49,6415000000,129000000,22000000.0,0,64.929,456000000
13,NAV,ART,2017-12-31,2018-03-08,2018-01-31,2021-06-08,-2154000000,5969000000,6034000000.0,3958000000,2011000000,1.46,-46.521,-215000000.0,787000000,787000000,7199000000.0,43000000.0,1.217,-2.3,5121000000,953000000,4168000000,5121000000,0,219000000.0,0,0.0,0.0,388000000.0,607000000.0,0.069,607000000.0,388000000.0,40000000.0,0.25,0.25,0.25,-4587000000,-4805250000.0,-4587000000,8100971154,21.0,13.346,-204000000.0,-2.069,1.0,1613000000.0,0.183,76000000,348000000.0,6974000000,6834750000.0,998000000,2004000000,1710000000,294000000,10552000000,3253000000,7299000000,3766971154,126000000.0,10000000.0,258000000.0,179000000.0,0.0,397000000.0,-274000000.0,-69000000.0,11000000.0,-8000000.0,19000000.0,19000000.0,19000000.0,-1000000.0,24000000.0,0.002,1227000000.0,386000000.0,1140000000,0.0,-0.821,198.262,152.68,1335000000,0.0,38.17,0.427,0.427,340000000,-5006000000,8812000000.0,8812000000.0,263000000.0,0.003,-0.004,0.057,0.044,30000000.0,900000000.0,1.0,98689315,98600000,98600000.0,89.371,5893000000,129000000,21000000.0,0,59.767,705000000
14,NAV,ART,2017-09-30,2017-12-19,2017-10-31,2021-06-08,-2211000000,6135000000,5890250000.0,4160000000,1975000000,1.455,-49.226,-204000000.0,840000000,840000000,7037000000.0,55000000.0,1.141,-2.339,5058000000,1169000000,3889000000,5058000000,0,223000000.0,0,0.0,0.0,391000000.0,614000000.0,0.072,614000000.0,391000000.0,40000000.0,0.32,0.32,0.32,-4578000000,-4991750000.0,-4578000000,8677579882,22.0,14.133,-95000000.0,-1.022,1.0,1533000000.0,0.179,78000000,351000000.0,6630000000,6775000000.0,857000000,2211000000,1935000000,276000000,10709000000,3645000000,7064000000,4459579882,-98000000.0,8000000.0,257000000.0,110000000.0,0.0,338000000.0,-542000000.0,-346000000.0,109000000.0,-3000000.0,30000000.0,30000000.0,30000000.0,-1000000.0,25000000.0,0.004,1145000000.0,388000000.0,1292000000,0.0,-0.974,148.653,141.562,1326000000,0.0,45.3,0.52,0.492,404000000,-4933000000,8570000000.0,8570000000.0,251000000.0,0.005,-0.006,0.058,0.046,28000000.0,878000000.0,1.0,98445472,93000000,93500000.0,92.151,6057000000,129000000,10000000.0,0,65.129,515000000
15,NAV,ART,2017-06-30,2017-09-06,2017-07-31,2021-06-08,-2412000000,6080000000,5769750000.0,4082000000,1998000000,1.393,-50.102,-224000000.0,1048000000,1048000000,6693000000.0,-113000000.0,1.231,-2.234,5220000000,965000000,4255000000,5220000000,0,230000000.0,0,0.0,0.0,222000000.0,452000000.0,0.056,452000000.0,222000000.0,-121000000.0,-1.66,-1.66,-1.66,-4925000000,-5171750000.0,-4925000000,7735067058,35.0,17.113,-111000000.0,-1.129,1.0,1342000000.0,0.167,82000000,343000000.0,6855000000,6704250000.0,979000000,1905000000,1619000000,286000000,11003000000,3315000000,7688000000,3563067058,364000000.0,8000000.0,249000000.0,113000000.0,0.0,332000000.0,-94000000.0,122000000.0,113000000.0,13000000.0,-139000000.0,-139000000.0,-139000000.0,-1000000.0,26000000.0,-0.017,1134000000.0,208000000.0,1213000000,0.0,-0.723,-25.634,-21.861,1333000000,0.0,36.29,0.443,0.444,329000000,-5068000000,8035000000.0,8035000000.0,255000000.0,-0.024,0.027,0.033,0.028,26000000.0,852000000.0,1.0,98183165,98300000,98600000.0,81.74,5998000000,141000000,18000000.0,0,61.017,767000000
16,NAV,ART,2017-03-31,2017-06-07,2017-04-30,2021-06-08,-2579000000,5952000000,5679500000.0,3947000000,2005000000,1.392,-54.995,-199000000.0,931000000,931000000,6647000000.0,-183000000.0,1.264,-2.159,5065000000,744000000,4321000000,5065000000,0,226000000.0,0,0.0,0.0,158000000.0,384000000.0,0.049,384000000.0,158000000.0,-178000000.0,-2.46,-2.46,-2.46,-5131000000,-5224750000.0,-5131000000,7043118695,45.0,18.341,65000000.0,0.697,1.0,1261000000.0,0.159,84000000,336000000.0,6880000000,6597750000.0,946000000,1924000000,1637000000,287000000,11079000000,3122000000,7957000000,2909118695,182000000.0,1000000.0,248000000.0,-153000000.0,0.0,62000000.0,-172000000.0,26000000.0,264000000.0,28000000.0,-210000000.0,-210000000.0,-210000000.0,0.0,27000000.0,-0.027,1123000000.0,138000000.0,1240000000,0.0,-0.567,-13.853,-12.049,1324000000,0.0,29.64,0.368,0.35,317000000,-5105000000,7908000000.0,7908000000.0,256000000.0,-0.037,0.04,0.024,0.02,21000000.0,816000000.0,1.0,98148404,93300000,93300000.0,84.759,5868000000,161000000,32000000.0,0,62.894,825000000
17,NAV,ART,2016-12-31,2017-03-07,2017-01-31,2021-06-08,-2617000000,5394000000,5738500000.0,3449000000,1945000000,1.396,-65.196,-228000000.0,670000000,670000000,6716000000.0,-95000000.0,1.247,-2.011,4865000000,589000000,4276000000,4865000000,0,226000000.0,0,0.0,0.0,244000000.0,470000000.0,0.059,470000000.0,244000000.0,-84000000.0,-1.55,-1.55,-1.55,-5333000000,-5224000000.0,-5333000000,6633023933,27.0,14.113,163000000.0,1.993,1.0,1293000000.0,0.161,88000000,328000000.0,6735000000,6621250000.0,1022000000,1614000000,1359000000,255000000,10723000000,2766000000,7957000000,2438023933,-6000000.0,38000000.0,3000000.0,-202000000.0,0.0,-231000000.0,-215000000.0,-25000000.0,391000000.0,49000000.0,-126000000.0,-126000000.0,-126000000.0,0.0,31000000.0,-0.016,1090000000.0,203000000.0,1046000000,0.0,-0.457,-19.349,-16.032,1290000000,0.0,24.85,0.304,0.254,279000000,-5025000000,8009000000.0,8009000000.0,252000000.0,-0.022,0.024,0.037,0.03,22000000.0,797000000.0,1.0,98109615,81800000,81800000.0,97.91,5306000000,162000000,42000000.0,0,64.866,683000000
18,NAV,ART,2016-09-30,2016-12-20,2016-10-31,2021-06-08,-2640000000,5653000000,5885000000.0,3759000000,1894000000,1.378,-64.847,-224000000.0,916000000,916000000,6812000000.0,-65000000.0,1.174,-2.066,4904000000,907000000,3997000000,4904000000,0,225000000.0,0,0.0,0.0,263000000.0,488000000.0,0.06,488000000.0,263000000.0,-64000000.0,-1.19,-1.19,-1.19,-5298000000,-5190000000.0,-5298000000,6442346966,24.0,13.202,43000000.0,0.526,1.0,1299000000.0,0.16,91000000,327000000.0,6347000000,6560500000.0,944000000,1776000000,1503000000,273000000,10946000000,3203000000,7743000000,2454346966,-108000000.0,39000000.0,0.0,-320000000.0,0.0,-353000000.0,-67000000.0,118000000.0,267000000.0,45000000.0,-97000000.0,-97000000.0,-97000000.0,0.0,32000000.0,-0.012,1086000000.0,213000000.0,1113000000,0.0,-0.463,-25.303,-25.261,1241000000,0.0,30.06,0.303,0.303,292000000,-4963000000,8111000000.0,8111000000.0,247000000.0,-0.016,0.019,0.04,0.032,16000000.0,802000000.0,1.0,81648269,81700000,81700000.0,99.278,5562000000,161000000,33000000.0,0,68.078,556000000
19,NAV,ART,2016-06-30,2016-09-08,2016-07-31,2021-06-08,-2512000000,5719000000,6144750000.0,3772000000,1947000000,1.389,-62.876,-215000000.0,728000000,728000000,7161000000.0,-79000000.0,1.068,-2.113,5065000000,1389000000,3676000000,5065000000,0,224000000.0,0,0.0,0.0,252000000.0,476000000.0,0.056,476000000.0,252000000.0,-74000000.0,-1.38,-1.38,-1.38,-5137000000,-5157250000.0,-5137000000,5897513426,23.0,12.39,-169000000.0,-2.069,1.0,1375000000.0,0.161,94000000,326000000.0,6429000000,6742250000.0,1084000000,1813000000,1550000000,263000000,10853000000,3533000000,7320000000,1560513426,0.0,36000000.0,0.0,-181000000.0,0.0,-205000000.0,144000000.0,323000000.0,46000000.0,15000000.0,-113000000.0,-113000000.0,-113000000.0,0.0,34000000.0,-0.013,1148000000.0,227000000.0,1003000000,0.0,-0.304,-13.81,-13.855,1257000000,0.0,19.12,0.183,0.183,317000000,-4929000000,8536000000.0,8536000000.0,243000000.0,-0.018,0.022,0.037,0.03,11000000.0,808000000.0,1.0,81616811,81700000,81700000.0,104.48,5625000000,153000000,39000000.0,0,68.849,239000000
20,NAV,ART,2016-03-31,2016-06-07,2016-04-30,2021-06-08,-2536000000,6188000000,6407250000.0,4130000000,2058000000,1.403,-62.766,-230000000.0,728000000,728000000,7576000000.0,-72000000.0,1.141,-2.205,5225000000,1251000000,3974000000,5225000000,0,239000000.0,0,0.0,0.0,247000000.0,486000000.0,0.054,486000000.0,247000000.0,-70000000.0,-1.3,-1.3,-1.3,-5128000000,-5077250000.0,-5128000000,5683489968,23.0,11.694,-51000000.0,-0.624,1.0,1412000000.0,0.157,91000000,317000000.0,6974000000,6959500000.0,1220000000,2055000000,1780000000,275000000,11309000000,3620000000,7689000000,1186489968,6000000.0,37000000.0,0.0,59000000.0,0.0,10000000.0,-182000000.0,15000000.0,179000000.0,-1000000.0,-107000000.0,-107000000.0,-107000000.0,0.0,35000000.0,-0.012,1183000000.0,229000000.0,1146000000,0.0,-0.231,-11.089,-11.185,1281000000,0.0,14.54,0.132,0.132,383000000,-4895000000,8988000000.0,8988000000.0,252000000.0,-0.017,0.021,0.035,0.027,9000000.0,831000000.0,1.0,81601786,81700000,82000000.0,110.012,6097000000,164000000,37000000.0,0,74.627,510000000
21,NAV,ART,2015-12-31,2016-03-08,2016-01-31,2021-06-08,-2601000000,5980000000,6591500000.0,3939000000,2041000000,1.439,-63.611,-214000000.0,697000000,697000000,8091000000.0,-142000000.0,1.037,-2.149,5099000000,1492000000,3607000000,5099000000,0,260000000.0,0,0.0,0.0,175000000.0,435000000.0,0.046,435000000.0,175000000.0,-136000000.0,-2.13,-2.13,-2.13,-5197000000,-4989000000.0,-5197000000,5246487902,30.0,12.061,-59000000.0,-0.722,1.0,1393000000.0,0.147,90000000,311000000.0,6492000000,7044750000.0,1269000000,1845000000,1583000000,262000000,11170000000,3800000000,7370000000,844487902,-41000000.0,7000000.0,1000000.0,79000000.0,0.0,32000000.0,-200000000.0,11000000.0,155000000.0,-28000000.0,-175000000.0,-175000000.0,-175000000.0,0.0,33000000.0,-0.018,1212000000.0,181000000.0,1031000000,0.0,-0.162,-4.826,-4.859,1304000000,0.0,10.35,0.089,0.089,352000000,-4899000000,9484000000.0,9484000000.0,267000000.0,-0.027,0.035,0.025,0.018,9000000.0,872000000.0,1.0,81593034,81700000,81700000.0,116.083,5890000000,157000000,39000000.0,0,72.093,139000000
22,NAV,ART,2015-09-30,2015-12-17,2015-10-31,2021-06-08,-2601000000,6692000000,6792750000.0,4622000000,2070000000,1.493,-63.321,-176000000.0,1033000000,1033000000,8670000000.0,-151000000.0,1.22,-2.294,5298000000,1110000000,4188000000,5298000000,0,281000000.0,0,0.0,0.0,174000000.0,455000000.0,0.045,455000000.0,174000000.0,-133000000.0,-2.25,-2.25,-2.25,-5167000000,-4869750000.0,-5167000000,4915728374,28.0,10.804,-130000000.0,-1.593,1.0,1470000000.0,0.145,95000000,307000000.0,7074000000,7255000000.0,1135000000,2220000000,1938000000,282000000,11852000000,3788000000,8064000000,650728374,415000000.0,8000000.0,1000000.0,148000000.0,0.0,98000000.0,316000000.0,488000000.0,46000000.0,-45000000.0,-184000000.0,-184000000.0,-184000000.0,0.0,33000000.0,-0.018,1302000000.0,168000000.0,1301000000,0.0,-0.126,-3.537,-3.547,1345000000,0.0,7.98,0.064,0.064,442000000,-4866000000,10140000000.0,10140000000.0,288000000.0,-0.027,0.038,0.024,0.017,10000000.0,908000000.0,1.0,81544909,81600000,81600000.0,124.265,6597000000,164000000,51000000.0,14000000,80.846,834000000
23,NAV,ART,2015-06-30,2015-09-02,2015-07-31,2021-06-08,-2298000000,6769000000,6980500000.0,4622000000,2147000000,1.527,-59.032,-178000000.0,904000000,904000000,9212000000.0,-173000000.0,1.233,-2.404,5287000000,1090000000,4197000000,5287000000,0,297000000.0,0,0.0,0.0,139000000.0,436000000.0,0.041,436000000.0,139000000.0,-168000000.0,-2.51,-2.51,-2.51,-4817000000,-4741500000.0,-4817000000,5737083842,41.0,13.158,-184000000.0,-2.255,1.0,1448000000.0,0.136,105000000,307000000.0,7298000000,7397000000.0,1199000000,2314000000,2030000000,284000000,11578000000,3749000000,7829000000,1354083842,0.0,15000000.0,2000000.0,193000000.0,0.0,131000000.0,-84000000.0,83000000.0,-6000000.0,-41000000.0,-206000000.0,-206000000.0,-206000000.0,0.0,33000000.0,-0.019,1294000000.0,154000000.0,1326000000,0.0,-0.281,-6.573,-6.618,1375000000,0.0,16.61,0.127,0.127,444000000,-4816000000,10660000000.0,10660000000.0,304000000.0,-0.03,0.043,0.019,0.013,12000000.0,966000000.0,1.0,81522206,81600000,81600000.0,130.637,6664000000,163000000,38000000.0,14000000,81.667,873000000
24,NAV,ART,2015-03-31,2015-06-04,2015-04-30,2021-06-08,-2284000000,6925000000,7213750000.0,4776000000,2149000000,1.52,-58.517,-156000000.0,696000000,696000000,9457000000.0,-144000000.0,1.192,-2.444,5204000000,1211000000,3993000000,5204000000,0,300000000.0,0,0.0,0.0,170000000.0,470000000.0,0.043,470000000.0,170000000.0,-140000000.0,-2.19,-2.19,-2.19,-4775000000,-4557750000.0,-4775000000,6530850055,38.0,13.895,-403000000.0,-4.939,1.0,1509000000.0,0.138,112000000,310000000.0,7315000000,7594250000.0,1245000000,2495000000,2202000000,293000000,11669000000,4006000000,7663000000,2022850055,-11000000.0,16000000.0,2000000.0,201000000.0,0.0,163000000.0,115000000.0,255000000.0,-247000000.0,-42000000.0,-180000000.0,-180000000.0,-180000000.0,0.0,36000000.0,-0.016,1313000000.0,196000000.0,1450000000,0.0,-0.424,-11.238,-11.333,1407000000,0.0,24.82,0.184,0.185,520000000,-4788000000,10966000000.0,10966000000.0,313000000.0,-0.025,0.039,0.022,0.016,12000000.0,987000000.0,1.0,81500808,81600000,81600000.0,134.387,6813000000,172000000,40000000.0,14000000,83.493,770000000
25,NAV,ART,2014-12-31,2015-03-03,2015-01-31,2021-06-08,-2290000000,6785000000,7414250000.0,4523000000,2262000000,1.486,-57.914,-200000000.0,735000000,735000000,9565000000.0,-373000000.0,1.229,-2.431,5083000000,1041000000,4042000000,5083000000,0,325000000.0,0,0.0,0.0,-59000000.0,266000000.0,0.024,266000000.0,-59000000.0,-368000000.0,-5.06,-5.06,-5.06,-4720000000,-4391000000.0,-4720000000,6724952337,-114.0,25.282,-654000000.0,-8.025,1.0,1454000000.0,0.132,121000000,309000000.0,7333000000,7747750000.0,1352000000,2153000000,1835000000,318000000,11473000000,3679000000,7794000000,2376952337,71000000.0,16000000.0,3000000.0,315000000.0,0.0,276000000.0,268000000.0,452000000.0,-454000000.0,-19000000.0,-413000000.0,-413000000.0,-413000000.0,0.0,40000000.0,-0.037,1486000000.0,-32000000.0,1330000000,0.0,-0.504,-5.755,-5.765,1474000000,0.0,29.17,0.216,0.216,512000000,-4724000000,11019000000.0,11019000000.0,320000000.0,-0.056,0.094,-0.008,-0.005,13000000.0,981000000.0,1.0,81486196,81500000,81500000.0,135.202,6664000000,173000000,45000000.0,14000000,81.767,844000000
26,NAV,ART,2014-09-30,2014-12-16,2014-10-31,2021-06-08,-2263000000,7443000000,7631500000.0,5013000000,2430000000,1.416,-57.174,-234000000.0,668000000,668000000,9534000000.0,-579000000.0,1.185,-2.592,5226000000,1295000000,3931000000,5226000000,0,332000000.0,0,0.0,0.0,-279000000.0,53000000.0,0.005,53000000.0,-279000000.0,-593000000.0,-7.6,-7.6,-7.6,-4654000000,-4189000000.0,-4654000000,6927168876,-25.0,130.701,-570000000.0,-7.002,1.0,1272000000.0,0.118,128000000,314000000.0,7642000000,7744750000.0,1319000000,2716000000,2363000000,353000000,12061000000,4231000000,7830000000,2369168876,-258000000.0,14000000.0,19000000.0,210000000.0,0.0,179000000.0,-75000000.0,145000000.0,-336000000.0,-26000000.0,-619000000.0,-619000000.0,-619000000.0,0.0,40000000.0,-0.057,1523000000.0,-251000000.0,1564000000,0.0,-0.509,-3.827,-3.829,1562000000,0.0,29.1,0.219,0.219,578000000,-4682000000,10806000000.0,10806000000.0,331000000.0,-0.081,0.148,-0.036,-0.026,16000000.0,979000000.0,1.0,81414738,81400000,81400000.0,132.752,7315000000,200000000,26000000.0,14000000,89.865,782000000
27,NAV,ART,2014-06-30,2014-09-03,2014-07-31,2021-06-08,-1758000000,7702000000,7849500000.0,5143000000,2559000000,1.344,-50.147,-283000000.0,668000000,668000000,9464000000.0,-651000000.0,1.28,-2.878,5206000000,1020000000,4186000000,5206000000,0,343000000.0,0,0.0,0.0,-585000000.0,-242000000.0,-0.023,-242000000.0,-585000000.0,-900000000.0,-8.64,-8.64,-8.64,-4082000000,-3937750000.0,-4082000000,7663421470,-13.0,-31.667,-561000000.0,-6.892,1.0,1085000000.0,0.103,136000000,315000000.0,8087000000,7828000000.0,1462000000,2699000000,2325000000,374000000,11748000000,4017000000,7731000000,3125421470,122000000.0,39000000.0,21000000.0,544000000.0,0.0,513000000.0,-105000000.0,139000000.0,-278000000.0,-8000000.0,-701000000.0,-701000000.0,-701000000.0,0.0,50000000.0,-0.066,1632000000.0,-547000000.0,1572000000,0.0,-0.766,-4.459,-4.446,1657000000,0.0,38.41,0.296,0.296,594000000,-4610000000,10549000000.0,10549000000.0,349000000.0,-0.089,0.178,-0.075,-0.055,17000000.0,1027000000.0,1.0,81369994,81400000,81400000.0,129.595,7566000000,192000000,-199000000.0,14000000,92.948,1126000000
28,NAV,ART,2014-03-31,2014-06-05,2014-04-30,2021-06-08,-1788000000,7727000000,7984250000.0,5122000000,2605000000,1.323,-50.467,-329000000.0,706000000,706000000,9594000000.0,-896000000.0,1.264,-2.872,5102000000,956000000,4146000000,5102000000,0,360000000.0,0,0.0,0.0,-830000000.0,-470000000.0,-0.044,-470000000.0,-830000000.0,-1143000000.0,-11.68,-11.68,-11.68,-4108000000,-3910250000.0,-4108000000,7357172688,-9.0,-15.654,-512000000.0,-6.29,1.0,972000000.0,0.092,142000000,313000000.0,7929000000,7816500000.0,1384000000,2627000000,2247000000,380000000,11799000000,4052000000,7747000000,2961172688,89000000.0,33000000.0,22000000.0,414000000.0,0.0,384000000.0,-92000000.0,204000000.0,-183000000.0,-20000000.0,-946000000.0,-946000000.0,-946000000.0,0.0,50000000.0,-0.09,1754000000.0,-782000000.0,1569000000,0.0,-0.721,-3.13,-3.117,1693000000,0.0,36.41,0.28,0.281,658000000,-4608000000,10566000000.0,10566000000.0,368000000.0,-0.118,0.242,-0.106,-0.079,22000000.0,1094000000.0,1.0,81328555,81400000,81400000.0,129.803,7585000000,192000000,-197000000.0,14000000,93.182,1070000000
29,NAV,ART,2013-12-31,2014-03-05,2014-01-31,2021-06-08,-1861000000,7654000000,8233250000.0,4898000000,2756000000,1.257,-48.177,-533000000.0,664000000,664000000,9489000000.0,-975000000.0,1.152,-2.948,4866000000,1259000000,3607000000,4866000000,0,403000000.0,0,0.0,0.0,-892000000.0,-489000000.0,-0.047,-489000000.0,-892000000.0,-1221000000.0,-12.68,-12.68,-12.68,-3912000000,-3802500000.0,-3912000000,7142217524,-8.0,-14.606,-592000000.0,-7.291,1.0,857000000.0,0.083,282000000,329000000.0,7321000000,7946000000.0,1382000000,2469000000,2091000000,378000000,11531000000,4253000000,7278000000,2940217524,52000000.0,56000000.0,27000000.0,513000000.0,0.0,490000000.0,-349000000.0,128000000.0,-59000000.0,-30000000.0,-1023000000.0,-1023000000.0,-1023000000.0,0.0,48000000.0,-0.099,1682000000.0,-825000000.0,1430000000,0.0,-0.752,-2.874,-2.853,1700000000,0.0,36.17,0.284,0.284,581000000,-4311000000,10346000000.0,10346000000.0,385000000.0,-0.124,0.269,-0.112,-0.086,24000000.0,1169000000.0,1.0,81288845,81200000,81200000.0,127.414,7372000000,229000000,-198000000.0,25000000,90.788,645000000
30,NAV,ART,2013-09-30,2013-12-20,2013-10-31,2021-06-08,-1824000000,8315000000,8452500000.0,5459000000,2856000000,1.275,-45.386,-574000000.0,846000000,846000000,9761000000.0,-844000000.0,1.281,-3.266,5089000000,1163000000,3926000000,5089000000,0,417000000.0,0,0.0,0.0,-748000000.0,-331000000.0,-0.031,-331000000.0,-748000000.0,-1069000000.0,-11.17,-11.17,-11.17,-3649000000,-3664250000.0,-3649000000,7259511791,-10.0,-21.932,-474000000.0,-5.896,1.0,1014000000.0,0.094,322000000,321000000.0,7975000000,8128250000.0,1210000000,2842000000,2427000000,415000000,11916000000,4261000000,7655000000,3016511791,-332000000.0,58000000.0,26000000.0,410000000.0,0.0,393000000.0,-810000000.0,-294000000.0,100000000.0,-15000000.0,-898000000.0,-898000000.0,-898000000.0,0.0,54000000.0,-0.083,1678000000.0,-664000000.0,1502000000,0.0,-0.827,-3.359,-3.327,1741000000,0.0,37.16,0.28,0.277,766000000,-4063000000,10775000000.0,10775000000.0,406000000.0,-0.106,0.245,-0.092,-0.069,24000000.0,1215000000.0,1.0,81176313,80400000,80400000.0,134.017,7993000000,231000000,-171000000.0,33000000,99.415,1198000000
31,NAV,ART,2013-06-30,2013-09-04,2013-07-31,2021-06-08,-2279000000,8241000000,8649250000.0,5264000000,2977000000,1.307,-49.28,-530000000.0,595000000,595000000,10348000000.0,-3466000000.0,1.338,-3.065,4728000000,820000000,3908000000,4728000000,0,407000000.0,0,0.0,0.0,-953000000.0,-546000000.0,-0.048,-546000000.0,-953000000.0,-1270000000.0,-49.31,-49.31,-49.31,-3972000000,-3579500000.0,-3972000000,6792595654,-7.0,-12.441,-232000000.0,-2.878,1.0,955000000.0,0.084,398000000,317000000.0,8041000000,8091000000.0,1336000000,2759000000,2298000000,461000000,12174000000,3935000000,8239000000,2659595654,-122000000.0,1000000.0,215000000.0,386000000.0,0.0,558000000.0,-969000000.0,-440000000.0,298000000.0,-9000000.0,-3513000000.0,-3513000000.0,-3513000000.0,0.0,47000000.0,-0.311,1819000000.0,-864000000.0,1546000000,0.0,-0.67,-0.757,-0.671,1714000000,0.0,33.07,0.235,0.236,807000000,-3909000000,11303000000.0,11303000000.0,441000000.0,-0.406,0.981,-0.118,-0.084,22000000.0,1281000000.0,1.0,80423213,80600000,80600000.0,140.236,7843000000,249000000,2243000000.0,38000000,97.308,1329000000
32,NAV,ART,2013-03-31,2013-06-10,2013-04-30,2021-06-08,-2227000000,8723000000,9374750000.0,5569000000,3154000000,1.255,-45.734,-537000000.0,622000000,622000000,10677000000.0,-3133000000.0,1.39,-3.362,4785000000,779000000,4006000000,4785000000,0,405000000.0,0,0.0,0.0,-851000000.0,-446000000.0,-0.038,-446000000.0,-851000000.0,-1151000000.0,-45.03,-45.03,-45.03,-3677000000,-2688250000.0,-3677000000,6921487220,-8.0,-15.519,-19000000.0,-0.236,1.0,1084000000.0,0.092,432000000,300000000.0,8447000000,8517000000.0,1476000000,2877000000,2397000000,480000000,12361000000,4007000000,8354000000,2758487220,105000000.0,3000000.0,214000000.0,318000000.0,0.0,489000000.0,-903000000.0,-369000000.0,518000000.0,1000000.0,-3182000000.0,-3182000000.0,-3182000000.0,0.0,49000000.0,-0.271,1841000000.0,-757000000.0,1621000000,0.0,-0.75,-0.867,-0.762,1776000000,0.0,34.31,0.235,0.235,875000000,-3662000000,11761000000.0,11761000000.0,479000000.0,-0.339,1.184,-0.1,-0.072,19000000.0,1301000000.0,1.0,80398928,80400000,80400000.0,146.281,8291000000,256000000,2031000000.0,41000000,103.122,1562000000
33,NAV,ART,2012-12-31,2013-03-07,2013-01-31,2021-06-08,-2269000000,8531000000,10040000000.0,5416000000,3115000000,1.248,-41.883,-327000000.0,599000000,599000000,11258000000.0,-2930000000.0,1.389,-3.525,4466000000,936000000,3530000000,4466000000,0,345000000.0,0,0.0,0.0,-832000000.0,-487000000.0,-0.039,-487000000.0,-832000000.0,-1104000000.0,-42.88,-42.88,-42.88,-3359000000,-1882750000.0,-3359000000,6421862056,-8.0,-13.187,230000000.0,2.868,1.0,1275000000.0,0.102,449000000,272000000.0,8050000000,8942250000.0,1520000000,2824000000,2315000000,509000000,11840000000,3899000000,7941000000,2554862056,9000000.0,-41000000.0,203000000.0,-44000000.0,0.0,112000000.0,-650000000.0,-280000000.0,557000000.0,-10000000.0,-2980000000.0,-2980000000.0,-2980000000.0,0.0,50000000.0,-0.238,2025000000.0,-750000000.0,1547000000,0.0,-0.761,-0.857,-0.744,1643000000,0.0,31.89,0.204,0.204,841000000,-3288000000,12533000000.0,12533000000.0,513000000.0,-0.297,1.583,-0.093,-0.066,12000000.0,1367000000.0,1.0,80114834,80200000,80200000.0,156.272,8082000000,264000000,1876000000.0,39000000,100.773,1517000000
34,NAV,ART,2012-09-30,2012-12-19,2012-10-31,2021-06-08,-2325000000,9102000000,10783000000.0,5837000000,3265000000,1.201,-47.902,-352000000.0,1248000000,1248000000,11670000000.0,-2962000000.0,1.341,-3.735,4776000000,1205000000,3571000000,4776000000,0,323000000.0,0,0.0,0.0,-971000000.0,-648000000.0,-0.05,-648000000.0,-971000000.0,-1230000000.0,-43.56,-43.56,-43.56,-3310000000,-1102000000.0,-3310000000,5202285109,-5.0,-8.028,258000000.0,3.734,1.0,1278000000.0,0.099,451000000,259000000.0,7826000000,9589250000.0,1537000000,2677000000,2129000000,548000000,12362000000,4353000000,8009000000,1674285109,548000000.0,-53000000.0,119000000.0,-123000000.0,0.0,-63000000.0,-2000000.0,417000000.0,610000000.0,3000000.0,-3010000000.0,-3010000000.0,-3010000000.0,0.0,48000000.0,-0.232,2172000000.0,-894000000.0,1686000000,0.0,-0.506,-0.556,-0.48,1660000000,0.0,20.92,0.129,0.112,843000000,-3165000000,12948000000.0,12948000000.0,539000000.0,-0.279,2.731,-0.101,-0.075,19000000.0,1444000000.0,1.0,80032749,69100000,69100000.0,187.381,8651000000,263000000,1780000000.0,42000000,125.195,1484000000
35,NAV,ART,2012-06-30,2012-09-06,2012-07-31,2021-06-08,-2020000000,11143000000,11580250000.0,6115000000,5028000000,1.208,-5.924,-456000000.0,826000000,826000000,11950000000.0,69000000.0,1.35,-28.258,4417000000,1416000000,3001000000,4417000000,0,329000000.0,0,0.0,0.0,-154000000.0,175000000.0,0.013,175000000.0,-154000000.0,-396000000.0,0.06,0.13,0.06,-407000000,-281250000.0,-407000000,5235077179,-34.0,29.915,231000000.0,3.362,1.0,2042000000.0,0.146,459000000,242000000.0,9745000000,10366500000.0,1877000000,2540000000,1971000000,569000000,11501000000,4530000000,6971000000,1644077179,103000000.0,-36000000.0,-183000000.0,-150000000.0,0.0,-390000000.0,-177000000.0,340000000.0,687000000.0,-17000000.0,14000000.0,14000000.0,14000000.0,0.0,55000000.0,0.001,2129000000.0,-87000000.0,1816000000,0.0,-4.04,117.434,399.5,1646000000,0.0,23.97,0.118,0.118,932000000,-396000000,13992000000.0,13992000000.0,533000000.0,0.001,-0.05,-0.015,-0.011,19000000.0,1496000000.0,1.0,68588952,68700000,68900000.0,203.668,10684000000,2406000000,-410000000.0,56000000,155.517,1585000000
36,NAV,ART,2012-03-31,2012-06-07,2012-04-30,2021-06-08,-1982000000,11384000000,11589000000.0,6378000000,5006000000,1.226,-6.623,-481000000.0,545000000,545000000,12004000000.0,1382000000.0,1.351,-25.914,4502000000,1509000000,2993000000,4502000000,0,327000000.0,0,0.0,0.0,-102000000.0,225000000.0,0.016,225000000.0,-102000000.0,-347000000.0,17.94,17.15,17.94,-455000000,-1750000.0,-455000000,5609666940,-55.0,24.932,222000000.0,3.231,1.0,2206000000.0,0.155,473000000,245000000.0,10148000000,10625750000.0,1948000000,3035000000,2403000000,632000000,11791000000,4720000000,7071000000,1652666940,10000000.0,-54000000.0,-186000000.0,-308000000.0,0.0,-552000000.0,-124000000.0,444000000.0,703000000.0,-17000000.0,1330000000.0,1330000000.0,1330000000.0,0.0,52000000.0,0.094,2250000000.0,-44000000.0,1927000000,0.0,-3.632,1.243,1.344,1690000000,0.0,24.11,0.116,0.117,959000000,-480000000,14210000000.0,14210000000.0,537000000.0,0.115,-760.0,-0.01,-0.007,19000000.0,1502000000.0,1.0,68546949,68700000,68700000.0,206.841,10911000000,2238000000,-1677000000.0,59000000,158.821,1658000000
37,NAV,ART,2011-12-31,2012-03-08,2012-01-31,2021-06-08,-1934000000,11503000000,11234500000.0,6459000000,5044000000,1.27,-3.376,-499000000.0,643000000,643000000,11761000000.0,1632000000.0,1.53,-49.547,4538000000,1097000000,3441000000,4538000000,0,326000000.0,0,0.0,0.0,282000000.0,608000000.0,0.043,608000000.0,282000000.0,37000000.0,21.45,20.58,21.45,-236000000,-91000000.0,-236000000,6585969407,23.0,10.832,495000000.0,7.082,1.0,2506000000.0,0.176,539000000,245000000.0,10638000000,10414250000.0,1916000000,3116000000,2394000000,722000000,11693000000,4221000000,7472000000,2690969407,89000000.0,-35000000.0,-169000000.0,-93000000.0,0.0,-321000000.0,-585000000.0,-13000000.0,994000000.0,1000000.0,1576000000.0,1576000000.0,1576000000.0,0.0,56000000.0,0.11,2160000000.0,346000000.0,1861000000,0.0,-11.402,1.707,1.831,1671000000,0.0,39.27,0.189,0.192,978000000,-308000000,14267000000.0,14267000000.0,540000000.0,0.14,-17.319,0.027,0.02,28000000.0,1478000000.0,1.0,68524813,69900000,69900000.0,204.106,10964000000,2114000000,-1539000000.0,66000000,156.853,2238000000
38,NAV,ART,2011-09-30,2011-12-20,2011-10-31,2021-06-08,-1944000000,12291000000,10678500000.0,7235000000,5056000000,1.307,-0.371,-468000000.0,866000000,866000000,11262000000.0,1778000000.0,1.508,-454.185,4861000000,1379000000,3482000000,4861000000,0,328000000.0,0,0.0,0.0,512000000.0,840000000.0,0.06,840000000.0,512000000.0,265000000.0,23.66,22.64,23.66,-27000000,-252250000.0,-27000000,6725956637,13.0,8.007,412000000.0,5.659,1.0,2696000000.0,0.193,553000000,247000000.0,10935000000,10070500000.0,1714000000,3691000000,2916000000,775000000,12263000000,4798000000,7465000000,2730956637,-46000000.0,-50000000.0,-85000000.0,38000000.0,0.0,-100000000.0,-823000000.0,-279000000.0,880000000.0,-3000000.0,1723000000.0,1723000000.0,1723000000.0,0.0,55000000.0,0.123,2122000000.0,574000000.0,2122000000,0.0,-101.147,1.585,1.645,1570000000,0.0,38.91,0.196,0.203,1341000000,-155000000,13958000000.0,13958000000.0,532000000.0,0.161,-6.831,0.051,0.037,36000000.0,1434000000.0,1.0,70186498,72800000,76100000.0,191.731,11738000000,2057000000,-1458000000.0,59000000,161.236,2437000000
39,NAV,ART,2011-06-30,2011-09-07,2011-07-31,2021-06-08,-1066000000,11178000000,10038250000.0,6602000000,4576000000,1.296,9.7,-377000000.0,603000000,603000000,10595000000.0,1548000000.0,1.74,14.657,4560000000,754000000,3806000000,4560000000,0,325000000.0,0,0.0,0.0,306000000.0,631000000.0,0.049,631000000.0,306000000.0,55000000.0,20.58,19.63,20.58,711000000,-490750000.0,711000000,6795989725,22.0,10.77,605000000.0,8.254,1.0,2412000000.0,0.185,559000000,251000000.0,10782000000,9753750000.0,1731000000,3526000000,2616000000,910000000,10421000000,3794000000,6627000000,2838989725,-71000000.0,-54000000.0,27000000.0,-462000000.0,0.0,-490000000.0,-573000000.0,-124000000.0,982000000.0,10000000.0,1507000000.0,1507000000.0,1507000000.0,0.0,41000000.0,0.116,1972000000.0,440000000.0,1921000000,0.0,3.993,1.884,1.901,1492000000,0.0,39.12,0.218,0.22,1136000000,-410000000,13007000000.0,13007000000.0,533000000.0,0.15,-3.071,0.031,0.024,37000000.0,1342000000.0,1.0,72571312,73300000,76800000.0,177.449,10619000000,1572000000,-1452000000.0,72000000,144.87,2808000000
40,NAV,ART,2011-03-31,2011-06-07,2011-04-30,2021-06-08,-1056000000,9966000000,9598250000.0,6200000000,3766000000,1.322,-11.123,-344000000.0,578000000,578000000,10190000000.0,288000000.0,1.415,-13.111,4912000000,1370000000,3542000000,4912000000,0,319000000.0,0,0.0,0.0,521000000.0,840000000.0,0.066,840000000.0,521000000.0,274000000.0,3.37,3.22,3.37,-812000000,-944750000.0,-812000000,8619332052,17.0,10.261,723000000.0,9.904,1.0,2501000000.0,0.197,617000000,247000000.0,9302000000,9384000000.0,1721000000,3772000000,2721000000,1051000000,10646000000,4381000000,6265000000,4285332052,-118000000.0,-56000000.0,49000000.0,-524000000.0,0.0,-531000000.0,-668000000.0,-257000000.0,1067000000.0,14000000.0,244000000.0,244000000.0,244000000.0,0.0,44000000.0,0.019,1841000000.0,660000000.0,1907000000,0.0,-5.278,17.563,17.478,1486000000,0.0,58.9,0.338,0.339,1097000000,-1810000000,12691000000.0,12691000000.0,505000000.0,0.025,-0.258,0.056,0.041,39000000.0,1368000000.0,1.0,72756062,73000000,78600000.0,173.849,9349000000,110000000,30000000.0,94000000,128.068,1819000000
41,NAV,ART,2010-12-31,2011-03-09,2011-01-31,2021-06-08,-1118000000,9279000000,9341750000.0,5457000000,3822000000,1.293,-12.152,-294000000.0,570000000,570000000,9678000000.0,243000000.0,1.579,-11.477,4621000000,748000000,3873000000,4621000000,0,317000000.0,0,0.0,0.0,464000000.0,781000000.0,0.065,781000000.0,464000000.0,215000000.0,2.79,2.71,2.79,-881000000,-1058000000.0,-881000000,8617262154,19.0,11.034,693000000.0,9.559,1.0,2401000000.0,0.199,612000000,249000000.0,9263000000,9167750000.0,1649000000,3298000000,2180000000,1118000000,10111000000,3455000000,6656000000,4566262154,-291000000.0,-87000000.0,48000000.0,-994000000.0,0.0,-1003000000.0,-284000000.0,101000000.0,987000000.0,9000000.0,200000000.0,200000000.0,200000000.0,0.0,43000000.0,0.017,1792000000.0,609000000.0,1627000000,0.0,-5.183,22.831,22.613,1470000000,0.0,63.09,0.378,0.379,934000000,-1884000000,12079000000.0,12079000000.0,484000000.0,0.021,-0.189,0.051,0.038,34000000.0,1386000000.0,1.0,72376956,72500000,72500000.0,166.607,8667000000,157000000,15000000.0,142000000,119.545,2002000000
42,NAV,ART,2010-09-30,2010-12-22,2010-10-31,2021-06-08,-1196000000,9730000000,9303500000.0,5835000000,3895000000,1.305,-13.682,-256000000.0,765000000,765000000,9741000000.0,267000000.0,1.626,-10.86,4878000000,632000000,4246000000,4878000000,0,316000000.0,0,0.0,0.0,499000000.0,815000000.0,0.067,815000000.0,499000000.0,246000000.0,3.11,3.05,3.11,-981000000,-1260500000.0,-981000000,8220871112,16.0,10.087,851000000.0,11.869,1.0,2404000000.0,0.198,586000000,253000000.0,9668000000,8984250000.0,1568000000,3604000000,2356000000,1248000000,10654000000,3589000000,7065000000,4107871112,-627000000.0,-92000000.0,35000000.0,-1278000000.0,0.0,-1300000000.0,-434000000.0,-71000000.0,1107000000.0,0.0,223000000.0,223000000.0,223000000.0,0.0,44000000.0,0.018,1811000000.0,593000000.0,1827000000,0.0,-4.187,18.421,18.383,1442000000,0.0,57.17,0.338,0.338,1031000000,-1878000000,12145000000.0,12145000000.0,464000000.0,0.024,-0.177,0.056,0.041,24000000.0,1406000000.0,1.0,71853614,71700000,73200000.0,169.386,9144000000,146000000,23000000.0,142000000,127.531,2246000000
43,NAV,ART,2010-06-30,2010-09-08,2010-07-31,2021-06-08,-1304000000,9418000000,9377750000.0,5469000000,3949000000,1.286,-15.347,-226000000.0,869000000,869000000,9605000000.0,308000000.0,1.582,-9.464,4795000000,661000000,4134000000,4795000000,0,325000000.0,0,0.0,0.0,526000000.0,851000000.0,0.071,851000000.0,526000000.0,292000000.0,3.76,3.67,3.76,-1105000000,-1468500000.0,-1105000000,6885101467,13.0,8.091,757000000.0,10.514,1.0,2453000000.0,0.203,583000000,234000000.0,9303000000,8812750000.0,1637000000,3388000000,2040000000,1348000000,10458000000,3458000000,7000000000,2959101467,-306000000.0,-120000000.0,25000000.0,-948000000.0,0.0,-993000000.0,-296000000.0,62000000.0,983000000.0,0.0,270000000.0,270000000.0,270000000.0,0.0,38000000.0,0.022,1604000000.0,849000000.0,1680000000,0.0,-2.678,10.96,10.976,1453000000,0.0,41.27,0.245,0.246,986000000,-1888000000,12058000000.0,12058000000.0,432000000.0,0.029,-0.184,0.06,0.044,23000000.0,1429000000.0,1.0,71701029,72000000,74300000.0,167.472,8835000000,152000000,22000000.0,170000000,122.708,2011000000
44,NAV,ART,2010-03-31,2010-06-09,2010-04-30,2021-06-08,-1311000000,8940000000,9369250000.0,4922000000,4018000000,1.211,-17.717,-197000000.0,792000000,792000000,9199000000.0,147000000.0,1.341,-8.014,4556000000,1006000000,3550000000,4556000000,0,335000000.0,0,0.0,0.0,386000000.0,721000000.0,0.064,721000000.0,386000000.0,154000000.0,1.71,1.68,1.71,-1265000000,-1530250000.0,-1265000000,7362988706,19.0,10.212,800000000.0,11.204,1.0,2144000000.0,0.189,596000000,232000000.0,8437000000,8466500000.0,1719000000,3092000000,1595000000,1497000000,10138000000,3671000000,6467000000,3598988706,-290000000.0,-61000000.0,14000000.0,-1103000000.0,0.0,-1147000000.0,-156000000.0,193000000.0,997000000.0,16000000.0,121000000.0,121000000.0,121000000.0,0.0,26000000.0,0.011,1550000000.0,594000000.0,1600000000,0.0,-2.845,29.744,29.398,1439000000,0.0,50.27,0.317,0.316,792000000,-2025000000,11343000000.0,11343000000.0,420000000.0,0.013,-0.079,0.046,0.034,21000000.0,1378000000.0,1.0,71593171,71400000,72800000.0,158.866,8344000000,150000000,33000000.0,170000000,116.863,1251000000
45,NAV,ART,2009-12-31,2010-03-09,2010-01-31,2021-06-08,-1689000000,9126000000,9548500000.0,4968000000,4158000000,1.195,-23.75,-196000000.0,1112000000,1112000000,9305000000.0,116000000.0,1.346,-6.356,4796000000,1023000000,3773000000,4796000000,0,344000000.0,0,0.0,0.0,380000000.0,724000000.0,0.063,724000000.0,380000000.0,155000000.0,1.44,1.42,1.44,-1691000000,-1575750000.0,-1691000000,6818728720,18.0,9.418,823000000.0,11.559,1.0,2103000000.0,0.184,590000000,225000000.0,8529000000,8904500000.0,1734000000,3050000000,1535000000,1515000000,10748000000,3691000000,7057000000,3134728720,113000000.0,-37000000.0,-23000000.0,-600000000.0,0.0,-667000000.0,-249000000.0,75000000.0,1019000000.0,10000000.0,103000000.0,103000000.0,103000000.0,0.0,13000000.0,0.009,1555000000.0,548000000.0,1580000000,0.0,-1.854,30.434,30.729,1442000000,0.0,44.25,0.275,0.276,718000000,-2055000000,11408000000.0,11408000000.0,434000000.0,0.011,-0.065,0.043,0.033,19000000.0,1306000000.0,1.0,70841327,71200000,72100000.0,160.225,8536000000,162000000,52000000.0,169000000,119.888,1277000000
46,NAV,ART,2009-09-30,2009-12-21,2009-10-31,2021-06-08,-1674000000,10027000000,9672750000.0,5748000000,4279000000,1.196,-25.535,-191000000.0,1697000000,1697000000,9366000000.0,320000000.0,1.373,-6.49,5419000000,1136000000,4283000000,5419000000,0,344000000.0,0,0.0,0.0,608000000.0,952000000.0,0.082,952000000.0,608000000.0,357000000.0,4.51,4.46,4.51,-1813000000,-1526250000.0,-1813000000,6233223239,10.0,6.548,1027000000.0,14.465,1.0,2203000000.0,0.19,582000000,251000000.0,8982000000,9253500000.0,1666000000,3266000000,1706000000,1560000000,11766000000,4185000000,7581000000,2511223239,271000000.0,-14000000.0,-29000000.0,-690000000.0,0.0,-744000000.0,-212000000.0,73000000.0,1218000000.0,9000000.0,320000000.0,320000000.0,320000000.0,0.0,0.0,0.028,1639000000.0,564000000.0,1872000000,0.0,-1.385,7.848,7.874,1467000000,0.0,35.51,0.217,0.218,881000000,-2072000000,11569000000.0,11569000000.0,433000000.0,0.033,-0.21,0.066,0.053,16000000.0,1344000000.0,1.0,70718762,71000000,71800000.0,162.944,9445000000,159000000,37000000.0,142000000,133.028,1563000000
47,NAV,ART,2009-06-30,2009-09-09,2009-07-31,2021-06-08,-1157000000,9384000000,9763500000.0,4972000000,4412000000,1.245,-19.096,-168000000.0,1328000000,1328000000,9905000000.0,-66000000.0,1.038,-7.888,5220000000,2063000000,3157000000,5220000000,0,363000000.0,0,0.0,0.0,324000000.0,687000000.0,0.057,687000000.0,324000000.0,6000000.0,-0.99,-0.83,-0.99,-1352000000,-1446750000.0,-1352000000,7118405580,22.0,10.362,1204000000.0,17.006,1.0,2246000000.0,0.185,566000000,318000000.0,7918000000,9704250000.0,1731000000,3156000000,1512000000,1644000000,10665000000,4792000000,5873000000,3226405580,63000000.0,20000000.0,-20000000.0,-1200000000.0,0.0,-1218000000.0,-43000000.0,192000000.0,1372000000.0,-48000000.0,-66000000.0,-66000000.0,-66000000.0,0.0,0.0,-0.005,2246000000.0,0.0,1567000000,0.0,-2.386,-48.885,-46.141,1527000000,0.0,45.68,0.266,0.266,698000000,-2158000000,12151000000.0,12151000000.0,430000000.0,-0.007,0.046,0.033,0.027,26000000.0,1367000000.0,1.0,70630595,70800000,70800000.0,171.624,8818000000,116000000,72000000.0,109000000,124.548,180000000
48,NAV,ART,2009-03-31,2009-06-09,2009-04-30,2021-06-08,-1252000000,9657000000,10306750000.0,5049000000,4608000000,1.319,-20.438,-172000000.0,1369000000,1369000000,10838000000.0,277000000.0,1.547,-7.664,5663000000,579000000,5084000000,5663000000,0,374000000.0,0,0.0,0.0,679000000.0,1053000000.0,0.077,1053000000.0,679000000.0,329000000.0,3.85,3.8,3.85,-1447000000,-1165750000.0,-1447000000,7489868276,11.0,7.113,1145000000.0,16.172,1.0,2758000000.0,0.203,498000000,350000000.0,10189000000,10724000000.0,1646000000,3522000000,1655000000,1867000000,11090000000,3264000000,7826000000,3195868276,43000000.0,-23000000.0,-2000000.0,-1112000000.0,0.0,-1112000000.0,-87000000.0,114000000.0,1317000000.0,-75000000.0,277000000.0,277000000.0,277000000.0,0.0,0.0,0.02,2330000000.0,428000000.0,1525000000,0.0,-2.209,11.537,11.808,1419000000,0.0,45.46,0.235,0.237,827000000,-2146000000,13596000000.0,13596000000.0,437000000.0,0.027,-0.238,0.063,0.05,24000000.0,1444000000.0,1.0,70300666,70800000,71300000.0,192.034,9159000000,121000000,52000000.0,97000000,129.364,1785000000
49,NAV,ART,2008-12-31,2009-03-11,2009-01-31,2021-06-08,-1294000000,9623000000,10796000000.0,5102000000,4521000000,1.365,-20.881,-199000000.0,893000000,893000000,11743000000.0,476000000.0,1.366,-7.429,5429000000,794000000,4635000000,5429000000,0,383000000.0,0,0.0,0.0,912000000.0,1295000000.0,0.088,1295000000.0,912000000.0,517000000.0,6.69,6.52,6.69,-1493000000,-944500000.0,-1493000000,6396639596,7.0,4.939,1285000000.0,17.972,1.0,2994000000.0,0.203,499000000,395000000.0,9925000000,11269250000.0,1813000000,3752000000,1748000000,2004000000,11092000000,3735000000,7357000000,1860639596,-97000000.0,-22000000.0,23000000.0,-1633000000.0,0.0,-1608000000.0,102000000.0,332000000.0,1484000000.0,-75000000.0,476000000.0,476000000.0,476000000.0,0.0,0.0,0.032,2340000000.0,654000000.0,1680000000,0.0,-1.246,3.909,3.949,1447000000,0.0,26.42,0.126,0.128,831000000,-2158000000,14737000000.0,14737000000.0,406000000.0,0.044,-0.504,0.081,0.062,21000000.0,1508000000.0,1.0,70425420,71500000,71600000.0,206.112,9124000000,118000000,41000000.0,0,127.608,1367000000
50,NAV,ART,2008-09-30,2008-12-30,2008-10-31,2021-06-08,-943000000,10390000000,10919000000.0,5535000000,4855000000,1.348,-21.146,-195000000.0,1418000000,1418000000,11930000000.0,134000000.0,1.428,-7.854,6217000000,665000000,5552000000,6217000000,0,393000000.0,0,0.0,0.0,660000000.0,1053000000.0,0.072,1053000000.0,660000000.0,191000000.0,1.89,1.82,1.89,-1495000000,-1114500000.0,-1495000000,6212180503,9.0,5.9,925000000.0,13.083,1.0,2794000000.0,0.19,529000000,469000000.0,10785000000,11644000000.0,1628000000,4949000000,2814000000,2135000000,11742000000,3875000000,7867000000,1413180503,84000000.0,3000000.0,27000000.0,-705000000.0,0.0,-676000000.0,-333000000.0,-139000000.0,1120000000.0,-27000000.0,134000000.0,134000000.0,134000000.0,0.0,0.0,0.009,2205000000.0,589000000.0,2027000000,0.0,-0.945,10.546,10.497,1501000000,0.0,19.84,0.096,0.095,0,-2392000000,14724000000.0,14724000000.0,380000000.0,0.012,-0.12,0.057,0.045,15000000.0,1453000000.0,1.0,71228856,70700000,73200000.0,208.26,9861000000,116000000,57000000.0,0,139.477,1660000000
51,NAV,ART,2008-06-30,2008-09-03,2008-07-31,2021-06-08,-105000000,11557000000,,5578000000,5979000000,,-3.22,,1365000000,1365000000,,,1.368,-51.689,6533000000,803000000,5730000000,6533000000,0,,0,0.0,0.0,,,,,,,,,,-228000000,,-228000000,9015000534,,,,,1.0,,,651000000,,11997000000,,1544000000,5492000000,3069000000,2423000000,11785000000,4077000000,7708000000,3847000534,,,,,,,,,,,,,,,,,,,2049000000,,-16.873,,,1963000000,,54.05,,,0,-2091000000,,,,,,,,,,1.0,71174848,70800000,,,10906000000,147000000,,0,154.04,1501000000
52,NAV,ART,2008-03-31,2008-06-27,2008-04-30,2021-06-08,-146000000,11614000000,,5501000000,6113000000,,-7.994,,1410000000,1410000000,,,1.346,-21.665,6884000000,856000000,6028000000,6884000000,0,,0,0.0,0.0,,,,,,,,,,-562000000,,-562000000,10338105111,,,,,1.0,,,632000000,,12370000000,,1364000000,5685000000,3180000000,2505000000,12176000000,4086000000,8090000000,4864105111,,,,,,,,,,,,,,,,,,,2027000000,,-8.655,,,1980000000,,69.25,,,0,-2362000000,,,,,,,,,,1.0,70239785,70300000,,,10982000000,135000000,,0,156.216,1415000000
53,NAV,ART,2007-09-30,2008-05-29,2007-10-31,2021-06-08,-155000000,11448000000,,5445000000,6003000000,,-10.441,-320000000.0,1196000000,1196000000,10131000000.0,-120000000.0,1.364,-16.597,6881000000,798000000,6083000000,6881000000,0,371000000.0,0,0.0,0.0,429000000.0,800000000.0,0.065,800000000.0,429000000.0,-73000000.0,-1.7,-1.7,-1.7,-734000000,,-734000000,11016199682,26.0,13.77,-143000000.0,-2.034,1.0,2164000000.0,0.176,639000000,502000000.0,12503000000,,1412000000,5579000000,2947000000,2632000000,12182000000,3991000000,8191000000,5331199682,-380000000.0,34000000.0,0.0,-779000000.0,0.0,-779000000.0,134000000.0,411000000.0,177000000.0,88000000.0,-120000000.0,-120000000.0,-120000000.0,0.0,0.0,-0.01,1809000000.0,355000000.0,1770000000,0.0,-7.263,-44.427,-44.647,2086000000,0.0,75.9,0.434,0.434,0,-2519000000,12295000000.0,12295000000.0,382000000.0,,,,0.035,7000000.0,1461000000.0,1.0,70239785,70300000,70300000.0,174.893,10809000000,150000000,47000000.0,0,153.755,1454000000
54,NAV,ART,2005-09-30,2007-12-10,2005-10-31,2021-06-08,-910000000,10786000000,,4852000000,5934000000,,-24.237,-326000000.0,1425000000,1425000000,10250000000.0,139000000.0,1.035,-7.348,6389000000,980000000,5409000000,6389000000,0,322000000.0,0,0.0,0.0,453000000.0,775000000.0,0.064,775000000.0,453000000.0,145000000.0,1.98,1.9,1.98,-1699000000,,-1699000000,8876168316,20.0,11.453,-51000000.0,-0.728,1.0,1874000000.0,0.155,657000000,308000000.0,10405000000,,1330000000,4951000000,2470000000,2481000000,12485000000,4688000000,7797000000,3912168316,226000000.0,-563000000.0,5000000.0,991000000.0,0.0,996000000.0,-1081000000.0,-187000000.0,275000000.0,36000000.0,139000000.0,139000000.0,139000000.0,0.0,0.0,0.011,1511000000.0,363000000.0,1869000000,0.0,-2.303,28.145,28.131,2083000000,0.0,55.7,0.323,0.322,0,-2699000000,12124000000.0,12124000000.0,413000000.0,,,,0.037,4000000.0,1067000000.0,1.0,70236415,70100000,76300000.0,172.953,10129000000,102000000,6000000.0,0,144.494,164000000
