None,ticker,dimension,calendardate,datekey,reportperiod,lastupdated,accoci,assets,assetsavg,assetsc,assetsnc,assetturnover,bvps,capex,cashneq,cashnequsd,cor,consolinc,currentratio,de,debt,debtc,debtnc,debtusd,deferredrev,depamor,deposits,divyield,dps,ebit,ebitda,ebitdamargin,ebitdausd,ebitusd,ebt,eps,epsdil,epsusd,equity,equityavg,equityusd,ev,evebit,evebitda,fcf,fcfps,fxusd,gp,grossmargin,intangibles,intexp,invcap,invcapavg,inventory,investments,investmentsc,investmentsnc,liabilities,liabilitiesc,liabilitiesnc,marketcap,ncf,ncfbus,ncfcommon,ncfdebt,ncfdiv,ncff,ncfi,ncfinv,ncfo,ncfx,netinc,netinccmn,netinccmnusd,netincdis,netincnci,netmargin,opex,opinc,payables,payoutratio,pb,pe,pe1,ppnenet,prefdivis,price,ps,ps1,receivables,retearn,revenue,revenueusd,rnd,roa,roe,roic,ros,sbcomp,sgna,sharefactor,sharesbas,shareswa,shareswadil,sps,tangibles,taxassets,taxexp,taxliabilities,tbvps,workingcapital
0,NAV,MRY,2020-12-31,2020-10-31,2020-10-31,2021-06-08,-1865000000.0,6637000000.0,6528750000.0,4577000000.0,2060000000.0,1.149,-38.375,-232000000.0,1973000000.0,1973000000.0,6221000000.0,-329000000.0,1.358,-2.734,5330000000.0,640000000.0,4690000000.0,5330000000.0,0.0,199000000.0,0.0,0.0,0.0,-138000000.0,61000000.0,0.008,61000000.0,-138000000.0,-406000000.0,-3.48,-3.48,-3.48,-3826000000.0,-3813750000.0,-3826000000.0,7914807814.0,-57.0,129.751,242000000.0,2.427,1.0,1282000000.0,0.171,56000000.0,268000000.0,6567000000.0,7003500000.0,763000000.0,1653000000.0,1371000000.0,282000000.0,10459000000.0,3371000000.0,7088000000.0,4289807814.0,416000000.0,14000000.0,4000000.0,196000000.0,0.0,181000000.0,-217000000.0,0.0,474000000.0,-22000000.0,-347000000.0,-347000000.0,-347000000.0,0.0,18000000.0,-0.046,1404000000.0,-122000000.0,1278000000.0,0.0,-1.121,-12.363,-12.388,1417000000.0,0.0,43.11,0.572,0.573,280000000.0,-4566000000.0,7503000000.0,7503000000.0,321000000.0,-0.053,0.091,-0.02,-0.018,25000000.0,1021000000.0,1.0,99508416.0,99700000,99700000.0,75.256,6581000000.0,117000000.0,-59000000.0,0.0,66.008,1206000000.0
1,NAV,MRY,2019-12-31,2019-10-31,2019-10-31,2021-06-08,-1912000000.0,6917000000.0,7078500000.0,4952000000.0,1965000000.0,1.589,-37.523,-272000000.0,1557000000.0,1557000000.0,9245000000.0,243000000.0,1.385,-2.856,5188000000.0,871000000.0,4317000000.0,5188000000.0,0.0,193000000.0,0.0,0.0,0.0,552000000.0,745000000.0,0.066,745000000.0,552000000.0,240000000.0,2.23,2.22,2.23,-3726000000.0,-3765000000.0,-3726000000.0,7011150793.0,13.0,9.411,178000000.0,1.793,1.0,2006000000.0,0.178,63000000.0,312000000.0,6910000000.0,7287000000.0,911000000.0,2228000000.0,1923000000.0,305000000.0,10640000000.0,3575000000.0,7065000000.0,3103150793.0,112000000.0,100000000.0,4000000.0,-236000000.0,0.0,-258000000.0,-68000000.0,102000000.0,450000000.0,-12000000.0,221000000.0,221000000.0,221000000.0,0.0,22000000.0,0.02,1436000000.0,570000000.0,1341000000.0,0.0,-0.833,14.041,14.027,1309000000.0,0.0,31.28,0.276,0.276,348000000.0,-4409000000.0,11251000000.0,11251000000.0,319000000.0,0.031,-0.059,0.076,0.049,23000000.0,934000000.0,1.0,99205588.0,99300000,99500000.0,113.303,6854000000.0,117000000.0,19000000.0,0.0,69.023,1377000000.0
2,NAV,MRY,2018-12-31,2018-10-31,2018-10-31,2021-06-08,-1920000000.0,7230000000.0,6652500000.0,5136000000.0,2094000000.0,1.541,-39.747,-334000000.0,1445000000.0,1445000000.0,8317000000.0,368000000.0,1.349,-2.838,5467000000.0,946000000.0,4521000000.0,5467000000.0,0.0,211000000.0,0.0,0.0,0.0,719000000.0,930000000.0,0.091,930000000.0,719000000.0,392000000.0,3.44,3.41,3.44,-3931000000.0,-4346750000.0,-3931000000.0,7689158477.0,11.0,8.268,-67000000.0,-0.677,1.0,1933000000.0,0.189,68000000.0,327000000.0,7377000000.0,6947000000.0,1110000000.0,2309000000.0,1999000000.0,310000000.0,11156000000.0,3807000000.0,7349000000.0,3311158477.0,605000000.0,-3000000.0,8000000.0,450000000.0,0.0,414000000.0,-66000000.0,269000000.0,267000000.0,-10000000.0,340000000.0,340000000.0,340000000.0,0.0,28000000.0,0.033,1186000000.0,747000000.0,1606000000.0,0.0,-0.842,9.739,9.735,1370000000.0,0.0,33.49,0.323,0.323,505000000.0,-4593000000.0,10250000000.0,10250000000.0,297000000.0,0.051,-0.078,0.103,0.07,32000000.0,828000000.0,1.0,98870065.0,98900000,99600000.0,103.64,7162000000.0,121000000.0,52000000.0,0.0,72.417,1329000000.0
3,NAV,MRY,2017-12-31,2017-10-31,2017-10-31,2021-06-08,-2211000000.0,6135000000.0,5890250000.0,4160000000.0,1975000000.0,1.455,-49.226,-204000000.0,840000000.0,840000000.0,7037000000.0,55000000.0,1.141,-2.339,5058000000.0,1169000000.0,3889000000.0,5058000000.0,0.0,223000000.0,0.0,0.0,0.0,391000000.0,614000000.0,0.072,614000000.0,391000000.0,40000000.0,0.32,0.32,0.32,-4578000000.0,-4991750000.0,-4578000000.0,8326129711.0,21.0,13.56,-95000000.0,-1.022,1.0,1533000000.0,0.179,78000000.0,351000000.0,6630000000.0,6775000000.0,857000000.0,2211000000.0,1935000000.0,276000000.0,10709000000.0,3645000000.0,7064000000.0,4154129711.0,-76000000.0,9000000.0,257000000.0,110000000.0,0.0,338000000.0,-520000000.0,-324000000.0,109000000.0,-3000000.0,30000000.0,30000000.0,30000000.0,-1000000.0,25000000.0,0.004,1124000000.0,409000000.0,1292000000.0,0.0,-0.907,138.471,132.219,1326000000.0,0.0,42.31,0.485,0.459,404000000.0,-4933000000.0,8570000000.0,8570000000.0,251000000.0,0.005,-0.006,0.058,0.046,28000000.0,751000000.0,1.0,98183165.0,93000000,93500000.0,92.151,6057000000.0,129000000.0,10000000.0,0.0,65.129,515000000.0
4,NAV,MRY,2016-12-31,2016-10-31,2016-10-31,2021-06-08,-2640000000.0,5653000000.0,5885000000.0,3759000000.0,1894000000.0,1.378,-64.847,-224000000.0,916000000.0,916000000.0,6812000000.0,-65000000.0,1.174,-2.066,4904000000.0,907000000.0,3997000000.0,4904000000.0,0.0,225000000.0,0.0,0.0,0.0,263000000.0,488000000.0,0.06,488000000.0,263000000.0,-64000000.0,-1.19,-1.19,-1.19,-5298000000.0,-5190000000.0,-5298000000.0,6157054885.0,23.0,12.617,43000000.0,0.526,1.0,1299000000.0,0.16,91000000.0,327000000.0,6347000000.0,6560500000.0,944000000.0,1776000000.0,1503000000.0,273000000.0,10946000000.0,3203000000.0,7743000000.0,1820054885.0,-108000000.0,39000000.0,0.0,-320000000.0,0.0,-353000000.0,-67000000.0,118000000.0,267000000.0,45000000.0,-97000000.0,-97000000.0,-97000000.0,0.0,32000000.0,-0.012,1086000000.0,213000000.0,1113000000.0,0.0,-0.344,-18.763,-18.739,1241000000.0,0.0,22.3,0.224,0.225,292000000.0,-4963000000.0,8111000000.0,8111000000.0,247000000.0,-0.016,0.019,0.04,0.032,16000000.0,802000000.0,1.0,81616811.0,81700000,81700000.0,99.278,5562000000.0,161000000.0,33000000.0,0.0,68.078,556000000.0
5,NAV,MRY,2015-12-31,2015-10-31,2015-10-31,2021-06-08,-2601000000.0,6649000000.0,6782000000.0,4620000000.0,2029000000.0,1.495,-63.321,-176000000.0,1033000000.0,1033000000.0,8670000000.0,-151000000.0,1.22,-2.285,5255000000.0,1108000000.0,4147000000.0,5255000000.0,0.0,281000000.0,0.0,0.0,0.0,174000000.0,455000000.0,0.045,455000000.0,174000000.0,-133000000.0,-2.25,-2.25,-2.25,-5167000000.0,-4869750000.0,-5167000000.0,5385723134.0,31.0,11.837,-130000000.0,-1.593,1.0,1470000000.0,0.145,95000000.0,307000000.0,6990000000.0,7234000000.0,1135000000.0,2220000000.0,1938000000.0,282000000.0,11809000000.0,3786000000.0,8023000000.0,1002723134.0,415000000.0,8000000.0,1000000.0,148000000.0,0.0,98000000.0,316000000.0,488000000.0,46000000.0,-45000000.0,-184000000.0,-184000000.0,-184000000.0,-3000000.0,33000000.0,-0.018,1302000000.0,168000000.0,1301000000.0,0.0,-0.194,-5.45,-5.467,1345000000.0,0.0,12.3,0.099,0.099,442000000.0,-4866000000.0,10140000000.0,10140000000.0,288000000.0,-0.027,0.038,0.024,0.017,10000000.0,908000000.0,1.0,81522206.0,81600000,81600000.0,124.265,6554000000.0,164000000.0,51000000.0,14000000.0,80.319,834000000.0
6,NAV,MRY,2014-12-31,2014-10-31,2014-10-31,2021-06-08,-2263000000.0,7443000000.0,7631500000.0,5013000000.0,2430000000.0,1.416,-57.174,-234000000.0,668000000.0,668000000.0,9534000000.0,-579000000.0,1.185,-2.592,5226000000.0,1295000000.0,3931000000.0,5226000000.0,0.0,332000000.0,0.0,0.0,0.0,-279000000.0,53000000.0,0.005,53000000.0,-279000000.0,-593000000.0,-7.6,-7.6,-7.6,-4654000000.0,-4189000000.0,-4654000000.0,7416056688.0,-27.0,139.926,-570000000.0,-7.002,1.0,1272000000.0,0.118,128000000.0,314000000.0,7642000000.0,7744750000.0,1319000000.0,2716000000.0,2363000000.0,353000000.0,12061000000.0,4231000000.0,7830000000.0,2878056688.0,-258000000.0,14000000.0,19000000.0,210000000.0,0.0,179000000.0,-75000000.0,145000000.0,-336000000.0,-26000000.0,-619000000.0,-619000000.0,-619000000.0,0.0,40000000.0,-0.057,1535000000.0,-263000000.0,1564000000.0,0.0,-0.618,-4.65,-4.654,1562000000.0,0.0,35.37,0.266,0.266,578000000.0,-4682000000.0,10806000000.0,10806000000.0,331000000.0,-0.081,0.148,-0.036,-0.026,16000000.0,979000000.0,1.0,81369994.0,81400000,81400000.0,132.752,7315000000.0,200000000.0,26000000.0,14000000.0,89.865,782000000.0
7,NAV,MRY,2013-12-31,2013-10-31,2013-10-31,2021-06-08,-1824000000.0,8315000000.0,8452500000.0,5459000000.0,2856000000.0,1.275,-45.386,-574000000.0,846000000.0,846000000.0,9761000000.0,-844000000.0,1.281,-3.266,5089000000.0,1163000000.0,3926000000.0,5089000000.0,0.0,417000000.0,0.0,0.0,0.0,-748000000.0,-331000000.0,-0.031,-331000000.0,-748000000.0,-1069000000.0,-11.17,-11.17,-11.17,-3649000000.0,-3664250000.0,-3649000000.0,7041103382.0,-9.0,-21.272,-474000000.0,-5.896,1.0,1014000000.0,0.094,322000000.0,321000000.0,7975000000.0,8128250000.0,1210000000.0,2842000000.0,2427000000.0,415000000.0,11916000000.0,4261000000.0,7655000000.0,2908103382.0,-332000000.0,58000000.0,26000000.0,410000000.0,0.0,393000000.0,-810000000.0,-294000000.0,100000000.0,-15000000.0,-898000000.0,-898000000.0,-898000000.0,0.0,54000000.0,-0.083,1743000000.0,-729000000.0,1502000000.0,0.0,-0.797,-3.238,-3.237,1741000000.0,0.0,36.16,0.27,0.27,766000000.0,-4063000000.0,10775000000.0,10775000000.0,406000000.0,-0.106,0.245,-0.092,-0.069,24000000.0,1215000000.0,1.0,80423213.0,80400000,80400000.0,134.017,7993000000.0,231000000.0,-171000000.0,33000000.0,99.415,1198000000.0
8,NAV,MRY,2012-12-31,2012-10-31,2012-10-31,2021-06-08,-2325000000.0,9102000000.0,10783000000.0,5837000000.0,3265000000.0,1.177,-47.902,-352000000.0,1248000000.0,1248000000.0,11401000000.0,-2962000000.0,1.341,-3.735,4776000000.0,1205000000.0,3571000000.0,4776000000.0,0.0,323000000.0,0.0,0.0,0.0,-971000000.0,-648000000.0,-0.051,-648000000.0,-971000000.0,-1230000000.0,-43.56,-43.56,-43.56,-3310000000.0,-1102000000.0,-3310000000.0,4877042850.0,-5.0,-7.526,258000000.0,3.734,1.0,1294000000.0,0.102,451000000.0,259000000.0,7826000000.0,9589250000.0,1537000000.0,2677000000.0,2129000000.0,548000000.0,12362000000.0,4353000000.0,8009000000.0,1286042850.0,548000000.0,-53000000.0,119000000.0,-123000000.0,0.0,-63000000.0,-2000000.0,417000000.0,610000000.0,3000000.0,-3010000000.0,-3010000000.0,-3010000000.0,0.0,48000000.0,-0.237,2117000000.0,-823000000.0,1686000000.0,0.0,-0.389,-0.427,-0.43,1660000000.0,0.0,18.75,0.101,0.102,843000000.0,-3165000000.0,12695000000.0,12695000000.0,532000000.0,-0.279,2.731,-0.101,-0.076,19000000.0,1419000000.0,1.0,68588952.0,69100000,69100000.0,183.719,8651000000.0,263000000.0,1780000000.0,42000000.0,125.195,1484000000.0
9,NAV,MRY,2011-12-31,2011-10-31,2011-10-31,2021-06-08,-1944000000.0,12291000000.0,10678500000.0,7235000000.0,5056000000.0,1.277,-0.371,-468000000.0,866000000.0,866000000.0,10937000000.0,1778000000.0,1.508,-454.185,4861000000.0,1379000000.0,3482000000.0,4861000000.0,0.0,328000000.0,0.0,0.0,0.0,553000000.0,881000000.0,0.065,881000000.0,553000000.0,306000000.0,23.66,22.64,23.66,-27000000.0,-252250000.0,-27000000.0,7010075096.0,13.0,7.957,412000000.0,5.659,1.0,2704000000.0,0.198,553000000.0,247000000.0,10935000000.0,10070500000.0,1714000000.0,3691000000.0,2916000000.0,775000000.0,12263000000.0,4798000000.0,7465000000.0,3053075096.0,-46000000.0,-50000000.0,-85000000.0,38000000.0,0.0,-100000000.0,-823000000.0,-279000000.0,880000000.0,-3000000.0,1723000000.0,1723000000.0,1723000000.0,0.0,55000000.0,0.126,1951000000.0,753000000.0,2122000000.0,0.0,-113.077,1.772,1.778,1570000000.0,0.0,42.07,0.224,0.225,1341000000.0,-155000000.0,13641000000.0,13641000000.0,520000000.0,0.161,-6.831,0.055,0.041,36000000.0,1407000000.0,1.0,72571312.0,72800000,76100000.0,187.376,11738000000.0,2057000000.0,-1417000000.0,59000000.0,161.236,2437000000.0
10,NAV,MRY,2010-12-31,2010-10-31,2010-10-31,2021-06-08,-1196000000.0,9730000000.0,9303500000.0,5835000000.0,3895000000.0,1.305,-13.682,-256000000.0,765000000.0,765000000.0,9741000000.0,267000000.0,1.626,-10.86,4878000000.0,632000000.0,4246000000.0,4878000000.0,0.0,316000000.0,0.0,0.0,0.0,499000000.0,815000000.0,0.067,815000000.0,499000000.0,246000000.0,3.11,3.05,3.11,-981000000.0,-1260500000.0,-981000000.0,7380555577.0,15.0,9.056,851000000.0,11.869,1.0,2404000000.0,0.198,586000000.0,253000000.0,9668000000.0,8984250000.0,1568000000.0,3604000000.0,2356000000.0,1248000000.0,10654000000.0,3589000000.0,7065000000.0,3454555577.0,-627000000.0,-92000000.0,35000000.0,-1278000000.0,0.0,-1300000000.0,-434000000.0,-71000000.0,1107000000.0,0.0,223000000.0,223000000.0,223000000.0,0.0,44000000.0,0.018,1811000000.0,593000000.0,1827000000.0,0.0,-3.521,15.491,15.492,1442000000.0,0.0,48.18,0.284,0.284,1031000000.0,-1878000000.0,12145000000.0,12145000000.0,464000000.0,0.024,-0.177,0.056,0.041,24000000.0,1406000000.0,1.0,71701029.0,71700000,73200000.0,169.386,9144000000.0,146000000.0,23000000.0,142000000.0,127.531,2246000000.0
11,NAV,MRY,2009-12-31,2009-10-31,2009-10-31,2021-06-08,-1690000000.0,10028000000.0,9673000000.0,5748000000.0,4280000000.0,1.196,-24.62,-191000000.0,1697000000.0,1697000000.0,9366000000.0,345000000.0,1.373,-6.695,5305000000.0,1136000000.0,4169000000.0,5305000000.0,0.0,344000000.0,0.0,0.0,0.0,608000000.0,952000000.0,0.082,952000000.0,608000000.0,357000000.0,4.51,4.46,4.51,-1748000000.0,-1510000000.0,-1748000000.0,6232697918.0,10.0,6.547,1047000000.0,14.746,1.0,2203000000.0,0.19,582000000.0,251000000.0,8869000000.0,9225250000.0,1666000000.0,3266000000.0,1706000000.0,1560000000.0,11702000000.0,4185000000.0,7517000000.0,2340697918.0,271000000.0,-14000000.0,-16000000.0,-690000000.0,0.0,-764000000.0,-212000000.0,73000000.0,1238000000.0,9000000.0,320000000.0,320000000.0,320000000.0,0.0,25000000.0,0.028,1867000000.0,336000000.0,1872000000.0,0.0,-1.339,7.315,7.348,1467000000.0,0.0,33.14,0.202,0.203,881000000.0,-2101000000.0,11569000000.0,11569000000.0,433000000.0,0.033,-0.212,0.066,0.053,16000000.0,1344000000.0,1.0,70630595.0,71000000,71800000.0,162.944,9446000000.0,164000000.0,37000000.0,142000000.0,133.042,1563000000.0
12,NAV,MRY,2008-12-31,2008-10-31,2008-10-31,2021-06-08,-943000000.0,10390000000.0,11325000000.0,5535000000.0,4855000000.0,1.3,-21.146,-195000000.0,1418000000.0,1418000000.0,11942000000.0,134000000.0,1.428,-7.85,6217000000.0,665000000.0,5552000000.0,6217000000.0,0.0,393000000.0,0.0,0.0,0.0,660000000.0,1053000000.0,0.072,1053000000.0,660000000.0,191000000.0,1.89,1.82,1.89,-1495000000.0,-873000000.0,-1495000000.0,7311786422.0,11.0,6.944,925000000.0,13.083,1.0,2782000000.0,0.189,529000000.0,469000000.0,10785000000.0,12077250000.0,1628000000.0,3893000000.0,1789000000.0,2104000000.0,11736000000.0,3875000000.0,7861000000.0,2143786422.0,84000000.0,3000000.0,29000000.0,-705000000.0,0.0,-676000000.0,-333000000.0,-139000000.0,1120000000.0,-27000000.0,134000000.0,134000000.0,134000000.0,0.0,0.0,0.009,2193000000.0,589000000.0,2027000000.0,0.0,-1.434,15.998,15.937,1501000000.0,0.0,30.12,0.146,0.145,1056000000.0,-2392000000.0,14724000000.0,14724000000.0,384000000.0,0.012,-0.153,0.055,0.045,15000000.0,1437000000.0,1.0,71174848.0,70700000,73200000.0,208.26,9861000000.0,116000000.0,57000000.0,103000000.0,139.477,1660000000.0
13,NAV,MRY,2007-12-31,2007-10-31,2007-10-31,2021-06-08,-155000000.0,11448000000.0,12139000000.0,5445000000.0,6003000000.0,1.013,-12.432,-294000000.0,1196000000.0,1196000000.0,10109000000.0,-120000000.0,1.364,-13.938,7021000000.0,798000000.0,6223000000.0,7021000000.0,0.0,371000000.0,0.0,0.0,0.0,429000000.0,800000000.0,0.065,800000000.0,429000000.0,-73000000.0,-1.7,-1.7,-1.7,-874000000.0,-994000000.0,-874000000.0,,,,-32000000.0,-0.455,1.0,2186000000.0,0.178,639000000.0,502000000.0,12643000000.0,12912000000.0,1412000000.0,5579000000.0,2947000000.0,2632000000.0,12182000000.0,3991000000.0,8191000000.0,4424894145.0,-380000000.0,34000000.0,0.0,-806000000.0,0.0,-806000000.0,157000000.0,411000000.0,262000000.0,7000000.0,-120000000.0,-120000000.0,-120000000.0,0.0,0.0,-0.01,1831000000.0,355000000.0,1770000000.0,0.0,-5.063,-36.874,-37.059,2086000000.0,0.0,63.0,0.36,0.36,0.0,-2519000000.0,12295000000.0,12295000000.0,375000000.0,-0.01,0.121,0.033,0.035,7000000.0,1490000000.0,1.0,70236415.0,70300000,70300000.0,174.893,10809000000.0,150000000.0,47000000.0,0.0,153.755,1454000000.0
14,NAV,MRY,2006-12-31,2006-10-31,2006-10-31,2021-06-08,-650000000.0,12830000000.0,11808000000.0,6368000000.0,6462000000.0,1.203,-15.846,-227000000.0,1857000000.0,1857000000.0,11703000000.0,301000000.0,1.318,-12.517,7646000000.0,891000000.0,6755000000.0,7646000000.0,0.0,364000000.0,0.0,0.0,0.0,826000000.0,1190000000.0,0.084,1190000000.0,826000000.0,395000000.0,4.29,4.12,4.29,-1114000000.0,-1406500000.0,-1114000000.0,,,,-514000000.0,-7.312,1.0,2497000000.0,0.176,606000000.0,431000000.0,13181000000.0,11793000000.0,1736000000.0,6068000000.0,3263000000.0,2805000000.0,13944000000.0,4832000000.0,9112000000.0,1947655788.0,328000000.0,-85000000.0,2000000.0,1048000000.0,0.0,1056000000.0,-456000000.0,-149000000.0,-287000000.0,15000000.0,301000000.0,301000000.0,301000000.0,0.0,0.0,0.021,1770000000.0,727000000.0,2222000000.0,0.0,-1.748,6.471,6.464,2157000000.0,0.0,27.73,0.137,0.137,0.0,-2399000000.0,14200000000.0,14200000000.0,453000000.0,0.025,-0.214,0.07,0.058,14000000.0,1332000000.0,1.0,70236415.0,70300000,74500000.0,201.991,12224000000.0,117000000.0,94000000.0,0.0,173.883,1536000000.0
15,NAV,MRY,2005-12-31,2005-10-31,2005-10-31,2021-06-08,-910000000.0,10786000000.0,9768000000.0,4852000000.0,5934000000.0,1.241,-24.237,-326000000.0,1425000000.0,1425000000.0,10250000000.0,139000000.0,1.035,-7.348,6389000000.0,980000000.0,5409000000.0,6389000000.0,0.0,322000000.0,0.0,0.0,0.0,453000000.0,775000000.0,0.064,775000000.0,453000000.0,145000000.0,1.98,1.9,1.98,-1699000000.0,-1775500000.0,-1699000000.0,,,,-51000000.0,-0.728,1.0,1874000000.0,0.155,657000000.0,308000000.0,10405000000.0,9316000000.0,1330000000.0,4951000000.0,2470000000.0,2481000000.0,12485000000.0,4688000000.0,7797000000.0,1932906141.0,226000000.0,-567000000.0,5000000.0,991000000.0,0.0,996000000.0,-1081000000.0,-187000000.0,275000000.0,36000000.0,139000000.0,139000000.0,139000000.0,0.0,0.0,0.011,1511000000.0,363000000.0,1869000000.0,0.0,-1.138,13.906,13.899,2083000000.0,0.0,27.52,0.159,0.159,0.0,-2699000000.0,12124000000.0,12124000000.0,413000000.0,0.014,-0.078,0.049,0.037,4000000.0,1067000000.0,1.0,70236415.0,70100000,76300000.0,172.953,10129000000.0,102000000.0,6000000.0,0.0,144.494,164000000.0
16,NAV,MRY,2004-12-31,2004-10-31,2004-10-31,2021-06-08,-918000000.0,8750000000.0,,4061000000.0,4689000000.0,,-26.571,-316000000.0,922000000.0,922000000.0,8268000000.0,-44000000.0,0.857,-5.725,5282000000.0,1662000000.0,3620000000.0,5282000000.0,0.0,288000000.0,0.0,0.0,0.0,202000000.0,490000000.0,0.051,490000000.0,202000000.0,-35000000.0,-0.64,-0.64,-0.64,-1852000000.0,,-1852000000.0,,,,-18000000.0,-0.258,1.0,1410000000.0,0.146,142000000.0,237000000.0,8227000000.0,,1162000000.0,4318000000.0,2126000000.0,2192000000.0,10602000000.0,4741000000.0,5861000000.0,,162000000.0,-24000000.0,30000000.0,-378000000.0,0.0,-375000000.0,238000000.0,583000000.0,298000000.0,1000000.0,-44000000.0,-44000000.0,-44000000.0,0.0,0.0,-0.005,1244000000.0,166000000.0,1564000000.0,0.0,,,-53.984,1942000000.0,0.0,34.55,,0.249,0.0,-2832000000.0,9678000000.0,9678000000.0,287000000.0,,,,0.021,3000000.0,939000000.0,1.0,,69700000,69700000.0,138.852,8608000000.0,59000000.0,9000000.0,0.0,123.501,-680000000.0
17,NAV,MRY,2003-12-31,2003-10-31,2003-10-31,2021-06-08,,,,,,,,-309000000.0,,,6670000000.0,-333000000.0,,,,,,,,289000000.0,,0.0,0.0,-49000000.0,240000000.0,0.031,240000000.0,-49000000.0,-316000000.0,-4.86,-4.86,-4.86,,,,,,,-119000000.0,-1.732,1.0,1025000000.0,0.133,,267000000.0,,,,,,,,,,,-199000000.0,-6000000.0,149000000.0,529000000.0,0.0,652000000.0,-1046000000.0,-743000000.0,190000000.0,5000000.0,-333000000.0,-333000000.0,-333000000.0,0.0,0.0,-0.043,1127000000.0,-102000000.0,,0.0,,,-8.319,,0.0,40.43,,0.361,,,7695000000.0,7695000000.0,270000000.0,,,,-0.006,3000000.0,903000000.0,1.0,,68700000,68700000.0,112.009,,,17000000.0,,,
0,NAV,MRQ,2021-03-31,2021-04-30,2021-04-30,2021-06-08,-1758000000.0,7084000000.0,,4651000000.0,2433000000.0,,-36.466,-111000000.0,1702000000.0,1702000000.0,1731000000.0,168000000.0,1.196,-2.944,5467000000.0,843000000.0,4624000000.0,5467000000.0,0.0,52000000.0,0.0,0.0,0.0,276000000.0,328000000.0,0.152,328000000.0,276000000.0,214000000.0,1.63,1.63,1.63,-3643000000.0,,-3643000000.0,8017417778.0,171.0,32.07,-13000000.0,-0.13,1.0,431000000.0,0.199,56000000.0,62000000.0,6904000000.0,,1017000000.0,1644000000.0,1360000000.0,284000000.0,10724000000.0,3889000000.0,6835000000.0,4412417778.0,238000000.0,9000000.0,1000000.0,395000000.0,0.0,384000000.0,-245000000.0,-143000000.0,98000000.0,1000000.0,163000000.0,163000000.0,163000000.0,0.0,5000000.0,0.075,147000000.0,284000000.0,1529000000.0,0.0,-1.211,-23.102,-23.047,1386000000.0,0.0,44.25,0.572,0.573,290000000.0,-4491000000.0,2162000000.0,2162000000.0,88000000.0,,,,,8000000.0,304000000.0,1.0,99715656.0,99900000,100200000.0,21.642,7028000000.0,121000000.0,51000000.0,0.0,70.35,762000000.0
1,NAV,MRQ,2020-12-31,2021-01-31,2021-01-31,2021-06-08,-1786000000.0,6118000000.0,,4085000000.0,2033000000.0,,-38.368,-92000000.0,1464000000.0,1464000000.0,1507000000.0,-77000000.0,1.248,-2.594,5069000000.0,565000000.0,4504000000.0,5069000000.0,0.0,51000000.0,0.0,0.0,0.0,-35000000.0,16000000.0,0.009,16000000.0,-35000000.0,-99000000.0,-0.81,-0.81,-0.81,-3833000000.0,,-3833000000.0,7739253436.0,-39.0,2579.751,-222000000.0,-2.222,1.0,305000000.0,0.168,56000000.0,64000000.0,6393000000.0,,848000000.0,1530000000.0,1246000000.0,284000000.0,9943000000.0,3274000000.0,6669000000.0,4382253436.0,-509000000.0,-9000000.0,0.0,-279000000.0,0.0,-279000000.0,-101000000.0,0.0,-130000000.0,1000000.0,-81000000.0,-81000000.0,-81000000.0,-1000000.0,4000000.0,-0.045,336000000.0,-31000000.0,1281000000.0,0.0,-1.143,-11.179,-11.196,1331000000.0,0.0,44.0,0.586,0.588,269000000.0,-4654000000.0,1812000000.0,1812000000.0,84000000.0,,,,,4000000.0,205000000.0,1.0,99596669.0,99900000,99900000.0,18.138,6062000000.0,157000000.0,-18000000.0,0.0,60.681,811000000.0
2,NAV,MRQ,2020-09-30,2020-10-31,2020-10-31,2021-06-08,-1865000000.0,6637000000.0,,4577000000.0,2060000000.0,,-38.26,-59000000.0,1973000000.0,1973000000.0,1680000000.0,-230000000.0,1.358,-2.734,5330000000.0,640000000.0,4690000000.0,5330000000.0,0.0,53000000.0,0.0,0.0,0.0,-236000000.0,-183000000.0,-0.089,-183000000.0,-236000000.0,-305000000.0,-2.37,-2.37,-2.37,-3826000000.0,,-3826000000.0,7914807814.0,-57.0,129.751,283000000.0,2.83,1.0,385000000.0,0.186,56000000.0,69000000.0,6567000000.0,,763000000.0,1653000000.0,1371000000.0,282000000.0,10459000000.0,3371000000.0,7088000000.0,4289807814.0,39000000.0,4000000.0,1000000.0,-241000000.0,0.0,-244000000.0,-50000000.0,0.0,342000000.0,-9000000.0,-236000000.0,-236000000.0,-236000000.0,0.0,6000000.0,-0.114,617000000.0,-232000000.0,1278000000.0,0.0,-1.121,-12.363,-12.388,1417000000.0,0.0,43.11,0.572,0.573,280000000.0,-4566000000.0,2065000000.0,2065000000.0,84000000.0,,,,,11000000.0,528000000.0,1.0,99508416.0,100000000,100000000.0,20.65,6581000000.0,117000000.0,-69000000.0,0.0,65.81,1206000000.0
3,NAV,MRQ,2020-06-30,2020-07-31,2020-07-31,2021-06-08,-2100000000.0,6675000000.0,,4692000000.0,1983000000.0,,-38.415,-74000000.0,1934000000.0,1934000000.0,1388000000.0,-34000000.0,1.506,-2.742,5559000000.0,865000000.0,4694000000.0,5559000000.0,0.0,47000000.0,0.0,0.0,0.0,42000000.0,89000000.0,0.053,89000000.0,42000000.0,-29000000.0,-0.37,-0.37,-0.37,-3830000000.0,,-3830000000.0,6938126925.0,25.0,14.637,176000000.0,1.765,1.0,287000000.0,0.171,58000000.0,71000000.0,7127000000.0,,896000000.0,1683000000.0,1403000000.0,280000000.0,10503000000.0,3115000000.0,7388000000.0,3187126925.0,256000000.0,0.0,0.0,91000000.0,0.0,88000000.0,-78000000.0,0.0,250000000.0,-4000000.0,-37000000.0,-37000000.0,-37000000.0,0.0,3000000.0,-0.022,244000000.0,43000000.0,1154000000.0,0.0,-0.832,-354.125,-400.375,1360000000.0,0.0,32.03,0.388,0.389,274000000.0,-4333000000.0,1675000000.0,1675000000.0,73000000.0,,,,,1000000.0,141000000.0,1.0,99504431.0,99700000,99700000.0,16.8,6617000000.0,115000000.0,8000000.0,0.0,66.369,1577000000.0
4,NAV,MRQ,2020-03-31,2020-04-30,2020-04-30,2021-06-08,-2163000000.0,6440000000.0,,4525000000.0,1915000000.0,,-38.696,-35000000.0,1678000000.0,1678000000.0,1624000000.0,-33000000.0,1.687,-2.669,5429000000.0,570000000.0,4859000000.0,5429000000.0,0.0,49000000.0,0.0,0.0,0.0,32000000.0,81000000.0,0.042,81000000.0,32000000.0,-31000000.0,-0.38,-0.38,-0.38,-3858000000.0,,-3858000000.0,5962899073.0,12.0,8.604,-252000000.0,-2.528,1.0,301000000.0,0.156,57000000.0,63000000.0,7451000000.0,,1012000000.0,1648000000.0,1416000000.0,232000000.0,10296000000.0,2683000000.0,7613000000.0,2364899073.0,541000000.0,0.0,1000000.0,804000000.0,0.0,798000000.0,-35000000.0,0.0,-217000000.0,-5000000.0,-38000000.0,-38000000.0,-38000000.0,0.0,5000000.0,-0.02,263000000.0,38000000.0,1038000000.0,0.0,-0.613,12.853,12.78,1328000000.0,0.0,23.77,0.247,0.247,233000000.0,-4296000000.0,1925000000.0,1925000000.0,78000000.0,,,,,8000000.0,170000000.0,1.0,99490916.0,99700000,99700000.0,19.308,6383000000.0,117000000.0,7000000.0,0.0,64.022,1842000000.0
5,NAV,MRQ,2019-12-31,2020-01-31,2020-01-31,2021-06-08,-2084000000.0,6363000000.0,,4287000000.0,2076000000.0,,-37.598,-64000000.0,1137000000.0,1137000000.0,1529000000.0,-32000000.0,1.414,-2.7,4735000000.0,452000000.0,4283000000.0,4735000000.0,0.0,50000000.0,0.0,0.0,0.0,24000000.0,74000000.0,0.04,74000000.0,24000000.0,-41000000.0,-0.36,-0.36,-0.36,-3741000000.0,,-3741000000.0,7265020343.0,15.0,10.468,35000000.0,0.352,1.0,309000000.0,0.168,61000000.0,65000000.0,6869000000.0,,1074000000.0,1913000000.0,1615000000.0,298000000.0,10102000000.0,3031000000.0,7071000000.0,3634020343.0,-420000000.0,10000000.0,2000000.0,-458000000.0,0.0,-461000000.0,-54000000.0,0.0,99000000.0,-4000000.0,-36000000.0,-36000000.0,-36000000.0,0.0,4000000.0,-0.02,280000000.0,29000000.0,1286000000.0,0.0,-0.971,20.885,20.807,1390000000.0,0.0,36.62,0.341,0.342,279000000.0,-4256000000.0,1838000000.0,1838000000.0,86000000.0,,,,,5000000.0,182000000.0,1.0,99235946.0,99500000,99500000.0,18.472,6302000000.0,127000000.0,-5000000.0,0.0,63.337,1256000000.0
6,NAV,MRQ,2019-09-30,2019-10-31,2019-10-31,2021-06-08,-1912000000.0,6917000000.0,,4952000000.0,1965000000.0,,-37.41,-64000000.0,1557000000.0,1557000000.0,2272000000.0,108000000.0,1.385,-2.856,5188000000.0,871000000.0,4317000000.0,5188000000.0,0.0,49000000.0,0.0,0.0,0.0,181000000.0,230000000.0,0.083,230000000.0,181000000.0,112000000.0,1.03,1.02,1.03,-3726000000.0,,-3726000000.0,7011150793.0,13.0,9.411,282000000.0,2.831,1.0,508000000.0,0.183,63000000.0,69000000.0,6910000000.0,,911000000.0,2228000000.0,1923000000.0,305000000.0,10640000000.0,3575000000.0,7065000000.0,3103150793.0,261000000.0,0.0,1000000.0,-16000000.0,0.0,-21000000.0,-59000000.0,4000000.0,346000000.0,-5000000.0,102000000.0,102000000.0,102000000.0,0.0,6000000.0,0.037,321000000.0,187000000.0,1341000000.0,0.0,-0.833,14.041,14.027,1309000000.0,0.0,31.28,0.276,0.276,348000000.0,-4409000000.0,2780000000.0,2780000000.0,77000000.0,,,,,3000000.0,208000000.0,1.0,99205588.0,99600000,99500000.0,27.912,6854000000.0,117000000.0,10000000.0,0.0,68.815,1377000000.0
7,NAV,MRQ,2019-06-30,2019-07-31,2019-07-31,2021-06-08,-1754000000.0,7294000000.0,,5326000000.0,1968000000.0,,-36.851,-71000000.0,1296000000.0,1296000000.0,2501000000.0,161000000.0,1.4,-2.99,5204000000.0,676000000.0,4528000000.0,5204000000.0,0.0,47000000.0,0.0,0.0,0.0,261000000.0,308000000.0,0.101,308000000.0,261000000.0,185000000.0,1.57,1.56,1.57,-3663000000.0,,-3663000000.0,7246369337.0,11.0,8.348,223000000.0,2.243,1.0,541000000.0,0.178,65000000.0,76000000.0,7332000000.0,,1195000000.0,2498000000.0,2190000000.0,308000000.0,10954000000.0,3805000000.0,7149000000.0,3097369337.0,88000000.0,5000000.0,1000000.0,-159000000.0,0.0,-163000000.0,-46000000.0,19000000.0,294000000.0,3000000.0,156000000.0,156000000.0,156000000.0,0.0,5000000.0,0.051,276000000.0,265000000.0,1806000000.0,0.0,-0.846,10.089,10.077,1290000000.0,0.0,31.24,0.263,0.263,441000000.0,-4501000000.0,3042000000.0,3042000000.0,81000000.0,,,,,6000000.0,167000000.0,1.0,99147546.0,99400000,99700000.0,30.604,7229000000.0,124000000.0,29000000.0,0.0,72.726,1521000000.0
8,NAV,MRQ,2019-03-31,2019-04-30,2019-04-30,2021-06-08,-1786000000.0,7066000000.0,,5101000000.0,1965000000.0,,-38.861,-54000000.0,1208000000.0,1208000000.0,2493000000.0,-43000000.0,1.376,-2.832,5357000000.0,769000000.0,4588000000.0,5357000000.0,0.0,49000000.0,0.0,0.0,0.0,33000000.0,82000000.0,0.027,82000000.0,33000000.0,-49000000.0,-0.48,-0.48,-0.48,-3855000000.0,,-3855000000.0,7527095385.0,11.0,8.692,-4000000.0,-0.04,1.0,503000000.0,0.168,65000000.0,82000000.0,7442000000.0,,1164000000.0,2371000000.0,2060000000.0,311000000.0,10918000000.0,3708000000.0,7210000000.0,3382095385.0,-141000000.0,0.0,1000000.0,-141000000.0,0.0,-147000000.0,-37000000.0,18000000.0,50000000.0,-7000000.0,-48000000.0,-48000000.0,-48000000.0,0.0,5000000.0,-0.016,468000000.0,35000000.0,1630000000.0,0.0,-0.877,10.536,10.505,1270000000.0,0.0,34.14,0.298,0.298,483000000.0,-4657000000.0,2996000000.0,2996000000.0,75000000.0,,,,,14000000.0,373000000.0,1.0,99065477.0,99200000,99200000.0,30.202,7001000000.0,121000000.0,-1000000.0,0.0,70.575,1393000000.0
9,NAV,MRQ,2018-12-31,2019-01-31,2019-01-31,2021-06-08,-1791000000.0,7037000000.0,,5074000000.0,1963000000.0,,-38.507,-83000000.0,1349000000.0,1349000000.0,1979000000.0,17000000.0,1.39,-2.843,5494000000.0,942000000.0,4552000000.0,5494000000.0,0.0,48000000.0,0.0,0.0,0.0,77000000.0,125000000.0,0.051,125000000.0,77000000.0,-8000000.0,0.11,0.11,0.11,-3816000000.0,,-3816000000.0,7269896853.0,9.0,7.426,-323000000.0,-3.259,1.0,454000000.0,0.187,67000000.0,85000000.0,7464000000.0,,1211000000.0,2163000000.0,1859000000.0,304000000.0,10850000000.0,3651000000.0,7199000000.0,3247896853.0,-96000000.0,95000000.0,1000000.0,80000000.0,0.0,73000000.0,74000000.0,61000000.0,-240000000.0,-3000000.0,11000000.0,11000000.0,11000000.0,0.0,6000000.0,0.005,371000000.0,83000000.0,1484000000.0,0.0,-0.851,7.66,7.655,1275000000.0,0.0,32.84,0.301,0.302,460000000.0,-4609000000.0,2433000000.0,2433000000.0,86000000.0,,,,,0.0,186000000.0,1.0,98900635.0,99100000,99400000.0,24.551,6970000000.0,123000000.0,-19000000.0,0.0,70.333,1423000000.0
10,NAV,MRQ,2018-09-30,2018-10-31,2018-10-31,2021-06-08,-1920000000.0,7230000000.0,,5136000000.0,2094000000.0,,-39.627,-122000000.0,1445000000.0,1445000000.0,2702000000.0,196000000.0,1.349,-2.838,5467000000.0,946000000.0,4521000000.0,5467000000.0,0.0,51000000.0,0.0,0.0,0.0,302000000.0,353000000.0,0.106,353000000.0,302000000.0,215000000.0,1.9,1.88,1.9,-3931000000.0,,-3931000000.0,7689158477.0,11.0,8.268,325000000.0,3.276,1.0,615000000.0,0.185,68000000.0,87000000.0,7377000000.0,,1110000000.0,2309000000.0,1999000000.0,310000000.0,11156000000.0,3807000000.0,7349000000.0,3311158477.0,223000000.0,0.0,1000000.0,-97000000.0,0.0,-104000000.0,-126000000.0,-6000000.0,447000000.0,6000000.0,188000000.0,188000000.0,188000000.0,0.0,8000000.0,0.057,305000000.0,310000000.0,1606000000.0,0.0,-0.842,9.739,9.735,1370000000.0,0.0,33.49,0.323,0.323,505000000.0,-4593000000.0,3317000000.0,3317000000.0,75000000.0,,,,,5000000.0,215000000.0,1.0,98870065.0,99200000,99600000.0,33.438,7162000000.0,121000000.0,27000000.0,0.0,72.198,1329000000.0
11,NAV,MRQ,2018-06-30,2018-07-31,2018-07-31,2021-06-08,-2138000000.0,6924000000.0,,4905000000.0,2019000000.0,,-43.828,-72000000.0,1222000000.0,1222000000.0,2096000000.0,177000000.0,1.138,-2.595,5600000000.0,1707000000.0,3893000000.0,5600000000.0,0.0,51000000.0,0.0,0.0,0.0,255000000.0,306000000.0,0.117,306000000.0,255000000.0,173000000.0,1.72,1.71,1.72,-4339000000.0,,-4339000000.0,8412213925.0,13.0,9.839,-154000000.0,-1.556,1.0,510000000.0,0.196,68000000.0,82000000.0,6925000000.0,,1400000000.0,2045000000.0,1733000000.0,312000000.0,11258000000.0,4309000000.0,6949000000.0,4254213925.0,30000000.0,0.0,2000000.0,254000000.0,0.0,249000000.0,-128000000.0,-55000000.0,-82000000.0,-9000000.0,170000000.0,170000000.0,170000000.0,0.0,7000000.0,0.065,248000000.0,262000000.0,1527000000.0,0.0,-0.98,14.823,14.309,1297000000.0,0.0,43.07,0.446,0.447,452000000.0,-4781000000.0,2606000000.0,2606000000.0,72000000.0,,,,,6000000.0,222000000.0,1.0,98774412.0,99000000,99700000.0,26.323,6856000000.0,130000000.0,3000000.0,0.0,69.253,596000000.0
12,NAV,MRQ,2018-03-31,2018-04-30,2018-04-30,2021-06-08,-2154000000.0,6487000000.0,,4517000000.0,1970000000.0,,-45.85,-61000000.0,1192000000.0,1192000000.0,1987000000.0,61000000.0,1.112,-2.431,5350000000.0,1504000000.0,3846000000.0,5350000000.0,0.0,54000000.0,0.0,0.0,0.0,141000000.0,195000000.0,0.081,195000000.0,141000000.0,62000000.0,0.56,0.55,0.56,-4530000000.0,,-4530000000.0,7769375055.0,15.0,10.585,-83000000.0,-0.84,1.0,435000000.0,0.18,72000000.0,79000000.0,6512000000.0,,1167000000.0,1992000000.0,1696000000.0,296000000.0,11014000000.0,4061000000.0,6953000000.0,3435375055.0,405000000.0,-3000000.0,1000000.0,272000000.0,0.0,263000000.0,173000000.0,236000000.0,-22000000.0,-9000000.0,55000000.0,55000000.0,55000000.0,0.0,6000000.0,0.023,288000000.0,147000000.0,1500000000.0,0.0,-0.758,22.308,20.844,1299000000.0,0.0,34.81,0.376,0.376,326000000.0,-4951000000.0,2422000000.0,2422000000.0,75000000.0,,,,,12000000.0,200000000.0,1.0,98689315.0,98800000,99500000.0,24.514,6415000000.0,129000000.0,7000000.0,0.0,64.929,456000000.0
13,NAV,MRQ,2017-12-31,2018-01-31,2018-01-31,2021-06-08,-2154000000.0,5969000000.0,,3958000000.0,2011000000.0,,-46.521,-79000000.0,787000000.0,787000000.0,1532000000.0,-66000000.0,1.217,-2.3,5121000000.0,953000000.0,4168000000.0,5121000000.0,0.0,55000000.0,0.0,0.0,0.0,21000000.0,76000000.0,0.04,76000000.0,21000000.0,-58000000.0,-0.74,-0.74,-0.74,-4587000000.0,,-4587000000.0,8729755982.0,22.0,14.382,-155000000.0,-1.572,1.0,373000000.0,0.196,76000000.0,79000000.0,6974000000.0,,998000000.0,2004000000.0,1710000000.0,294000000.0,10552000000.0,3253000000.0,7299000000.0,4511755982.0,-53000000.0,0.0,4000000.0,21000000.0,0.0,6000000.0,15000000.0,94000000.0,-76000000.0,2000000.0,-73000000.0,-73000000.0,-73000000.0,0.0,7000000.0,-0.038,345000000.0,28000000.0,1140000000.0,0.0,-0.984,237.461,183.32,1335000000.0,0.0,45.83,0.512,0.513,340000000.0,-5006000000.0,1905000000.0,1905000000.0,75000000.0,,,,,9000000.0,191000000.0,1.0,98445472.0,98600000,98600000.0,19.32,5893000000.0,129000000.0,15000000.0,0.0,59.767,705000000.0
14,NAV,MRQ,2017-09-30,2017-10-31,2017-10-31,2021-06-08,-2211000000.0,6135000000.0,,4160000000.0,1975000000.0,,-46.383,-47000000.0,840000000.0,840000000.0,2088000000.0,142000000.0,1.141,-2.339,5058000000.0,1169000000.0,3889000000.0,5058000000.0,0.0,54000000.0,0.0,0.0,0.0,224000000.0,278000000.0,0.107,278000000.0,224000000.0,135000000.0,1.47,1.47,1.47,-4578000000.0,,-4578000000.0,8326129711.0,21.0,13.56,230000000.0,2.33,1.0,510000000.0,0.196,78000000.0,89000000.0,6630000000.0,,857000000.0,2211000000.0,1935000000.0,276000000.0,10709000000.0,3645000000.0,7064000000.0,4154129711.0,-183000000.0,5000000.0,8000000.0,-133000000.0,0.0,-130000000.0,-326000000.0,-283000000.0,277000000.0,-4000000.0,135000000.0,135000000.0,135000000.0,0.0,7000000.0,0.052,272000000.0,238000000.0,1292000000.0,0.0,-0.907,138.471,132.219,1326000000.0,0.0,42.31,0.485,0.459,404000000.0,-4933000000.0,2598000000.0,2598000000.0,62000000.0,,,,,9000000.0,97000000.0,1.0,98183165.0,98700000,100700000.0,26.322,6057000000.0,129000000.0,0.0,0.0,61.368,515000000.0
15,NAV,MRQ,2017-06-30,2017-07-31,2017-07-31,2021-06-08,-2412000000.0,6080000000.0,,4082000000.0,1998000000.0,,-50.102,-68000000.0,1048000000.0,1048000000.0,1803000000.0,42000000.0,1.231,-2.234,5220000000.0,965000000.0,4255000000.0,5220000000.0,0.0,57000000.0,0.0,0.0,0.0,128000000.0,185000000.0,0.084,185000000.0,128000000.0,37000000.0,0.38,0.38,0.38,-4925000000.0,,-4925000000.0,7154026391.0,32.0,15.827,-129000000.0,-1.312,1.0,410000000.0,0.185,82000000.0,91000000.0,6855000000.0,,979000000.0,1905000000.0,1619000000.0,286000000.0,11003000000.0,3315000000.0,7688000000.0,3020026391.0,140000000.0,6000000.0,1000000.0,129000000.0,0.0,124000000.0,77000000.0,139000000.0,-61000000.0,0.0,37000000.0,37000000.0,37000000.0,-1000000.0,5000000.0,0.017,287000000.0,123000000.0,1213000000.0,0.0,-0.613,-21.727,-18.536,1333000000.0,0.0,30.77,0.376,0.376,329000000.0,-5068000000.0,2213000000.0,2213000000.0,61000000.0,,,,,7000000.0,233000000.0,1.0,98148404.0,98300000,98600000.0,22.513,5998000000.0,141000000.0,0.0,0.0,61.017,767000000.0
16,NAV,MRQ,2017-03-31,2017-04-30,2017-04-30,2021-06-08,-2579000000.0,5952000000.0,,3947000000.0,2005000000.0,,-54.995,-21000000.0,931000000.0,931000000.0,1776000000.0,-75000000.0,1.264,-2.159,5065000000.0,744000000.0,4321000000.0,5065000000.0,0.0,53000000.0,0.0,0.0,0.0,15000000.0,68000000.0,0.032,68000000.0,15000000.0,-74000000.0,-0.86,-0.86,-0.86,-5131000000.0,,-5131000000.0,6835129740.0,43.0,17.8,-150000000.0,-1.608,1.0,320000000.0,0.153,84000000.0,89000000.0,6880000000.0,,946000000.0,1924000000.0,1637000000.0,287000000.0,11079000000.0,3122000000.0,7957000000.0,2640129740.0,198000000.0,0.0,245000000.0,162000000.0,0.0,397000000.0,-64000000.0,-43000000.0,-129000000.0,-6000000.0,-80000000.0,-80000000.0,-80000000.0,0.0,5000000.0,-0.038,302000000.0,18000000.0,1240000000.0,0.0,-0.515,-12.572,-10.939,1324000000.0,0.0,26.91,0.334,0.317,317000000.0,-5105000000.0,2096000000.0,2096000000.0,65000000.0,,,,,5000000.0,221000000.0,1.0,98109615.0,93300000,93300000.0,22.465,5868000000.0,161000000.0,6000000.0,0.0,62.894,825000000.0
17,NAV,MRQ,2016-12-31,2017-01-31,2017-01-31,2021-06-08,-2617000000.0,5394000000.0,,3449000000.0,1945000000.0,,-65.196,-68000000.0,670000000.0,670000000.0,1370000000.0,-54000000.0,1.247,-2.011,4865000000.0,589000000.0,4276000000.0,4865000000.0,0.0,59000000.0,0.0,0.0,0.0,24000000.0,83000000.0,0.05,83000000.0,24000000.0,-58000000.0,-0.76,-0.76,-0.76,-5333000000.0,,-5333000000.0,6214548296.0,25.0,13.222,-46000000.0,-0.562,1.0,293000000.0,0.176,88000000.0,82000000.0,6735000000.0,,1022000000.0,1614000000.0,1359000000.0,255000000.0,10723000000.0,2766000000.0,7957000000.0,2226548296.0,-231000000.0,-2000000.0,3000000.0,-48000000.0,0.0,-53000000.0,-207000000.0,-137000000.0,22000000.0,7000000.0,-62000000.0,-62000000.0,-62000000.0,0.0,8000000.0,-0.037,264000000.0,29000000.0,1046000000.0,0.0,-0.418,-17.671,-17.594,1290000000.0,0.0,27.27,0.278,0.279,279000000.0,-5025000000.0,1663000000.0,1663000000.0,63000000.0,,,,,7000000.0,200000000.0,1.0,81648269.0,81800000,81800000.0,20.33,5306000000.0,162000000.0,4000000.0,0.0,64.866,683000000.0
18,NAV,MRQ,2016-09-30,2016-10-31,2016-10-31,2021-06-08,-2640000000.0,5653000000.0,,3759000000.0,1894000000.0,,-64.847,-67000000.0,916000000.0,916000000.0,1744000000.0,-26000000.0,1.174,-2.066,4904000000.0,907000000.0,3997000000.0,4904000000.0,0.0,61000000.0,0.0,0.0,0.0,55000000.0,116000000.0,0.056,116000000.0,55000000.0,-26000000.0,-0.42,-0.42,-0.42,-5298000000.0,,-5298000000.0,6157054885.0,23.0,12.617,214000000.0,2.619,1.0,319000000.0,0.155,91000000.0,81000000.0,6347000000.0,,944000000.0,1776000000.0,1503000000.0,273000000.0,10946000000.0,3203000000.0,7743000000.0,1820054885.0,257000000.0,4000000.0,0.0,-130000000.0,0.0,-136000000.0,100000000.0,163000000.0,281000000.0,12000000.0,-34000000.0,-34000000.0,-34000000.0,0.0,8000000.0,-0.016,273000000.0,46000000.0,1113000000.0,0.0,-0.344,-18.763,-18.739,1241000000.0,0.0,22.3,0.224,0.225,292000000.0,-4963000000.0,2063000000.0,2063000000.0,66000000.0,,,,,7000000.0,198000000.0,1.0,81616811.0,81700000,81700000.0,25.251,5562000000.0,161000000.0,8000000.0,0.0,68.078,556000000.0
19,NAV,MRQ,2016-06-30,2016-07-31,2016-07-31,2021-06-08,-2512000000.0,5719000000.0,,3772000000.0,1947000000.0,,-62.876,-43000000.0,728000000.0,728000000.0,1757000000.0,-28000000.0,1.068,-2.113,5065000000.0,1389000000.0,3676000000.0,5065000000.0,0.0,53000000.0,0.0,0.0,0.0,64000000.0,117000000.0,0.056,117000000.0,64000000.0,-20000000.0,-0.42,-0.42,-0.42,-5137000000.0,,-5137000000.0,5543134897.0,22.0,11.645,47000000.0,0.575,1.0,329000000.0,0.158,94000000.0,84000000.0,6429000000.0,,1084000000.0,1813000000.0,1550000000.0,263000000.0,10853000000.0,3533000000.0,7320000000.0,1046134897.0,-42000000.0,-1000000.0,0.0,-137000000.0,0.0,-146000000.0,-1000000.0,43000000.0,90000000.0,15000000.0,-34000000.0,-34000000.0,-34000000.0,0.0,6000000.0,-0.016,276000000.0,53000000.0,1003000000.0,0.0,-0.204,-9.258,-9.29,1257000000.0,0.0,12.82,0.123,0.123,317000000.0,-4929000000.0,2086000000.0,2086000000.0,62000000.0,,,,,2000000.0,197000000.0,1.0,81601786.0,81700000,81700000.0,25.532,5625000000.0,153000000.0,14000000.0,0.0,68.849,239000000.0
20,NAV,MRQ,2016-03-31,2016-04-30,2016-04-30,2021-06-08,-2536000000.0,6188000000.0,,4130000000.0,2058000000.0,,-62.766,-50000000.0,728000000.0,728000000.0,1845000000.0,13000000.0,1.141,-2.205,5225000000.0,1251000000.0,3974000000.0,5225000000.0,0.0,53000000.0,0.0,0.0,0.0,101000000.0,154000000.0,0.07,154000000.0,101000000.0,20000000.0,0.05,0.05,0.05,-5128000000.0,,-5128000000.0,5633238883.0,23.0,11.591,-52000000.0,-0.636,1.0,352000000.0,0.16,91000000.0,81000000.0,6974000000.0,,1220000000.0,2055000000.0,1780000000.0,275000000.0,11309000000.0,3620000000.0,7689000000.0,1231238883.0,10000000.0,37000000.0,0.0,113000000.0,0.0,104000000.0,-107000000.0,-94000000.0,-2000000.0,15000000.0,4000000.0,4000000.0,4000000.0,0.0,9000000.0,0.002,244000000.0,108000000.0,1146000000.0,0.0,-0.24,-11.507,-11.608,1281000000.0,0.0,15.09,0.137,0.137,383000000.0,-4895000000.0,2197000000.0,2197000000.0,61000000.0,,,,,6000000.0,202000000.0,1.0,81593034.0,81700000,82000000.0,26.891,6097000000.0,164000000.0,16000000.0,0.0,74.627,510000000.0
21,NAV,MRQ,2015-12-31,2016-01-31,2016-01-31,2021-06-08,-2601000000.0,5980000000.0,,3939000000.0,2041000000.0,,-63.611,-64000000.0,697000000.0,697000000.0,1466000000.0,-24000000.0,1.037,-2.149,5099000000.0,1492000000.0,3607000000.0,5099000000.0,0.0,58000000.0,0.0,0.0,0.0,43000000.0,101000000.0,0.057,101000000.0,43000000.0,-38000000.0,-0.4,-0.4,-0.4,-5197000000.0,,-5197000000.0,4857831488.0,28.0,11.167,-166000000.0,-2.032,1.0,299000000.0,0.169,90000000.0,81000000.0,6492000000.0,,1269000000.0,1845000000.0,1583000000.0,262000000.0,11170000000.0,3800000000.0,7370000000.0,592831488.0,-333000000.0,-1000000.0,0.0,-166000000.0,0.0,-175000000.0,-59000000.0,6000000.0,-102000000.0,3000000.0,-33000000.0,-33000000.0,-33000000.0,0.0,9000000.0,-0.019,268000000.0,31000000.0,1031000000.0,0.0,-0.114,-3.388,-3.413,1304000000.0,0.0,7.27,0.063,0.063,352000000.0,-4899000000.0,1765000000.0,1765000000.0,58000000.0,,,,,1000000.0,205000000.0,1.0,81544909.0,81700000,81700000.0,21.603,5890000000.0,157000000.0,-5000000.0,0.0,72.093,139000000.0
22,NAV,MRQ,2015-09-30,2015-10-31,2015-10-31,2021-06-08,-2601000000.0,6649000000.0,,4620000000.0,2029000000.0,,-63.089,-58000000.0,1033000000.0,1033000000.0,2093000000.0,-40000000.0,1.22,-2.285,5255000000.0,1108000000.0,4147000000.0,5255000000.0,0.0,60000000.0,0.0,0.0,0.0,44000000.0,104000000.0,0.042,104000000.0,44000000.0,-36000000.0,-0.61,-0.61,-0.61,-5167000000.0,,-5167000000.0,5385723134.0,31.0,11.837,2000000.0,0.024,1.0,395000000.0,0.159,95000000.0,80000000.0,6990000000.0,,1135000000.0,2220000000.0,1938000000.0,282000000.0,11809000000.0,3786000000.0,8023000000.0,1002723134.0,365000000.0,1000000.0,0.0,9000000.0,0.0,12000000.0,311000000.0,368000000.0,60000000.0,-18000000.0,-50000000.0,-50000000.0,-50000000.0,-1000000.0,10000000.0,-0.02,335000000.0,60000000.0,1301000000.0,0.0,-0.194,-5.45,-5.467,1345000000.0,0.0,12.3,0.099,0.099,442000000.0,-4866000000.0,2488000000.0,2488000000.0,62000000.0,,,,,2000000.0,204000000.0,1.0,81522206.0,81900000,81900000.0,30.379,6554000000.0,164000000.0,14000000.0,14000000.0,80.024,834000000.0
23,NAV,MRQ,2015-06-30,2015-07-31,2015-07-31,2021-06-08,-2298000000.0,6769000000.0,,4622000000.0,2147000000.0,,-59.032,-58000000.0,904000000.0,904000000.0,2172000000.0,-21000000.0,1.233,-2.404,5287000000.0,1090000000.0,4197000000.0,5287000000.0,0.0,68000000.0,0.0,0.0,0.0,59000000.0,127000000.0,0.05,127000000.0,59000000.0,-16000000.0,-0.34,-0.34,-0.34,-4817000000.0,,-4817000000.0,5937524172.0,43.0,13.618,165000000.0,2.022,1.0,366000000.0,0.144,105000000.0,75000000.0,7298000000.0,,1199000000.0,2314000000.0,2030000000.0,284000000.0,11578000000.0,3749000000.0,7829000000.0,1429524172.0,-36000000.0,0.0,0.0,103000000.0,0.0,69000000.0,-327000000.0,-265000000.0,223000000.0,-1000000.0,-28000000.0,-28000000.0,-28000000.0,-2000000.0,7000000.0,-0.011,311000000.0,55000000.0,1326000000.0,0.0,-0.297,-6.939,-6.988,1375000000.0,0.0,17.54,0.134,0.134,444000000.0,-4816000000.0,2538000000.0,2538000000.0,71000000.0,,,,,0.0,220000000.0,1.0,81500808.0,81600000,81600000.0,31.103,6664000000.0,163000000.0,12000000.0,14000000.0,81.667,873000000.0
24,NAV,MRQ,2015-03-31,2015-04-30,2015-04-30,2021-06-08,-2284000000.0,6925000000.0,,4776000000.0,2149000000.0,,-58.517,-34000000.0,696000000.0,696000000.0,2360000000.0,-57000000.0,1.192,-2.444,5204000000.0,1211000000.0,3993000000.0,5204000000.0,0.0,74000000.0,0.0,0.0,0.0,29000000.0,103000000.0,0.038,103000000.0,29000000.0,-46000000.0,-0.78,-0.78,-0.78,-4775000000.0,,-4775000000.0,6789326432.0,40.0,14.445,-60000000.0,-0.735,1.0,333000000.0,0.124,112000000.0,75000000.0,7315000000.0,,1245000000.0,2495000000.0,2202000000.0,293000000.0,11669000000.0,4006000000.0,7663000000.0,2441326432.0,-37000000.0,7000000.0,1000000.0,133000000.0,0.0,126000000.0,-125000000.0,-98000000.0,-26000000.0,-12000000.0,-64000000.0,-64000000.0,-64000000.0,0.0,7000000.0,-0.024,326000000.0,7000000.0,1450000000.0,0.0,-0.511,-13.563,-13.68,1407000000.0,0.0,29.96,0.223,0.223,520000000.0,-4788000000.0,2693000000.0,2693000000.0,76000000.0,,,,,6000000.0,243000000.0,1.0,81486196.0,81600000,81600000.0,33.002,6813000000.0,172000000.0,18000000.0,14000000.0,83.493,770000000.0
25,NAV,MRQ,2014-12-31,2015-01-31,2015-01-31,2021-06-08,-2290000000.0,6785000000.0,,4523000000.0,2262000000.0,,-57.914,-26000000.0,735000000.0,735000000.0,2045000000.0,-33000000.0,1.229,-2.431,5083000000.0,1041000000.0,4042000000.0,5083000000.0,0.0,79000000.0,0.0,0.0,0.0,42000000.0,121000000.0,0.05,121000000.0,42000000.0,-35000000.0,-0.52,-0.52,-0.52,-4720000000.0,,-4720000000.0,6953221592.0,-118.0,26.14,-237000000.0,-2.908,1.0,376000000.0,0.155,121000000.0,77000000.0,7333000000.0,,1352000000.0,2153000000.0,1835000000.0,318000000.0,11473000000.0,3679000000.0,7794000000.0,2395221592.0,123000000.0,0.0,0.0,-97000000.0,0.0,-109000000.0,457000000.0,483000000.0,-211000000.0,-14000000.0,-42000000.0,-42000000.0,-42000000.0,0.0,9000000.0,-0.017,330000000.0,46000000.0,1330000000.0,0.0,-0.507,-5.8,-5.814,1474000000.0,0.0,29.42,0.217,0.218,512000000.0,-4724000000.0,2421000000.0,2421000000.0,79000000.0,,,,,2000000.0,241000000.0,1.0,81414738.0,81500000,81500000.0,29.706,6664000000.0,173000000.0,7000000.0,14000000.0,81.767,844000000.0
26,NAV,MRQ,2014-09-30,2014-10-31,2014-10-31,2021-06-08,-2263000000.0,7443000000.0,,5013000000.0,2430000000.0,,-56.965,-60000000.0,668000000.0,668000000.0,2635000000.0,-62000000.0,1.185,-2.592,5226000000.0,1295000000.0,3931000000.0,5226000000.0,0.0,76000000.0,0.0,0.0,0.0,9000000.0,85000000.0,0.028,85000000.0,9000000.0,-71000000.0,-0.87,-0.87,-0.87,-4654000000.0,,-4654000000.0,7416056688.0,-27.0,139.926,-52000000.0,-0.636,1.0,373000000.0,0.124,128000000.0,80000000.0,7642000000.0,,1319000000.0,2716000000.0,2363000000.0,353000000.0,12061000000.0,4231000000.0,7830000000.0,2878056688.0,-50000000.0,8000000.0,1000000.0,54000000.0,0.0,45000000.0,-89000000.0,-37000000.0,8000000.0,-14000000.0,-72000000.0,-72000000.0,-72000000.0,0.0,10000000.0,-0.024,365000000.0,8000000.0,1564000000.0,0.0,-0.618,-4.65,-4.654,1562000000.0,0.0,35.37,0.266,0.266,578000000.0,-4682000000.0,3008000000.0,3008000000.0,78000000.0,,,,,4000000.0,262000000.0,1.0,81369994.0,81700000,81700000.0,36.818,7315000000.0,200000000.0,1000000.0,14000000.0,89.535,782000000.0
27,NAV,MRQ,2014-06-30,2014-07-31,2014-07-31,2021-06-08,-1758000000.0,7702000000.0,,5143000000.0,2559000000.0,,-50.147,-36000000.0,668000000.0,668000000.0,2417000000.0,8000000.0,1.28,-2.878,5206000000.0,1020000000.0,4186000000.0,5206000000.0,0.0,71000000.0,0.0,0.0,0.0,90000000.0,161000000.0,0.057,161000000.0,90000000.0,12000000.0,-0.02,-0.02,-0.02,-4082000000.0,,-4082000000.0,7256325279.0,-12.0,-29.985,-54000000.0,-0.663,1.0,427000000.0,0.15,136000000.0,78000000.0,8087000000.0,,1462000000.0,2699000000.0,2325000000.0,374000000.0,11748000000.0,4017000000.0,7731000000.0,2860325279.0,-47000000.0,1000000.0,0.0,111000000.0,0.0,101000000.0,-128000000.0,-93000000.0,-18000000.0,-2000000.0,-2000000.0,-2000000.0,-2000000.0,0.0,10000000.0,-0.001,341000000.0,86000000.0,1572000000.0,0.0,-0.701,-4.08,-4.071,1657000000.0,0.0,35.17,0.271,0.271,594000000.0,-4610000000.0,2844000000.0,2844000000.0,80000000.0,,,,,0.0,241000000.0,1.0,81328555.0,81400000,81400000.0,34.939,7566000000.0,192000000.0,14000000.0,14000000.0,92.948,1126000000.0
28,NAV,MRQ,2014-03-31,2014-04-30,2014-04-30,2021-06-08,-1788000000.0,7727000000.0,,5122000000.0,2605000000.0,,-50.467,-78000000.0,706000000.0,706000000.0,2468000000.0,-286000000.0,1.264,-2.872,5102000000.0,956000000.0,4146000000.0,5102000000.0,0.0,99000000.0,0.0,0.0,0.0,-200000000.0,-101000000.0,-0.037,-101000000.0,-200000000.0,-274000000.0,-3.65,-3.65,-3.65,-4108000000.0,,-4108000000.0,7285285891.0,-9.0,-15.501,-311000000.0,-3.821,1.0,278000000.0,0.101,142000000.0,74000000.0,7929000000.0,,1384000000.0,2627000000.0,2247000000.0,380000000.0,11799000000.0,4052000000.0,7747000000.0,3083285891.0,45000000.0,7000000.0,2000000.0,247000000.0,0.0,239000000.0,28000000.0,99000000.0,-233000000.0,11000000.0,-297000000.0,-297000000.0,-297000000.0,-1000000.0,11000000.0,-0.108,471000000.0,-193000000.0,1569000000.0,0.0,-0.751,-3.259,-3.247,1693000000.0,0.0,37.93,0.292,0.292,658000000.0,-4608000000.0,2746000000.0,2746000000.0,83000000.0,,,,,7000000.0,237000000.0,1.0,81288845.0,81400000,81400000.0,33.735,7585000000.0,192000000.0,23000000.0,14000000.0,93.182,1070000000.0
29,NAV,MRQ,2013-12-31,2014-01-31,2014-01-31,2021-06-08,-1861000000.0,7654000000.0,,4898000000.0,2756000000.0,,-48.177,-60000000.0,664000000.0,664000000.0,2014000000.0,-239000000.0,1.152,-2.948,4866000000.0,1259000000.0,3607000000.0,4866000000.0,0.0,86000000.0,0.0,0.0,0.0,-178000000.0,-92000000.0,-0.042,-92000000.0,-178000000.0,-260000000.0,-3.05,-3.05,-3.05,-3912000000.0,,-3912000000.0,6744853967.0,-8.0,-13.793,-153000000.0,-1.884,1.0,194000000.0,0.088,282000000.0,82000000.0,7321000000.0,,1382000000.0,2469000000.0,2091000000.0,378000000.0,11531000000.0,4253000000.0,7278000000.0,2501853967.0,-206000000.0,-2000000.0,16000000.0,-202000000.0,0.0,-206000000.0,114000000.0,176000000.0,-93000000.0,-21000000.0,-248000000.0,-248000000.0,-248000000.0,-1000000.0,9000000.0,-0.112,364000000.0,-170000000.0,1430000000.0,0.0,-0.64,-2.446,-2.431,1700000000.0,0.0,30.82,0.242,0.242,581000000.0,-4311000000.0,2208000000.0,2208000000.0,90000000.0,,,,,5000000.0,239000000.0,1.0,81176313.0,81200000,81200000.0,27.192,7372000000.0,229000000.0,-12000000.0,25000000.0,90.788,645000000.0
30,NAV,MRQ,2013-09-30,2013-10-31,2013-10-31,2021-06-08,-1824000000.0,8315000000.0,,5459000000.0,2856000000.0,,-45.386,-109000000.0,846000000.0,846000000.0,2565000000.0,-134000000.0,1.281,-3.266,5089000000.0,1163000000.0,3926000000.0,5089000000.0,0.0,87000000.0,0.0,0.0,0.0,-297000000.0,-210000000.0,-0.076,-210000000.0,-297000000.0,-378000000.0,-1.92,-1.92,-1.92,-3649000000.0,,-3649000000.0,7041103382.0,-9.0,-21.272,-43000000.0,-0.535,1.0,186000000.0,0.068,322000000.0,81000000.0,7975000000.0,,1210000000.0,2842000000.0,2427000000.0,415000000.0,11916000000.0,4261000000.0,7655000000.0,2908103382.0,330000000.0,33000000.0,3000000.0,388000000.0,0.0,379000000.0,-119000000.0,-43000000.0,66000000.0,4000000.0,-154000000.0,-154000000.0,-154000000.0,0.0,20000000.0,-0.056,532000000.0,-346000000.0,1502000000.0,0.0,-0.797,-3.238,-3.237,1741000000.0,0.0,36.16,0.27,0.27,766000000.0,-4063000000.0,2751000000.0,2751000000.0,96000000.0,,,,,5000000.0,310000000.0,1.0,80423213.0,80400000,80400000.0,34.216,7993000000.0,231000000.0,-224000000.0,33000000.0,99.415,1198000000.0
31,NAV,MRQ,2013-06-30,2013-07-31,2013-07-31,2021-06-08,-2279000000.0,8241000000.0,,5264000000.0,2977000000.0,,-49.28,-82000000.0,595000000.0,595000000.0,2547000000.0,-237000000.0,1.338,-3.065,4728000000.0,820000000.0,3908000000.0,4728000000.0,0.0,88000000.0,0.0,0.0,0.0,-155000000.0,-67000000.0,-0.023,-67000000.0,-155000000.0,-231000000.0,-3.06,-3.06,-3.06,-3972000000.0,,-3972000000.0,6908623391.0,-7.0,-12.142,-5000000.0,-0.062,1.0,314000000.0,0.11,398000000.0,76000000.0,8041000000.0,,1336000000.0,2759000000.0,2298000000.0,461000000.0,12174000000.0,3935000000.0,8239000000.0,2745623391.0,-80000000.0,-5000000.0,1000000.0,-19000000.0,0.0,-28000000.0,-115000000.0,-28000000.0,77000000.0,-14000000.0,-247000000.0,-247000000.0,-247000000.0,0.0,10000000.0,-0.086,452000000.0,-138000000.0,1546000000.0,0.0,-0.691,-0.782,-0.693,1714000000.0,0.0,34.15,0.245,0.246,807000000.0,-3909000000.0,2861000000.0,2861000000.0,99000000.0,,,,,5000000.0,308000000.0,1.0,80398928.0,80600000,80600000.0,35.496,7843000000.0,249000000.0,16000000.0,38000000.0,97.308,1329000000.0
32,NAV,MRQ,2013-03-31,2013-04-30,2013-04-30,2021-06-08,-2227000000.0,8723000000.0,,5569000000.0,3154000000.0,,-45.734,-282000000.0,622000000.0,622000000.0,2363000000.0,-365000000.0,1.39,-3.362,4785000000.0,779000000.0,4006000000.0,4785000000.0,0.0,142000000.0,0.0,0.0,0.0,-262000000.0,-120000000.0,-0.048,-120000000.0,-262000000.0,-352000000.0,-4.65,-4.65,-4.65,-3677000000.0,,-3677000000.0,6520403302.0,-8.0,-14.144,-391000000.0,-4.863,1.0,163000000.0,0.065,432000000.0,90000000.0,8447000000.0,,1476000000.0,2877000000.0,2397000000.0,480000000.0,12361000000.0,4007000000.0,8354000000.0,2653403302.0,8000000.0,30000000.0,7000000.0,346000000.0,0.0,345000000.0,-229000000.0,23000000.0,-109000000.0,1000000.0,-374000000.0,-374000000.0,-374000000.0,0.0,9000000.0,-0.148,399000000.0,-236000000.0,1621000000.0,0.0,-0.722,-0.834,-0.736,1776000000.0,0.0,33.12,0.229,0.23,875000000.0,-3662000000.0,2526000000.0,2526000000.0,100000000.0,,,,,9000000.0,312000000.0,1.0,80114834.0,80400000,80400000.0,31.418,8291000000.0,256000000.0,22000000.0,41000000.0,103.122,1562000000.0
33,NAV,MRQ,2012-12-31,2013-01-31,2013-01-31,2021-06-08,-2269000000.0,8531000000.0,,5416000000.0,3115000000.0,,-41.883,-101000000.0,599000000.0,599000000.0,2286000000.0,-108000000.0,1.389,-3.525,4466000000.0,936000000.0,3530000000.0,4466000000.0,0.0,100000000.0,0.0,0.0,0.0,-34000000.0,66000000.0,0.025,66000000.0,-34000000.0,-108000000.0,-1.53,-1.53,-1.53,-3359000000.0,,-3359000000.0,5616054421.0,-7.0,-11.415,-35000000.0,-0.436,1.0,351000000.0,0.133,449000000.0,74000000.0,8050000000.0,,1520000000.0,2824000000.0,2315000000.0,509000000.0,11840000000.0,3899000000.0,7941000000.0,2088054421.0,-590000000.0,0.0,15000000.0,-305000000.0,0.0,-303000000.0,-347000000.0,-246000000.0,66000000.0,-6000000.0,-123000000.0,-123000000.0,-123000000.0,0.0,15000000.0,-0.047,360000000.0,-9000000.0,1547000000.0,0.0,-0.622,-0.701,-0.608,1643000000.0,0.0,26.09,0.169,0.17,841000000.0,-3288000000.0,2637000000.0,2637000000.0,111000000.0,,,,,5000000.0,285000000.0,1.0,80032749.0,80200000,80200000.0,32.88,8082000000.0,264000000.0,15000000.0,39000000.0,100.773,1517000000.0
34,NAV,MRQ,2012-09-30,2012-10-31,2012-10-31,2021-06-08,-2325000000.0,9102000000.0,,5837000000.0,3265000000.0,,-47.902,-65000000.0,1248000000.0,1248000000.0,3051000000.0,-2756000000.0,1.341,-3.735,4776000000.0,1205000000.0,3571000000.0,4776000000.0,0.0,77000000.0,0.0,0.0,0.0,-525000000.0,-448000000.0,-0.141,-448000000.0,-525000000.0,-602000000.0,-40.07,-40.07,-40.07,-3310000000.0,,-3310000000.0,4877042850.0,-5.0,-7.526,199000000.0,2.88,1.0,128000000.0,0.04,451000000.0,77000000.0,7826000000.0,,1537000000.0,2677000000.0,2129000000.0,548000000.0,12362000000.0,4353000000.0,8009000000.0,1286042850.0,540000000.0,-24000000.0,192000000.0,364000000.0,0.0,544000000.0,-278000000.0,-189000000.0,264000000.0,10000000.0,-2769000000.0,-2769000000.0,-2769000000.0,0.0,13000000.0,-0.871,600000000.0,-472000000.0,1686000000.0,0.0,-0.389,-0.427,-0.43,1660000000.0,0.0,18.75,0.101,0.102,843000000.0,-3165000000.0,3179000000.0,3179000000.0,130000000.0,,,,,3000000.0,370000000.0,1.0,68588952.0,69100000,69100000.0,46.006,8651000000.0,263000000.0,2167000000.0,42000000.0,125.195,1484000000.0
35,NAV,MRQ,2012-06-30,2012-07-31,2012-07-31,2021-06-08,-2020000000.0,11143000000.0,,6115000000.0,5028000000.0,,-5.924,-89000000.0,826000000.0,826000000.0,2800000000.0,96000000.0,1.35,-28.258,4417000000.0,1416000000.0,3001000000.0,4417000000.0,0.0,86000000.0,0.0,0.0,0.0,-45000000.0,41000000.0,0.013,41000000.0,-45000000.0,-104000000.0,1.22,1.22,1.22,-407000000.0,,-407000000.0,5643254945.0,-63.0,23.612,208000000.0,3.028,1.0,446000000.0,0.137,459000000.0,59000000.0,9745000000.0,,1877000000.0,2540000000.0,1971000000.0,569000000.0,11501000000.0,4530000000.0,6971000000.0,1686254945.0,147000000.0,-3000000.0,0.0,-87000000.0,0.0,-97000000.0,-49000000.0,43000000.0,297000000.0,-4000000.0,84000000.0,84000000.0,84000000.0,0.0,12000000.0,0.026,473000000.0,-27000000.0,1816000000.0,0.0,-4.143,120.447,410.0,1646000000.0,0.0,24.6,0.125,0.125,932000000.0,-396000000.0,3246000000.0,3246000000.0,135000000.0,,,,,2000000.0,322000000.0,1.0,68546949.0,68700000,68900000.0,47.249,10684000000.0,2406000000.0,-188000000.0,56000000.0,155.517,1585000000.0
36,NAV,MRQ,2012-03-31,2012-04-30,2012-04-30,2021-06-08,-1982000000.0,11384000000.0,,6378000000.0,5006000000.0,,-6.623,-72000000.0,545000000.0,545000000.0,2900000000.0,-162000000.0,1.351,-25.914,4502000000.0,1509000000.0,2993000000.0,4502000000.0,0.0,82000000.0,0.0,0.0,0.0,-233000000.0,-151000000.0,-0.046,-151000000.0,-233000000.0,-295000000.0,-2.5,-2.5,-2.5,-455000000.0,,-455000000.0,6221417401.0,-135.0,22.14,-142000000.0,-2.067,1.0,361000000.0,0.111,473000000.0,62000000.0,10148000000.0,,1948000000.0,3035000000.0,2403000000.0,632000000.0,11791000000.0,4720000000.0,7071000000.0,2326417401.0,-88000000.0,-14000000.0,-4000000.0,-16000000.0,0.0,-32000000.0,24000000.0,112000000.0,-70000000.0,-10000000.0,-172000000.0,-172000000.0,-172000000.0,0.0,10000000.0,-0.053,546000000.0,-185000000.0,1927000000.0,0.0,-5.113,1.749,1.892,1690000000.0,0.0,33.95,0.168,0.169,959000000.0,-480000000.0,3261000000.0,3261000000.0,132000000.0,,,,,2000000.0,372000000.0,1.0,68524813.0,68700000,68700000.0,47.467,10911000000.0,2238000000.0,-123000000.0,59000000.0,158.821,1658000000.0
37,NAV,MRQ,2011-12-31,2012-01-31,2012-01-31,2021-06-08,-1934000000.0,11503000000.0,,6459000000.0,5044000000.0,,-3.376,-126000000.0,643000000.0,643000000.0,2650000000.0,-140000000.0,1.53,-49.547,4538000000.0,1097000000.0,3441000000.0,4538000000.0,0.0,78000000.0,0.0,0.0,0.0,-168000000.0,-90000000.0,-0.03,-90000000.0,-168000000.0,-229000000.0,-2.19,-2.19,-2.19,-236000000.0,,-236000000.0,7033373498.0,21.0,10.754,-7000000.0,-0.1,1.0,359000000.0,0.119,539000000.0,61000000.0,10638000000.0,,1916000000.0,3116000000.0,2394000000.0,722000000.0,11693000000.0,4221000000.0,7472000000.0,3038373498.0,-51000000.0,-12000000.0,-69000000.0,-384000000.0,0.0,-478000000.0,301000000.0,451000000.0,119000000.0,7000000.0,-153000000.0,-153000000.0,-153000000.0,0.0,13000000.0,-0.051,498000000.0,-139000000.0,1861000000.0,0.0,-12.874,1.928,2.018,1671000000.0,0.0,43.29,0.218,0.218,978000000.0,-308000000.0,3009000000.0,3009000000.0,135000000.0,,,,,12000000.0,355000000.0,1.0,70186498.0,69900000,69900000.0,43.047,10964000000.0,2114000000.0,-76000000.0,66000000.0,156.853,2238000000.0
38,NAV,MRQ,2011-09-30,2011-10-31,2011-10-31,2021-06-08,-1944000000.0,12291000000.0,,7235000000.0,5056000000.0,,-0.374,-169000000.0,866000000.0,866000000.0,3107000000.0,275000000.0,1.508,-454.185,4861000000.0,1379000000.0,3482000000.0,4861000000.0,0.0,83000000.0,0.0,0.0,0.0,356000000.0,439000000.0,0.11,439000000.0,356000000.0,296000000.0,3.53,3.6,3.53,-27000000.0,,-27000000.0,7010075096.0,13.0,7.957,172000000.0,2.382,1.0,899000000.0,0.224,553000000.0,60000000.0,10935000000.0,,1714000000.0,3691000000.0,2916000000.0,775000000.0,12263000000.0,4798000000.0,7465000000.0,3053075096.0,95000000.0,-7000000.0,-110000000.0,337000000.0,0.0,217000000.0,-453000000.0,-266000000.0,341000000.0,-10000000.0,255000000.0,255000000.0,255000000.0,0.0,20000000.0,0.064,433000000.0,466000000.0,2122000000.0,0.0,-113.077,1.772,1.778,1570000000.0,0.0,42.07,0.224,0.225,1341000000.0,-155000000.0,4006000000.0,4006000000.0,113000000.0,,,,,3000000.0,401000000.0,1.0,72571312.0,72200000,73100000.0,55.485,11738000000.0,2057000000.0,41000000.0,59000000.0,162.576,2437000000.0
39,NAV,MRQ,2011-06-30,2011-07-31,2011-07-31,2021-06-08,-1066000000.0,11178000000.0,,6602000000.0,4576000000.0,,9.7,-114000000.0,603000000.0,603000000.0,2930000000.0,1409000000.0,1.74,14.657,4560000000.0,754000000.0,3806000000.0,4560000000.0,0.0,84000000.0,0.0,0.0,0.0,-1000000.0,83000000.0,0.023,83000000.0,-1000000.0,-63000000.0,19.1,18.24,19.1,711000000.0,,711000000.0,8067113541.0,26.0,12.684,199000000.0,2.715,1.0,607000000.0,0.172,559000000.0,62000000.0,10782000000.0,,1731000000.0,3526000000.0,2616000000.0,910000000.0,10421000000.0,3794000000.0,6627000000.0,3733113541.0,54000000.0,-21000000.0,-3000000.0,-245000000.0,0.0,-259000000.0,4000000.0,147000000.0,313000000.0,-4000000.0,1400000000.0,1400000000.0,1400000000.0,0.0,9000000.0,0.396,577000000.0,30000000.0,1921000000.0,0.0,5.251,2.469,2.485,1492000000.0,0.0,51.31,0.287,0.289,1136000000.0,-410000000.0,3537000000.0,3537000000.0,141000000.0,,,,,2000000.0,334000000.0,1.0,72756062.0,73300000,76800000.0,48.254,10619000000.0,1572000000.0,-1463000000.0,72000000.0,144.87,2808000000.0
40,NAV,MRQ,2011-03-31,2011-04-30,2011-04-30,2021-06-08,-1056000000.0,9966000000.0,,6200000000.0,3766000000.0,,-11.123,-90000000.0,578000000.0,578000000.0,2701000000.0,88000000.0,1.415,-13.111,4912000000.0,1370000000.0,3542000000.0,4912000000.0,0.0,81000000.0,0.0,0.0,0.0,141000000.0,222000000.0,0.066,222000000.0,141000000.0,79000000.0,1.01,0.93,1.01,-812000000.0,,-812000000.0,9082645981.0,18.0,11.009,131000000.0,1.795,1.0,654000000.0,0.195,617000000.0,62000000.0,9302000000.0,,1721000000.0,3772000000.0,2721000000.0,1051000000.0,10646000000.0,4381000000.0,6265000000.0,5031645981.0,-9000000.0,5000000.0,13000000.0,199000000.0,0.0,199000000.0,-437000000.0,-345000000.0,221000000.0,8000000.0,74000000.0,74000000.0,74000000.0,0.0,14000000.0,0.022,483000000.0,171000000.0,1907000000.0,0.0,-6.197,21.972,22.0,1486000000.0,0.0,69.52,0.396,0.4,1097000000.0,-1810000000.0,3355000000.0,3355000000.0,137000000.0,,,,,11000000.0,354000000.0,1.0,72376956.0,73000000,78600000.0,45.959,9349000000.0,110000000.0,5000000.0,94000000.0,128.068,1819000000.0
41,NAV,MRQ,2010-12-31,2011-01-31,2011-01-31,2021-06-08,-1118000000.0,9279000000.0,,5457000000.0,3822000000.0,,-12.152,-95000000.0,570000000.0,570000000.0,2199000000.0,6000000.0,1.579,-11.477,4621000000.0,748000000.0,3873000000.0,4621000000.0,0.0,80000000.0,0.0,0.0,0.0,57000000.0,137000000.0,0.05,137000000.0,57000000.0,-6000000.0,-0.08,-0.08,-0.08,-881000000.0,,-881000000.0,8772706868.0,19.0,11.261,-90000000.0,-1.241,1.0,544000000.0,0.198,612000000.0,63000000.0,9263000000.0,,1649000000.0,3298000000.0,2180000000.0,1118000000.0,10111000000.0,3455000000.0,6656000000.0,4659706868.0,-186000000.0,-27000000.0,15000000.0,-253000000.0,0.0,-257000000.0,63000000.0,185000000.0,5000000.0,3000000.0,-6000000.0,-6000000.0,-6000000.0,0.0,12000000.0,-0.002,458000000.0,86000000.0,1627000000.0,0.0,-5.289,23.534,23.496,1470000000.0,0.0,64.85,0.386,0.389,934000000.0,-1884000000.0,2743000000.0,2743000000.0,129000000.0,,,,,20000000.0,318000000.0,1.0,71853614.0,72500000,72500000.0,37.834,8667000000.0,157000000.0,0.0,142000000.0,119.545,2002000000.0
42,NAV,MRQ,2010-09-30,2010-10-31,2010-10-31,2021-06-08,-1196000000.0,9730000000.0,,5835000000.0,3895000000.0,,-13.625,-78000000.0,765000000.0,765000000.0,2765000000.0,50000000.0,1.626,-10.86,4878000000.0,632000000.0,4246000000.0,4878000000.0,0.0,80000000.0,0.0,0.0,0.0,114000000.0,194000000.0,0.058,194000000.0,114000000.0,50000000.0,0.62,0.61,0.62,-981000000.0,,-981000000.0,7380555577.0,15.0,9.056,365000000.0,5.069,1.0,607000000.0,0.18,586000000.0,64000000.0,9668000000.0,,1568000000.0,3604000000.0,2356000000.0,1248000000.0,10654000000.0,3589000000.0,7065000000.0,3454555577.0,70000000.0,-11000000.0,2000000.0,-163000000.0,0.0,-173000000.0,-203000000.0,-111000000.0,443000000.0,3000000.0,44000000.0,44000000.0,44000000.0,0.0,6000000.0,0.013,421000000.0,186000000.0,1827000000.0,0.0,-3.521,15.491,15.492,1442000000.0,0.0,48.18,0.284,0.284,1031000000.0,-1878000000.0,3372000000.0,3372000000.0,126000000.0,,,,,4000000.0,331000000.0,1.0,71701029.0,72000000,73500000.0,46.833,9144000000.0,146000000.0,6000000.0,142000000.0,127.0,2246000000.0
43,NAV,MRQ,2010-06-30,2010-07-31,2010-07-31,2021-06-08,-1304000000.0,9418000000.0,,5469000000.0,3949000000.0,,-15.347,-81000000.0,869000000.0,869000000.0,2525000000.0,129000000.0,1.582,-9.464,4795000000.0,661000000.0,4134000000.0,4795000000.0,0.0,78000000.0,0.0,0.0,0.0,194000000.0,272000000.0,0.084,272000000.0,194000000.0,136000000.0,1.61,1.56,1.61,-1105000000.0,,-1105000000.0,7466082872.0,14.0,8.825,317000000.0,4.403,1.0,696000000.0,0.216,583000000.0,58000000.0,9303000000.0,,1637000000.0,3388000000.0,2040000000.0,1348000000.0,10458000000.0,3458000000.0,7000000000.0,3702082872.0,7000000.0,-23000000.0,19000000.0,-307000000.0,0.0,-300000000.0,-91000000.0,14000000.0,398000000.0,0.0,117000000.0,117000000.0,117000000.0,0.0,12000000.0,0.036,484000000.0,212000000.0,1680000000.0,0.0,-3.35,13.97,14.014,1453000000.0,0.0,51.71,0.307,0.309,986000000.0,-1888000000.0,3221000000.0,3221000000.0,113000000.0,,,,,4000000.0,380000000.0,1.0,71593171.0,72000000,74300000.0,44.736,8835000000.0,152000000.0,19000000.0,170000000.0,122.708,2011000000.0
44,NAV,MRQ,2010-03-31,2010-04-30,2010-04-30,2021-06-08,-1311000000.0,8940000000.0,,4922000000.0,4018000000.0,,-17.717,-40000000.0,792000000.0,792000000.0,2189000000.0,56000000.0,1.341,-8.014,4556000000.0,1006000000.0,3550000000.0,4556000000.0,0.0,79000000.0,0.0,0.0,0.0,97000000.0,176000000.0,0.064,176000000.0,97000000.0,33000000.0,0.61,0.6,0.61,-1265000000.0,,-1265000000.0,7108469747.0,18.0,9.658,101000000.0,1.415,1.0,554000000.0,0.202,596000000.0,64000000.0,8437000000.0,,1719000000.0,3092000000.0,1595000000.0,1497000000.0,10138000000.0,3671000000.0,6467000000.0,3424469747.0,-182000000.0,-26000000.0,12000000.0,-271000000.0,0.0,-273000000.0,-53000000.0,13000000.0,141000000.0,3000000.0,43000000.0,43000000.0,43000000.0,0.0,13000000.0,0.016,478000000.0,76000000.0,1600000000.0,0.0,-2.707,25.18,25.177,1439000000.0,0.0,48.34,0.302,0.304,792000000.0,-2025000000.0,2743000000.0,2743000000.0,116000000.0,,,,,6000000.0,359000000.0,1.0,70841327.0,71400000,72800000.0,38.417,8344000000.0,150000000.0,-10000000.0,170000000.0,116.863,1251000000.0
45,NAV,MRQ,2009-12-31,2010-01-31,2010-01-31,2021-06-08,-1689000000.0,9126000000.0,,4968000000.0,4158000000.0,,-23.75,-57000000.0,1112000000.0,1112000000.0,2262000000.0,32000000.0,1.346,-6.356,4796000000.0,1023000000.0,3773000000.0,4796000000.0,0.0,79000000.0,0.0,0.0,0.0,94000000.0,173000000.0,0.062,173000000.0,94000000.0,27000000.0,0.27,0.26,0.27,-1691000000.0,,-1691000000.0,6337887006.0,17.0,8.73,68000000.0,0.955,1.0,547000000.0,0.195,590000000.0,67000000.0,8529000000.0,,1734000000.0,3050000000.0,1535000000.0,1515000000.0,10748000000.0,3691000000.0,7057000000.0,2615887006.0,-522000000.0,-32000000.0,2000000.0,-537000000.0,0.0,-554000000.0,-87000000.0,13000000.0,125000000.0,-6000000.0,19000000.0,19000000.0,19000000.0,0.0,13000000.0,0.007,434000000.0,113000000.0,1580000000.0,0.0,-1.547,24.913,25.163,1442000000.0,0.0,36.99,0.229,0.231,718000000.0,-2055000000.0,2809000000.0,2809000000.0,109000000.0,,,,,10000000.0,336000000.0,1.0,70718762.0,71200000,72100000.0,39.452,8536000000.0,162000000.0,8000000.0,169000000.0,119.888,1277000000.0
46,NAV,MRQ,2009-09-30,2009-10-31,2009-10-31,2021-06-08,-1690000000.0,10028000000.0,,5748000000.0,4280000000.0,,-24.62,-48000000.0,1697000000.0,1697000000.0,2629000000.0,104000000.0,1.373,-6.695,5305000000.0,1136000000.0,4169000000.0,5305000000.0,0.0,89000000.0,0.0,0.0,0.0,136000000.0,225000000.0,0.068,225000000.0,136000000.0,91000000.0,1.2,1.19,1.2,-1748000000.0,,-1748000000.0,6232697918.0,10.0,6.547,283000000.0,3.986,1.0,656000000.0,0.2,582000000.0,45000000.0,8869000000.0,,1666000000.0,3266000000.0,1706000000.0,1560000000.0,11702000000.0,4185000000.0,7517000000.0,2340697918.0,391000000.0,-39000000.0,5000000.0,167000000.0,0.0,122000000.0,-65000000.0,22000000.0,331000000.0,3000000.0,86000000.0,86000000.0,86000000.0,0.0,18000000.0,0.026,488000000.0,168000000.0,1872000000.0,0.0,-1.339,7.315,7.348,1467000000.0,0.0,33.14,0.202,0.203,881000000.0,-2101000000.0,3285000000.0,3285000000.0,94000000.0,,,,,3000000.0,359000000.0,1.0,70630595.0,71000000,72100000.0,46.268,9446000000.0,164000000.0,5000000.0,142000000.0,133.042,1563000000.0
47,NAV,MRQ,2009-06-30,2009-07-31,2009-07-31,2021-06-08,-1157000000.0,9384000000.0,,4972000000.0,4412000000.0,,-19.096,-52000000.0,1328000000.0,1328000000.0,2119000000.0,-5000000.0,1.038,-7.888,5220000000.0,2063000000.0,3157000000.0,5220000000.0,0.0,88000000.0,0.0,0.0,0.0,74000000.0,162000000.0,0.065,162000000.0,74000000.0,18000000.0,-0.16,-0.16,-0.16,-1352000000.0,,-1352000000.0,7073688334.0,25.0,11.018,368000000.0,5.198,1.0,387000000.0,0.154,566000000.0,56000000.0,7918000000.0,,1731000000.0,3156000000.0,1512000000.0,1644000000.0,10665000000.0,4792000000.0,5873000000.0,2779688334.0,23000000.0,36000000.0,8000000.0,-462000000.0,0.0,-462000000.0,49000000.0,145000000.0,420000000.0,16000000.0,-12000000.0,-12000000.0,-12000000.0,0.0,7000000.0,-0.005,410000000.0,-23000000.0,1567000000.0,0.0,-2.056,-25.502,-24.559,1527000000.0,0.0,39.54,0.229,0.23,698000000.0,-2158000000.0,2506000000.0,2506000000.0,101000000.0,,,,,2000000.0,309000000.0,1.0,70300666.0,70800000,70800000.0,35.395,8818000000.0,116000000.0,30000000.0,109000000.0,124.548,180000000.0
48,NAV,MRQ,2009-03-31,2009-04-30,2009-04-30,2021-06-08,-1252000000.0,9657000000.0,,5049000000.0,4608000000.0,,-20.438,-39000000.0,1369000000.0,1369000000.0,2295000000.0,12000000.0,1.547,-7.664,5663000000.0,579000000.0,5084000000.0,5663000000.0,0.0,88000000.0,0.0,0.0,0.0,78000000.0,166000000.0,0.059,166000000.0,78000000.0,21000000.0,0.16,0.16,0.16,-1447000000.0,,-1447000000.0,7198080876.0,11.0,7.141,124000000.0,1.751,1.0,513000000.0,0.183,498000000.0,57000000.0,10189000000.0,,1646000000.0,3522000000.0,1655000000.0,1867000000.0,11090000000.0,3264000000.0,7826000000.0,2662080876.0,221000000.0,-2000000.0,-25000000.0,232000000.0,0.0,207000000.0,-146000000.0,-105000000.0,163000000.0,-3000000.0,12000000.0,12000000.0,12000000.0,0.0,0.0,0.004,449000000.0,64000000.0,1525000000.0,0.0,-1.84,11.376,11.703,1419000000.0,0.0,37.8,0.196,0.197,827000000.0,-2146000000.0,2808000000.0,2808000000.0,130000000.0,,,,,4000000.0,300000000.0,1.0,70425420.0,70800000,71300000.0,39.661,9159000000.0,121000000.0,9000000.0,97000000.0,129.364,1785000000.0
49,NAV,MRQ,2008-12-31,2009-01-31,2009-01-31,2021-06-08,-1294000000.0,9623000000.0,,5102000000.0,4521000000.0,,-20.881,-52000000.0,893000000.0,893000000.0,2323000000.0,234000000.0,1.366,-7.429,5429000000.0,794000000.0,4635000000.0,5429000000.0,0.0,79000000.0,0.0,0.0,0.0,320000000.0,399000000.0,0.134,399000000.0,320000000.0,227000000.0,3.28,3.27,3.28,-1493000000.0,,-1493000000.0,6962220357.0,8.0,5.57,272000000.0,3.804,1.0,647000000.0,0.218,499000000.0,93000000.0,9925000000.0,,1813000000.0,3752000000.0,1748000000.0,2004000000.0,11092000000.0,3735000000.0,7357000000.0,2163220357.0,-364000000.0,-9000000.0,-4000000.0,-627000000.0,0.0,-631000000.0,-50000000.0,11000000.0,324000000.0,-7000000.0,234000000.0,234000000.0,234000000.0,0.0,0.0,0.079,344000000.0,303000000.0,1680000000.0,0.0,-1.449,4.996,5.003,1447000000.0,0.0,30.37,0.147,0.147,831000000.0,-2158000000.0,2970000000.0,2970000000.0,108000000.0,,,,,7000000.0,376000000.0,1.0,71228856.0,71500000,71600000.0,41.538,9124000000.0,118000000.0,-7000000.0,0.0,127.608,1367000000.0
50,NAV,MRQ,2008-09-30,2008-10-31,2008-10-31,2021-06-08,-943000000.0,10390000000.0,,5535000000.0,4855000000.0,,-20.968,-41000000.0,1418000000.0,1418000000.0,3227000000.0,-343000000.0,1.428,-7.85,6217000000.0,665000000.0,5552000000.0,6217000000.0,0.0,108000000.0,0.0,0.0,0.0,-193000000.0,-85000000.0,-0.022,-85000000.0,-193000000.0,-305000000.0,-4.89,-4.7,-4.89,-1495000000.0,,-1495000000.0,7311786422.0,11.0,6.944,401000000.0,5.624,1.0,643000000.0,0.166,529000000.0,112000000.0,10785000000.0,,1628000000.0,3893000000.0,1789000000.0,2104000000.0,11736000000.0,3875000000.0,7861000000.0,2143786422.0,183000000.0,-5000000.0,3000000.0,-336000000.0,0.0,-333000000.0,93000000.0,141000000.0,442000000.0,-19000000.0,-343000000.0,-343000000.0,-343000000.0,0.0,0.0,-0.089,833000000.0,-190000000.0,2027000000.0,0.0,-1.434,15.998,15.937,1501000000.0,0.0,30.12,0.146,0.145,1056000000.0,-2392000000.0,3870000000.0,3870000000.0,95000000.0,,,,,13000000.0,366000000.0,1.0,71174848.0,71300000,72900000.0,54.278,9861000000.0,116000000.0,38000000.0,103000000.0,138.303,1660000000.0
51,NAV,MRQ,2008-06-30,2008-07-31,2008-07-31,2021-06-08,-105000000.0,11702000000.0,,5723000000.0,5979000000.0,,-4.661,-56000000.0,1365000000.0,1365000000.0,3052000000.0,331000000.0,1.369,-36.021,6678000000.0,803000000.0,5875000000.0,6678000000.0,0.0,99000000.0,0.0,0.0,0.0,429000000.0,528000000.0,0.134,528000000.0,429000000.0,341000000.0,4.68,4.47,4.68,-330000000.0,,-330000000.0,9407427960.0,10.0,7.293,301000000.0,4.251,1.0,899000000.0,0.228,651000000.0,88000000.0,12185000000.0,,1692000000.0,5489000000.0,3066000000.0,2423000000.0,11887000000.0,4179000000.0,7708000000.0,3933427960.0,3000000.0,-7000000.0,26000000.0,-374000000.0,0.0,-348000000.0,5000000.0,67000000.0,357000000.0,-11000000.0,331000000.0,331000000.0,331000000.0,0.0,0.0,0.084,494000000.0,405000000.0,2148000000.0,0.0,-11.919,10.517,10.566,1963000000.0,0.0,56.0,0.28,0.282,0.0,-2048000000.0,3951000000.0,3951000000.0,108000000.0,,,,,0.0,386000000.0,1.0,70239785.0,70800000,74000000.0,55.805,11051000000.0,147000000.0,10000000.0,0.0,156.088,1544000000.0
52,NAV,MRQ,2008-03-31,2008-04-30,2008-04-30,2021-06-08,-146000000.0,11710000000.0,,5597000000.0,6113000000.0,,-10.185,-66000000.0,1410000000.0,1410000000.0,3200000000.0,211000000.0,1.333,-17.162,7022000000.0,856000000.0,6166000000.0,7022000000.0,0.0,97000000.0,0.0,0.0,0.0,311000000.0,408000000.0,0.103,408000000.0,311000000.0,209000000.0,3.0,2.88,3.0,-716000000.0,,-716000000.0,9582044286.0,16.0,9.738,264000000.0,3.755,1.0,749000000.0,0.19,632000000.0,102000000.0,12492000000.0,,1460000000.0,5685000000.0,3180000000.0,2505000000.0,12288000000.0,4198000000.0,8090000000.0,4618044286.0,81000000.0,-1000000.0,0.0,-289000000.0,0.0,-289000000.0,43000000.0,113000000.0,330000000.0,-3000000.0,211000000.0,211000000.0,211000000.0,0.0,0.0,0.053,459000000.0,290000000.0,2139000000.0,0.0,-6.45,118.411,115.351,1980000000.0,0.0,65.75,0.354,0.354,0.0,-2378000000.0,3949000000.0,3949000000.0,99000000.0,,,,,1000000.0,364000000.0,1.0,70236415.0,70300000,73200000.0,56.174,11078000000.0,135000000.0,-2000000.0,0.0,157.582,1399000000.0
53,NAV,MRQ,2007-12-31,2008-01-31,2008-01-31,2021-06-08,-170000000.0,11498000000.0,,5188000000.0,6310000000.0,,-13.528,-32000000.0,1458000000.0,1458000000.0,2463000000.0,-65000000.0,1.341,-12.946,7303000000.0,840000000.0,6463000000.0,7303000000.0,0.0,89000000.0,0.0,0.0,0.0,113000000.0,202000000.0,0.068,202000000.0,113000000.0,-54000000.0,-0.92,-0.92,-0.92,-951000000.0,,-951000000.0,8435083629.0,21.0,10.87,-41000000.0,-0.583,1.0,491000000.0,0.166,627000000.0,167000000.0,12847000000.0,,1502000000.0,5371000000.0,2815000000.0,2556000000.0,12312000000.0,3869000000.0,8443000000.0,3471083629.0,-183000000.0,16000000.0,0.0,294000000.0,0.0,294000000.0,-474000000.0,-460000000.0,-9000000.0,6000000.0,-65000000.0,-65000000.0,-65000000.0,0.0,0.0,-0.022,403000000.0,88000000.0,1786000000.0,0.0,-3.65,-17.62,-17.713,2006000000.0,0.0,49.42,0.287,0.287,0.0,-2589000000.0,2954000000.0,2954000000.0,82000000.0,,,,,1000000.0,321000000.0,1.0,70236415.0,70300000,70300000.0,42.02,10871000000.0,139000000.0,11000000.0,0.0,154.637,1319000000.0
54,NAV,MRQ,2007-09-30,2007-10-31,2007-10-31,2021-06-08,-155000000.0,11448000000.0,,5445000000.0,6003000000.0,,-12.432,-76000000.0,1196000000.0,1196000000.0,2604000000.0,-103000000.0,1.364,-13.938,7021000000.0,798000000.0,6223000000.0,7021000000.0,0.0,101000000.0,0.0,0.0,0.0,51000000.0,152000000.0,0.047,152000000.0,51000000.0,-84000000.0,-1.46,-1.46,-1.46,-874000000.0,,-874000000.0,,,,104000000.0,1.479,1.0,597000000.0,0.187,639000000.0,135000000.0,12643000000.0,,1412000000.0,5579000000.0,2947000000.0,2632000000.0,12182000000.0,3991000000.0,8191000000.0,4424894145.0,103000000.0,20000000.0,0.0,-223000000.0,0.0,-223000000.0,159000000.0,211000000.0,180000000.0,-13000000.0,-103000000.0,-103000000.0,-103000000.0,0.0,0.0,-0.032,537000000.0,60000000.0,1770000000.0,0.0,-5.063,-36.874,-37.059,2086000000.0,0.0,63.0,0.36,0.36,0.0,-2519000000.0,3201000000.0,3201000000.0,91000000.0,,,,,1000000.0,480000000.0,1.0,70236415.0,70300000,70300000.0,45.533,10809000000.0,150000000.0,19000000.0,0.0,153.755,1454000000.0
55,NAV,MRQ,2007-06-30,2007-07-31,2007-07-31,2021-06-08,,,,,,,,-67000000.0,,,2428000000.0,-4000000.0,,,,,,,,92000000.0,,0.0,0.0,130000000.0,222000000.0,0.075,222000000.0,130000000.0,5000000.0,-0.05,-0.05,-0.05,,,,,,,247000000.0,3.514,1.0,528000000.0,0.179,,125000000.0,,,,,,,,,,4424894145.0,26000000.0,28000000.0,0.0,-182000000.0,0.0,-182000000.0,-116000000.0,-79000000.0,314000000.0,10000000.0,-4000000.0,-4000000.0,-4000000.0,0.0,0.0,-0.001,454000000.0,74000000.0,,0.0,,,,,0.0,63.0,,,,,2956000000.0,2956000000.0,86000000.0,,,,,2000000.0,368000000.0,1.0,70236415.0,70300000,70300000.0,42.048,,,9000000.0,,,
56,NAV,MRQ,2007-03-31,2007-04-30,2007-04-30,2021-06-08,,,,,,,,-51000000.0,,,2472000000.0,-25000000.0,,,,,,,,88000000.0,,0.0,0.0,112000000.0,200000000.0,0.067,200000000.0,112000000.0,-19000000.0,-0.36,-0.36,-0.36,,,,,,,3000000.0,0.043,1.0,518000000.0,0.173,,131000000.0,,,,,,,,,,3900228125.0,250000000.0,-4000000.0,0.0,354000000.0,0.0,354000000.0,-173000000.0,-121000000.0,54000000.0,15000000.0,-25000000.0,-25000000.0,-25000000.0,0.0,0.0,-0.008,424000000.0,94000000.0,,0.0,,,,,0.0,55.53,,,,,2990000000.0,2990000000.0,95000000.0,,,,,2000000.0,345000000.0,1.0,70236415.0,70300000,70300000.0,42.532,,,6000000.0,,,
57,NAV,MRQ,2006-12-31,2007-01-31,2007-01-31,2021-06-08,,,,,,,,-100000000.0,,,2605000000.0,12000000.0,,,,,,,,90000000.0,,0.0,0.0,136000000.0,226000000.0,0.072,226000000.0,136000000.0,25000000.0,0.17,0.17,0.17,,,,,,,-386000000.0,-5.491,1.0,543000000.0,0.172,,111000000.0,,,,,,,,,,3107259000.0,-759000000.0,-10000000.0,0.0,-755000000.0,0.0,-755000000.0,287000000.0,400000000.0,-286000000.0,-5000000.0,12000000.0,12000000.0,12000000.0,0.0,0.0,0.004,429000000.0,114000000.0,,0.0,,,,,0.0,44.24,,,,,3148000000.0,3148000000.0,103000000.0,,,,,2000000.0,297000000.0,1.0,70236415.0,70300000,70900000.0,44.78,,,13000000.0,,,
58,NAV,MRQ,2006-09-30,2006-10-31,2006-10-31,2021-06-08,-650000000.0,12830000000.0,,6368000000.0,6462000000.0,,-15.846,,1857000000.0,1857000000.0,,,1.318,-12.517,7646000000.0,891000000.0,6755000000.0,7646000000.0,0.0,,0.0,0.0,0.0,,,,,,,,,,-1114000000.0,,-1114000000.0,,,,,,1.0,,,606000000.0,,13181000000.0,,1736000000.0,6068000000.0,3263000000.0,2805000000.0,13944000000.0,4832000000.0,9112000000.0,1947655788.0,,,,,,,,,,,,,,,,,,,2222000000.0,,-1.748,6.471,6.464,2157000000.0,,27.73,0.137,0.137,0.0,-2399000000.0,,,,,,,,,,1.0,70236415.0,70300000,,,12224000000.0,117000000.0,,0.0,173.883,1536000000.0
59,NAV,MRQ,2005-09-30,2005-10-31,2005-10-31,2021-06-08,-910000000.0,10786000000.0,,4852000000.0,5934000000.0,,-24.237,,1425000000.0,1425000000.0,,,1.035,-7.348,6389000000.0,980000000.0,5409000000.0,6389000000.0,0.0,,0.0,0.0,0.0,,,,,,,,,,-1699000000.0,,-1699000000.0,,,,,,1.0,,,657000000.0,,10405000000.0,,1330000000.0,4951000000.0,2470000000.0,2481000000.0,12485000000.0,4688000000.0,7797000000.0,1932906141.0,,,,,,,,,,,,,,,,,,,1869000000.0,,-1.138,13.906,13.899,2083000000.0,,27.52,0.159,0.159,0.0,-2699000000.0,,,,,,,,,,1.0,70236415.0,70100000,,,10129000000.0,102000000.0,,0.0,144.494,164000000.0
60,NAV,MRQ,2004-09-30,2004-10-31,2004-10-31,2021-06-08,-918000000.0,8750000000.0,,4061000000.0,4689000000.0,,-26.571,,922000000.0,922000000.0,,,0.857,-5.725,5282000000.0,1662000000.0,3620000000.0,5282000000.0,0.0,,0.0,0.0,0.0,,,,,,,,,,-1852000000.0,,-1852000000.0,,,,,,1.0,,,142000000.0,,8227000000.0,,1162000000.0,4318000000.0,2126000000.0,2192000000.0,10602000000.0,4741000000.0,5861000000.0,,,,,,,,,,,,,,,,,,,,1564000000.0,,,,-53.984,1942000000.0,,34.55,,0.249,0.0,-2832000000.0,,,,,,,,,,1.0,,69700000,,,8608000000.0,59000000.0,,0.0,123.501,-680000000.0
0,NAV,MRT,2021-03-31,2021-04-30,2021-04-30,2021-06-08,-1758000000.0,7084000000.0,6628500000.0,4651000000.0,2433000000.0,1.164,-36.466,-336000000.0,1702000000.0,1702000000.0,6306000000.0,-173000000.0,1.196,-2.944,5467000000.0,843000000.0,4624000000.0,5467000000.0,0.0,203000000.0,0.0,0.0,0.0,47000000.0,250000000.0,0.032,250000000.0,47000000.0,-219000000.0,-1.92,-1.92,-1.92,-3643000000.0,-3783000000.0,-3643000000.0,8017417778.0,171.0,32.07,224000000.0,2.242,1.0,1408000000.0,0.183,56000000.0,266000000.0,6904000000.0,6747750000.0,1017000000.0,1644000000.0,1360000000.0,284000000.0,10724000000.0,3889000000.0,6835000000.0,4412417778.0,24000000.0,4000000.0,2000000.0,-34000000.0,0.0,-51000000.0,-474000000.0,-143000000.0,560000000.0,-11000000.0,-191000000.0,-191000000.0,-191000000.0,-1000000.0,18000000.0,-0.025,1344000000.0,64000000.0,1529000000.0,0.0,-1.211,-23.102,-23.047,1386000000.0,0.0,44.25,0.572,0.573,290000000.0,-4491000000.0,7714000000.0,7714000000.0,329000000.0,-0.029,0.05,0.007,0.006,24000000.0,1178000000.0,1.0,99715656.0,99900000,100200000.0,77.217,7028000000.0,121000000.0,-28000000.0,0.0,70.35,762000000.0
1,NAV,MRT,2020-12-31,2021-01-31,2021-01-31,2021-06-08,-1786000000.0,6118000000.0,6467500000.0,4085000000.0,2033000000.0,1.156,-38.368,-260000000.0,1464000000.0,1464000000.0,6199000000.0,-374000000.0,1.248,-2.594,5069000000.0,565000000.0,4504000000.0,5069000000.0,0.0,200000000.0,0.0,0.0,0.0,-197000000.0,3000000.0,0.0,3000000.0,-197000000.0,-464000000.0,-3.93,-3.93,-3.93,-3833000000.0,-3836750000.0,-3833000000.0,7739253436.0,-39.0,2579.751,-15000000.0,-0.15,1.0,1278000000.0,0.171,56000000.0,267000000.0,6393000000.0,6884500000.0,848000000.0,1530000000.0,1246000000.0,284000000.0,9943000000.0,3274000000.0,6669000000.0,4382253436.0,327000000.0,-5000000.0,2000000.0,375000000.0,0.0,363000000.0,-264000000.0,0.0,245000000.0,-17000000.0,-392000000.0,-392000000.0,-392000000.0,-1000000.0,18000000.0,-0.052,1460000000.0,-182000000.0,1281000000.0,0.0,-1.143,-11.179,-11.196,1331000000.0,0.0,44.0,0.586,0.588,269000000.0,-4654000000.0,7477000000.0,7477000000.0,319000000.0,-0.061,0.102,-0.029,-0.026,24000000.0,1044000000.0,1.0,99596669.0,99900000,99900000.0,74.845,6062000000.0,157000000.0,-72000000.0,0.0,60.681,811000000.0
2,NAV,MRT,2020-09-30,2020-10-31,2020-10-31,2021-06-08,-1865000000.0,6637000000.0,6528750000.0,4577000000.0,2060000000.0,1.149,-38.375,-232000000.0,1973000000.0,1973000000.0,6221000000.0,-329000000.0,1.358,-2.734,5330000000.0,640000000.0,4690000000.0,5330000000.0,0.0,199000000.0,0.0,0.0,0.0,-138000000.0,61000000.0,0.008,61000000.0,-138000000.0,-406000000.0,-3.48,-3.48,-3.48,-3826000000.0,-3813750000.0,-3826000000.0,7914807814.0,-57.0,129.751,242000000.0,2.427,1.0,1282000000.0,0.171,56000000.0,268000000.0,6567000000.0,7003500000.0,763000000.0,1653000000.0,1371000000.0,282000000.0,10459000000.0,3371000000.0,7088000000.0,4289807814.0,416000000.0,14000000.0,4000000.0,196000000.0,0.0,181000000.0,-217000000.0,0.0,474000000.0,-22000000.0,-347000000.0,-347000000.0,-347000000.0,0.0,18000000.0,-0.046,1404000000.0,-122000000.0,1278000000.0,0.0,-1.121,-12.363,-12.388,1417000000.0,0.0,43.11,0.572,0.573,280000000.0,-4566000000.0,7503000000.0,7503000000.0,321000000.0,-0.053,0.091,-0.02,-0.018,25000000.0,1021000000.0,1.0,99508416.0,99700000,99700000.0,75.256,6581000000.0,117000000.0,-59000000.0,0.0,66.008,1206000000.0
3,NAV,MRT,2020-06-30,2020-07-31,2020-07-31,2021-06-08,-2100000000.0,6675000000.0,6598750000.0,4692000000.0,1983000000.0,1.245,-38.415,-237000000.0,1934000000.0,1934000000.0,6813000000.0,9000000.0,1.506,-2.742,5559000000.0,865000000.0,4694000000.0,5559000000.0,0.0,195000000.0,0.0,0.0,0.0,279000000.0,474000000.0,0.058,474000000.0,279000000.0,11000000.0,-0.08,-0.09,-0.08,-3830000000.0,-3788750000.0,-3830000000.0,6938126925.0,25.0,14.637,241000000.0,2.417,1.0,1405000000.0,0.171,58000000.0,268000000.0,7127000000.0,7089250000.0,896000000.0,1683000000.0,1403000000.0,280000000.0,10503000000.0,3115000000.0,7388000000.0,3187126925.0,638000000.0,10000000.0,4000000.0,421000000.0,0.0,404000000.0,-226000000.0,4000000.0,478000000.0,-18000000.0,-9000000.0,-9000000.0,-9000000.0,0.0,18000000.0,-0.001,1108000000.0,297000000.0,1154000000.0,0.0,-0.832,-354.125,-400.375,1360000000.0,0.0,32.03,0.388,0.389,274000000.0,-4333000000.0,8218000000.0,8218000000.0,314000000.0,-0.001,0.002,0.039,0.034,17000000.0,701000000.0,1.0,99504431.0,99700000,99700000.0,82.427,6617000000.0,115000000.0,20000000.0,0.0,66.369,1577000000.0
4,NAV,MRT,2020-03-31,2020-04-30,2020-04-30,2021-06-08,-2163000000.0,6440000000.0,6753500000.0,4525000000.0,1915000000.0,1.419,-38.696,-234000000.0,1678000000.0,1678000000.0,7926000000.0,204000000.0,1.687,-2.669,5429000000.0,570000000.0,4859000000.0,5429000000.0,0.0,195000000.0,0.0,0.0,0.0,498000000.0,693000000.0,0.072,693000000.0,498000000.0,225000000.0,1.86,1.84,1.86,-3858000000.0,-3747000000.0,-3858000000.0,5962899073.0,12.0,8.604,288000000.0,2.889,1.0,1659000000.0,0.173,57000000.0,273000000.0,7451000000.0,7140500000.0,1012000000.0,1648000000.0,1416000000.0,232000000.0,10296000000.0,2683000000.0,7613000000.0,2364899073.0,470000000.0,15000000.0,5000000.0,171000000.0,0.0,153000000.0,-194000000.0,23000000.0,522000000.0,-11000000.0,184000000.0,184000000.0,184000000.0,0.0,20000000.0,0.019,1140000000.0,519000000.0,1038000000.0,0.0,-0.613,12.853,12.78,1328000000.0,0.0,23.77,0.247,0.247,233000000.0,-4296000000.0,9585000000.0,9585000000.0,322000000.0,0.027,-0.049,0.07,0.052,22000000.0,727000000.0,1.0,99490916.0,99700000,99700000.0,96.138,6383000000.0,117000000.0,41000000.0,0.0,64.022,1842000000.0
5,NAV,MRT,2019-12-31,2020-01-31,2020-01-31,2021-06-08,-2084000000.0,6363000000.0,6910000000.0,4287000000.0,2076000000.0,1.542,-37.598,-253000000.0,1137000000.0,1137000000.0,8795000000.0,194000000.0,1.414,-2.7,4735000000.0,452000000.0,4283000000.0,4735000000.0,0.0,195000000.0,0.0,0.0,0.0,499000000.0,694000000.0,0.065,694000000.0,499000000.0,207000000.0,1.76,1.74,1.76,-3741000000.0,-3746250000.0,-3741000000.0,7265020343.0,15.0,10.468,536000000.0,5.387,1.0,1861000000.0,0.175,61000000.0,292000000.0,6869000000.0,7138250000.0,1074000000.0,1913000000.0,1615000000.0,298000000.0,10102000000.0,3031000000.0,7071000000.0,3634020343.0,-212000000.0,15000000.0,5000000.0,-774000000.0,0.0,-792000000.0,-196000000.0,41000000.0,789000000.0,-13000000.0,174000000.0,174000000.0,174000000.0,0.0,20000000.0,0.016,1345000000.0,516000000.0,1286000000.0,0.0,-0.971,20.885,20.807,1390000000.0,0.0,36.62,0.341,0.342,279000000.0,-4256000000.0,10656000000.0,10656000000.0,319000000.0,0.025,-0.046,0.07,0.047,28000000.0,930000000.0,1.0,99235946.0,99500000,99500000.0,107.095,6302000000.0,127000000.0,33000000.0,0.0,63.337,1256000000.0
6,NAV,MRT,2019-09-30,2019-10-31,2019-10-31,2021-06-08,-1912000000.0,6917000000.0,7078500000.0,4952000000.0,1965000000.0,1.589,-37.523,-272000000.0,1557000000.0,1557000000.0,9245000000.0,243000000.0,1.385,-2.856,5188000000.0,871000000.0,4317000000.0,5188000000.0,0.0,193000000.0,0.0,0.0,0.0,552000000.0,745000000.0,0.066,745000000.0,552000000.0,240000000.0,2.23,2.22,2.23,-3726000000.0,-3765000000.0,-3726000000.0,7011150793.0,13.0,9.411,178000000.0,1.793,1.0,2006000000.0,0.178,63000000.0,312000000.0,6910000000.0,7287000000.0,911000000.0,2228000000.0,1923000000.0,305000000.0,10640000000.0,3575000000.0,7065000000.0,3103150793.0,112000000.0,100000000.0,4000000.0,-236000000.0,0.0,-258000000.0,-68000000.0,102000000.0,450000000.0,-12000000.0,221000000.0,221000000.0,221000000.0,0.0,22000000.0,0.02,1436000000.0,570000000.0,1341000000.0,0.0,-0.833,14.041,14.027,1309000000.0,0.0,31.28,0.276,0.276,348000000.0,-4409000000.0,11251000000.0,11251000000.0,319000000.0,0.031,-0.059,0.076,0.049,23000000.0,934000000.0,1.0,99205588.0,99300000,99500000.0,113.303,6854000000.0,117000000.0,19000000.0,0.0,69.023,1377000000.0
7,NAV,MRT,2019-06-30,2019-07-31,2019-07-31,2021-06-08,-1754000000.0,7294000000.0,7156750000.0,5326000000.0,1968000000.0,1.647,-36.851,-330000000.0,1296000000.0,1296000000.0,9675000000.0,331000000.0,1.4,-2.99,5204000000.0,676000000.0,4528000000.0,5204000000.0,0.0,195000000.0,0.0,0.0,0.0,673000000.0,868000000.0,0.074,868000000.0,673000000.0,343000000.0,3.1,3.07,3.1,-3663000000.0,-3816250000.0,-3663000000.0,7246369337.0,11.0,8.348,221000000.0,2.223,1.0,2113000000.0,0.179,65000000.0,330000000.0,7332000000.0,7403750000.0,1195000000.0,2498000000.0,2190000000.0,308000000.0,10954000000.0,3805000000.0,7149000000.0,3097369337.0,74000000.0,100000000.0,4000000.0,-317000000.0,0.0,-341000000.0,-135000000.0,92000000.0,551000000.0,-1000000.0,307000000.0,307000000.0,307000000.0,0.0,24000000.0,0.026,1420000000.0,693000000.0,1806000000.0,0.0,-0.846,10.089,10.077,1290000000.0,0.0,31.24,0.263,0.263,441000000.0,-4501000000.0,11788000000.0,11788000000.0,317000000.0,0.043,-0.08,0.091,0.057,25000000.0,941000000.0,1.0,99147546.0,99400000,99700000.0,118.592,7229000000.0,124000000.0,36000000.0,0.0,72.726,1521000000.0
8,NAV,MRT,2019-03-31,2019-04-30,2019-04-30,2021-06-08,-1786000000.0,7066000000.0,7064250000.0,5101000000.0,1965000000.0,1.607,-38.861,-331000000.0,1208000000.0,1208000000.0,9270000000.0,347000000.0,1.376,-2.832,5357000000.0,769000000.0,4588000000.0,5357000000.0,0.0,199000000.0,0.0,0.0,0.0,667000000.0,866000000.0,0.076,866000000.0,667000000.0,331000000.0,3.25,3.22,3.25,-3855000000.0,-3985250000.0,-3855000000.0,7527095385.0,11.0,8.692,-156000000.0,-1.573,1.0,2082000000.0,0.183,65000000.0,336000000.0,7442000000.0,7302000000.0,1164000000.0,2371000000.0,2060000000.0,311000000.0,10918000000.0,3708000000.0,7210000000.0,3382095385.0,16000000.0,95000000.0,5000000.0,96000000.0,0.0,71000000.0,-217000000.0,18000000.0,175000000.0,-13000000.0,321000000.0,321000000.0,321000000.0,0.0,26000000.0,0.028,1392000000.0,690000000.0,1630000000.0,0.0,-0.877,10.536,10.505,1270000000.0,0.0,34.14,0.298,0.298,483000000.0,-4657000000.0,11352000000.0,11352000000.0,308000000.0,0.045,-0.081,0.091,0.059,25000000.0,996000000.0,1.0,99065477.0,99200000,99200000.0,114.435,7001000000.0,121000000.0,10000000.0,0.0,70.575,1393000000.0
9,NAV,MRT,2018-12-31,2019-01-31,2019-01-31,2021-06-08,-1791000000.0,7037000000.0,6919500000.0,5074000000.0,1963000000.0,1.558,-38.507,-338000000.0,1349000000.0,1349000000.0,8764000000.0,451000000.0,1.39,-2.843,5494000000.0,942000000.0,4552000000.0,5494000000.0,0.0,204000000.0,0.0,0.0,0.0,775000000.0,979000000.0,0.091,979000000.0,775000000.0,442000000.0,4.29,4.25,4.29,-3816000000.0,-4154000000.0,-3816000000.0,7269896853.0,9.0,7.426,-235000000.0,-2.371,1.0,2014000000.0,0.187,67000000.0,333000000.0,7464000000.0,7069500000.0,1211000000.0,2163000000.0,1859000000.0,304000000.0,10850000000.0,3651000000.0,7199000000.0,3247896853.0,562000000.0,92000000.0,5000000.0,509000000.0,0.0,481000000.0,-7000000.0,236000000.0,103000000.0,-15000000.0,424000000.0,424000000.0,424000000.0,0.0,27000000.0,0.039,1212000000.0,802000000.0,1484000000.0,0.0,-0.851,7.66,7.655,1275000000.0,0.0,32.84,0.301,0.302,460000000.0,-4609000000.0,10778000000.0,10778000000.0,308000000.0,0.061,-0.102,0.11,0.072,23000000.0,823000000.0,1.0,98900635.0,99100000,99400000.0,108.759,6970000000.0,123000000.0,18000000.0,0.0,70.333,1423000000.0
10,NAV,MRT,2018-09-30,2018-10-31,2018-10-31,2021-06-08,-1920000000.0,7230000000.0,6652500000.0,5136000000.0,2094000000.0,1.541,-39.747,-334000000.0,1445000000.0,1445000000.0,8317000000.0,368000000.0,1.349,-2.838,5467000000.0,946000000.0,4521000000.0,5467000000.0,0.0,211000000.0,0.0,0.0,0.0,719000000.0,930000000.0,0.091,930000000.0,719000000.0,392000000.0,3.44,3.41,3.44,-3931000000.0,-4346750000.0,-3931000000.0,7689158477.0,11.0,8.268,-67000000.0,-0.677,1.0,1933000000.0,0.189,68000000.0,327000000.0,7377000000.0,6947000000.0,1110000000.0,2309000000.0,1999000000.0,310000000.0,11156000000.0,3807000000.0,7349000000.0,3311158477.0,605000000.0,-3000000.0,8000000.0,450000000.0,0.0,414000000.0,-66000000.0,269000000.0,267000000.0,-10000000.0,340000000.0,340000000.0,340000000.0,0.0,28000000.0,0.033,1186000000.0,747000000.0,1606000000.0,0.0,-0.842,9.739,9.735,1370000000.0,0.0,33.49,0.323,0.323,505000000.0,-4593000000.0,10250000000.0,10250000000.0,297000000.0,0.051,-0.078,0.103,0.07,32000000.0,828000000.0,1.0,98870065.0,98900000,99600000.0,103.64,7162000000.0,121000000.0,52000000.0,0.0,72.417,1329000000.0
11,NAV,MRT,2018-06-30,2018-07-31,2018-07-31,2021-06-08,-2138000000.0,6924000000.0,6378750000.0,4905000000.0,2019000000.0,1.494,-43.828,-259000000.0,1222000000.0,1222000000.0,7703000000.0,314000000.0,1.138,-2.595,5600000000.0,1707000000.0,3893000000.0,5600000000.0,0.0,214000000.0,0.0,0.0,0.0,641000000.0,855000000.0,0.09,855000000.0,641000000.0,312000000.0,3.01,2.99,3.01,-4339000000.0,-4508500000.0,-4339000000.0,8412213925.0,13.0,9.839,-162000000.0,-1.636,1.0,1828000000.0,0.192,68000000.0,329000000.0,6925000000.0,6760250000.0,1400000000.0,2045000000.0,1733000000.0,312000000.0,11258000000.0,4309000000.0,6949000000.0,4254213925.0,199000000.0,2000000.0,15000000.0,414000000.0,0.0,388000000.0,-266000000.0,-8000000.0,97000000.0,-20000000.0,287000000.0,287000000.0,287000000.0,0.0,27000000.0,0.03,1153000000.0,675000000.0,1527000000.0,0.0,-0.98,14.823,14.309,1297000000.0,0.0,43.07,0.446,0.447,452000000.0,-4781000000.0,9531000000.0,9531000000.0,284000000.0,0.045,-0.064,0.095,0.067,36000000.0,710000000.0,1.0,98774412.0,99000000,99700000.0,96.273,6856000000.0,130000000.0,25000000.0,0.0,69.253,596000000.0
12,NAV,MRT,2018-03-31,2018-04-30,2018-04-30,2021-06-08,-2154000000.0,6487000000.0,6167750000.0,4517000000.0,1970000000.0,1.482,-45.85,-255000000.0,1192000000.0,1192000000.0,7410000000.0,179000000.0,1.112,-2.431,5350000000.0,1504000000.0,3846000000.0,5350000000.0,0.0,220000000.0,0.0,0.0,0.0,514000000.0,734000000.0,0.08,734000000.0,514000000.0,176000000.0,1.67,1.66,1.67,-4530000000.0,-4655000000.0,-4530000000.0,7769375055.0,15.0,10.585,-137000000.0,-1.387,1.0,1728000000.0,0.189,72000000.0,338000000.0,6512000000.0,6742750000.0,1167000000.0,1992000000.0,1696000000.0,296000000.0,11014000000.0,4061000000.0,6953000000.0,3435375055.0,309000000.0,8000000.0,14000000.0,289000000.0,0.0,263000000.0,-61000000.0,186000000.0,118000000.0,-11000000.0,154000000.0,154000000.0,154000000.0,-1000000.0,25000000.0,0.017,1192000000.0,536000000.0,1500000000.0,0.0,-0.758,22.308,20.844,1299000000.0,0.0,34.81,0.376,0.376,326000000.0,-4951000000.0,9138000000.0,9138000000.0,273000000.0,0.025,-0.033,0.076,0.056,37000000.0,721000000.0,1.0,98689315.0,98800000,99500000.0,92.49,6415000000.0,129000000.0,22000000.0,0.0,64.929,456000000.0
13,NAV,MRT,2017-12-31,2018-01-31,2018-01-31,2021-06-08,-2154000000.0,5969000000.0,6034000000.0,3958000000.0,2011000000.0,1.46,-46.521,-215000000.0,787000000.0,787000000.0,7199000000.0,43000000.0,1.217,-2.3,5121000000.0,953000000.0,4168000000.0,5121000000.0,0.0,219000000.0,0.0,0.0,0.0,388000000.0,607000000.0,0.069,607000000.0,388000000.0,40000000.0,0.25,0.25,0.25,-4587000000.0,-4805250000.0,-4587000000.0,8729755982.0,22.0,14.382,-204000000.0,-2.069,1.0,1613000000.0,0.183,76000000.0,348000000.0,6974000000.0,6834750000.0,998000000.0,2004000000.0,1710000000.0,294000000.0,10552000000.0,3253000000.0,7299000000.0,4511755982.0,102000000.0,11000000.0,258000000.0,179000000.0,0.0,397000000.0,-298000000.0,-93000000.0,11000000.0,-8000000.0,19000000.0,19000000.0,19000000.0,-1000000.0,24000000.0,0.002,1206000000.0,407000000.0,1140000000.0,0.0,-0.984,237.461,183.32,1335000000.0,0.0,45.83,0.512,0.513,340000000.0,-5006000000.0,8812000000.0,8812000000.0,263000000.0,0.003,-0.004,0.057,0.044,30000000.0,742000000.0,1.0,98445472.0,98600000,98600000.0,89.371,5893000000.0,129000000.0,21000000.0,0.0,59.767,705000000.0
14,NAV,MRT,2017-09-30,2017-10-31,2017-10-31,2021-06-08,-2211000000.0,6135000000.0,5890250000.0,4160000000.0,1975000000.0,1.455,-49.226,-204000000.0,840000000.0,840000000.0,7037000000.0,55000000.0,1.141,-2.339,5058000000.0,1169000000.0,3889000000.0,5058000000.0,0.0,223000000.0,0.0,0.0,0.0,391000000.0,614000000.0,0.072,614000000.0,391000000.0,40000000.0,0.32,0.32,0.32,-4578000000.0,-4991750000.0,-4578000000.0,8326129711.0,21.0,13.56,-95000000.0,-1.022,1.0,1533000000.0,0.179,78000000.0,351000000.0,6630000000.0,6775000000.0,857000000.0,2211000000.0,1935000000.0,276000000.0,10709000000.0,3645000000.0,7064000000.0,4154129711.0,-76000000.0,9000000.0,257000000.0,110000000.0,0.0,338000000.0,-520000000.0,-324000000.0,109000000.0,-3000000.0,30000000.0,30000000.0,30000000.0,-1000000.0,25000000.0,0.004,1124000000.0,409000000.0,1292000000.0,0.0,-0.907,138.471,132.219,1326000000.0,0.0,42.31,0.485,0.459,404000000.0,-4933000000.0,8570000000.0,8570000000.0,251000000.0,0.005,-0.006,0.058,0.046,28000000.0,751000000.0,1.0,98183165.0,93000000,93500000.0,92.151,6057000000.0,129000000.0,10000000.0,0.0,65.129,515000000.0
15,NAV,MRT,2017-06-30,2017-07-31,2017-07-31,2021-06-08,-2412000000.0,6080000000.0,5769750000.0,4082000000.0,1998000000.0,1.393,-50.102,-224000000.0,1048000000.0,1048000000.0,6693000000.0,-113000000.0,1.231,-2.234,5220000000.0,965000000.0,4255000000.0,5220000000.0,0.0,230000000.0,0.0,0.0,0.0,222000000.0,452000000.0,0.056,452000000.0,222000000.0,-121000000.0,-1.66,-1.66,-1.66,-4925000000.0,-5171750000.0,-4925000000.0,7154026391.0,32.0,15.827,-111000000.0,-1.129,1.0,1342000000.0,0.167,82000000.0,343000000.0,6855000000.0,6704250000.0,979000000.0,1905000000.0,1619000000.0,286000000.0,11003000000.0,3315000000.0,7688000000.0,3020026391.0,364000000.0,8000000.0,249000000.0,113000000.0,0.0,332000000.0,-94000000.0,122000000.0,113000000.0,13000000.0,-139000000.0,-139000000.0,-139000000.0,-1000000.0,26000000.0,-0.017,1126000000.0,216000000.0,1213000000.0,0.0,-0.613,-21.727,-18.536,1333000000.0,0.0,30.77,0.376,0.376,329000000.0,-5068000000.0,8035000000.0,8035000000.0,255000000.0,-0.024,0.027,0.033,0.028,26000000.0,852000000.0,1.0,98148404.0,98300000,98600000.0,81.74,5998000000.0,141000000.0,18000000.0,0.0,61.017,767000000.0
16,NAV,MRT,2017-03-31,2017-04-30,2017-04-30,2021-06-08,-2579000000.0,5952000000.0,5679500000.0,3947000000.0,2005000000.0,1.392,-54.995,-199000000.0,931000000.0,931000000.0,6647000000.0,-183000000.0,1.264,-2.159,5065000000.0,744000000.0,4321000000.0,5065000000.0,0.0,226000000.0,0.0,0.0,0.0,158000000.0,384000000.0,0.049,384000000.0,158000000.0,-178000000.0,-2.46,-2.46,-2.46,-5131000000.0,-5224750000.0,-5131000000.0,6835129740.0,43.0,17.8,65000000.0,0.697,1.0,1261000000.0,0.159,84000000.0,336000000.0,6880000000.0,6597750000.0,946000000.0,1924000000.0,1637000000.0,287000000.0,11079000000.0,3122000000.0,7957000000.0,2640129740.0,182000000.0,1000000.0,248000000.0,-153000000.0,0.0,62000000.0,-172000000.0,26000000.0,264000000.0,28000000.0,-210000000.0,-210000000.0,-210000000.0,0.0,27000000.0,-0.027,1115000000.0,146000000.0,1240000000.0,0.0,-0.515,-12.572,-10.939,1324000000.0,0.0,26.91,0.334,0.317,317000000.0,-5105000000.0,7908000000.0,7908000000.0,256000000.0,-0.037,0.04,0.024,0.02,21000000.0,816000000.0,1.0,98109615.0,93300000,93300000.0,84.759,5868000000.0,161000000.0,32000000.0,0.0,62.894,825000000.0
17,NAV,MRT,2016-12-31,2017-01-31,2017-01-31,2021-06-08,-2617000000.0,5394000000.0,5738500000.0,3449000000.0,1945000000.0,1.396,-65.196,-228000000.0,670000000.0,670000000.0,6716000000.0,-95000000.0,1.247,-2.011,4865000000.0,589000000.0,4276000000.0,4865000000.0,0.0,226000000.0,0.0,0.0,0.0,244000000.0,470000000.0,0.059,470000000.0,244000000.0,-84000000.0,-1.55,-1.55,-1.55,-5333000000.0,-5224000000.0,-5333000000.0,6214548296.0,25.0,13.222,163000000.0,1.993,1.0,1293000000.0,0.161,88000000.0,328000000.0,6735000000.0,6621250000.0,1022000000.0,1614000000.0,1359000000.0,255000000.0,10723000000.0,2766000000.0,7957000000.0,2226548296.0,-6000000.0,38000000.0,3000000.0,-202000000.0,0.0,-231000000.0,-215000000.0,-25000000.0,391000000.0,49000000.0,-126000000.0,-126000000.0,-126000000.0,0.0,31000000.0,-0.016,1057000000.0,236000000.0,1046000000.0,0.0,-0.418,-17.671,-17.594,1290000000.0,0.0,27.27,0.278,0.279,279000000.0,-5025000000.0,8009000000.0,8009000000.0,252000000.0,-0.022,0.024,0.037,0.03,22000000.0,797000000.0,1.0,81648269.0,81800000,81800000.0,97.91,5306000000.0,162000000.0,42000000.0,0.0,64.866,683000000.0
18,NAV,MRT,2016-09-30,2016-10-31,2016-10-31,2021-06-08,-2640000000.0,5653000000.0,5885000000.0,3759000000.0,1894000000.0,1.378,-64.847,-224000000.0,916000000.0,916000000.0,6812000000.0,-65000000.0,1.174,-2.066,4904000000.0,907000000.0,3997000000.0,4904000000.0,0.0,225000000.0,0.0,0.0,0.0,263000000.0,488000000.0,0.06,488000000.0,263000000.0,-64000000.0,-1.19,-1.19,-1.19,-5298000000.0,-5190000000.0,-5298000000.0,6157054885.0,23.0,12.617,43000000.0,0.526,1.0,1299000000.0,0.16,91000000.0,327000000.0,6347000000.0,6560500000.0,944000000.0,1776000000.0,1503000000.0,273000000.0,10946000000.0,3203000000.0,7743000000.0,1820054885.0,-108000000.0,39000000.0,0.0,-320000000.0,0.0,-353000000.0,-67000000.0,118000000.0,267000000.0,45000000.0,-97000000.0,-97000000.0,-97000000.0,0.0,32000000.0,-0.012,1086000000.0,213000000.0,1113000000.0,0.0,-0.344,-18.763,-18.739,1241000000.0,0.0,22.3,0.224,0.225,292000000.0,-4963000000.0,8111000000.0,8111000000.0,247000000.0,-0.016,0.019,0.04,0.032,16000000.0,802000000.0,1.0,81616811.0,81700000,81700000.0,99.278,5562000000.0,161000000.0,33000000.0,0.0,68.078,556000000.0
19,NAV,MRT,2016-06-30,2016-07-31,2016-07-31,2021-06-08,-2512000000.0,5719000000.0,6134000000.0,3772000000.0,1947000000.0,1.392,-62.876,-215000000.0,728000000.0,728000000.0,7161000000.0,-79000000.0,1.068,-2.113,5065000000.0,1389000000.0,3676000000.0,5065000000.0,0.0,224000000.0,0.0,0.0,0.0,252000000.0,476000000.0,0.056,476000000.0,252000000.0,-74000000.0,-1.38,-1.38,-1.38,-5137000000.0,-5157250000.0,-5137000000.0,5543134897.0,22.0,11.645,-169000000.0,-2.069,1.0,1375000000.0,0.161,94000000.0,326000000.0,6429000000.0,6721250000.0,1084000000.0,1813000000.0,1550000000.0,263000000.0,10853000000.0,3533000000.0,7320000000.0,1046134897.0,0.0,36000000.0,0.0,-181000000.0,0.0,-205000000.0,144000000.0,323000000.0,46000000.0,15000000.0,-113000000.0,-113000000.0,-113000000.0,-1000000.0,34000000.0,-0.013,1123000000.0,252000000.0,1003000000.0,0.0,-0.204,-9.258,-9.29,1257000000.0,0.0,12.82,0.123,0.123,317000000.0,-4929000000.0,8536000000.0,8536000000.0,243000000.0,-0.018,0.022,0.037,0.03,11000000.0,808000000.0,1.0,81601786.0,81700000,81700000.0,104.48,5625000000.0,153000000.0,39000000.0,0.0,68.849,239000000.0
20,NAV,MRT,2016-03-31,2016-04-30,2016-04-30,2021-06-08,-2536000000.0,6188000000.0,6396500000.0,4130000000.0,2058000000.0,1.405,-62.766,-230000000.0,728000000.0,728000000.0,7576000000.0,-72000000.0,1.141,-2.205,5225000000.0,1251000000.0,3974000000.0,5225000000.0,0.0,239000000.0,0.0,0.0,0.0,247000000.0,486000000.0,0.054,486000000.0,247000000.0,-70000000.0,-1.3,-1.3,-1.3,-5128000000.0,-5077250000.0,-5128000000.0,5633238883.0,23.0,11.591,-51000000.0,-0.624,1.0,1412000000.0,0.157,91000000.0,317000000.0,6974000000.0,6938500000.0,1220000000.0,2055000000.0,1780000000.0,275000000.0,11309000000.0,3620000000.0,7689000000.0,1231238883.0,6000000.0,37000000.0,0.0,59000000.0,0.0,10000000.0,-182000000.0,15000000.0,179000000.0,-1000000.0,-107000000.0,-107000000.0,-107000000.0,-3000000.0,35000000.0,-0.012,1158000000.0,254000000.0,1146000000.0,0.0,-0.24,-11.507,-11.608,1281000000.0,0.0,15.09,0.137,0.137,383000000.0,-4895000000.0,8988000000.0,8988000000.0,252000000.0,-0.017,0.021,0.036,0.027,9000000.0,831000000.0,1.0,81593034.0,81700000,82000000.0,110.012,6097000000.0,164000000.0,37000000.0,0.0,74.627,510000000.0
21,NAV,MRT,2015-12-31,2016-01-31,2016-01-31,2021-06-08,-2601000000.0,5980000000.0,6580750000.0,3939000000.0,2041000000.0,1.441,-63.611,-214000000.0,697000000.0,697000000.0,8091000000.0,-142000000.0,1.037,-2.149,5099000000.0,1492000000.0,3607000000.0,5099000000.0,0.0,260000000.0,0.0,0.0,0.0,175000000.0,435000000.0,0.046,435000000.0,175000000.0,-136000000.0,-2.13,-2.13,-2.13,-5197000000.0,-4989000000.0,-5197000000.0,4857831488.0,28.0,11.167,-59000000.0,-0.722,1.0,1393000000.0,0.147,90000000.0,311000000.0,6492000000.0,7023750000.0,1269000000.0,1845000000.0,1583000000.0,262000000.0,11170000000.0,3800000000.0,7370000000.0,592831488.0,-41000000.0,7000000.0,1000000.0,79000000.0,0.0,32000000.0,-200000000.0,11000000.0,155000000.0,-28000000.0,-175000000.0,-175000000.0,-175000000.0,-3000000.0,33000000.0,-0.018,1240000000.0,153000000.0,1031000000.0,0.0,-0.114,-3.388,-3.413,1304000000.0,0.0,7.27,0.063,0.063,352000000.0,-4899000000.0,9484000000.0,9484000000.0,267000000.0,-0.027,0.035,0.025,0.018,9000000.0,872000000.0,1.0,81544909.0,81700000,81700000.0,116.083,5890000000.0,157000000.0,39000000.0,0.0,72.093,139000000.0
22,NAV,MRT,2015-09-30,2015-10-31,2015-10-31,2021-06-08,-2601000000.0,6649000000.0,6782000000.0,4620000000.0,2029000000.0,1.495,-63.321,-176000000.0,1033000000.0,1033000000.0,8670000000.0,-151000000.0,1.22,-2.285,5255000000.0,1108000000.0,4147000000.0,5255000000.0,0.0,281000000.0,0.0,0.0,0.0,174000000.0,455000000.0,0.045,455000000.0,174000000.0,-133000000.0,-2.25,-2.25,-2.25,-5167000000.0,-4869750000.0,-5167000000.0,5385723134.0,31.0,11.837,-130000000.0,-1.593,1.0,1470000000.0,0.145,95000000.0,307000000.0,6990000000.0,7234000000.0,1135000000.0,2220000000.0,1938000000.0,282000000.0,11809000000.0,3786000000.0,8023000000.0,1002723134.0,415000000.0,8000000.0,1000000.0,148000000.0,0.0,98000000.0,316000000.0,488000000.0,46000000.0,-45000000.0,-184000000.0,-184000000.0,-184000000.0,-3000000.0,33000000.0,-0.018,1302000000.0,168000000.0,1301000000.0,0.0,-0.194,-5.45,-5.467,1345000000.0,0.0,12.3,0.099,0.099,442000000.0,-4866000000.0,10140000000.0,10140000000.0,288000000.0,-0.027,0.038,0.024,0.017,10000000.0,908000000.0,1.0,81522206.0,81600000,81600000.0,124.265,6554000000.0,164000000.0,51000000.0,14000000.0,80.319,834000000.0
23,NAV,MRT,2015-06-30,2015-07-31,2015-07-31,2021-06-08,-2298000000.0,6769000000.0,6980500000.0,4622000000.0,2147000000.0,1.527,-59.032,-178000000.0,904000000.0,904000000.0,9212000000.0,-173000000.0,1.233,-2.404,5287000000.0,1090000000.0,4197000000.0,5287000000.0,0.0,297000000.0,0.0,0.0,0.0,139000000.0,436000000.0,0.041,436000000.0,139000000.0,-168000000.0,-2.51,-2.51,-2.51,-4817000000.0,-4741500000.0,-4817000000.0,5937524172.0,43.0,13.618,-184000000.0,-2.255,1.0,1448000000.0,0.136,105000000.0,307000000.0,7298000000.0,7397000000.0,1199000000.0,2314000000.0,2030000000.0,284000000.0,11578000000.0,3749000000.0,7829000000.0,1429524172.0,0.0,15000000.0,2000000.0,193000000.0,0.0,131000000.0,-84000000.0,83000000.0,-6000000.0,-41000000.0,-206000000.0,-206000000.0,-206000000.0,-2000000.0,33000000.0,-0.019,1332000000.0,116000000.0,1326000000.0,0.0,-0.297,-6.939,-6.988,1375000000.0,0.0,17.54,0.134,0.134,444000000.0,-4816000000.0,10660000000.0,10660000000.0,304000000.0,-0.03,0.043,0.019,0.013,12000000.0,966000000.0,1.0,81500808.0,81600000,81600000.0,130.637,6664000000.0,163000000.0,38000000.0,14000000.0,81.667,873000000.0
24,NAV,MRT,2015-03-31,2015-04-30,2015-04-30,2021-06-08,-2284000000.0,6925000000.0,7213750000.0,4776000000.0,2149000000.0,1.52,-58.517,-156000000.0,696000000.0,696000000.0,9457000000.0,-144000000.0,1.192,-2.444,5204000000.0,1211000000.0,3993000000.0,5204000000.0,0.0,300000000.0,0.0,0.0,0.0,170000000.0,470000000.0,0.043,470000000.0,170000000.0,-140000000.0,-2.19,-2.19,-2.19,-4775000000.0,-4557750000.0,-4775000000.0,6789326432.0,40.0,14.445,-403000000.0,-4.939,1.0,1509000000.0,0.138,112000000.0,310000000.0,7315000000.0,7594250000.0,1245000000.0,2495000000.0,2202000000.0,293000000.0,11669000000.0,4006000000.0,7663000000.0,2441326432.0,-11000000.0,16000000.0,2000000.0,201000000.0,0.0,163000000.0,115000000.0,255000000.0,-247000000.0,-42000000.0,-180000000.0,-180000000.0,-180000000.0,0.0,36000000.0,-0.016,1362000000.0,147000000.0,1450000000.0,0.0,-0.511,-13.563,-13.68,1407000000.0,0.0,29.96,0.223,0.223,520000000.0,-4788000000.0,10966000000.0,10966000000.0,313000000.0,-0.025,0.039,0.022,0.016,12000000.0,987000000.0,1.0,81486196.0,81600000,81600000.0,134.387,6813000000.0,172000000.0,40000000.0,14000000.0,83.493,770000000.0
25,NAV,MRT,2014-12-31,2015-01-31,2015-01-31,2021-06-08,-2290000000.0,6785000000.0,7414250000.0,4523000000.0,2262000000.0,1.486,-57.914,-200000000.0,735000000.0,735000000.0,9565000000.0,-373000000.0,1.229,-2.431,5083000000.0,1041000000.0,4042000000.0,5083000000.0,0.0,325000000.0,0.0,0.0,0.0,-59000000.0,266000000.0,0.024,266000000.0,-59000000.0,-368000000.0,-5.06,-5.06,-5.06,-4720000000.0,-4391000000.0,-4720000000.0,6953221592.0,-118.0,26.14,-654000000.0,-8.025,1.0,1454000000.0,0.132,121000000.0,309000000.0,7333000000.0,7747750000.0,1352000000.0,2153000000.0,1835000000.0,318000000.0,11473000000.0,3679000000.0,7794000000.0,2395221592.0,71000000.0,16000000.0,3000000.0,315000000.0,0.0,276000000.0,268000000.0,452000000.0,-454000000.0,-19000000.0,-413000000.0,-413000000.0,-413000000.0,-1000000.0,40000000.0,-0.037,1507000000.0,-53000000.0,1330000000.0,0.0,-0.507,-5.8,-5.814,1474000000.0,0.0,29.42,0.217,0.218,512000000.0,-4724000000.0,11019000000.0,11019000000.0,320000000.0,-0.056,0.094,-0.008,-0.005,13000000.0,981000000.0,1.0,81414738.0,81500000,81500000.0,135.202,6664000000.0,173000000.0,45000000.0,14000000.0,81.767,844000000.0
26,NAV,MRT,2014-09-30,2014-10-31,2014-10-31,2021-06-08,-2263000000.0,7443000000.0,7631500000.0,5013000000.0,2430000000.0,1.416,-57.174,-234000000.0,668000000.0,668000000.0,9534000000.0,-579000000.0,1.185,-2.592,5226000000.0,1295000000.0,3931000000.0,5226000000.0,0.0,332000000.0,0.0,0.0,0.0,-279000000.0,53000000.0,0.005,53000000.0,-279000000.0,-593000000.0,-7.6,-7.6,-7.6,-4654000000.0,-4189000000.0,-4654000000.0,7416056688.0,-27.0,139.926,-570000000.0,-7.002,1.0,1272000000.0,0.118,128000000.0,314000000.0,7642000000.0,7744750000.0,1319000000.0,2716000000.0,2363000000.0,353000000.0,12061000000.0,4231000000.0,7830000000.0,2878056688.0,-258000000.0,14000000.0,19000000.0,210000000.0,0.0,179000000.0,-75000000.0,145000000.0,-336000000.0,-26000000.0,-619000000.0,-619000000.0,-619000000.0,0.0,40000000.0,-0.057,1535000000.0,-263000000.0,1564000000.0,0.0,-0.618,-4.65,-4.654,1562000000.0,0.0,35.37,0.266,0.266,578000000.0,-4682000000.0,10806000000.0,10806000000.0,331000000.0,-0.081,0.148,-0.036,-0.026,16000000.0,979000000.0,1.0,81369994.0,81400000,81400000.0,132.752,7315000000.0,200000000.0,26000000.0,14000000.0,89.865,782000000.0
27,NAV,MRT,2014-06-30,2014-07-31,2014-07-31,2021-06-08,-1758000000.0,7702000000.0,7849500000.0,5143000000.0,2559000000.0,1.344,-50.147,-283000000.0,668000000.0,668000000.0,9464000000.0,-651000000.0,1.28,-2.878,5206000000.0,1020000000.0,4186000000.0,5206000000.0,0.0,343000000.0,0.0,0.0,0.0,-585000000.0,-242000000.0,-0.023,-242000000.0,-585000000.0,-900000000.0,-8.64,-8.64,-8.64,-4082000000.0,-3937750000.0,-4082000000.0,7256325279.0,-12.0,-29.985,-561000000.0,-6.892,1.0,1085000000.0,0.103,136000000.0,315000000.0,8087000000.0,7828000000.0,1462000000.0,2699000000.0,2325000000.0,374000000.0,11748000000.0,4017000000.0,7731000000.0,2860325279.0,122000000.0,39000000.0,21000000.0,544000000.0,0.0,513000000.0,-105000000.0,139000000.0,-278000000.0,-8000000.0,-701000000.0,-701000000.0,-701000000.0,-2000000.0,50000000.0,-0.066,1708000000.0,-623000000.0,1572000000.0,0.0,-0.701,-4.08,-4.071,1657000000.0,0.0,35.17,0.271,0.271,594000000.0,-4610000000.0,10549000000.0,10549000000.0,349000000.0,-0.089,0.178,-0.075,-0.055,17000000.0,1027000000.0,1.0,81328555.0,81400000,81400000.0,129.595,7566000000.0,192000000.0,-199000000.0,14000000.0,92.948,1126000000.0
28,NAV,MRT,2014-03-31,2014-04-30,2014-04-30,2021-06-08,-1788000000.0,7727000000.0,7984250000.0,5122000000.0,2605000000.0,1.323,-50.467,-329000000.0,706000000.0,706000000.0,9594000000.0,-896000000.0,1.264,-2.872,5102000000.0,956000000.0,4146000000.0,5102000000.0,0.0,360000000.0,0.0,0.0,0.0,-830000000.0,-470000000.0,-0.044,-470000000.0,-830000000.0,-1143000000.0,-11.68,-11.68,-11.68,-4108000000.0,-3910250000.0,-4108000000.0,7285285891.0,-9.0,-15.501,-512000000.0,-6.29,1.0,972000000.0,0.092,142000000.0,313000000.0,7929000000.0,7816500000.0,1384000000.0,2627000000.0,2247000000.0,380000000.0,11799000000.0,4052000000.0,7747000000.0,3083285891.0,89000000.0,33000000.0,22000000.0,414000000.0,0.0,384000000.0,-92000000.0,204000000.0,-183000000.0,-20000000.0,-946000000.0,-946000000.0,-946000000.0,-2000000.0,50000000.0,-0.09,1819000000.0,-847000000.0,1569000000.0,0.0,-0.751,-3.259,-3.247,1693000000.0,0.0,37.93,0.292,0.292,658000000.0,-4608000000.0,10566000000.0,10566000000.0,368000000.0,-0.118,0.242,-0.106,-0.079,22000000.0,1094000000.0,1.0,81288845.0,81400000,81400000.0,129.803,7585000000.0,192000000.0,-197000000.0,14000000.0,93.182,1070000000.0
29,NAV,MRT,2013-12-31,2014-01-31,2014-01-31,2021-06-08,-1861000000.0,7654000000.0,8233250000.0,4898000000.0,2756000000.0,1.257,-48.177,-533000000.0,664000000.0,664000000.0,9489000000.0,-975000000.0,1.152,-2.948,4866000000.0,1259000000.0,3607000000.0,4866000000.0,0.0,403000000.0,0.0,0.0,0.0,-892000000.0,-489000000.0,-0.047,-489000000.0,-892000000.0,-1221000000.0,-12.68,-12.68,-12.68,-3912000000.0,-3802500000.0,-3912000000.0,6744853967.0,-8.0,-13.793,-592000000.0,-7.291,1.0,857000000.0,0.083,282000000.0,329000000.0,7321000000.0,7946000000.0,1382000000.0,2469000000.0,2091000000.0,378000000.0,11531000000.0,4253000000.0,7278000000.0,2501853967.0,52000000.0,56000000.0,27000000.0,513000000.0,0.0,490000000.0,-349000000.0,128000000.0,-59000000.0,-30000000.0,-1023000000.0,-1023000000.0,-1023000000.0,-1000000.0,48000000.0,-0.099,1747000000.0,-890000000.0,1430000000.0,0.0,-0.64,-2.446,-2.431,1700000000.0,0.0,30.82,0.242,0.242,581000000.0,-4311000000.0,10346000000.0,10346000000.0,385000000.0,-0.124,0.269,-0.112,-0.086,24000000.0,1169000000.0,1.0,81176313.0,81200000,81200000.0,127.414,7372000000.0,229000000.0,-198000000.0,25000000.0,90.788,645000000.0
30,NAV,MRT,2013-09-30,2013-10-31,2013-10-31,2021-06-08,-1824000000.0,8315000000.0,8452500000.0,5459000000.0,2856000000.0,1.275,-45.386,-574000000.0,846000000.0,846000000.0,9761000000.0,-844000000.0,1.281,-3.266,5089000000.0,1163000000.0,3926000000.0,5089000000.0,0.0,417000000.0,0.0,0.0,0.0,-748000000.0,-331000000.0,-0.031,-331000000.0,-748000000.0,-1069000000.0,-11.17,-11.17,-11.17,-3649000000.0,-3664250000.0,-3649000000.0,7041103382.0,-9.0,-21.272,-474000000.0,-5.896,1.0,1014000000.0,0.094,322000000.0,321000000.0,7975000000.0,8128250000.0,1210000000.0,2842000000.0,2427000000.0,415000000.0,11916000000.0,4261000000.0,7655000000.0,2908103382.0,-332000000.0,58000000.0,26000000.0,410000000.0,0.0,393000000.0,-810000000.0,-294000000.0,100000000.0,-15000000.0,-898000000.0,-898000000.0,-898000000.0,0.0,54000000.0,-0.083,1743000000.0,-729000000.0,1502000000.0,0.0,-0.797,-3.238,-3.237,1741000000.0,0.0,36.16,0.27,0.27,766000000.0,-4063000000.0,10775000000.0,10775000000.0,406000000.0,-0.106,0.245,-0.092,-0.069,24000000.0,1215000000.0,1.0,80423213.0,80400000,80400000.0,134.017,7993000000.0,231000000.0,-171000000.0,33000000.0,99.415,1198000000.0
31,NAV,MRT,2013-06-30,2013-07-31,2013-07-31,2021-06-08,-2279000000.0,8241000000.0,8649250000.0,5264000000.0,2977000000.0,1.295,-49.28,-530000000.0,595000000.0,595000000.0,10247000000.0,-3466000000.0,1.338,-3.065,4728000000.0,820000000.0,3908000000.0,4728000000.0,0.0,407000000.0,0.0,0.0,0.0,-976000000.0,-569000000.0,-0.051,-569000000.0,-976000000.0,-1293000000.0,-49.31,-49.31,-49.31,-3972000000.0,-3579500000.0,-3972000000.0,6908623391.0,-7.0,-12.142,-232000000.0,-2.878,1.0,956000000.0,0.085,398000000.0,317000000.0,8041000000.0,8091000000.0,1336000000.0,2759000000.0,2298000000.0,461000000.0,12174000000.0,3935000000.0,8239000000.0,2745623391.0,-122000000.0,1000000.0,215000000.0,386000000.0,0.0,558000000.0,-969000000.0,-440000000.0,298000000.0,-9000000.0,-3513000000.0,-3513000000.0,-3513000000.0,0.0,47000000.0,-0.314,1811000000.0,-855000000.0,1546000000.0,0.0,-0.691,-0.782,-0.693,1714000000.0,0.0,34.15,0.245,0.246,807000000.0,-3909000000.0,11203000000.0,11203000000.0,440000000.0,-0.406,0.981,-0.121,-0.087,22000000.0,1275000000.0,1.0,80398928.0,80600000,80600000.0,138.995,7843000000.0,249000000.0,2220000000.0,38000000.0,97.308,1329000000.0
32,NAV,MRT,2013-03-31,2013-04-30,2013-04-30,2021-06-08,-2227000000.0,8723000000.0,9374750000.0,5569000000.0,3154000000.0,1.236,-45.734,-537000000.0,622000000.0,622000000.0,10500000000.0,-3133000000.0,1.39,-3.362,4785000000.0,779000000.0,4006000000.0,4785000000.0,0.0,405000000.0,0.0,0.0,0.0,-866000000.0,-461000000.0,-0.04,-461000000.0,-866000000.0,-1166000000.0,-45.03,-45.03,-45.03,-3677000000.0,-2688250000.0,-3677000000.0,6520403302.0,-8.0,-14.144,-19000000.0,-0.236,1.0,1088000000.0,0.094,432000000.0,300000000.0,8447000000.0,8517000000.0,1476000000.0,2877000000.0,2397000000.0,480000000.0,12361000000.0,4007000000.0,8354000000.0,2653403302.0,105000000.0,3000000.0,214000000.0,318000000.0,0.0,489000000.0,-903000000.0,-369000000.0,518000000.0,1000000.0,-3182000000.0,-3182000000.0,-3182000000.0,0.0,49000000.0,-0.275,1832000000.0,-744000000.0,1621000000.0,0.0,-0.722,-0.834,-0.736,1776000000.0,0.0,33.12,0.229,0.23,875000000.0,-3662000000.0,11588000000.0,11588000000.0,476000000.0,-0.339,1.184,-0.102,-0.075,19000000.0,1289000000.0,1.0,80114834.0,80400000,80400000.0,144.129,8291000000.0,256000000.0,2016000000.0,41000000.0,103.122,1562000000.0
33,NAV,MRT,2012-12-31,2013-01-31,2013-01-31,2021-06-08,-2269000000.0,8531000000.0,10040000000.0,5416000000.0,3115000000.0,1.227,-41.883,-327000000.0,599000000.0,599000000.0,11037000000.0,-2930000000.0,1.389,-3.525,4466000000.0,936000000.0,3530000000.0,4466000000.0,0.0,345000000.0,0.0,0.0,0.0,-837000000.0,-492000000.0,-0.04,-492000000.0,-837000000.0,-1109000000.0,-42.88,-42.88,-42.88,-3359000000.0,-1882750000.0,-3359000000.0,5616054421.0,-7.0,-11.415,230000000.0,2.868,1.0,1286000000.0,0.104,449000000.0,272000000.0,8050000000.0,8942250000.0,1520000000.0,2824000000.0,2315000000.0,509000000.0,11840000000.0,3899000000.0,7941000000.0,2088054421.0,9000000.0,-41000000.0,203000000.0,-44000000.0,0.0,112000000.0,-650000000.0,-280000000.0,557000000.0,-10000000.0,-2980000000.0,-2980000000.0,-2980000000.0,0.0,50000000.0,-0.242,1979000000.0,-693000000.0,1547000000.0,0.0,-0.622,-0.701,-0.608,1643000000.0,0.0,26.09,0.169,0.17,841000000.0,-3288000000.0,12323000000.0,12323000000.0,508000000.0,-0.297,1.583,-0.094,-0.068,12000000.0,1349000000.0,1.0,80032749.0,80200000,80200000.0,153.653,8082000000.0,264000000.0,1871000000.0,39000000.0,100.773,1517000000.0
34,NAV,MRT,2012-09-30,2012-10-31,2012-10-31,2021-06-08,-2325000000.0,9102000000.0,10783000000.0,5837000000.0,3265000000.0,1.177,-47.902,-352000000.0,1248000000.0,1248000000.0,11401000000.0,-2962000000.0,1.341,-3.735,4776000000.0,1205000000.0,3571000000.0,4776000000.0,0.0,323000000.0,0.0,0.0,0.0,-971000000.0,-648000000.0,-0.051,-648000000.0,-971000000.0,-1230000000.0,-43.56,-43.56,-43.56,-3310000000.0,-1102000000.0,-3310000000.0,4877042850.0,-5.0,-7.526,258000000.0,3.734,1.0,1294000000.0,0.102,451000000.0,259000000.0,7826000000.0,9589250000.0,1537000000.0,2677000000.0,2129000000.0,548000000.0,12362000000.0,4353000000.0,8009000000.0,1286042850.0,548000000.0,-53000000.0,119000000.0,-123000000.0,0.0,-63000000.0,-2000000.0,417000000.0,610000000.0,3000000.0,-3010000000.0,-3010000000.0,-3010000000.0,0.0,48000000.0,-0.237,2117000000.0,-823000000.0,1686000000.0,0.0,-0.389,-0.427,-0.43,1660000000.0,0.0,18.75,0.101,0.102,843000000.0,-3165000000.0,12695000000.0,12695000000.0,532000000.0,-0.279,2.731,-0.101,-0.076,19000000.0,1419000000.0,1.0,68588952.0,69100000,69100000.0,183.719,8651000000.0,263000000.0,1780000000.0,42000000.0,125.195,1484000000.0
35,NAV,MRT,2012-06-30,2012-07-31,2012-07-31,2021-06-08,-2020000000.0,11143000000.0,11580250000.0,6115000000.0,5028000000.0,1.168,-5.924,-456000000.0,826000000.0,826000000.0,11457000000.0,69000000.0,1.35,-28.258,4417000000.0,1416000000.0,3001000000.0,4417000000.0,0.0,329000000.0,0.0,0.0,0.0,-90000000.0,239000000.0,0.018,239000000.0,-90000000.0,-332000000.0,0.06,0.13,0.06,-407000000.0,-281250000.0,-407000000.0,5643254945.0,-63.0,23.612,231000000.0,3.362,1.0,2065000000.0,0.153,459000000.0,242000000.0,9745000000.0,10366500000.0,1877000000.0,2540000000.0,1971000000.0,569000000.0,11501000000.0,4530000000.0,6971000000.0,1686254945.0,103000000.0,-36000000.0,-183000000.0,-150000000.0,0.0,-390000000.0,-177000000.0,340000000.0,687000000.0,-17000000.0,14000000.0,14000000.0,14000000.0,0.0,55000000.0,0.001,1950000000.0,115000000.0,1816000000.0,0.0,-4.143,120.447,410.0,1646000000.0,0.0,24.6,0.125,0.125,932000000.0,-396000000.0,13522000000.0,13522000000.0,515000000.0,0.001,-0.05,-0.009,-0.007,19000000.0,1450000000.0,1.0,68546949.0,68700000,68900000.0,196.827,10684000000.0,2406000000.0,-346000000.0,56000000.0,155.517,1585000000.0
36,NAV,MRT,2012-03-31,2012-04-30,2012-04-30,2021-06-08,-1982000000.0,11384000000.0,11589000000.0,6378000000.0,5006000000.0,1.192,-6.623,-481000000.0,545000000.0,545000000.0,11587000000.0,1382000000.0,1.351,-25.914,4502000000.0,1509000000.0,2993000000.0,4502000000.0,0.0,327000000.0,0.0,0.0,0.0,-46000000.0,281000000.0,0.02,281000000.0,-46000000.0,-291000000.0,17.94,17.15,17.94,-455000000.0,-1750000.0,-455000000.0,6221417401.0,-135.0,22.14,222000000.0,3.231,1.0,2226000000.0,0.161,473000000.0,245000000.0,10148000000.0,10625750000.0,1948000000.0,3035000000.0,2403000000.0,632000000.0,11791000000.0,4720000000.0,7071000000.0,2326417401.0,10000000.0,-54000000.0,-186000000.0,-308000000.0,0.0,-552000000.0,-124000000.0,444000000.0,703000000.0,-17000000.0,1330000000.0,1330000000.0,1330000000.0,0.0,52000000.0,0.096,2054000000.0,172000000.0,1927000000.0,0.0,-5.113,1.749,1.892,1690000000.0,0.0,33.95,0.168,0.169,959000000.0,-480000000.0,13813000000.0,13813000000.0,521000000.0,0.115,-760.0,-0.004,-0.003,19000000.0,1462000000.0,1.0,68524813.0,68700000,68700000.0,201.063,10911000000.0,2238000000.0,-1621000000.0,59000000.0,158.821,1658000000.0
37,NAV,MRT,2011-12-31,2012-01-31,2012-01-31,2021-06-08,-1934000000.0,11503000000.0,11234500000.0,6459000000.0,5044000000.0,1.238,-3.376,-499000000.0,643000000.0,643000000.0,11388000000.0,1632000000.0,1.53,-49.547,4538000000.0,1097000000.0,3441000000.0,4538000000.0,0.0,326000000.0,0.0,0.0,0.0,328000000.0,654000000.0,0.047,654000000.0,328000000.0,83000000.0,21.45,20.58,21.45,-236000000.0,-91000000.0,-236000000.0,7033373498.0,21.0,10.754,495000000.0,7.082,1.0,2519000000.0,0.181,539000000.0,245000000.0,10638000000.0,10414250000.0,1916000000.0,3116000000.0,2394000000.0,722000000.0,11693000000.0,4221000000.0,7472000000.0,3038373498.0,89000000.0,-35000000.0,-169000000.0,-93000000.0,0.0,-321000000.0,-585000000.0,-13000000.0,994000000.0,1000000.0,1576000000.0,1576000000.0,1576000000.0,0.0,56000000.0,0.113,1991000000.0,528000000.0,1861000000.0,0.0,-12.874,1.928,2.018,1671000000.0,0.0,43.29,0.218,0.218,978000000.0,-308000000.0,13907000000.0,13907000000.0,526000000.0,0.14,-17.319,0.031,0.024,28000000.0,1444000000.0,1.0,70186498.0,69900000,69900000.0,198.956,10964000000.0,2114000000.0,-1493000000.0,66000000.0,156.853,2238000000.0
38,NAV,MRT,2011-09-30,2011-10-31,2011-10-31,2021-06-08,-1944000000.0,12291000000.0,10678500000.0,7235000000.0,5056000000.0,1.277,-0.371,-468000000.0,866000000.0,866000000.0,10937000000.0,1778000000.0,1.508,-454.185,4861000000.0,1379000000.0,3482000000.0,4861000000.0,0.0,328000000.0,0.0,0.0,0.0,553000000.0,881000000.0,0.065,881000000.0,553000000.0,306000000.0,23.66,22.64,23.66,-27000000.0,-252250000.0,-27000000.0,7010075096.0,13.0,7.957,412000000.0,5.659,1.0,2704000000.0,0.198,553000000.0,247000000.0,10935000000.0,10070500000.0,1714000000.0,3691000000.0,2916000000.0,775000000.0,12263000000.0,4798000000.0,7465000000.0,3053075096.0,-46000000.0,-50000000.0,-85000000.0,38000000.0,0.0,-100000000.0,-823000000.0,-279000000.0,880000000.0,-3000000.0,1723000000.0,1723000000.0,1723000000.0,0.0,55000000.0,0.126,1951000000.0,753000000.0,2122000000.0,0.0,-113.077,1.772,1.778,1570000000.0,0.0,42.07,0.224,0.225,1341000000.0,-155000000.0,13641000000.0,13641000000.0,520000000.0,0.161,-6.831,0.055,0.041,36000000.0,1407000000.0,1.0,72571312.0,72800000,76100000.0,187.376,11738000000.0,2057000000.0,-1417000000.0,59000000.0,161.236,2437000000.0
39,NAV,MRT,2011-06-30,2011-07-31,2011-07-31,2021-06-08,-1066000000.0,11178000000.0,10038250000.0,6602000000.0,4576000000.0,1.296,9.7,-377000000.0,603000000.0,603000000.0,10595000000.0,1553000000.0,1.74,14.657,4560000000.0,754000000.0,3806000000.0,4560000000.0,0.0,325000000.0,0.0,0.0,0.0,311000000.0,636000000.0,0.049,636000000.0,311000000.0,60000000.0,20.65,19.7,20.65,711000000.0,-490750000.0,711000000.0,8067113541.0,26.0,12.684,605000000.0,8.254,1.0,2412000000.0,0.185,559000000.0,251000000.0,10782000000.0,9753750000.0,1731000000.0,3526000000.0,2616000000.0,910000000.0,10421000000.0,3794000000.0,6627000000.0,3733113541.0,-71000000.0,-54000000.0,27000000.0,-462000000.0,0.0,-490000000.0,-573000000.0,-124000000.0,982000000.0,10000000.0,1512000000.0,1512000000.0,1512000000.0,0.0,41000000.0,0.116,1939000000.0,473000000.0,1921000000.0,0.0,5.251,2.469,2.485,1492000000.0,0.0,51.31,0.287,0.289,1136000000.0,-410000000.0,13007000000.0,13007000000.0,533000000.0,0.151,-3.081,0.032,0.024,37000000.0,1337000000.0,1.0,72756062.0,73300000,76800000.0,177.449,10619000000.0,1572000000.0,-1452000000.0,72000000.0,144.87,2808000000.0
40,NAV,MRT,2011-03-31,2011-04-30,2011-04-30,2021-06-08,-1056000000.0,9966000000.0,9598250000.0,6200000000.0,3766000000.0,1.322,-11.123,-344000000.0,578000000.0,578000000.0,10190000000.0,273000000.0,1.415,-13.111,4912000000.0,1370000000.0,3542000000.0,4912000000.0,0.0,319000000.0,0.0,0.0,0.0,506000000.0,825000000.0,0.065,825000000.0,506000000.0,259000000.0,3.16,3.02,3.16,-812000000.0,-944750000.0,-812000000.0,9082645981.0,18.0,11.009,723000000.0,9.904,1.0,2501000000.0,0.197,617000000.0,247000000.0,9302000000.0,9384000000.0,1721000000.0,3772000000.0,2721000000.0,1051000000.0,10646000000.0,4381000000.0,6265000000.0,5031645981.0,-118000000.0,-56000000.0,49000000.0,-524000000.0,0.0,-531000000.0,-668000000.0,-257000000.0,1067000000.0,14000000.0,229000000.0,229000000.0,229000000.0,0.0,44000000.0,0.018,1846000000.0,655000000.0,1907000000.0,0.0,-6.197,21.972,22.0,1486000000.0,0.0,69.52,0.396,0.4,1097000000.0,-1810000000.0,12691000000.0,12691000000.0,505000000.0,0.024,-0.242,0.054,0.04,39000000.0,1383000000.0,1.0,72376956.0,73000000,78600000.0,173.849,9349000000.0,110000000.0,30000000.0,94000000.0,128.068,1819000000.0
41,NAV,MRT,2010-12-31,2011-01-31,2011-01-31,2021-06-08,-1118000000.0,9279000000.0,9341750000.0,5457000000.0,3822000000.0,1.293,-12.152,-294000000.0,570000000.0,570000000.0,9678000000.0,241000000.0,1.579,-11.477,4621000000.0,748000000.0,3873000000.0,4621000000.0,0.0,317000000.0,0.0,0.0,0.0,462000000.0,779000000.0,0.064,779000000.0,462000000.0,213000000.0,2.76,2.69,2.76,-881000000.0,-1058000000.0,-881000000.0,8772706868.0,19.0,11.261,693000000.0,9.559,1.0,2401000000.0,0.199,612000000.0,249000000.0,9263000000.0,9167750000.0,1649000000.0,3298000000.0,2180000000.0,1118000000.0,10111000000.0,3455000000.0,6656000000.0,4659706868.0,-291000000.0,-87000000.0,48000000.0,-994000000.0,0.0,-1003000000.0,-284000000.0,101000000.0,987000000.0,9000000.0,198000000.0,198000000.0,198000000.0,0.0,43000000.0,0.016,1841000000.0,560000000.0,1627000000.0,0.0,-5.289,23.534,23.496,1470000000.0,0.0,64.85,0.386,0.389,934000000.0,-1884000000.0,12079000000.0,12079000000.0,484000000.0,0.021,-0.187,0.05,0.038,34000000.0,1388000000.0,1.0,71853614.0,72500000,72500000.0,166.607,8667000000.0,157000000.0,15000000.0,142000000.0,119.545,2002000000.0
42,NAV,MRT,2010-09-30,2010-10-31,2010-10-31,2021-06-08,-1196000000.0,9730000000.0,9303500000.0,5835000000.0,3895000000.0,1.305,-13.682,-256000000.0,765000000.0,765000000.0,9741000000.0,267000000.0,1.626,-10.86,4878000000.0,632000000.0,4246000000.0,4878000000.0,0.0,316000000.0,0.0,0.0,0.0,499000000.0,815000000.0,0.067,815000000.0,499000000.0,246000000.0,3.11,3.05,3.11,-981000000.0,-1260500000.0,-981000000.0,7380555577.0,15.0,9.056,851000000.0,11.869,1.0,2404000000.0,0.198,586000000.0,253000000.0,9668000000.0,8984250000.0,1568000000.0,3604000000.0,2356000000.0,1248000000.0,10654000000.0,3589000000.0,7065000000.0,3454555577.0,-627000000.0,-92000000.0,35000000.0,-1278000000.0,0.0,-1300000000.0,-434000000.0,-71000000.0,1107000000.0,0.0,223000000.0,223000000.0,223000000.0,0.0,44000000.0,0.018,1811000000.0,593000000.0,1827000000.0,0.0,-3.521,15.491,15.492,1442000000.0,0.0,48.18,0.284,0.284,1031000000.0,-1878000000.0,12145000000.0,12145000000.0,464000000.0,0.024,-0.177,0.056,0.041,24000000.0,1406000000.0,1.0,71701029.0,71700000,73200000.0,169.386,9144000000.0,146000000.0,23000000.0,142000000.0,127.531,2246000000.0
43,NAV,MRT,2010-06-30,2010-07-31,2010-07-31,2021-06-08,-1304000000.0,9418000000.0,9378000000.0,5469000000.0,3949000000.0,1.286,-15.347,-226000000.0,869000000.0,869000000.0,9605000000.0,321000000.0,1.582,-9.464,4795000000.0,661000000.0,4134000000.0,4795000000.0,0.0,325000000.0,0.0,0.0,0.0,521000000.0,846000000.0,0.07,846000000.0,521000000.0,287000000.0,3.69,3.61,3.69,-1105000000.0,-1452250000.0,-1105000000.0,7466082872.0,14.0,8.825,769000000.0,10.681,1.0,2453000000.0,0.203,583000000.0,234000000.0,9303000000.0,8784500000.0,1637000000.0,3388000000.0,2040000000.0,1348000000.0,10458000000.0,3458000000.0,7000000000.0,3702082872.0,-306000000.0,-120000000.0,38000000.0,-948000000.0,0.0,-1005000000.0,-296000000.0,62000000.0,995000000.0,0.0,265000000.0,265000000.0,265000000.0,0.0,56000000.0,0.022,1884000000.0,569000000.0,1680000000.0,0.0,-3.35,13.97,14.014,1453000000.0,0.0,51.71,0.307,0.309,986000000.0,-1888000000.0,12058000000.0,12058000000.0,432000000.0,0.028,-0.182,0.059,0.043,23000000.0,1434000000.0,1.0,71593171.0,72000000,74300000.0,167.472,8835000000.0,152000000.0,22000000.0,170000000.0,122.708,2011000000.0
44,NAV,MRT,2010-03-31,2010-04-30,2010-04-30,2021-06-08,-1311000000.0,8940000000.0,9369500000.0,4922000000.0,4018000000.0,1.211,-17.717,-197000000.0,792000000.0,792000000.0,9199000000.0,187000000.0,1.341,-8.014,4556000000.0,1006000000.0,3550000000.0,4556000000.0,0.0,335000000.0,0.0,0.0,0.0,401000000.0,736000000.0,0.065,736000000.0,401000000.0,169000000.0,1.92,1.89,1.92,-1265000000.0,-1514000000.0,-1265000000.0,7108469747.0,18.0,9.658,820000000.0,11.485,1.0,2144000000.0,0.189,596000000.0,232000000.0,8437000000.0,8438250000.0,1719000000.0,3092000000.0,1595000000.0,1497000000.0,10138000000.0,3671000000.0,6467000000.0,3424469747.0,-290000000.0,-61000000.0,27000000.0,-1103000000.0,0.0,-1167000000.0,-156000000.0,193000000.0,1017000000.0,16000000.0,136000000.0,136000000.0,136000000.0,0.0,51000000.0,0.012,1810000000.0,334000000.0,1600000000.0,0.0,-2.707,25.18,25.177,1439000000.0,0.0,48.34,0.302,0.304,792000000.0,-2025000000.0,11343000000.0,11343000000.0,420000000.0,0.015,-0.09,0.048,0.035,21000000.0,1363000000.0,1.0,70841327.0,71400000,72800000.0,158.866,8344000000.0,150000000.0,33000000.0,170000000.0,116.863,1251000000.0
45,NAV,MRT,2009-12-31,2010-01-31,2010-01-31,2021-06-08,-1689000000.0,9126000000.0,9548750000.0,4968000000.0,4158000000.0,1.195,-23.75,-196000000.0,1112000000.0,1112000000.0,9305000000.0,143000000.0,1.346,-6.356,4796000000.0,1023000000.0,3773000000.0,4796000000.0,0.0,344000000.0,0.0,0.0,0.0,382000000.0,726000000.0,0.064,726000000.0,382000000.0,157000000.0,1.47,1.45,1.47,-1691000000.0,-1559500000.0,-1691000000.0,6337887006.0,17.0,8.73,843000000.0,11.84,1.0,2103000000.0,0.184,590000000.0,225000000.0,8529000000.0,8876250000.0,1734000000.0,3050000000.0,1535000000.0,1515000000.0,10748000000.0,3691000000.0,7057000000.0,2615887006.0,113000000.0,-37000000.0,-10000000.0,-600000000.0,0.0,-687000000.0,-249000000.0,75000000.0,1039000000.0,10000000.0,105000000.0,105000000.0,105000000.0,0.0,38000000.0,0.009,1781000000.0,322000000.0,1580000000.0,0.0,-1.547,24.913,25.163,1442000000.0,0.0,36.99,0.229,0.231,718000000.0,-2055000000.0,11408000000.0,11408000000.0,434000000.0,0.011,-0.067,0.043,0.033,19000000.0,1304000000.0,1.0,70718762.0,71200000,72100000.0,160.225,8536000000.0,162000000.0,52000000.0,169000000.0,119.888,1277000000.0
46,NAV,MRT,2009-09-30,2009-10-31,2009-10-31,2021-06-08,-1690000000.0,10028000000.0,9673000000.0,5748000000.0,4280000000.0,1.196,-24.62,-191000000.0,1697000000.0,1697000000.0,9366000000.0,345000000.0,1.373,-6.695,5305000000.0,1136000000.0,4169000000.0,5305000000.0,0.0,344000000.0,0.0,0.0,0.0,608000000.0,952000000.0,0.082,952000000.0,608000000.0,357000000.0,4.51,4.46,4.51,-1748000000.0,-1510000000.0,-1748000000.0,6232697918.0,10.0,6.547,1047000000.0,14.746,1.0,2203000000.0,0.19,582000000.0,251000000.0,8869000000.0,9225250000.0,1666000000.0,3266000000.0,1706000000.0,1560000000.0,11702000000.0,4185000000.0,7517000000.0,2340697918.0,271000000.0,-14000000.0,-16000000.0,-690000000.0,0.0,-764000000.0,-212000000.0,73000000.0,1238000000.0,9000000.0,320000000.0,320000000.0,320000000.0,0.0,25000000.0,0.028,1867000000.0,336000000.0,1872000000.0,0.0,-1.339,7.315,7.348,1467000000.0,0.0,33.14,0.202,0.203,881000000.0,-2101000000.0,11569000000.0,11569000000.0,433000000.0,0.033,-0.212,0.066,0.053,16000000.0,1344000000.0,1.0,70630595.0,71000000,71800000.0,162.944,9446000000.0,164000000.0,37000000.0,142000000.0,133.042,1563000000.0
47,NAV,MRT,2009-06-30,2009-07-31,2009-07-31,2021-06-08,-1157000000.0,9384000000.0,9763500000.0,4972000000.0,4412000000.0,1.245,-19.096,-184000000.0,1328000000.0,1328000000.0,9964000000.0,-102000000.0,1.038,-7.888,5220000000.0,2063000000.0,3157000000.0,5220000000.0,0.0,363000000.0,0.0,0.0,0.0,279000000.0,642000000.0,0.053,642000000.0,279000000.0,-39000000.0,-1.61,-1.43,-1.61,-1352000000.0,-1446750000.0,-1352000000.0,7073688334.0,25.0,11.018,1165000000.0,16.455,1.0,2190000000.0,0.18,566000000.0,318000000.0,7918000000.0,9704250000.0,1731000000.0,3156000000.0,1512000000.0,1644000000.0,10665000000.0,4792000000.0,5873000000.0,2779688334.0,63000000.0,20000000.0,-18000000.0,-1193000000.0,0.0,-1219000000.0,-54000000.0,192000000.0,1349000000.0,-13000000.0,-109000000.0,-109000000.0,-109000000.0,0.0,7000000.0,-0.009,2036000000.0,154000000.0,1567000000.0,0.0,-2.056,-25.502,-24.559,1527000000.0,0.0,39.54,0.229,0.23,698000000.0,-2158000000.0,12154000000.0,12154000000.0,434000000.0,-0.011,0.075,0.029,0.023,26000000.0,1351000000.0,1.0,70300666.0,70800000,70800000.0,171.667,8818000000.0,116000000.0,70000000.0,109000000.0,124.548,180000000.0
48,NAV,MRT,2009-03-31,2009-04-30,2009-04-30,2021-06-08,-1252000000.0,9657000000.0,10343000000.0,5049000000.0,4608000000.0,1.315,-20.438,-188000000.0,1369000000.0,1369000000.0,10897000000.0,234000000.0,1.547,-7.664,5663000000.0,579000000.0,5084000000.0,5663000000.0,0.0,374000000.0,0.0,0.0,0.0,634000000.0,1008000000.0,0.074,1008000000.0,634000000.0,284000000.0,3.23,3.2,3.23,-1447000000.0,-1191250000.0,-1447000000.0,7198080876.0,11.0,7.141,1098000000.0,15.508,1.0,2702000000.0,0.199,498000000.0,350000000.0,10189000000.0,10771000000.0,1646000000.0,3522000000.0,1655000000.0,1867000000.0,11090000000.0,3264000000.0,7826000000.0,2662080876.0,43000000.0,-23000000.0,0.0,-1105000000.0,0.0,-1105000000.0,-98000000.0,114000000.0,1286000000.0,-40000000.0,234000000.0,234000000.0,234000000.0,0.0,0.0,0.017,2120000000.0,582000000.0,1525000000.0,0.0,-1.84,11.376,11.703,1419000000.0,0.0,37.8,0.196,0.197,827000000.0,-2146000000.0,13599000000.0,13599000000.0,441000000.0,0.023,-0.196,0.059,0.047,24000000.0,1428000000.0,1.0,70425420.0,70800000,71300000.0,192.076,9159000000.0,121000000.0,50000000.0,97000000.0,129.364,1785000000.0
49,NAV,MRT,2008-12-31,2009-01-31,2009-01-31,2021-06-08,-1294000000.0,9623000000.0,10856250000.0,5102000000.0,4521000000.0,1.358,-20.881,-215000000.0,893000000.0,893000000.0,11802000000.0,433000000.0,1.366,-7.429,5429000000.0,794000000.0,4635000000.0,5429000000.0,0.0,383000000.0,0.0,0.0,0.0,867000000.0,1250000000.0,0.085,1250000000.0,867000000.0,472000000.0,6.07,5.92,6.07,-1493000000.0,-1008500000.0,-1493000000.0,6962220357.0,8.0,5.57,1238000000.0,17.315,1.0,2938000000.0,0.199,499000000.0,395000000.0,9925000000.0,11346750000.0,1813000000.0,3752000000.0,1748000000.0,2004000000.0,11092000000.0,3735000000.0,7357000000.0,2163220357.0,-97000000.0,-22000000.0,25000000.0,-1626000000.0,0.0,-1601000000.0,91000000.0,332000000.0,1453000000.0,-40000000.0,433000000.0,433000000.0,433000000.0,0.0,0.0,0.029,2130000000.0,808000000.0,1680000000.0,0.0,-1.449,4.996,5.003,1447000000.0,0.0,30.37,0.147,0.147,831000000.0,-2158000000.0,14740000000.0,14740000000.0,410000000.0,0.04,-0.429,0.076,0.059,21000000.0,1492000000.0,1.0,71228856.0,71500000,71600000.0,206.154,9124000000.0,118000000.0,39000000.0,0.0,127.608,1367000000.0
50,NAV,MRT,2008-09-30,2008-10-31,2008-10-31,2021-06-08,-943000000.0,10390000000.0,11325000000.0,5535000000.0,4855000000.0,1.3,-21.146,-195000000.0,1418000000.0,1418000000.0,11942000000.0,134000000.0,1.428,-7.85,6217000000.0,665000000.0,5552000000.0,6217000000.0,0.0,393000000.0,0.0,0.0,0.0,660000000.0,1053000000.0,0.072,1053000000.0,660000000.0,191000000.0,1.89,1.82,1.89,-1495000000.0,-873000000.0,-1495000000.0,7311786422.0,11.0,6.944,925000000.0,13.083,1.0,2782000000.0,0.189,529000000.0,469000000.0,10785000000.0,12077250000.0,1628000000.0,3893000000.0,1789000000.0,2104000000.0,11736000000.0,3875000000.0,7861000000.0,2143786422.0,84000000.0,3000000.0,29000000.0,-705000000.0,0.0,-676000000.0,-333000000.0,-139000000.0,1120000000.0,-27000000.0,134000000.0,134000000.0,134000000.0,0.0,0.0,0.009,2193000000.0,589000000.0,2027000000.0,0.0,-1.434,15.998,15.937,1501000000.0,0.0,30.12,0.146,0.145,1056000000.0,-2392000000.0,14724000000.0,14724000000.0,384000000.0,0.012,-0.153,0.055,0.045,15000000.0,1437000000.0,1.0,71174848.0,70700000,73200000.0,208.26,9861000000.0,116000000.0,57000000.0,103000000.0,139.477,1660000000.0
51,NAV,MRT,2008-06-30,2008-07-31,2008-07-31,2021-06-08,-105000000.0,11702000000.0,11589500000.0,5723000000.0,5979000000.0,1.213,-4.661,-230000000.0,1365000000.0,1365000000.0,11319000000.0,374000000.0,1.369,-36.021,6678000000.0,803000000.0,5875000000.0,6678000000.0,0.0,386000000.0,0.0,0.0,0.0,904000000.0,1290000000.0,0.092,1290000000.0,904000000.0,412000000.0,5.3,4.97,5.3,-330000000.0,-717750000.0,-330000000.0,9407427960.0,10.0,7.293,628000000.0,8.87,1.0,2736000000.0,0.195,651000000.0,492000000.0,12185000000.0,12541750000.0,1692000000.0,5489000000.0,3066000000.0,2423000000.0,11887000000.0,4179000000.0,7708000000.0,3933427960.0,4000000.0,28000000.0,26000000.0,-592000000.0,0.0,-566000000.0,-267000000.0,-69000000.0,858000000.0,-21000000.0,374000000.0,374000000.0,374000000.0,0.0,0.0,0.027,1893000000.0,843000000.0,2148000000.0,0.0,-11.919,10.517,10.566,1963000000.0,0.0,56.0,0.28,0.282,0.0,-2048000000.0,14055000000.0,14055000000.0,380000000.0,0.032,-0.521,0.072,0.064,3000000.0,1551000000.0,1.0,70239785.0,70800000,74000000.0,198.517,11051000000.0,147000000.0,38000000.0,0.0,156.088,1544000000.0
52,NAV,MRT,2008-03-31,2008-04-30,2008-04-30,2021-06-08,-146000000.0,11710000000.0,,5597000000.0,6113000000.0,,-10.185,-241000000.0,1410000000.0,1410000000.0,10695000000.0,39000000.0,1.333,-17.162,7022000000.0,856000000.0,6166000000.0,7022000000.0,0.0,379000000.0,0.0,0.0,0.0,605000000.0,984000000.0,0.075,984000000.0,605000000.0,76000000.0,0.57,0.45,0.57,-716000000.0,,-716000000.0,9582044286.0,16.0,9.738,574000000.0,8.165,1.0,2365000000.0,0.181,632000000.0,529000000.0,12492000000.0,,1460000000.0,5685000000.0,3180000000.0,2505000000.0,12288000000.0,4198000000.0,8090000000.0,4618044286.0,27000000.0,63000000.0,0.0,-400000000.0,0.0,-400000000.0,-388000000.0,-215000000.0,815000000.0,0.0,39000000.0,39000000.0,39000000.0,0.0,0.0,0.003,1853000000.0,512000000.0,2139000000.0,0.0,-6.45,118.411,115.351,1980000000.0,0.0,65.75,0.354,0.354,0.0,-2378000000.0,13060000000.0,13060000000.0,358000000.0,,,,0.046,5000000.0,1533000000.0,1.0,70236415.0,70300000,73200000.0,185.775,11078000000.0,135000000.0,37000000.0,0.0,157.582,1399000000.0
53,NAV,MRT,2007-12-31,2008-01-31,2008-01-31,2021-06-08,-170000000.0,11498000000.0,,5188000000.0,6310000000.0,,-13.528,-226000000.0,1458000000.0,1458000000.0,9967000000.0,-197000000.0,1.341,-12.946,7303000000.0,840000000.0,6463000000.0,7303000000.0,0.0,370000000.0,0.0,0.0,0.0,406000000.0,776000000.0,0.064,776000000.0,406000000.0,-152000000.0,-2.79,-2.79,-2.79,-951000000.0,,-951000000.0,8435083629.0,21.0,10.87,313000000.0,4.452,1.0,2134000000.0,0.176,627000000.0,558000000.0,12847000000.0,,1502000000.0,5371000000.0,2815000000.0,2556000000.0,12312000000.0,3869000000.0,8443000000.0,3471083629.0,196000000.0,60000000.0,0.0,243000000.0,0.0,243000000.0,-604000000.0,-449000000.0,539000000.0,18000000.0,-197000000.0,-197000000.0,-197000000.0,0.0,0.0,-0.016,1818000000.0,316000000.0,1786000000.0,0.0,-3.65,-17.62,-17.713,2006000000.0,0.0,49.42,0.287,0.287,0.0,-2589000000.0,12101000000.0,12101000000.0,354000000.0,,,,0.034,6000000.0,1514000000.0,1.0,70236415.0,70300000,70300000.0,172.134,10871000000.0,139000000.0,45000000.0,0.0,154.637,1319000000.0
54,NAV,MRT,2007-09-30,2007-10-31,2007-10-31,2021-06-08,-155000000.0,11448000000.0,12139000000.0,5445000000.0,6003000000.0,1.013,-12.432,-294000000.0,1196000000.0,1196000000.0,10109000000.0,-120000000.0,1.364,-13.938,7021000000.0,798000000.0,6223000000.0,7021000000.0,0.0,371000000.0,0.0,0.0,0.0,429000000.0,800000000.0,0.065,800000000.0,429000000.0,-73000000.0,-1.7,-1.7,-1.7,-874000000.0,-994000000.0,-874000000.0,,,,-32000000.0,-0.455,1.0,2186000000.0,0.178,639000000.0,502000000.0,12643000000.0,12912000000.0,1412000000.0,5579000000.0,2947000000.0,2632000000.0,12182000000.0,3991000000.0,8191000000.0,4424894145.0,-380000000.0,34000000.0,0.0,-806000000.0,0.0,-806000000.0,157000000.0,411000000.0,262000000.0,7000000.0,-120000000.0,-120000000.0,-120000000.0,0.0,0.0,-0.01,1831000000.0,355000000.0,1770000000.0,0.0,-5.063,-36.874,-37.059,2086000000.0,0.0,63.0,0.36,0.36,0.0,-2519000000.0,12295000000.0,12295000000.0,375000000.0,-0.01,0.121,0.033,0.035,7000000.0,1490000000.0,1.0,70236415.0,70300000,70300000.0,174.893,10809000000.0,150000000.0,47000000.0,0.0,153.755,1454000000.0
55,NAV,MRT,2007-06-30,2007-07-31,2007-07-31,2021-06-08,,,,,,,,,,,,,,,,,,,,,,0.0,0.0,,,,,,,,,,,,,,,,,,1.0,,,,,,,,,,,,,,4424894145.0,,,,,,,,,,,,,,,,,,,,,,,,,,63.0,,,,,,,,,,,,,,1.0,70236415.0,70300000,,,,,,,,
56,NAV,MRT,2007-03-31,2007-04-30,2007-04-30,2021-06-08,,,,,,,,,,,,,,,,,,,,,,0.0,0.0,,,,,,,,,,,,,,,,,,1.0,,,,,,,,,,,,,,3900228125.0,,,,,,,,,,,,,,,,,,,,,,,,,,55.53,,,,,,,,,,,,,,1.0,70236415.0,70300000,,,,,,,,
57,NAV,MRT,2006-12-31,2007-01-31,2007-01-31,2021-06-08,,,,,,,,,,,,,,,,,,,,,,0.0,0.0,,,,,,,,,,,,,,,,,,1.0,,,,,,,,,,,,,,3107259000.0,,,,,,,,,,,,,,,,,,,,,,,,,,44.24,,,,,,,,,,,,,,1.0,70236415.0,70300000,,,,,,,,
58,NAV,MRT,2006-09-30,2006-10-31,2006-10-31,2021-06-08,-650000000.0,12830000000.0,11808000000.0,6368000000.0,6462000000.0,1.203,-15.846,-227000000.0,1857000000.0,1857000000.0,11703000000.0,301000000.0,1.318,-12.517,7646000000.0,891000000.0,6755000000.0,7646000000.0,0.0,364000000.0,0.0,0.0,0.0,826000000.0,1190000000.0,0.084,1190000000.0,826000000.0,395000000.0,4.29,4.12,4.29,-1114000000.0,-1406500000.0,-1114000000.0,,,,-514000000.0,-7.312,1.0,2497000000.0,0.176,606000000.0,431000000.0,13181000000.0,11793000000.0,1736000000.0,6068000000.0,3263000000.0,2805000000.0,13944000000.0,4832000000.0,9112000000.0,1947655788.0,328000000.0,-85000000.0,2000000.0,1048000000.0,0.0,1056000000.0,-456000000.0,-149000000.0,-287000000.0,15000000.0,301000000.0,301000000.0,301000000.0,0.0,0.0,0.021,1770000000.0,727000000.0,2222000000.0,0.0,-1.748,6.471,6.464,2157000000.0,0.0,27.73,0.137,0.137,0.0,-2399000000.0,14200000000.0,14200000000.0,453000000.0,0.025,-0.214,0.07,0.058,14000000.0,1332000000.0,1.0,70236415.0,70300000,74500000.0,201.991,12224000000.0,117000000.0,94000000.0,0.0,173.883,1536000000.0
59,NAV,MRT,2005-09-30,2005-10-31,2005-10-31,2021-06-08,-910000000.0,10786000000.0,9768000000.0,4852000000.0,5934000000.0,1.241,-24.237,-326000000.0,1425000000.0,1425000000.0,10250000000.0,139000000.0,1.035,-7.348,6389000000.0,980000000.0,5409000000.0,6389000000.0,0.0,322000000.0,0.0,0.0,0.0,453000000.0,775000000.0,0.064,775000000.0,453000000.0,145000000.0,1.98,1.9,1.98,-1699000000.0,-1775500000.0,-1699000000.0,,,,-51000000.0,-0.728,1.0,1874000000.0,0.155,657000000.0,308000000.0,10405000000.0,9316000000.0,1330000000.0,4951000000.0,2470000000.0,2481000000.0,12485000000.0,4688000000.0,7797000000.0,1932906141.0,226000000.0,-567000000.0,5000000.0,991000000.0,0.0,996000000.0,-1081000000.0,-187000000.0,275000000.0,36000000.0,139000000.0,139000000.0,139000000.0,0.0,0.0,0.011,1511000000.0,363000000.0,1869000000.0,0.0,-1.138,13.906,13.899,2083000000.0,0.0,27.52,0.159,0.159,0.0,-2699000000.0,12124000000.0,12124000000.0,413000000.0,0.014,-0.078,0.049,0.037,4000000.0,1067000000.0,1.0,70236415.0,70100000,76300000.0,172.953,10129000000.0,102000000.0,6000000.0,0.0,144.494,164000000.0
60,NAV,MRT,2004-09-30,2004-10-31,2004-10-31,2021-06-08,-918000000.0,8750000000.0,,4061000000.0,4689000000.0,,-26.571,-316000000.0,922000000.0,922000000.0,8268000000.0,-44000000.0,0.857,-5.725,5282000000.0,1662000000.0,3620000000.0,5282000000.0,0.0,288000000.0,0.0,0.0,0.0,202000000.0,490000000.0,0.051,490000000.0,202000000.0,-35000000.0,-0.64,-0.64,-0.64,-1852000000.0,,-1852000000.0,,,,-18000000.0,-0.258,1.0,1410000000.0,0.146,142000000.0,237000000.0,8227000000.0,,1162000000.0,4318000000.0,2126000000.0,2192000000.0,10602000000.0,4741000000.0,5861000000.0,,162000000.0,-24000000.0,30000000.0,-378000000.0,0.0,-375000000.0,238000000.0,583000000.0,298000000.0,1000000.0,-44000000.0,-44000000.0,-44000000.0,0.0,0.0,-0.005,1244000000.0,166000000.0,1564000000.0,0.0,,,-53.984,1942000000.0,0.0,34.55,,0.249,0.0,-2832000000.0,9678000000.0,9678000000.0,287000000.0,,,,0.021,3000000.0,939000000.0,1.0,,69700000,69700000.0,138.852,8608000000.0,59000000.0,9000000.0,0.0,123.501,-680000000.0
61,NAV,MRT,2003-09-30,2003-10-31,2003-10-31,2021-06-08,,,,,,,,-309000000.0,,,6670000000.0,-333000000.0,,,,,,,,289000000.0,,0.0,0.0,-49000000.0,240000000.0,0.031,240000000.0,-49000000.0,-316000000.0,-4.86,-4.86,-4.86,,,,,,,-119000000.0,-1.732,1.0,1025000000.0,0.133,,267000000.0,,,,,,,,,,,-199000000.0,-6000000.0,149000000.0,529000000.0,0.0,652000000.0,-1046000000.0,-743000000.0,190000000.0,5000000.0,-333000000.0,-333000000.0,-333000000.0,0.0,0.0,-0.043,1127000000.0,-102000000.0,,0.0,,,-8.319,,0.0,40.43,,0.361,,,7695000000.0,7695000000.0,270000000.0,,,,-0.006,3000000.0,903000000.0,1.0,,68700000,68700000.0,112.009,,,17000000.0,,,
