None,ticker,dimension,calendardate,datekey,reportperiod,lastupdated,accoci,assets,assetsavg,assetsc,assetsnc,assetturnover,bvps,capex,cashneq,cashnequsd,cor,consolinc,currentratio,de,debt,debtc,debtnc,debtusd,deferredrev,depamor,deposits,divyield,dps,ebit,ebitda,ebitdamargin,ebitdausd,ebitusd,ebt,eps,epsdil,epsusd,equity,equityavg,equityusd,ev,evebit,evebitda,fcf,fcfps,fxusd,gp,grossmargin,intangibles,intexp,invcap,invcapavg,inventory,investments,investmentsc,investmentsnc,liabilities,liabilitiesc,liabilitiesnc,marketcap,ncf,ncfbus,ncfcommon,ncfdebt,ncfdiv,ncff,ncfi,ncfinv,ncfo,ncfx,netinc,netinccmn,netinccmnusd,netincdis,netincnci,netmargin,opex,opinc,payables,payoutratio,pb,pe,pe1,ppnenet,prefdivis,price,ps,ps1,receivables,retearn,revenue,revenueusd,rnd,roa,roe,roic,ros,sbcomp,sgna,sharefactor,sharesbas,shareswa,shareswadil,sps,tangibles,taxassets,taxexp,taxliabilities,tbvps,workingcapital
0,EBAY,MRY,2020-12-31,2020-12-31,2020-12-31,2021-08-25,616000000.0,19310000000.0,19168500000.0,7190000000.0,12120000000.0,0.536,5.015,-494000000.0,1101000000.0,1101000000.0,2473000000.0,5667000000.0,1.797,4.423,8062000000.0,6000000.0,8056000000.0,8062000000.0,98000000.0,609000000.0,0.0,0.013,0.64,6545000000.0,7154000000.0,0.697,7154000000.0,6545000000.0,6545000000.0,7.98,7.89,7.98,3561000000.0,2874500000.0,3561000000.0,41810261132.0,6.0,5.844,1925000000.0,2.711,1.0,7798000000.0,0.759,4297000000.0,0.0,17972000000.0,17819250000.0,0.0,4276000000.0,2392000000.0,1884000000.0,15749000000.0,4002000000.0,11747000000.0,34639261132.0,598000000.0,0.0,-5047000000.0,-6000000.0,-447000000.0,-5692000000.0,3794000000.0,242000000.0,2419000000.0,77000000.0,5667000000.0,5667000000.0,5667000000.0,-3125000000.0,0.0,0.552,5087000000.0,2711000000.0,657000000.0,0.08,9.727,6.112,6.297,1722000000.0,0.0,50.25,3.373,3.474,652000000.0,22961000000.0,10271000000.0,10271000000.0,1087000000.0,0.296,1.971,0.367,0.637,431000000.0,3642000000.0,1.0,689338530.0,710000000.0,718000000.0,14.466,15013000000.0,3537000000.0,878000000.0,2535000000.0,21.145,3188000000.0
1,EBAY,MRY,2019-12-31,2019-12-31,2019-12-31,2021-08-25,384000000.0,18174000000.0,20096500000.0,4706000000.0,13468000000.0,0.43,3.38,-523000000.0,901000000.0,901000000.0,2136000000.0,1786000000.0,1.157,5.332,8219000000.0,1020000000.0,7199000000.0,8219000000.0,129000000.0,629000000.0,0.0,0.016,0.56,2019000000.0,2648000000.0,0.307,2648000000.0,2019000000.0,2019000000.0,2.1,2.09,2.1,2870000000.0,3862250000.0,2870000000.0,36729389700.0,18.0,13.871,2591000000.0,3.052,1.0,6500000000.0,0.753,4572000000.0,0.0,16854000000.0,18418250000.0,0.0,3406000000.0,1850000000.0,1556000000.0,15304000000.0,4066000000.0,11238000000.0,29376389700.0,-1223000000.0,-160000000.0,-4867000000.0,-1550000000.0,-473000000.0,-7091000000.0,2787000000.0,3582000000.0,3114000000.0,-33000000.0,1786000000.0,1786000000.0,1786000000.0,-270000000.0,0.0,0.207,4639000000.0,1861000000.0,229000000.0,0.267,10.236,16.448,17.195,2043000000.0,0.0,36.11,3.402,3.55,555000000.0,17754000000.0,8636000000.0,8636000000.0,976000000.0,0.089,0.462,0.11,0.234,431000000.0,3373000000.0,1.0,813525054.0,849000000.0,856000000.0,10.172,13602000000.0,3980000000.0,233000000.0,2524000000.0,16.021,640000000.0
2,EBAY,MRY,2018-12-31,2018-12-31,2018-12-31,2021-08-25,498000000.0,22819000000.0,23753500000.0,7126000000.0,15693000000.0,0.364,6.409,-623000000.0,2202000000.0,2202000000.0,2023000000.0,2530000000.0,1.6,2.633,9231000000.0,1546000000.0,7685000000.0,9231000000.0,170000000.0,635000000.0,0.0,0.0,0.0,2651000000.0,3286000000.0,0.38,3286000000.0,2651000000.0,2651000000.0,2.58,2.55,2.58,6281000000.0,6988000000.0,6281000000.0,34147559476.0,13.0,10.392,2035000000.0,2.077,1.0,6627000000.0,0.766,5252000000.0,0.0,20142000000.0,22274000000.0,0.0,6491000000.0,2713000000.0,3778000000.0,16538000000.0,4454000000.0,12084000000.0,27026559476.0,79000000.0,727000000.0,-4393000000.0,-750000000.0,0.0,-5398000000.0,2894000000.0,2786000000.0,2658000000.0,-75000000.0,2530000000.0,2530000000.0,2530000000.0,-402000000.0,0.0,0.292,4875000000.0,1752000000.0,286000000.0,0.0,4.303,10.682,10.88,1597000000.0,0.0,28.07,3.124,3.18,712000000.0,16459000000.0,8650000000.0,8650000000.0,1051000000.0,0.107,0.362,0.119,0.306,465000000.0,3555000000.0,1.0,962827199.0,980000000.0,991000000.0,8.827,17567000000.0,4792000000.0,121000000.0,3042000000.0,17.926,2672000000.0
3,EBAY,MRY,2017-12-31,2017-12-31,2017-12-31,2021-08-25,717000000.0,25986000000.0,26055000000.0,7744000000.0,18242000000.0,0.381,7.565,-666000000.0,2120000000.0,2120000000.0,2221000000.0,-1017000000.0,2.176,2.228,10015000000.0,781000000.0,9234000000.0,10015000000.0,137000000.0,676000000.0,0.0,0.0,0.0,2271000000.0,2947000000.0,0.297,2947000000.0,2271000000.0,2271000000.0,-0.95,-0.95,-0.95,8049000000.0,10600250000.0,8049000000.0,47660114861.0,21.0,16.172,2480000000.0,2.331,1.0,7706000000.0,0.776,4842000000.0,0.0,25480000000.0,25328000000.0,0.0,10074000000.0,3743000000.0,6331000000.0,17937000000.0,3559000000.0,14378000000.0,39422114861.0,305000000.0,-548000000.0,-2626000000.0,1032000000.0,0.0,-1784000000.0,-1295000000.0,-79000000.0,3146000000.0,238000000.0,-1017000000.0,-1017000000.0,-1017000000.0,4000000.0,0.0,-0.102,5442000000.0,2264000000.0,330000000.0,0.0,4.898,-38.763,-39.726,1597000000.0,0.0,37.74,3.971,4.045,696000000.0,13929000000.0,9927000000.0,9927000000.0,1224000000.0,-0.039,-0.096,0.09,0.229,483000000.0,3908000000.0,1.0,1044571141.0,1064000000.0,1064000000.0,9.33,21144000000.0,5199000000.0,3288000000.0,3601000000.0,19.872,4185000000.0
4,EBAY,MRY,2016-12-31,2016-12-31,2016-12-31,2021-08-25,-124000000.0,23847000000.0,20987500000.0,8875000000.0,14972000000.0,0.443,9.302,-626000000.0,1816000000.0,1816000000.0,2004000000.0,7266000000.0,2.307,1.263,8960000000.0,1451000000.0,7509000000.0,8960000000.0,110000000.0,682000000.0,0.0,0.0,0.0,3632000000.0,4314000000.0,0.464,4314000000.0,3632000000.0,3632000000.0,6.41,6.35,6.41,10539000000.0,7532000000.0,10539000000.0,40469236004.0,11.0,9.381,2200000000.0,1.942,1.0,7294000000.0,0.784,4603000000.0,0.0,22541000000.0,20310750000.0,0.0,9302000000.0,5333000000.0,3969000000.0,13308000000.0,3847000000.0,9461000000.0,33191236004.0,-25000000.0,-212000000.0,-2841000000.0,2196000000.0,0.0,-744000000.0,-2017000000.0,-1149000000.0,2826000000.0,-90000000.0,7266000000.0,7266000000.0,7266000000.0,19000000.0,0.0,0.781,4969000000.0,2325000000.0,283000000.0,0.0,3.149,4.568,4.632,1516000000.0,0.0,29.69,3.57,3.618,592000000.0,14959000000.0,9298000000.0,9298000000.0,1114000000.0,0.346,0.965,0.179,0.391,416000000.0,3590000000.0,1.0,1117926440.0,1133000000.0,1144000000.0,8.207,19244000000.0,4608000000.0,-3634000000.0,1563000000.0,16.985,5028000000.0
5,EBAY,MRY,2015-12-31,2015-12-31,2015-12-31,2021-08-25,526000000.0,17755000000.0,31648000000.0,7904000000.0,9851000000.0,0.271,5.444,-668000000.0,1832000000.0,1832000000.0,1771000000.0,1725000000.0,3.493,1.7,6749000000.0,0.0,6749000000.0,6749000000.0,106000000.0,687000000.0,0.0,0.0,0.0,2184000000.0,2871000000.0,0.334,2871000000.0,2184000000.0,2184000000.0,1.43,1.42,1.43,6576000000.0,13102750000.0,6576000000.0,38045968595.0,17.0,13.252,3365000000.0,2.786,1.0,6821000000.0,0.794,4541000000.0,0.0,15868000000.0,18332000000.0,0.0,7690000000.0,4299000000.0,3391000000.0,11179000000.0,2263000000.0,8916000000.0,32993968595.0,-4496000000.0,-24000000.0,-1928000000.0,-850000000.0,0.0,-4554000000.0,-3611000000.0,37000000.0,4033000000.0,-364000000.0,1725000000.0,1725000000.0,1725000000.0,222000000.0,0.0,0.201,4624000000.0,2197000000.0,349000000.0,0.0,5.017,19.127,19.217,1554000000.0,0.0,27.48,3.84,3.864,619000000.0,7713000000.0,8592000000.0,8592000000.0,923000000.0,0.055,0.132,0.119,0.254,305000000.0,3389000000.0,1.0,1200653879.0,1208000000.0,1220000000.0,7.113,13214000000.0,0.0,459000000.0,2164000000.0,10.939,5641000000.0
6,EBAY,MRY,2014-12-31,2014-12-31,2014-12-31,2021-08-25,1171000000.0,45132000000.0,42948250000.0,26531000000.0,18601000000.0,0.205,15.912,-622000000.0,4105000000.0,4105000000.0,1663000000.0,46000000.0,1.513,1.267,7627000000.0,850000000.0,6777000000.0,7627000000.0,108000000.0,682000000.0,0.0,0.0,0.0,3426000000.0,4108000000.0,0.467,4108000000.0,3426000000.0,3426000000.0,0.04,0.04,0.04,19906000000.0,19573750000.0,19906000000.0,72527651080.0,21.0,17.655,5055000000.0,4.041,1.0,7127000000.0,0.811,4804000000.0,0.0,26319000000.0,19302750000.0,0.0,9466000000.0,3730000000.0,5736000000.0,25226000000.0,17531000000.0,7695000000.0,69721651080.0,1834000000.0,-55000000.0,-4358000000.0,3482000000.0,0.0,-1022000000.0,-2673000000.0,-637000000.0,5677000000.0,-148000000.0,46000000.0,46000000.0,46000000.0,-911000000.0,0.0,0.005,4651000000.0,2476000000.0,107000000.0,0.0,3.503,1515.688,1403.0,1486000000.0,0.0,56.12,7.932,7.987,600000000.0,18900000000.0,8790000000.0,8790000000.0,983000000.0,0.001,0.002,0.177,0.39,269000000.0,3331000000.0,1.0,1242367268.0,1251000000.0,1251000000.0,7.026,40328000000.0,0.0,3380000000.0,647000000.0,32.237,9000000000.0
7,EBAY,MRY,2013-12-31,2013-12-31,2013-12-31,2021-08-25,1156000000.0,41488000000.0,39526250000.0,23283000000.0,18205000000.0,0.209,18.26,-678000000.0,4494000000.0,4494000000.0,1492000000.0,2856000000.0,1.842,0.754,4123000000.0,6000000.0,4117000000.0,4123000000.0,158000000.0,660000000.0,0.0,0.0,0.0,3360000000.0,4020000000.0,0.487,4020000000.0,3360000000.0,3360000000.0,2.2,2.18,2.2,23647000000.0,22294250000.0,23647000000.0,70279113180.0,21.0,17.482,4317000000.0,3.334,1.0,6765000000.0,0.819,10208000000.0,0.0,18270000000.0,16539250000.0,0.0,12291000000.0,7320000000.0,4971000000.0,17841000000.0,12639000000.0,5202000000.0,71028113180.0,-2323000000.0,-138000000.0,-906000000.0,-400000000.0,0.0,-1354000000.0,-6012000000.0,-2782000000.0,4995000000.0,48000000.0,2856000000.0,2856000000.0,2856000000.0,-789000000.0,0.0,0.346,4311000000.0,2454000000.0,9569000000.0,0.0,3.004,24.87,24.939,2760000000.0,0.0,54.865,8.602,8.605,10159000000.0,18854000000.0,8257000000.0,8257000000.0,915000000.0,0.072,0.128,0.203,0.407,186000000.0,3024000000.0,1.0,1294597889.0,1295000000.0,1313000000.0,6.376,31280000000.0,0.0,504000000.0,948000000.0,24.154,10644000000.0
8,EBAY,MRY,2012-12-31,2012-12-31,2012-12-31,2021-08-25,856000000.0,37074000000.0,31510250000.0,21398000000.0,15676000000.0,0.447,16.149,-1257000000.0,6817000000.0,6817000000.0,4216000000.0,2609000000.0,1.959,0.777,4519000000.0,413000000.0,4106000000.0,4519000000.0,137000000.0,1200000000.0,0.0,0.0,0.0,3084000000.0,4284000000.0,0.304,4284000000.0,3084000000.0,3084000000.0,2.02,1.99,2.02,20865000000.0,19599750000.0,20865000000.0,63177279540.0,20.0,14.747,2581000000.0,1.998,1.0,9856000000.0,0.7,9665000000.0,0.0,14187000000.0,11577250000.0,0.0,7795000000.0,4751000000.0,3044000000.0,16209000000.0,10924000000.0,5285000000.0,65990279540.0,2126000000.0,1000000.0,-415000000.0,2426000000.0,0.0,1951000000.0,-3763000000.0,-2434000000.0,3838000000.0,100000000.0,2609000000.0,2609000000.0,2609000000.0,0.0,0.0,0.185,6968000000.0,2888000000.0,8395000000.0,0.0,3.163,25.293,25.246,2491000000.0,0.0,50.998,4.689,4.682,8916000000.0,15998000000.0,14072000000.0,14072000000.0,1573000000.0,0.083,0.133,0.266,0.219,358000000.0,4480000000.0,1.0,1293985406.0,1292000000.0,1313000000.0,10.892,27409000000.0,0.0,475000000.0,1035000000.0,21.214,10474000000.0
9,EBAY,MRY,2011-12-31,2011-12-31,2011-12-31,2021-08-25,549000000.0,27320000000.0,25014837750.0,12661000000.0,14659000000.0,0.466,13.867,-963000000.0,4691000000.0,4691000000.0,3461000000.0,3229000000.0,1.88,0.524,2090000000.0,565000000.0,1525000000.0,2090000000.0,110000000.0,940000000.0,0.0,0.0,0.0,3910000000.0,4850000000.0,0.416,4850000000.0,3910000000.0,3910000000.0,2.5,2.46,2.5,17930000000.0,16562405250.0,17930000000.0,38699075107.0,10.0,7.979,2311000000.0,1.787,1.0,8191000000.0,0.703,9771000000.0,0.0,8214000000.0,8131635000.0,0.0,5192000000.0,2739000000.0,2453000000.0,9390000000.0,6734000000.0,2656000000.0,39154037107.0,-886000000.0,-954000000.0,-822000000.0,51000000.0,0.0,-838000000.0,-3307000000.0,-1281000000.0,3274000000.0,-15000000.0,3229000000.0,3229000000.0,3229000000.0,0.0,0.0,0.277,5818000000.0,2373000000.0,4250000000.0,0.0,2.184,12.126,12.132,1986000000.0,0.0,30.33,3.36,3.366,4650000000.0,13389000000.0,11652000000.0,11652000000.0,1235000000.0,0.129,0.195,0.481,0.336,378000000.0,3799000000.0,1.0,1290934293.0,1293000000.0,1313000000.0,9.012,17549000000.0,0.0,681000000.0,1371000000.0,13.572,5927000000.0
10,EBAY,MRY,2010-12-31,2010-12-31,2010-12-31,2021-08-25,751314000.0,22003762000.0,19847396500.0,11065338000.0,10938424000.0,0.461,11.717,-724000000.0,5577411000.0,5577411000.0,2564000000.0,1801000000.0,2.45,0.438,1794227000.0,300000000.0,1494227000.0,1794227000.0,96464000.0,762000000.0,0.0,0.0,0.0,2098000000.0,2860000000.0,0.312,2860000000.0,2098000000.0,2098000000.0,1.38,1.36,1.38,15302179000.0,14657632750.0,15302179000.0,32102144917.0,15.0,11.225,2022000000.0,1.548,1.0,6592000000.0,0.72,6733874000.0,0.0,6970190000.0,5377770500.0,0.0,4493604000.0,2001592000.0,2492012000.0,6701583000.0,4516514000.0,2185069000.0,36283051917.0,1577000000.0,34000000.0,-475000000.0,1789000000.0,0.0,1235000000.0,-2284000000.0,-1588000000.0,2746000000.0,-120000000.0,1801000000.0,1801000000.0,1801000000.0,0.0,0.0,0.197,4538000000.0,2054000000.0,2735694000.0,0.0,2.371,20.146,20.167,1523333000.0,0.0,27.83,3.963,3.97,3005097000.0,10160078000.0,9156000000.0,9156000000.0,908000000.0,0.091,0.123,0.39,0.229,339000000.0,3048000000.0,1.0,1303738840.0,1306000000.0,1327000000.0,7.011,15269888000.0,0.0,297000000.0,685925000.0,11.692,6548824000.0
11,EBAY,MRY,2009-12-31,2009-12-31,2009-12-31,2021-08-25,818104000.0,18408320000.0,16864692000.0,8460208000.0,9948112000.0,0.517,10.689,-567094000.0,3999818000.0,3999818000.0,2479762000.0,2389097000.0,2.323,0.335,0.0,0.0,0.0,0.0,99305000.0,810946000.0,0.0,0.0,0.0,2879151000.0,3690097000.0,0.423,3690097000.0,2879151000.0,2879151000.0,1.85,1.83,1.85,13787648000.0,12394023500.0,13787648000.0,28065529307.0,10.0,7.606,2340992000.0,1.815,1.0,6247600000.0,0.716,6910898000.0,0.0,3855636000.0,2515896500.0,0.0,2948597000.0,1566832000.0,1381765000.0,4620672000.0,3641968000.0,978704000.0,30423388307.0,810890000.0,570888000.0,102526000.0,-1000000000.0,0.0,-945656000.0,-1149383000.0,-1159664000.0,2908086000.0,-2157000.0,2389097000.0,2389097000.0,2389097000.0,0.0,0.0,0.274,4790834000.0,1456766000.0,2350357000.0,0.0,2.207,12.734,12.719,1314328000.0,0.0,23.53,3.486,3.478,2565452000.0,8359117000.0,8727362000.0,8727362000.0,803070000.0,0.142,0.193,1.144,0.33,390057000.0,3304066000.0,1.0,1292961679.0,1289848000.0,1304981000.0,6.766,11497422000.0,0.0,490054000.0,1139665000.0,8.914,4818240000.0
12,EBAY,MRY,2008-12-31,2008-12-31,2008-12-31,2021-08-25,903485000.0,15592439000.0,14975131500.0,6286590000.0,9305849000.0,0.57,8.503,-565890000.0,3188928000.0,3188928000.0,2228069000.0,1779474000.0,1.697,0.407,1000000000.0,1000000000.0,0.0,1000000000.0,181596000.0,719814000.0,0.0,0.0,0.0,2183564000.0,2903378000.0,0.34,2903378000.0,2183564000.0,2183564000.0,1.37,1.36,1.37,11083858000.0,11127700250.0,11083858000.0,14483416494.0,7.0,4.988,2316105000.0,1.777,1.0,6313192000.0,0.739,7761532000.0,0.0,1936892000.0,1455577250.0,0.0,839983000.0,733805000.0,106178000.0,4508581000.0,3705087000.0,803494000.0,17826133494.0,-1032263000.0,-1360293000.0,-2025143000.0,366019000.0,0.0,-1673851000.0,-2057346000.0,-78436000.0,2881995000.0,-183061000.0,1779474000.0,1779474000.0,1779474000.0,0.0,0.0,0.208,4237510000.0,2075682000.0,1638294000.0,0.0,1.608,10.018,10.19,1198714000.0,0.0,13.96,2.087,2.13,1903159000.0,5970020000.0,8541261000.0,8541261000.0,725600000.0,0.119,0.16,1.5,0.256,348622000.0,2880422000.0,1.0,1276943660.0,1303454000.0,1312608000.0,6.553,7830907000.0,0.0,404090000.0,854388000.0,6.008,2581503000.0
13,EBAY,MRY,2007-12-31,2007-12-31,2007-12-31,2021-08-25,1701276000.0,15366037000.0,14608514250.0,7122505000.0,8243532000.0,0.525,8.614,-453967000.0,4221191000.0,4221191000.0,1762972000.0,348251000.0,2.298,0.313,200000000.0,200000000.0,0.0,200000000.0,166495000.0,601621000.0,0.0,0.0,0.0,750851000.0,1352472000.0,0.176,1352472000.0,750851000.0,750851000.0,0.26,0.25,0.26,11704602000.0,11333252500.0,11704602000.0,41011045770.0,55.0,30.323,2187362000.0,1.61,1.0,5909357000.0,0.77,6853191000.0,0.0,1392076000.0,1083885750.0,0.0,814501000.0,676264000.0,138237000.0,3661435000.0,3099579000.0,561856000.0,44923636770.0,1558399000.0,-863565000.0,-978442000.0,200000000.0,0.0,-693612000.0,-693146000.0,618081000.0,2641329000.0,303828000.0,348251000.0,348251000.0,348251000.0,0.0,0.0,0.045,5296177000.0,613180000.0,1670191000.0,0.0,3.838,128.998,127.654,1120452000.0,0.0,33.19,5.855,5.878,1994135000.0,4190546000.0,7672329000.0,7672329000.0,619727000.0,0.024,0.031,0.693,0.098,216983000.0,2787491000.0,1.0,1353529279.0,1358797000.0,1376174000.0,5.646,8512846000.0,0.0,402600000.0,622311000.0,6.265,4022926000.0
14,EBAY,MRY,2006-12-31,2006-12-31,2006-12-31,2021-08-25,696197000.0,13494011000.0,13193978750.0,4970586000.0,8523425000.0,0.452,7.793,-515448000.0,2662792000.0,2662792000.0,1256792000.0,1125639000.0,1.974,0.237,0.0,0.0,0.0,0.0,128964000.0,544552000.0,0.0,0.0,0.0,1552973000.0,2097525000.0,0.351,2097525000.0,1552973000.0,1547057000.0,0.8,0.79,0.8,10904632000.0,10979442750.0,10904632000.0,39405491688.0,25.0,18.787,1732343000.0,1.238,1.0,4712949000.0,0.789,7227255000.0,5916000.0,1085569000.0,1606806250.0,0.0,832694000.0,554841000.0,277853000.0,2589379000.0,2518395000.0,70984000.0,41920826688.0,1349212000.0,-45505000.0,-1353058000.0,0.0,0.0,-1260687000.0,228853000.0,796964000.0,2247791000.0,133255000.0,1125639000.0,1125639000.0,1125639000.0,0.0,0.0,0.189,3289993000.0,1422956000.0,1243344000.0,0.0,3.844,37.242,37.587,998196000.0,0.0,30.07,7.022,7.048,792492000.0,3842150000.0,5969741000.0,5969741000.0,494695000.0,0.085,0.103,0.966,0.26,373604000.0,2331496000.0,1.0,1394107971.0,1399251000.0,1425472000.0,4.266,6266756000.0,0.0,421418000.0,496202000.0,4.479,2452191000.0
15,EBAY,MRY,2005-12-31,2005-12-31,2005-12-31,2021-08-25,103130000.0,11788986000.0,9759327250.0,3183237000.0,8605749000.0,0.466,7.379,-309991000.0,1343282000.0,1343282000.0,818104000.0,1082043000.0,2.144,0.173,0.0,0.0,0.0,0.0,81940000.0,378165000.0,0.0,0.0,0.0,1552806000.0,1930971000.0,0.424,1930971000.0,1552806000.0,1549328000.0,0.79,0.78,0.79,10047981000.0,8219818000.0,10047981000.0,58024754832.0,37.0,30.05,1699900000.0,1.248,1.0,3734297000.0,0.82,6943359000.0,3478000.0,2017410000.0,2326129750.0,0.0,1600317000.0,774650000.0,825667000.0,1741005000.0,1484935000.0,256070000.0,60238608832.0,-16465000.0,-2732230000.0,599845000.0,-128239000.0,0.0,471606000.0,-2452731000.0,604186000.0,2009891000.0,-45231000.0,1082043000.0,1082043000.0,1082043000.0,0.0,0.0,0.238,2292590000.0,1441707000.0,642343000.0,0.0,5.995,55.671,54.709,801602000.0,0.0,43.22,13.232,12.928,578070000.0,2716511000.0,4552401000.0,4552401000.0,328191000.0,0.111,0.132,0.668,0.341,298914000.0,1835458000.0,1.0,1393766979.0,1361708000.0,1393875000.0,3.343,4845627000.0,0.0,467285000.0,397777000.0,3.558,1698302000.0
16,EBAY,MRY,2004-12-31,2004-12-31,2004-12-31,2021-08-25,241642000.0,7991051000.0,7130848750.0,2911149000.0,5079902000.0,0.459,5.099,-292838000.0,1485450000.0,1485450000.0,614415000.0,778223000.0,2.683,0.188,124272000.0,124272000.0,0.0,124272000.0,50439000.0,253690000.0,0.0,0.0,0.0,1130987000.0,1384677000.0,0.423,1384677000.0,1130987000.0,1122108000.0,0.59,0.57,0.59,6728341000.0,5992342750.0,6728341000.0,75668368397.0,67.0,54.647,992477000.0,0.752,1.0,2656894000.0,0.812,3072703000.0,8879000.0,2472300000.0,2220257250.0,0.0,1949711000.0,682004000.0,1267707000.0,1262710000.0,1084870000.0,177840000.0,77122766397.0,-51468000.0,-1036476000.0,650638000.0,-2969000.0,0.0,647669000.0,-2013220000.0,-675260000.0,1285315000.0,28768000.0,778223000.0,778223000.0,778223000.0,0.0,0.0,0.238,1597652000.0,1059242000.0,369763000.0,0.0,11.462,99.101,98.593,709773000.0,0.0,58.17,23.576,23.462,364280000.0,1634468000.0,3271309000.0,3271309000.0,240647000.0,0.109,0.13,0.509,0.346,267815000.0,1291078000.0,1.0,1325816854.0,1319458000.0,1367720000.0,2.479,4918348000.0,0.0,343885000.0,254398000.0,3.728,1826279000.0
17,EBAY,MRY,2003-12-31,2003-12-31,2003-12-31,2021-08-25,104196000.0,5820134000.0,5234195500.0,2145882000.0,3674252000.0,0.414,3.835,-365384000.0,1523804000.0,1523804000.0,416058000.0,441771000.0,3.315,0.189,127316000.0,2840000.0,124476000.0,127316000.0,28874000.0,159003000.0,0.0,0.0,0.0,652823000.0,811826000.0,0.375,811826000.0,652823000.0,648509000.0,0.35,0.34,0.35,4896242000.0,4436647000.0,4896242000.0,40163710453.0,62.0,49.473,508735000.0,0.399,1.0,1749038000.0,0.808,1993368000.0,4314000.0,1783002000.0,1288624000.0,0.0,1274747000.0,340576000.0,934171000.0,923892000.0,647276000.0,276616000.0,41737128453.0,272200000.0,-216367000.0,700817000.0,-11951000.0,0.0,688866000.0,-1319542000.0,-737791000.0,874119000.0,28757000.0,441771000.0,441771000.0,441771000.0,0.0,0.0,0.204,1119797000.0,629241000.0,171201000.0,0.0,8.524,94.477,92.3,601785000.0,0.0,32.305,19.277,19.048,305764000.0,856245000.0,2165096000.0,2165096000.0,159315000.0,0.084,0.1,0.507,0.302,136130000.0,900233000.0,1.0,1291971164.0,1276576000.0,1313314000.0,1.696,3826766000.0,0.0,206738000.0,167108000.0,2.998,1498606000.0
18,EBAY,MRY,2002-12-31,2002-12-31,2002-12-31,2021-08-25,38498000.0,4040226000.0,2469957000.0,1468458000.0,2571768000.0,0.492,3.093,-138670000.0,1243957000.0,1243957000.0,213876000.0,249891000.0,3.802,0.136,16768000.0,2970000.0,13798000.0,16768000.0,18846000.0,76576000.0,0.0,0.0,0.0,397329000.0,473905000.0,0.39,473905000.0,397329000.0,395837000.0,0.22,0.21,0.22,3556473000.0,2150882750.0,3556473000.0,20069032005.0,51.0,42.348,341233000.0,0.297,1.0,1000224000.0,0.824,1735489000.0,1492000.0,691324000.0,723650500.0,0.0,559917000.0,89690000.0,470227000.0,483753000.0,386224000.0,97529000.0,20938210005.0,585344000.0,-59411000.0,252181000.0,-64000.0,-50000.0,252067000.0,-157759000.0,4148000.0,479903000.0,11133000.0,249891000.0,249891000.0,249891000.0,0.0,0.0,0.206,646027000.0,354197000.0,97820000.0,0.0,5.887,83.789,77.068,218028000.0,0.0,16.955,17.246,16.06,172467000.0,414474000.0,1214100000.0,1214100000.0,104636000.0,0.101,0.116,0.549,0.327,97190000.0,521435000.0,1.0,1234928340.0,1149984000.0,1171280000.0,1.056,2304737000.0,0.0,145946000.0,94890000.0,2.004,1082234000.0
19,EBAY,MRY,2001-12-31,2001-12-31,2001-12-31,2021-08-25,-8645000.0,1678529000.0,1489955500.0,883805000.0,794724000.0,0.503,1.328,-54593000.0,653583000.0,653583000.0,134816000.0,90448000.0,4.906,0.175,28119000.0,16111000.0,12008000.0,28119000.0,15583000.0,86641000.0,0.0,0.0,0.0,173308000.0,259949000.0,0.347,259949000.0,173308000.0,170457000.0,0.085,0.08,0.085,1429138000.0,1253167750.0,1429138000.0,17880163643.0,103.0,68.783,197519000.0,0.184,1.0,614005000.0,0.82,198639000.0,2851000.0,674287000.0,611122500.0,0.0,486448000.0,199450000.0,286998000.0,249391000.0,180139000.0,69252000.0,18405578643.0,322096000.0,-111730000.0,123710000.0,-21886000.0,-319000.0,101505000.0,-29819000.0,136504000.0,252112000.0,-1702000.0,90448000.0,90448000.0,90448000.0,0.0,0.0,0.121,473579000.0,140426000.0,33235000.0,0.0,12.879,203.493,196.765,142349000.0,0.0,16.725,24.579,24.03,101703000.0,164633000.0,748821000.0,748821000.0,75288000.0,0.061,0.072,0.284,0.231,84796000.0,359258000.0,1.0,1100483028.0,1075884000.0,1122380000.0,0.696,1479890000.0,21540000.0,80009000.0,24246000.0,1.376,703666000.0
20,EBAY,MRY,2000-12-31,2000-12-31,2000-12-31,2021-08-25,-875000.0,1182403000.0,1101030750.0,675464000.0,506939000.0,0.392,1.007,-49753000.0,328263000.0,328263000.0,95453000.0,48294000.0,4.915,0.166,26676000.0,15272000.0,11404000.0,26676000.0,12656000.0,38050000.0,0.0,0.0,0.0,84393000.0,122443000.0,0.284,122443000.0,84393000.0,81019000.0,0.048,0.043,0.048,1013760000.0,953559000.0,1013760000.0,8615521434.0,102.0,70.364,50395000.0,0.05,1.0,335971000.0,0.779,13063000.0,3374000.0,730311000.0,693524250.0,0.0,572363000.0,354166000.0,218197000.0,168643000.0,137442000.0,31201000.0,8840617434.0,-19928000.0,0.0,45530000.0,2869000.0,-157000.0,85978000.0,-206054000.0,-150451000.0,100148000.0,0.0,48294000.0,48294000.0,48294000.0,0.0,0.0,0.112,300977000.0,34994000.0,31725000.0,0.0,8.721,183.058,171.875,125161000.0,0.0,8.25,20.492,19.259,67163000.0,74504000.0,431424000.0,431424000.0,55863000.0,0.044,0.051,0.122,0.196,44624000.0,239794000.0,1.0,1071589992.0,1007104000.0,1121384000.0,0.428,1169340000.0,13892000.0,32725000.0,11092000.0,1.161,538022000.0
21,EBAY,MRY,1999-12-31,1999-12-31,1999-12-31,2021-08-25,5094000.0,969825000.0,727847000.0,465307000.0,504518000.0,0.309,0.981,-86734000.0,221801000.0,221801000.0,57588000.0,9567000.0,5.001,0.135,30799000.0,15781000.0,15018000.0,30799000.0,5997000.0,20742000.0,0.0,0.0,0.0,20358000.0,41100000.0,0.183,41100000.0,20358000.0,18039000.0,0.01,0.01,0.01,854129000.0,652311500.0,854129000.0,15964944950.0,784.0,388.441,-23882000.0,-0.027,1.0,167136000.0,0.744,12689000.0,2319000.0,673093000.0,463194000.0,0.0,555074000.0,181086000.0,373988000.0,115696000.0,93041000.0,22655000.0,16193179950.0,184516000.0,0.0,714314000.0,8401000.0,-3892000.0,725027000.0,-603363000.0,-509470000.0,62852000.0,0.0,9567000.0,9567000.0,9567000.0,0.0,0.0,0.043,170509000.0,-3373000.0,32133000.0,0.0,18.959,1692.608,1565.0,112202000.0,0.0,15.65,72.058,60.636,36538000.0,26367000.0,224724000.0,224724000.0,24847000.0,0.013,0.015,0.044,0.091,15885000.0,140158000.0,1.0,1034707984.0,870696000.0,1092132000.0,0.258,957136000.0,5639000.0,8472000.0,6455000.0,1.099,372266000.0
22,EBAY,MRY,1998-12-31,1998-12-31,1998-12-31,2021-08-25,0.0,149536000.0,77577500.0,97590000.0,51946000.0,1.11,0.241,-11484000.0,37285000.0,37285000.0,16094000.0,7273000.0,3.958,0.487,22408000.0,4047000.0,18361000.0,22408000.0,973000.0,4526000.0,0.0,0.0,0.0,14253000.0,18779000.0,0.218,18779000.0,14253000.0,12062000.0,0.018,0.007,0.018,100538000.0,50776500.0,100538000.0,9641656815.0,676.0,513.428,-5443000.0,-0.013,1.0,70035000.0,0.813,3728000.0,2191000.0,106275000.0,53805000.0,0.0,40401000.0,40401000.0,0.0,48998000.0,24656000.0,24342000.0,9715720815.0,25176000.0,0.0,69305000.0,-1651000.0,-3228000.0,72159000.0,-53024000.0,-40292000.0,6041000.0,0.0,7273000.0,7273000.0,7273000.0,0.0,0.0,0.084,57270000.0,12765000.0,9997000.0,0.0,96.637,1335.862,558.565,44062000.0,0.0,10.054,112.804,48.621,12425000.0,17905000.0,86129000.0,86129000.0,4640000.0,0.094,0.143,0.265,0.165,2661000.0,51825000.0,1.0,966337752.0,416512000.0,934076000.0,0.207,145808000.0,0.0,4789000.0,3062000.0,0.35,72934000.0
23,EBAY,MRY,1997-12-31,1997-12-31,1997-12-31,2021-08-25,0.0,5619000.0,2963500.0,4967000.0,652000.0,13.96,0.005,-2990000.0,3723000.0,3723000.0,8404000.0,7061000.0,4.419,4.536,563000.0,258000.0,305000.0,563000.0,0.0,1519000.0,128000.0,,0.0,10403000.0,11922000.0,0.288,11922000.0,10403000.0,8032000.0,0.036,0.01,0.036,1015000.0,588500.0,1015000.0,,,,8637000.0,0.044,1.0,32966000.0,0.797,0.0,2371000.0,1335000.0,725000.0,0.0,0.0,0.0,0.0,4604000.0,1124000.0,3480000.0,,9201000.0,0.0,638000.0,1506000.0,-4556000.0,560000.0,-2986000.0,145000.0,11627000.0,0.0,7061000.0,7061000.0,7061000.0,0.0,0.0,0.171,22983000.0,9983000.0,252000.0,0.0,,,,652000.0,0.0,,,,1024000.0,976000.0,41370000.0,41370000.0,831000.0,2.383,11.998,14.349,0.251,25000.0,22152000.0,1.0,,195424000.0,678200000.0,0.212,5619000.0,0.0,971000.0,326000.0,0.029,3843000.0
24,EBAY,MRY,1996-12-31,1996-12-31,1996-12-31,2021-08-25,0.0,308000.0,,285000.0,23000.0,,0.003,-25000.0,103000.0,103000.0,14000.0,148000.0,3.132,0.901,1000.0,1000.0,0.0,1000.0,0.0,2000.0,0.0,,0.0,254000.0,256000.0,0.688,256000.0,254000.0,254000.0,0.003,0.0,0.003,162000.0,,162000.0,,,,88000.0,0.002,1.0,358000.0,0.962,0.0,0.0,115000.0,,0.0,0.0,0.0,0.0,146000.0,91000.0,55000.0,,103000.0,0.0,10000.0,1000.0,0.0,15000.0,-25000.0,0.0,113000.0,0.0,148000.0,148000.0,148000.0,0.0,0.0,0.398,105000.0,253000.0,23000.0,0.0,,,,23000.0,0.0,,,,166000.0,148000.0,372000.0,372000.0,28000.0,,,,0.683,0.0,77000.0,1.0,,51000000.0,343560000.0,0.007,308000.0,0.0,106000.0,105000.0,0.006,194000.0
0,EBAY,MRQ,2021-06-30,2021-06-30,2021-06-30,2021-08-25,560000000.0,31823000000.0,,20061000000.0,11762000000.0,,19.312,-99000000.0,2128000000.0,2128000000.0,672000000.0,10734000000.0,3.962,1.445,9347000000.0,761000000.0,8586000000.0,9347000000.0,90000000.0,121000000.0,0.0,0.01,0.18,10841000000.0,10962000000.0,4.109,10962000000.0,10841000000.0,10841000000.0,15.92,15.68,15.92,13016000000.0,,13016000000.0,53535379464.0,4.0,3.776,968000000.0,1.436,1.0,1996000000.0,0.748,4215000000.0,0.0,29764000000.0,,0.0,17538000000.0,15092000000.0,2446000000.0,18807000000.0,5063000000.0,13744000000.0,47831379464.0,585000000.0,0.0,-1372000000.0,2082000000.0,-121000000.0,422000000.0,-910000000.0,-3259000000.0,1067000000.0,6000000.0,10734000000.0,10734000000.0,10734000000.0,-10440000000.0,0.0,4.023,1264000000.0,732000000.0,863000000.0,0.011,3.675,3.712,3.682,1626000000.0,0.0,70.21,4.284,4.238,622000000.0,34086000000.0,2668000000.0,2668000000.0,350000000.0,,,,,132000000.0,809000000.0,1.0,681261636.0,674000000.0,685000000.0,3.958,27608000000.0,3343000000.0,107000000.0,4521000000.0,40.961,14998000000.0
1,EBAY,MRQ,2021-03-31,2021-03-31,2021-03-31,2021-08-25,553000000.0,18731000000.0,,6691000000.0,12040000000.0,,5.536,-83000000.0,1667000000.0,1667000000.0,823000000.0,641000000.0,1.304,3.968,7371000000.0,1172000000.0,6199000000.0,7371000000.0,114000000.0,140000000.0,0.0,0.011,0.18,797000000.0,937000000.0,0.31,937000000.0,797000000.0,797000000.0,0.94,0.92,0.94,3770000000.0,,3770000000.0,48385498771.0,13.0,11.065,959000000.0,1.408,1.0,2200000000.0,0.728,4596000000.0,0.0,14709000000.0,,0.0,3774000000.0,1700000000.0,2074000000.0,14961000000.0,5130000000.0,9831000000.0,41670498771.0,127000000.0,0.0,-304000000.0,-756000000.0,-122000000.0,-1169000000.0,265000000.0,348000000.0,1042000000.0,-11000000.0,641000000.0,641000000.0,641000000.0,-72000000.0,0.0,0.212,1358000000.0,842000000.0,1397000000.0,0.191,11.053,14.389,14.546,1798000000.0,0.0,61.24,3.846,3.849,1364000000.0,23476000000.0,3023000000.0,3023000000.0,318000000.0,,,,,106000000.0,945000000.0,1.0,680445767.0,681000000.0,693000000.0,4.439,14135000000.0,3448000000.0,156000000.0,2516000000.0,20.756,1561000000.0
2,EBAY,MRQ,2020-12-31,2020-12-31,2020-12-31,2021-08-25,616000000.0,19310000000.0,,7190000000.0,12120000000.0,,5.168,-168000000.0,1101000000.0,1101000000.0,742000000.0,845000000.0,1.797,4.423,8062000000.0,6000000.0,8056000000.0,8062000000.0,98000000.0,138000000.0,0.0,0.013,0.16,1173000000.0,1311000000.0,0.457,1311000000.0,1173000000.0,1173000000.0,1.26,1.24,1.26,3561000000.0,,3561000000.0,41810261132.0,6.0,5.844,590000000.0,0.856,1.0,2126000000.0,0.741,4297000000.0,0.0,17972000000.0,,0.0,4276000000.0,2392000000.0,1884000000.0,15749000000.0,4002000000.0,11747000000.0,34639261132.0,475000000.0,0.0,-392000000.0,0.0,-110000000.0,-549000000.0,214000000.0,399000000.0,758000000.0,52000000.0,845000000.0,845000000.0,845000000.0,-64000000.0,0.0,0.295,1449000000.0,677000000.0,657000000.0,0.127,9.727,6.112,6.297,1722000000.0,0.0,50.25,3.373,3.474,652000000.0,22961000000.0,2868000000.0,2868000000.0,299000000.0,,,,,120000000.0,1057000000.0,1.0,689338530.0,689000000.0,697000000.0,4.163,15013000000.0,3537000000.0,328000000.0,2535000000.0,21.79,3188000000.0
3,EBAY,MRQ,2020-09-30,2020-09-30,2020-09-30,2021-08-25,411000000.0,18421000000.0,,6739000000.0,11682000000.0,,4.195,-130000000.0,963000000.0,963000000.0,656000000.0,664000000.0,1.755,5.309,8134000000.0,17000000.0,8117000000.0,8134000000.0,105000000.0,152000000.0,0.0,0.012,0.16,817000000.0,969000000.0,0.372,969000000.0,817000000.0,817000000.0,0.95,0.94,0.95,2920000000.0,,2920000000.0,44545806144.0,7.0,6.802,-25000000.0,-0.036,1.0,1950000000.0,0.748,4556000000.0,0.0,17196000000.0,,0.0,3360000000.0,2697000000.0,663000000.0,15501000000.0,3840000000.0,11661000000.0,36463806144.0,94000000.0,42000000.0,-675000000.0,-932000000.0,-111000000.0,-1773000000.0,1711000000.0,1850000000.0,105000000.0,51000000.0,664000000.0,664000000.0,664000000.0,-43000000.0,0.0,0.255,1271000000.0,679000000.0,307000000.0,0.168,12.488,6.78,7.226,1800000000.0,0.0,52.1,3.917,3.896,477000000.0,22230000000.0,2606000000.0,2606000000.0,287000000.0,,,,,95000000.0,918000000.0,1.0,699881116.0,696000000.0,708000000.0,3.744,13865000000.0,3749000000.0,153000000.0,2659000000.0,19.921,2899000000.0
4,EBAY,MRQ,2020-06-30,2020-06-30,2020-06-30,2021-08-25,321000000.0,20014000000.0,,7394000000.0,12620000000.0,,4.128,-87000000.0,1006000000.0,1006000000.0,417000000.0,746000000.0,1.576,5.897,9088000000.0,516000000.0,8572000000.0,9088000000.0,103000000.0,154000000.0,0.0,0.011,0.16,1002000000.0,1156000000.0,0.495,1156000000.0,1002000000.0,1002000000.0,1.06,1.05,1.06,2902000000.0,,2902000000.0,45074753382.0,8.0,7.401,877000000.0,1.248,1.0,1920000000.0,0.822,4966000000.0,0.0,18438000000.0,,0.0,5129000000.0,4297000000.0,832000000.0,17112000000.0,4692000000.0,12420000000.0,36759753382.0,126000000.0,0.0,12000000.0,-68000000.0,-112000000.0,-209000000.0,-637000000.0,-497000000.0,964000000.0,8000000.0,746000000.0,746000000.0,746000000.0,-57000000.0,0.0,0.319,1156000000.0,764000000.0,305000000.0,0.151,12.667,7.317,7.911,1900000000.0,0.0,52.45,4.184,4.197,845000000.0,21681000000.0,2337000000.0,2337000000.0,256000000.0,,,,,99000000.0,804000000.0,1.0,700853258.0,703000000.0,711000000.0,3.324,15048000000.0,4203000000.0,256000000.0,3912000000.0,21.405,2702000000.0
5,EBAY,MRQ,2020-03-31,2020-03-31,2020-03-31,2021-08-25,285000000.0,18929000000.0,,6248000000.0,12681000000.0,,2.809,-97000000.0,880000000.0,880000000.0,502000000.0,3412000000.0,1.337,7.95,9195000000.0,1015000000.0,8180000000.0,9195000000.0,108000000.0,141000000.0,0.0,0.019,0.16,3547000000.0,3688000000.0,1.732,3688000000.0,3547000000.0,3547000000.0,4.53,4.51,4.53,2115000000.0,,2115000000.0,31207189630.0,6.0,5.562,495000000.0,0.657,1.0,1627000000.0,0.764,4900000000.0,0.0,17671000000.0,,0.0,4627000000.0,3550000000.0,1077000000.0,16814000000.0,4673000000.0,12141000000.0,23930189630.0,-97000000.0,0.0,-3992000000.0,994000000.0,-114000000.0,-3161000000.0,2506000000.0,-1510000000.0,592000000.0,-34000000.0,3412000000.0,3412000000.0,3412000000.0,-2981000000.0,0.0,1.603,1062000000.0,565000000.0,268000000.0,0.035,11.315,5.113,4.977,2007000000.0,0.0,30.06,2.698,2.552,635000000.0,21051000000.0,2129000000.0,2129000000.0,232000000.0,,,,,92000000.0,727000000.0,1.0,796080826.0,753000000.0,757000000.0,2.827,14029000000.0,4287000000.0,135000000.0,3726000000.0,18.631,1575000000.0
6,EBAY,MRQ,2019-12-31,2019-12-31,2019-12-31,2021-08-25,384000000.0,18174000000.0,,4706000000.0,13468000000.0,,3.556,-129000000.0,901000000.0,901000000.0,556000000.0,556000000.0,1.157,5.332,8219000000.0,1020000000.0,7199000000.0,8219000000.0,129000000.0,155000000.0,0.0,0.016,0.14,581000000.0,736000000.0,0.329,736000000.0,581000000.0,581000000.0,0.67,0.67,0.67,2870000000.0,,2870000000.0,36729389700.0,18.0,13.871,682000000.0,0.845,1.0,1680000000.0,0.751,4572000000.0,0.0,16854000000.0,,0.0,3406000000.0,1850000000.0,1556000000.0,15304000000.0,4066000000.0,11238000000.0,29376389700.0,87000000.0,0.0,-955000000.0,0.0,-113000000.0,-1108000000.0,358000000.0,489000000.0,811000000.0,26000000.0,556000000.0,556000000.0,556000000.0,-87000000.0,0.0,0.249,1202000000.0,478000000.0,229000000.0,0.209,10.236,16.448,17.195,2043000000.0,0.0,36.11,3.402,3.55,555000000.0,17754000000.0,2236000000.0,2236000000.0,241000000.0,,,,,110000000.0,886000000.0,1.0,813525054.0,807000000.0,814000000.0,2.771,13602000000.0,3980000000.0,25000000.0,2524000000.0,16.855,640000000.0
7,EBAY,MRQ,2019-09-30,2019-09-30,2019-09-30,2021-08-25,361000000.0,18714000000.0,,5209000000.0,13505000000.0,,3.94,-81000000.0,897000000.0,897000000.0,530000000.0,310000000.0,1.414,4.723,8250000000.0,518000000.0,7732000000.0,8250000000.0,169000000.0,144000000.0,0.0,0.011,0.14,366000000.0,510000000.0,0.245,510000000.0,366000000.0,366000000.0,0.37,0.37,0.37,3270000000.0,,3270000000.0,41012005089.0,21.0,16.002,928000000.0,1.118,1.0,1553000000.0,0.746,5176000000.0,0.0,17206000000.0,,0.0,3635000000.0,2189000000.0,1446000000.0,15444000000.0,3685000000.0,11759000000.0,32695005089.0,-612000000.0,-67000000.0,-1018000000.0,-1550000000.0,-115000000.0,-2725000000.0,1143000000.0,1433000000.0,1009000000.0,-39000000.0,310000000.0,310000000.0,310000000.0,-100000000.0,0.0,0.149,1145000000.0,408000000.0,296000000.0,0.378,9.998,16.43,17.559,2150000000.0,0.0,38.98,4.246,4.202,714000000.0,17315000000.0,2083000000.0,2083000000.0,243000000.0,,,,,80000000.0,827000000.0,1.0,838763599.0,830000000.0,837000000.0,2.51,13538000000.0,4374000000.0,56000000.0,2815000000.0,16.311,1524000000.0
8,EBAY,MRQ,2019-06-30,2019-06-30,2019-06-30,2021-08-25,464000000.0,21169000000.0,,6844000000.0,14325000000.0,,4.774,-133000000.0,1508000000.0,1508000000.0,553000000.0,402000000.0,1.314,4.156,9825000000.0,2063000000.0,7762000000.0,9825000000.0,178000000.0,168000000.0,0.0,0.007,0.14,509000000.0,677000000.0,0.279,677000000.0,509000000.0,509000000.0,0.47,0.46,0.47,4106000000.0,,4106000000.0,42527332340.0,17.0,13.386,611000000.0,0.71,1.0,1870000000.0,0.772,5279000000.0,0.0,18998000000.0,,0.0,4905000000.0,2969000000.0,1936000000.0,17063000000.0,5209000000.0,11854000000.0,34425332340.0,-191000000.0,0.0,-1468000000.0,0.0,-120000000.0,-1653000000.0,728000000.0,828000000.0,744000000.0,-10000000.0,402000000.0,402000000.0,402000000.0,-2000000.0,0.0,0.166,1312000000.0,558000000.0,303000000.0,0.298,8.384,14.338,15.251,2243000000.0,0.0,39.5,4.165,4.11,797000000.0,17125000000.0,2423000000.0,2423000000.0,295000000.0,,,,,129000000.0,944000000.0,1.0,871527401.0,860000000.0,867000000.0,2.817,15890000000.0,4468000000.0,107000000.0,2834000000.0,18.477,1635000000.0
9,EBAY,MRQ,2019-03-31,2019-03-31,2019-03-31,2021-08-25,464000000.0,22329000000.0,,6665000000.0,15664000000.0,,5.781,-180000000.0,1695000000.0,1695000000.0,539000000.0,518000000.0,1.481,3.292,9797000000.0,1550000000.0,8247000000.0,9797000000.0,174000000.0,162000000.0,0.0,0.004,0.14,659000000.0,821000000.0,0.34,821000000.0,659000000.0,659000000.0,0.58,0.57,0.58,5203000000.0,,5203000000.0,41007659950.0,15.0,12.129,370000000.0,0.411,1.0,1874000000.0,0.777,5316000000.0,0.0,20615000000.0,,0.0,5715000000.0,2746000000.0,2969000000.0,17126000000.0,4500000000.0,12626000000.0,33978659950.0,-507000000.0,-93000000.0,-1426000000.0,0.0,-125000000.0,-1605000000.0,558000000.0,832000000.0,550000000.0,-10000000.0,518000000.0,518000000.0,518000000.0,-2000000.0,0.0,0.215,1281000000.0,593000000.0,251000000.0,0.241,6.531,12.866,13.457,2278000000.0,0.0,37.14,4.006,3.94,716000000.0,16847000000.0,2413000000.0,2413000000.0,272000000.0,,,,,112000000.0,931000000.0,1.0,914880451.0,900000000.0,908000000.0,2.681,17013000000.0,4710000000.0,141000000.0,3000000000.0,18.903,2165000000.0
10,EBAY,MRQ,2018-12-31,2018-12-31,2018-12-31,2021-08-25,498000000.0,22819000000.0,,7126000000.0,15693000000.0,,6.654,-102000000.0,2202000000.0,2202000000.0,259000000.0,760000000.0,1.6,2.633,9231000000.0,1546000000.0,7685000000.0,9231000000.0,170000000.0,111000000.0,0.0,0.0,0.0,444000000.0,555000000.0,0.711,555000000.0,444000000.0,444000000.0,0.8,0.79,0.8,6281000000.0,,6281000000.0,34147559476.0,13.0,10.392,1131000000.0,1.198,1.0,522000000.0,0.668,5252000000.0,0.0,20142000000.0,,0.0,6491000000.0,2713000000.0,3778000000.0,16538000000.0,4454000000.0,12084000000.0,27026559476.0,118000000.0,0.0,-1472000000.0,0.0,0.0,-1511000000.0,421000000.0,532000000.0,1233000000.0,-25000000.0,760000000.0,760000000.0,760000000.0,-397000000.0,0.0,0.973,311000000.0,211000000.0,286000000.0,0.0,4.303,10.682,10.88,1597000000.0,0.0,28.07,3.124,3.18,712000000.0,16459000000.0,781000000.0,781000000.0,58000000.0,,,,,69000000.0,223000000.0,1.0,962827199.0,944000000.0,949000000.0,0.827,17567000000.0,4792000000.0,-316000000.0,3042000000.0,18.609,2672000000.0
11,EBAY,MRQ,2018-09-30,2018-09-30,2018-09-30,2021-08-25,550000000.0,23652000000.0,,6963000000.0,16689000000.0,,7.114,-179000000.0,2086000000.0,2086000000.0,608000000.0,721000000.0,1.738,2.413,9207000000.0,1546000000.0,7661000000.0,9207000000.0,163000000.0,175000000.0,0.0,0.0,0.0,949000000.0,1124000000.0,0.424,1124000000.0,949000000.0,949000000.0,0.74,0.73,0.74,6929000000.0,,6929000000.0,40259928155.0,15.0,11.636,379000000.0,0.389,1.0,2041000000.0,0.77,5276000000.0,0.0,21491000000.0,,0.0,7028000000.0,2752000000.0,4276000000.0,16723000000.0,4006000000.0,12717000000.0,32674928155.0,465000000.0,1029000000.0,-988000000.0,0.0,0.0,-1020000000.0,926000000.0,64000000.0,558000000.0,1000000.0,721000000.0,721000000.0,721000000.0,-1000000.0,0.0,0.272,1485000000.0,556000000.0,225000000.0,0.0,4.716,-39.32,-50.8,1580000000.0,0.0,33.02,3.09,3.041,761000000.0,15699000000.0,2649000000.0,2649000000.0,307000000.0,,,,,125000000.0,1100000000.0,1.0,989549611.0,974000000.0,983000000.0,2.72,18376000000.0,4992000000.0,228000000.0,3399000000.0,18.867,2957000000.0
12,EBAY,MRQ,2018-06-30,2018-06-30,2018-06-30,2021-08-25,581000000.0,23988000000.0,,6184000000.0,17804000000.0,,7.204,-184000000.0,1619000000.0,1619000000.0,597000000.0,642000000.0,2.371,2.357,9204000000.0,3000000.0,9201000000.0,9204000000.0,151000000.0,170000000.0,0.0,0.0,0.0,711000000.0,881000000.0,0.334,881000000.0,711000000.0,711000000.0,0.64,0.64,0.64,7146000000.0,,7146000000.0,42742643513.0,17.0,13.345,188000000.0,0.19,1.0,2043000000.0,0.774,5322000000.0,0.0,23643000000.0,,0.0,7806000000.0,2388000000.0,5418000000.0,16842000000.0,2608000000.0,14234000000.0,36041643513.0,-910000000.0,-302000000.0,-933000000.0,0.0,0.0,-1042000000.0,-151000000.0,334000000.0,372000000.0,-89000000.0,642000000.0,642000000.0,642000000.0,-4000000.0,0.0,0.243,1637000000.0,406000000.0,253000000.0,0.0,5.044,-34.924,-40.289,1576000000.0,0.0,36.26,3.457,3.45,745000000.0,14977000000.0,2640000000.0,2640000000.0,352000000.0,,,,,151000000.0,1206000000.0,1.0,993978034.0,992000000.0,1004000000.0,2.661,18666000000.0,5052000000.0,69000000.0,3374000000.0,18.817,3576000000.0
13,EBAY,MRQ,2018-03-31,2018-03-31,2018-03-31,2021-08-25,800000000.0,24555000000.0,,6763000000.0,17792000000.0,,7.521,-158000000.0,2527000000.0,2527000000.0,559000000.0,407000000.0,2.634,2.233,9228000000.0,20000000.0,9208000000.0,9228000000.0,142000000.0,179000000.0,0.0,0.0,0.0,547000000.0,726000000.0,0.281,726000000.0,547000000.0,547000000.0,0.4,0.4,0.4,7596000000.0,,7596000000.0,48621086042.0,22.0,16.471,337000000.0,0.334,1.0,2021000000.0,0.783,4868000000.0,0.0,23820000000.0,,0.0,8198000000.0,2279000000.0,5919000000.0,16959000000.0,2568000000.0,14391000000.0,40726086042.0,406000000.0,0.0,-1000000000.0,-750000000.0,0.0,-1825000000.0,1698000000.0,1856000000.0,495000000.0,38000000.0,407000000.0,407000000.0,407000000.0,0.0,0.0,0.158,1442000000.0,579000000.0,252000000.0,0.0,5.362,-24.757,-26.649,1548000000.0,0.0,40.24,3.991,3.983,683000000.0,14335000000.0,2580000000.0,2580000000.0,334000000.0,,,,,120000000.0,1026000000.0,1.0,1012079673.0,1010000000.0,1029000000.0,2.554,19687000000.0,5166000000.0,140000000.0,3550000000.0,19.492,4195000000.0
14,EBAY,MRQ,2017-12-31,2017-12-31,2017-12-31,2021-08-25,717000000.0,25986000000.0,,7744000000.0,18242000000.0,,7.784,-192000000.0,2120000000.0,2120000000.0,590000000.0,-2601000000.0,2.176,2.228,10015000000.0,781000000.0,9234000000.0,10015000000.0,137000000.0,172000000.0,0.0,0.0,0.0,557000000.0,729000000.0,0.269,729000000.0,557000000.0,557000000.0,-2.43,-2.4,-2.43,8049000000.0,,8049000000.0,47660114861.0,21.0,16.172,796000000.0,0.77,1.0,2117000000.0,0.782,4842000000.0,0.0,25480000000.0,,0.0,10074000000.0,3743000000.0,6331000000.0,17937000000.0,3559000000.0,14378000000.0,39422114861.0,358000000.0,-12000000.0,-876000000.0,-2000000.0,0.0,-896000000.0,212000000.0,419000000.0,988000000.0,54000000.0,-2601000000.0,-2601000000.0,-2601000000.0,4000000.0,0.0,-0.961,1454000000.0,663000000.0,330000000.0,0.0,4.898,-38.763,-39.726,1597000000.0,0.0,37.74,3.971,4.045,696000000.0,13929000000.0,2707000000.0,2707000000.0,317000000.0,,,,,127000000.0,1048000000.0,1.0,1044571141.0,1034000000.0,983000000.0,2.618,21144000000.0,5199000000.0,3158000000.0,3601000000.0,20.449,4185000000.0
15,EBAY,MRQ,2017-09-30,2017-09-30,2017-09-30,2021-08-25,538000000.0,25943000000.0,,7858000000.0,18085000000.0,,10.624,-157000000.0,1760000000.0,1760000000.0,557000000.0,520000000.0,2.463,1.299,9998000000.0,749000000.0,9249000000.0,9998000000.0,117000000.0,173000000.0,0.0,0.0,0.0,694000000.0,867000000.0,0.347,867000000.0,694000000.0,694000000.0,0.49,0.48,0.49,11283000000.0,,11283000000.0,49994334861.0,13.0,11.399,720000000.0,0.678,1.0,1941000000.0,0.777,4747000000.0,0.0,26244000000.0,,0.0,10572000000.0,4270000000.0,6302000000.0,14660000000.0,3190000000.0,11470000000.0,41164334861.0,-875000000.0,-516000000.0,-895000000.0,-1450000000.0,0.0,-2402000000.0,617000000.0,1290000000.0,877000000.0,33000000.0,520000000.0,520000000.0,520000000.0,0.0,0.0,0.208,1367000000.0,574000000.0,260000000.0,0.0,3.648,5.474,5.715,1546000000.0,0.0,38.46,4.144,4.112,626000000.0,16544000000.0,2498000000.0,2498000000.0,316000000.0,,,,,118000000.0,973000000.0,1.0,1070315519.0,1062000000.0,1078000000.0,2.352,21196000000.0,5214000000.0,174000000.0,2257000000.0,19.959,4668000000.0
16,EBAY,MRQ,2017-06-30,2017-06-30,2017-06-30,2021-08-25,437000000.0,27483000000.0,,10906000000.0,16577000000.0,,10.664,-182000000.0,2636000000.0,2636000000.0,560000000.0,29000000.0,2.373,1.395,11466000000.0,2215000000.0,9251000000.0,11466000000.0,125000000.0,168000000.0,0.0,0.0,0.0,462000000.0,630000000.0,0.26,630000000.0,462000000.0,462000000.0,0.03,0.03,0.03,11474000000.0,,11474000000.0,44782243868.0,13.0,10.614,517000000.0,0.48,1.0,1859000000.0,0.768,4757000000.0,0.0,26960000000.0,,0.0,11135000000.0,6381000000.0,4754000000.0,16009000000.0,4596000000.0,11413000000.0,37795243868.0,658000000.0,-20000000.0,-456000000.0,2484000000.0,0.0,1932000000.0,-2010000000.0,-1808000000.0,699000000.0,37000000.0,29000000.0,29000000.0,29000000.0,0.0,0.0,0.012,1379000000.0,480000000.0,284000000.0,0.0,3.294,5.099,5.283,1538000000.0,0.0,34.92,3.915,3.892,619000000.0,16021000000.0,2419000000.0,2419000000.0,313000000.0,,,,,137000000.0,994000000.0,1.0,1082338026.0,1076000000.0,1091000000.0,2.248,22726000000.0,5242000000.0,433000000.0,2200000000.0,21.121,6310000000.0
17,EBAY,MRQ,2017-03-31,2017-03-31,2017-03-31,2021-08-25,165000000.0,24808000000.0,,8493000000.0,16315000000.0,,10.706,-135000000.0,1979000000.0,1979000000.0,514000000.0,1035000000.0,1.916,1.14,8966000000.0,2210000000.0,6756000000.0,8966000000.0,112000000.0,163000000.0,0.0,0.0,0.0,558000000.0,721000000.0,0.313,721000000.0,558000000.0,558000000.0,0.96,0.94,0.96,11595000000.0,,11595000000.0,43636020116.0,12.0,10.202,447000000.0,0.413,1.0,1789000000.0,0.777,4734000000.0,0.0,22628000000.0,,0.0,9315000000.0,4775000000.0,4540000000.0,13213000000.0,4433000000.0,8780000000.0,36492020116.0,164000000.0,0.0,-399000000.0,0.0,0.0,-418000000.0,-114000000.0,20000000.0,582000000.0,114000000.0,1035000000.0,1035000000.0,1035000000.0,0.0,0.0,0.449,1242000000.0,547000000.0,296000000.0,0.0,3.147,4.667,4.823,1496000000.0,0.0,33.57,3.856,3.842,592000000.0,15994000000.0,2303000000.0,2303000000.0,278000000.0,,,,,101000000.0,893000000.0,1.0,1087042601.0,1083000000.0,1102000000.0,2.127,20074000000.0,5263000000.0,-477000000.0,2080000000.0,18.536,4060000000.0
18,EBAY,MRQ,2016-12-31,2016-12-31,2016-12-31,2021-08-25,-124000000.0,23847000000.0,,8875000000.0,14972000000.0,,9.555,-136000000.0,1816000000.0,1816000000.0,536000000.0,5936000000.0,2.307,1.263,8960000000.0,1451000000.0,7509000000.0,8960000000.0,110000000.0,176000000.0,0.0,0.0,0.0,1992000000.0,2168000000.0,0.799,2168000000.0,1992000000.0,1992000000.0,5.25,5.2,5.25,10539000000.0,,10539000000.0,40469236004.0,11.0,9.381,484000000.0,0.439,1.0,2178000000.0,0.803,4603000000.0,0.0,22541000000.0,,0.0,9302000000.0,5333000000.0,3969000000.0,13308000000.0,3847000000.0,9461000000.0,33191236004.0,54000000.0,-212000000.0,-906000000.0,-3000000.0,0.0,-926000000.0,551000000.0,704000000.0,620000000.0,-191000000.0,5936000000.0,5936000000.0,5936000000.0,12000000.0,0.0,2.187,1540000000.0,638000000.0,283000000.0,0.0,3.149,4.568,4.632,1516000000.0,0.0,29.69,3.57,3.618,592000000.0,14959000000.0,2714000000.0,2714000000.0,292000000.0,,,,,110000000.0,1179000000.0,1.0,1117926440.0,1103000000.0,1117000000.0,2.461,19244000000.0,4608000000.0,-3944000000.0,1563000000.0,17.447,5028000000.0
19,EBAY,MRQ,2016-09-30,2016-09-30,2016-09-30,2021-08-25,1204000000.0,20502000000.0,,9783000000.0,10719000000.0,,6.056,-185000000.0,1753000000.0,1753000000.0,498000000.0,413000000.0,2.6,2.007,9031000000.0,1449000000.0,7582000000.0,9031000000.0,116000000.0,172000000.0,0.0,0.0,0.0,528000000.0,700000000.0,0.316,700000000.0,528000000.0,528000000.0,0.37,0.36,0.37,6819000000.0,,6819000000.0,44197720099.0,20.0,15.131,617000000.0,0.548,1.0,1719000000.0,0.775,4844000000.0,0.0,19173000000.0,,0.0,10213000000.0,6292000000.0,3921000000.0,13683000000.0,3763000000.0,9920000000.0,37144720099.0,-248000000.0,0.0,-486000000.0,-17000000.0,0.0,-503000000.0,-595000000.0,-244000000.0,802000000.0,48000000.0,413000000.0,413000000.0,413000000.0,5000000.0,0.0,0.186,1177000000.0,542000000.0,278000000.0,0.0,5.447,20.556,20.955,1526000000.0,0.0,32.9,4.171,4.16,626000000.0,9036000000.0,2217000000.0,2217000000.0,288000000.0,,,,,105000000.0,824000000.0,1.0,1129018848.0,1126000000.0,1139000000.0,1.969,15658000000.0,0.0,115000000.0,2375000000.0,13.906,6020000000.0
20,EBAY,MRQ,2016-06-30,2016-06-30,2016-06-30,2021-08-25,829000000.0,19993000000.0,,9914000000.0,10079000000.0,,5.641,-147000000.0,2001000000.0,2001000000.0,493000000.0,435000000.0,4.494,2.098,9054000000.0,0.0,9054000000.0,9054000000.0,116000000.0,167000000.0,0.0,0.0,0.0,521000000.0,688000000.0,0.309,688000000.0,521000000.0,521000000.0,0.38,0.38,0.38,6453000000.0,,6453000000.0,33245848258.0,14.0,10.858,616000000.0,0.538,1.0,1737000000.0,0.779,4561000000.0,0.0,20279000000.0,,0.0,9626000000.0,6085000000.0,3541000000.0,13540000000.0,2206000000.0,11334000000.0,26895848258.0,-685000000.0,0.0,-455000000.0,0.0,0.0,-537000000.0,-898000000.0,-704000000.0,763000000.0,-13000000.0,435000000.0,435000000.0,435000000.0,2000000.0,0.0,0.195,1206000000.0,531000000.0,304000000.0,0.0,4.168,13.914,14.188,1502000000.0,0.0,23.41,3.061,3.047,628000000.0,8642000000.0,2230000000.0,2230000000.0,295000000.0,,,,,113000000.0,840000000.0,1.0,1148904240.0,1144000000.0,1149000000.0,1.949,15432000000.0,0.0,86000000.0,2272000000.0,13.49,7708000000.0
21,EBAY,MRQ,2016-03-31,2016-03-31,2016-03-31,2021-08-25,685000000.0,19608000000.0,,9703000000.0,9905000000.0,,5.45,-158000000.0,2686000000.0,2686000000.0,477000000.0,482000000.0,4.605,2.104,9036000000.0,6000000.0,9030000000.0,9036000000.0,115000000.0,167000000.0,0.0,0.0,0.0,591000000.0,758000000.0,0.355,758000000.0,591000000.0,591000000.0,0.42,0.41,0.42,6317000000.0,,6317000000.0,33070905523.0,16.0,12.013,483000000.0,0.417,1.0,1660000000.0,0.777,4601000000.0,0.0,19250000000.0,,0.0,8697000000.0,5327000000.0,3370000000.0,13291000000.0,2107000000.0,11184000000.0,28123905523.0,854000000.0,0.0,-994000000.0,2216000000.0,0.0,1222000000.0,-1075000000.0,-905000000.0,641000000.0,66000000.0,482000000.0,482000000.0,482000000.0,0.0,0.0,0.226,1046000000.0,614000000.0,275000000.0,0.0,4.452,17.789,17.806,1497000000.0,0.0,23.86,3.245,3.19,599000000.0,8207000000.0,2137000000.0,2137000000.0,239000000.0,,,,,88000000.0,747000000.0,1.0,1178705177.0,1159000000.0,1170000000.0,1.844,15007000000.0,0.0,109000000.0,2140000000.0,12.948,7596000000.0
22,EBAY,MRQ,2015-12-31,2015-12-31,2015-12-31,2021-08-25,526000000.0,17755000000.0,,7904000000.0,9851000000.0,,5.526,-129000000.0,1832000000.0,1832000000.0,493000000.0,477000000.0,3.493,1.7,6749000000.0,0.0,6749000000.0,6749000000.0,106000000.0,171000000.0,0.0,0.0,0.0,604000000.0,775000000.0,0.334,775000000.0,604000000.0,604000000.0,0.4,0.4,0.4,6576000000.0,,6576000000.0,38045968595.0,17.0,13.252,911000000.0,0.766,1.0,1829000000.0,0.788,4541000000.0,0.0,15868000000.0,,0.0,7690000000.0,4299000000.0,3391000000.0,11179000000.0,2263000000.0,8916000000.0,32993968595.0,-583000000.0,0.0,-589000000.0,-600000000.0,0.0,-1222000000.0,-323000000.0,-1090000000.0,1040000000.0,-78000000.0,477000000.0,477000000.0,477000000.0,46000000.0,0.0,0.205,1167000000.0,662000000.0,349000000.0,0.0,5.017,19.127,19.217,1554000000.0,0.0,27.48,3.84,3.864,619000000.0,7713000000.0,2322000000.0,2322000000.0,229000000.0,,,,,4000000.0,855000000.0,1.0,1200653879.0,1190000000.0,1202000000.0,1.951,13214000000.0,0.0,127000000.0,2164000000.0,11.104,5641000000.0
23,EBAY,MRQ,2015-09-30,2015-09-30,2015-09-30,2021-08-25,443000000.0,18338000000.0,,8280000000.0,10058000000.0,,5.365,-242000000.0,2387000000.0,2387000000.0,433000000.0,539000000.0,1.867,1.825,7439000000.0,625000000.0,6814000000.0,7439000000.0,137000000.0,182000000.0,0.0,0.0,0.0,659000000.0,841000000.0,0.401,841000000.0,659000000.0,659000000.0,0.45,0.45,0.45,6492000000.0,,6492000000.0,32424494544.0,12.0,9.849,444000000.0,0.367,1.0,1666000000.0,0.794,4532000000.0,0.0,14422000000.0,,0.0,6486000000.0,2914000000.0,3572000000.0,11846000000.0,4436000000.0,7410000000.0,29773494544.0,-2572000000.0,-24000000.0,-485000000.0,-250000000.0,0.0,-2354000000.0,-867000000.0,525000000.0,686000000.0,-37000000.0,539000000.0,539000000.0,539000000.0,6000000.0,0.0,0.257,1088000000.0,578000000.0,175000000.0,0.0,4.586,13.11,13.211,1535000000.0,0.0,24.44,3.465,3.441,595000000.0,7255000000.0,2099000000.0,2099000000.0,241000000.0,,,,,93000000.0,772000000.0,1.0,1218228091.0,1210000000.0,1223000000.0,1.735,13806000000.0,0.0,120000000.0,568000000.0,11.41,3844000000.0
24,EBAY,MRQ,2015-06-30,2015-06-30,2015-06-30,2021-08-25,942000000.0,45658000000.0,,28549000000.0,17109000000.0,,16.274,-201000000.0,4971000000.0,4971000000.0,434000000.0,83000000.0,1.673,1.305,7622000000.0,865000000.0,6757000000.0,7622000000.0,125000000.0,174000000.0,0.0,0.0,0.0,205000000.0,379000000.0,0.18,379000000.0,205000000.0,205000000.0,0.07,0.07,0.07,19805000000.0,,19805000000.0,75370858726.0,28.0,24.072,955000000.0,0.785,1.0,1676000000.0,0.794,8185000000.0,0.0,23064000000.0,,0.0,14616000000.0,8735000000.0,5881000000.0,25853000000.0,17060000000.0,8793000000.0,73180858726.0,-486000000.0,0.0,108000000.0,0.0,0.0,7000000.0,-1697000000.0,1003000000.0,1156000000.0,48000000.0,83000000.0,83000000.0,83000000.0,347000000.0,0.0,0.039,1248000000.0,428000000.0,11720000000.0,0.0,3.695,30.429,31.052,2781000000.0,0.0,60.24,8.466,8.481,12014000000.0,19609000000.0,2110000000.0,2110000000.0,232000000.0,,,,,115000000.0,941000000.0,1.0,1214821692.0,1217000000.0,1225000000.0,1.734,37473000000.0,0.0,122000000.0,2014000000.0,30.791,11489000000.0
25,EBAY,MRQ,2015-03-31,2015-03-31,2015-03-31,2021-08-25,980000000.0,44841000000.0,,26514000000.0,18327000000.0,,16.067,-96000000.0,5473000000.0,5473000000.0,411000000.0,626000000.0,1.506,1.295,7663000000.0,868000000.0,6795000000.0,7663000000.0,190000000.0,160000000.0,0.0,0.0,0.0,716000000.0,876000000.0,0.425,876000000.0,716000000.0,716000000.0,0.51,0.51,0.51,19538000000.0,,19538000000.0,71094501097.0,21.0,18.684,1055000000.0,0.868,1.0,1650000000.0,0.801,9446000000.0,0.0,19974000000.0,,0.0,13431000000.0,7784000000.0,5647000000.0,25303000000.0,17611000000.0,7692000000.0,69795501097.0,-855000000.0,0.0,-962000000.0,0.0,0.0,-985000000.0,-724000000.0,-401000000.0,1151000000.0,-297000000.0,626000000.0,626000000.0,626000000.0,-177000000.0,0.0,0.304,1121000000.0,529000000.0,11284000000.0,0.0,3.572,23.281,23.934,2947000000.0,0.0,57.68,6.562,6.594,11594000000.0,19526000000.0,2061000000.0,2061000000.0,221000000.0,,,,,93000000.0,821000000.0,1.0,1210046829.0,1216000000.0,1229000000.0,1.695,35395000000.0,0.0,90000000.0,892000000.0,29.108,8903000000.0
26,EBAY,MRQ,2014-12-31,2014-12-31,2014-12-31,2021-08-25,1171000000.0,45132000000.0,,26531000000.0,18601000000.0,,16.184,-200000000.0,4105000000.0,4105000000.0,442000000.0,1023000000.0,1.513,1.267,7627000000.0,850000000.0,6777000000.0,7627000000.0,108000000.0,164000000.0,0.0,0.0,0.0,1032000000.0,1196000000.0,0.515,1196000000.0,1032000000.0,1032000000.0,0.82,0.82,0.82,19906000000.0,,19906000000.0,72527651080.0,21.0,17.655,1441000000.0,1.172,1.0,1881000000.0,0.81,4804000000.0,0.0,26319000000.0,,0.0,9466000000.0,3730000000.0,5736000000.0,25226000000.0,17531000000.0,7695000000.0,69721651080.0,1538000000.0,0.0,-1060000000.0,0.0,0.0,-1065000000.0,1072000000.0,1966000000.0,1641000000.0,-110000000.0,1023000000.0,1023000000.0,1023000000.0,-294000000.0,0.0,0.44,1150000000.0,731000000.0,107000000.0,0.0,3.503,1515.688,1403.0,1486000000.0,0.0,56.12,7.932,7.987,600000000.0,18900000000.0,2323000000.0,2323000000.0,236000000.0,,,,,18000000.0,838000000.0,1.0,1242367268.0,1230000000.0,1230000000.0,1.889,40328000000.0,0.0,9000000.0,647000000.0,32.787,9000000000.0
27,EBAY,MRQ,2014-09-30,2014-09-30,2014-09-30,2021-08-25,1223000000.0,44476000000.0,,25654000000.0,18822000000.0,,15.95,-1000000.0,4790000000.0,4790000000.0,413000000.0,673000000.0,1.556,1.245,7596000000.0,250000000.0,7346000000.0,7596000000.0,185000000.0,-97000000.0,0.0,0.0,0.0,777000000.0,680000000.0,0.316,680000000.0,777000000.0,777000000.0,0.54,0.54,0.54,19810000000.0,,19810000000.0,71776873445.0,21.0,20.293,1367000000.0,1.101,1.0,1737000000.0,0.808,9862000000.0,0.0,20929000000.0,,0.0,14638000000.0,8763000000.0,5875000000.0,24666000000.0,16491000000.0,8175000000.0,70289873445.0,956000000.0,-20000000.0,16000000.0,2282000000.0,0.0,2281000000.0,-2616000000.0,-1994000000.0,1368000000.0,-77000000.0,673000000.0,673000000.0,673000000.0,-164000000.0,0.0,0.313,1141000000.0,596000000.0,10301000000.0,0.0,3.548,-553.464,-629.222,2825000000.0,0.0,56.63,9.688,9.695,10717000000.0,17877000000.0,2150000000.0,2150000000.0,246000000.0,,,,,-56000000.0,827000000.0,1.0,1241212669.0,1242000000.0,1251000000.0,1.731,34614000000.0,0.0,104000000.0,847000000.0,27.87,9163000000.0
28,EBAY,MRQ,2014-06-30,2014-06-30,2014-06-30,2021-08-25,1231000000.0,41640000000.0,,22378000000.0,19262000000.0,,15.079,-215000000.0,3834000000.0,3834000000.0,1181000000.0,676000000.0,1.276,1.195,5321000000.0,1203000000.0,4118000000.0,5321000000.0,183000000.0,233000000.0,0.0,0.0,0.0,820000000.0,1053000000.0,0.257,1053000000.0,820000000.0,820000000.0,0.54,0.53,0.54,18970000000.0,,18970000000.0,63156171657.0,18.0,15.453,1279000000.0,1.017,1.0,2922000000.0,0.712,10081000000.0,0.0,15508000000.0,,0.0,12691000000.0,6474000000.0,6217000000.0,22670000000.0,17538000000.0,5132000000.0,63443171657.0,-581000000.0,-31000000.0,-1558000000.0,1200000000.0,0.0,-445000000.0,-1661000000.0,-1352000000.0,1494000000.0,31000000.0,676000000.0,676000000.0,676000000.0,44000000.0,0.0,0.165,2068000000.0,854000000.0,10349000000.0,0.0,3.344,-571.56,-500.6,2685000000.0,0.0,50.06,7.052,7.0,10802000000.0,17204000000.0,4103000000.0,4103000000.0,468000000.0,,,,,158000000.0,1333000000.0,1.0,1267342622.0,1258000000.0,1267000000.0,3.262,31559000000.0,0.0,144000000.0,884000000.0,25.087,4840000000.0
29,EBAY,MRQ,2014-03-31,2014-03-31,2014-03-31,2021-08-25,1084000000.0,40545000000.0,,22359000000.0,18186000000.0,,15.368,-206000000.0,4415000000.0,4415000000.0,1351000000.0,-2326000000.0,1.42,1.068,4128000000.0,4000000.0,4124000000.0,4128000000.0,169000000.0,382000000.0,0.0,0.0,0.0,873000000.0,1255000000.0,0.294,1255000000.0,873000000.0,873000000.0,-1.82,-1.82,-1.82,19609000000.0,,19609000000.0,71145740322.0,21.0,17.197,968000000.0,0.759,1.0,2911000000.0,0.683,10062000000.0,0.0,14455000000.0,,0.0,11384000000.0,6173000000.0,5211000000.0,20936000000.0,15741000000.0,5195000000.0,71516740322.0,-79000000.0,-4000000.0,-1756000000.0,0.0,0.0,-1793000000.0,532000000.0,743000000.0,1174000000.0,8000000.0,-2326000000.0,-2326000000.0,-2326000000.0,0.0,0.0,-0.546,2033000000.0,878000000.0,9925000000.0,0.0,3.647,-486.508,-368.267,2686000000.0,0.0,55.24,8.154,8.036,10458000000.0,16528000000.0,4262000000.0,4262000000.0,480000000.0,,,,,149000000.0,1270000000.0,1.0,1294654966.0,1276000000.0,1276000000.0,3.34,30483000000.0,0.0,3199000000.0,948000000.0,23.889,6618000000.0
30,EBAY,MRQ,2013-12-31,2013-12-31,2013-12-31,2021-08-25,1156000000.0,41488000000.0,,23283000000.0,18205000000.0,,18.303,291000000.0,4494000000.0,4494000000.0,-2095000000.0,850000000.0,1.842,0.754,4123000000.0,6000000.0,4117000000.0,4123000000.0,158000000.0,-373000000.0,0.0,0.0,0.0,922000000.0,549000000.0,-0.168,549000000.0,922000000.0,922000000.0,0.65,0.65,0.65,23647000000.0,,23647000000.0,70279113180.0,21.0,17.482,2004000000.0,1.551,1.0,-1165000000.0,0.357,10208000000.0,0.0,18270000000.0,,0.0,12291000000.0,7320000000.0,4971000000.0,17841000000.0,12639000000.0,5202000000.0,71028113180.0,-786000000.0,-53000000.0,-119000000.0,-400000000.0,0.0,-500000000.0,-2018000000.0,144000000.0,1713000000.0,19000000.0,850000000.0,850000000.0,850000000.0,-789000000.0,0.0,-0.261,-1270000000.0,105000000.0,9569000000.0,0.0,3.004,24.87,24.939,2760000000.0,0.0,54.865,8.602,8.605,10159000000.0,18854000000.0,-3260000000.0,-3260000000.0,-403000000.0,,,,,-226000000.0,-441000000.0,1.0,1294597889.0,1292000000.0,1310000000.0,-2.523,31280000000.0,0.0,72000000.0,948000000.0,24.211,10644000000.0
31,EBAY,MRQ,2013-09-30,2013-09-30,2013-09-30,2021-08-25,1205000000.0,40067000000.0,,23476000000.0,16591000000.0,,17.581,-317000000.0,5280000000.0,5280000000.0,1224000000.0,689000000.0,1.952,0.76,4531000000.0,408000000.0,4123000000.0,4531000000.0,164000000.0,357000000.0,0.0,0.0,0.0,873000000.0,1230000000.0,0.316,1230000000.0,873000000.0,873000000.0,0.53,0.53,0.53,22767000000.0,,22767000000.0,69906434812.0,21.0,14.982,1017000000.0,0.785,1.0,2668000000.0,0.686,9429000000.0,0.0,17861000000.0,,0.0,11563000000.0,7425000000.0,4138000000.0,17300000000.0,12028000000.0,5272000000.0,72228434812.0,-1575000000.0,-70000000.0,-89000000.0,0.0,0.0,-91000000.0,-2904000000.0,-2517000000.0,1334000000.0,86000000.0,689000000.0,689000000.0,689000000.0,0.0,0.0,0.177,1869000000.0,799000000.0,9361000000.0,0.0,3.173,26.208,26.318,2763000000.0,0.0,55.795,4.657,4.659,9845000000.0,18004000000.0,3892000000.0,3892000000.0,433000000.0,,,,,140000000.0,1170000000.0,1.0,1294532392.0,1295000000.0,1310000000.0,3.005,30638000000.0,0.0,184000000.0,1001000000.0,23.659,11448000000.0
32,EBAY,MRQ,2013-06-30,2013-06-30,2013-06-30,2021-08-25,826000000.0,38550000000.0,,23446000000.0,15104000000.0,,16.693,-353000000.0,6855000000.0,6855000000.0,1211000000.0,640000000.0,2.009,0.781,4533000000.0,410000000.0,4123000000.0,4533000000.0,154000000.0,347000000.0,0.0,0.0,0.0,756000000.0,1103000000.0,0.284,1103000000.0,756000000.0,756000000.0,0.49,0.49,0.49,21651000000.0,,21651000000.0,65107675733.0,21.0,14.734,658000000.0,0.507,1.0,2666000000.0,0.688,9320000000.0,0.0,15238000000.0,,0.0,8360000000.0,5854000000.0,2506000000.0,16899000000.0,11670000000.0,5229000000.0,67121675733.0,325000000.0,-7000000.0,-324000000.0,0.0,0.0,-352000000.0,-371000000.0,-2000000.0,1011000000.0,37000000.0,640000000.0,640000000.0,640000000.0,0.0,0.0,0.165,1916000000.0,750000000.0,9325000000.0,0.0,3.1,25.196,25.229,2697000000.0,0.0,51.72,4.468,4.466,9755000000.0,17315000000.0,3877000000.0,3877000000.0,451000000.0,,,,,161000000.0,1190000000.0,1.0,1297789554.0,1297000000.0,1313000000.0,2.989,29230000000.0,0.0,116000000.0,959000000.0,22.537,11776000000.0
33,EBAY,MRQ,2013-03-31,2013-03-31,2013-03-31,2021-08-25,724000000.0,38000000000.0,,22336000000.0,15664000000.0,,16.303,-299000000.0,6530000000.0,6530000000.0,1152000000.0,677000000.0,1.906,0.8,4516000000.0,411000000.0,4105000000.0,4516000000.0,149000000.0,329000000.0,0.0,0.0,0.0,809000000.0,1138000000.0,0.304,1138000000.0,809000000.0,809000000.0,0.52,0.51,0.52,21112000000.0,,21112000000.0,67998898045.0,21.0,15.257,638000000.0,0.493,1.0,2596000000.0,0.693,9478000000.0,0.0,14788000000.0,,0.0,8194000000.0,5022000000.0,3172000000.0,16888000000.0,11720000000.0,5168000000.0,70296898045.0,-287000000.0,-8000000.0,-374000000.0,0.0,0.0,-411000000.0,-719000000.0,-407000000.0,937000000.0,-94000000.0,677000000.0,677000000.0,677000000.0,0.0,0.0,0.181,1796000000.0,800000000.0,9205000000.0,0.0,3.33,25.883,25.819,2575000000.0,0.0,54.22,4.834,4.828,9640000000.0,16675000000.0,3748000000.0,3748000000.0,434000000.0,,,,,111000000.0,1105000000.0,1.0,1296512321.0,1295000000.0,1319000000.0,2.894,28522000000.0,0.0,132000000.0,902000000.0,22.025,10616000000.0
34,EBAY,MRQ,2012-12-31,2012-12-31,2012-12-31,2021-08-25,856000000.0,37074000000.0,,21398000000.0,15676000000.0,,16.112,-296000000.0,6817000000.0,6817000000.0,1224000000.0,750000000.0,1.959,0.777,4519000000.0,413000000.0,4106000000.0,4519000000.0,137000000.0,318000000.0,0.0,0.0,0.0,877000000.0,1195000000.0,0.299,1195000000.0,877000000.0,877000000.0,0.58,0.57,0.58,20865000000.0,,20865000000.0,63177279540.0,20.0,14.747,1089000000.0,0.841,1.0,2769000000.0,0.693,9665000000.0,0.0,14187000000.0,,0.0,7795000000.0,4751000000.0,3044000000.0,16209000000.0,10924000000.0,5285000000.0,65990279540.0,-514000000.0,0.0,-132000000.0,0.0,0.0,-131000000.0,-1859000000.0,-1567000000.0,1385000000.0,91000000.0,750000000.0,750000000.0,750000000.0,0.0,0.0,0.188,1896000000.0,873000000.0,8395000000.0,0.0,3.163,25.293,25.246,2491000000.0,0.0,50.998,4.689,4.682,8916000000.0,15998000000.0,3993000000.0,3993000000.0,416000000.0,,,,,-2000000.0,1229000000.0,1.0,1293985406.0,1295000000.0,1319000000.0,3.083,27409000000.0,0.0,127000000.0,1035000000.0,21.165,10474000000.0
35,EBAY,MRQ,2012-09-30,2012-09-30,2012-09-30,2021-08-25,649000000.0,32502000000.0,,17410000000.0,15092000000.0,,15.413,-362000000.0,7331000000.0,7331000000.0,1022000000.0,597000000.0,2.466,0.632,4518000000.0,12000000.0,4506000000.0,4518000000.0,132000000.0,311000000.0,0.0,0.0,0.0,672000000.0,983000000.0,0.289,983000000.0,672000000.0,672000000.0,0.46,0.45,0.46,19913000000.0,,19913000000.0,60376971334.0,13.0,10.415,792000000.0,0.613,1.0,2382000000.0,0.7,9726000000.0,0.0,12902000000.0,,0.0,6096000000.0,3596000000.0,2500000000.0,12589000000.0,7061000000.0,5528000000.0,62332971334.0,3293000000.0,-10000000.0,87000000.0,2426000000.0,0.0,2516000000.0,-430000000.0,3000000.0,1154000000.0,53000000.0,597000000.0,597000000.0,597000000.0,0.0,0.0,0.175,1715000000.0,667000000.0,5078000000.0,0.0,3.13,16.241,16.286,2393000000.0,0.0,48.37,4.631,4.643,5501000000.0,15248000000.0,3404000000.0,3404000000.0,389000000.0,,,,,122000000.0,1095000000.0,1.0,1288670071.0,1292000000.0,1314000000.0,2.635,22776000000.0,0.0,75000000.0,1008000000.0,17.628,10349000000.0
36,EBAY,MRQ,2012-06-30,2012-06-30,2012-06-30,2021-08-25,464000000.0,28258000000.0,,13278000000.0,14980000000.0,,14.649,-357000000.0,4038000000.0,4038000000.0,987000000.0,692000000.0,1.953,0.494,2082000000.0,564000000.0,1518000000.0,2082000000.0,137000000.0,290000000.0,0.0,0.0,0.0,851000000.0,1141000000.0,0.336,1141000000.0,851000000.0,851000000.0,0.54,0.53,0.54,18912000000.0,,18912000000.0,52165507184.0,11.0,9.158,411000000.0,0.318,1.0,2411000000.0,0.71,9689000000.0,0.0,9813000000.0,,0.0,5967000000.0,3337000000.0,2630000000.0,9346000000.0,6800000000.0,2546000000.0,54244507184.0,-126000000.0,14000000.0,-215000000.0,0.0,0.0,-215000000.0,-581000000.0,-227000000.0,768000000.0,-98000000.0,692000000.0,692000000.0,692000000.0,0.0,0.0,0.204,1716000000.0,695000000.0,4552000000.0,0.0,2.868,14.535,14.536,2238000000.0,0.0,42.01,4.166,4.165,4943000000.0,14651000000.0,3398000000.0,3398000000.0,394000000.0,,,,,127000000.0,1107000000.0,1.0,1291228450.0,1291000000.0,1309000000.0,2.632,18569000000.0,0.0,159000000.0,1035000000.0,14.383,6478000000.0
37,EBAY,MRQ,2012-03-31,2012-03-31,2012-03-31,2021-08-25,864000000.0,28207000000.0,,13089000000.0,15118000000.0,,14.526,-242000000.0,4164000000.0,4164000000.0,983000000.0,570000000.0,1.879,0.508,2085000000.0,564000000.0,1521000000.0,2085000000.0,135000000.0,281000000.0,0.0,0.0,0.0,684000000.0,965000000.0,0.294,965000000.0,684000000.0,684000000.0,0.44,0.44,0.44,18709000000.0,,18709000000.0,44885709614.0,11.0,8.881,289000000.0,0.224,1.0,2294000000.0,0.7,9756000000.0,0.0,9407000000.0,,0.0,6085000000.0,3224000000.0,2861000000.0,9498000000.0,6965000000.0,2533000000.0,47487162614.0,-527000000.0,-3000000.0,-155000000.0,0.0,0.0,-219000000.0,-893000000.0,-643000000.0,531000000.0,54000000.0,570000000.0,570000000.0,570000000.0,0.0,0.0,0.174,1641000000.0,653000000.0,4665000000.0,0.0,2.538,14.29,14.358,2109000000.0,0.0,36.9,3.835,3.838,4973000000.0,13959000000.0,3277000000.0,3277000000.0,374000000.0,,,,,111000000.0,1049000000.0,1.0,1286914976.0,1288000000.0,1308000000.0,2.544,18451000000.0,0.0,114000000.0,1017000000.0,14.325,6124000000.0
38,EBAY,MRQ,2011-12-31,2011-12-31,2011-12-31,2021-08-25,549000000.0,27320000000.0,,12661000000.0,14659000000.0,,13.803,-291000000.0,4691000000.0,4691000000.0,1035000000.0,1979000000.0,1.88,0.524,2090000000.0,565000000.0,1525000000.0,2090000000.0,110000000.0,273000000.0,0.0,0.0,0.0,2435000000.0,2708000000.0,0.801,2708000000.0,2435000000.0,2435000000.0,1.53,1.51,1.53,17930000000.0,,17930000000.0,38699075107.0,10.0,7.979,692000000.0,0.533,1.0,2345000000.0,0.694,9771000000.0,0.0,8214000000.0,,0.0,5192000000.0,2739000000.0,2453000000.0,9390000000.0,6734000000.0,2656000000.0,39154037107.0,1692000000.0,2201000000.0,-196000000.0,-450000000.0,0.0,-648000000.0,1462000000.0,-441000000.0,983000000.0,-105000000.0,1979000000.0,1979000000.0,1979000000.0,0.0,0.0,0.586,1592000000.0,753000000.0,4250000000.0,0.0,2.184,12.126,12.132,1986000000.0,0.0,30.33,3.36,3.366,4650000000.0,13389000000.0,3380000000.0,3380000000.0,344000000.0,,,,,32000000.0,1018000000.0,1.0,1290934293.0,1299000000.0,1319000000.0,2.602,17549000000.0,0.0,456000000.0,1371000000.0,13.51,5927000000.0
39,EBAY,MRQ,2011-09-30,2011-09-30,2011-09-30,2021-08-25,673390000.0,24900537000.0,,9762345000.0,15138192000.0,,12.531,-284000000.0,2998950000.0,2998950000.0,920000000.0,491000000.0,1.589,0.54,2543988000.0,1015830000.0,1528158000.0,2543988000.0,108274000.0,266000000.0,0.0,0.0,0.0,616000000.0,882000000.0,0.297,882000000.0,616000000.0,616000000.0,0.38,0.37,0.38,16165326000.0,,16165326000.0,37285376923.0,18.0,12.766,525000000.0,0.407,1.0,2046000000.0,0.69,9794633000.0,0.0,8505790000.0,,0.0,5219390000.0,2200794000.0,3018596000.0,8735211000.0,6145152000.0,2590059000.0,38005507923.0,-267000000.0,-308000000.0,-1000000.0,-13000000.0,0.0,-24000000.0,-964000000.0,-372000000.0,809000000.0,-88000000.0,491000000.0,491000000.0,491000000.0,0.0,0.0,0.166,1509000000.0,537000000.0,3564146000.0,0.0,2.351,21.007,21.064,1859190000.0,0.0,29.49,3.53,3.533,3890831000.0,11409853000.0,2966000000.0,2966000000.0,319000000.0,,,,,108000000.0,959000000.0,1.0,1288759170.0,1290000000.0,1309000000.0,2.299,15105904000.0,0.0,125000000.0,1034928000.0,11.71,3617193000.0
40,EBAY,MRQ,2011-06-30,2011-06-30,2011-06-30,2021-08-25,1291101000.0,24833954000.0,,9861092000.0,14972862000.0,,12.498,-239000000.0,3265826000.0,3265826000.0,773000000.0,283000000.0,1.605,0.532,2545695000.0,1015484000.0,1530211000.0,2545695000.0,105387000.0,208000000.0,0.0,0.0,0.0,291000000.0,499000000.0,0.181,499000000.0,291000000.0,291000000.0,0.22,0.22,0.22,16209882000.0,,16209882000.0,38213094825.0,19.0,13.895,543000000.0,0.419,1.0,1987000000.0,0.72,9707537000.0,0.0,8263014000.0,,0.0,5249385000.0,2170987000.0,3078398000.0,8624072000.0,6143272000.0,2480800000.0,41883194825.0,-2198000000.0,-2656000000.0,-341000000.0,514000000.0,0.0,173000000.0,-3208000000.0,-210000000.0,782000000.0,55000000.0,283000000.0,283000000.0,283000000.0,0.0,0.0,0.103,1468000000.0,519000000.0,3608681000.0,0.0,2.584,23.931,23.904,1727081000.0,0.0,32.27,4.167,4.164,3931069000.0,10919350000.0,2760000000.0,2760000000.0,297000000.0,,,,,119000000.0,1000000000.0,1.0,1297898817.0,1297000000.0,1315000000.0,2.128,15126417000.0,0.0,8000000.0,941881000.0,11.663,3717820000.0
41,EBAY,MRQ,2011-03-31,2011-03-31,2011-03-31,2021-08-25,1138570000.0,23004860000.0,,11514828000.0,11490032000.0,,12.293,-149000000.0,5464582000.0,5464582000.0,729000000.0,476000000.0,2.417,0.443,1794482000.0,300000000.0,1494482000.0,1794482000.0,101689000.0,193000000.0,0.0,0.0,0.0,568000000.0,761000000.0,0.299,761000000.0,568000000.0,568000000.0,0.37,0.36,0.37,15944413000.0,,15944413000.0,36518220552.0,17.0,12.428,551000000.0,0.425,1.0,1817000000.0,0.714,7027475000.0,0.0,7543736000.0,,0.0,4968004000.0,2252641000.0,2715363000.0,7060447000.0,4763549000.0,2296898000.0,40301404552.0,-113000000.0,-191000000.0,-284000000.0,0.0,0.0,-339000000.0,-597000000.0,-258000000.0,700000000.0,123000000.0,476000000.0,476000000.0,476000000.0,0.0,0.0,0.187,1252000000.0,565000000.0,2898102000.0,0.0,2.528,21.444,21.556,1547943000.0,0.0,31.04,4.24,4.235,3193889000.0,10635943000.0,2546000000.0,2546000000.0,275000000.0,,,,,119000000.0,826000000.0,1.0,1298369992.0,1297000000.0,1320000000.0,1.963,15977385000.0,0.0,92000000.0,792012000.0,12.319,6751279000.0
42,EBAY,MRQ,2010-12-31,2010-12-31,2010-12-31,2021-08-25,751314000.0,22003762000.0,,11065338000.0,10938424000.0,,11.642,-197555000.0,5577411000.0,5577411000.0,701806000.0,559226000.0,2.45,0.438,1794227000.0,300000000.0,1494227000.0,1794227000.0,96464000.0,191823000.0,0.0,0.0,0.0,586958000.0,778781000.0,0.312,778781000.0,586958000.0,586958000.0,0.43,0.42,0.43,15302179000.0,,15302179000.0,32102144917.0,15.0,11.225,656690000.0,0.5,1.0,1793270000.0,0.719,6733874000.0,0.0,6970190000.0,,0.0,4493604000.0,2001592000.0,2492012000.0,6701583000.0,4516514000.0,2185069000.0,36283051917.0,1395911000.0,-84000000.0,-296190000.0,1789000000.0,0.0,1494086000.0,-893268000.0,-610637000.0,854245000.0,-59152000.0,559226000.0,559226000.0,559226000.0,0.0,0.0,0.224,1202620000.0,590650000.0,2735694000.0,0.0,2.371,20.146,20.167,1523333000.0,0.0,27.83,3.963,3.97,3005097000.0,10160078000.0,2495076000.0,2495076000.0,245741000.0,,,,,51168000.0,839445000.0,1.0,1303738840.0,1314349000.0,1334473000.0,1.898,15269888000.0,0.0,27732000.0,685925000.0,11.618,6548824000.0
43,EBAY,MRQ,2010-09-30,2010-09-30,2010-09-30,2021-08-25,858074000.0,19948062000.0,,9454528000.0,10493534000.0,,11.486,-166988000.0,4180907000.0,4180907000.0,640268000.0,431929000.0,2.482,0.327,0.0,0.0,0.0,0.0,94108000.0,194338000.0,0.0,0.0,0.0,517001000.0,711339000.0,0.316,711339000.0,517001000.0,517001000.0,0.33,0.33,0.33,15033952000.0,,15033952000.0,27979131216.0,9.0,7.221,580126000.0,0.443,1.0,1609220000.0,0.715,6708014000.0,0.0,5250232000.0,,0.0,4008602000.0,1907197000.0,2101405000.0,4914110000.0,3808909000.0,1105201000.0,32016573216.0,143465000.0,0.0,-278449000.0,0.0,0.0,-309449000.0,-555097000.0,-387958000.0,747114000.0,260897000.0,431929000.0,431929000.0,431929000.0,0.0,0.0,0.192,1119044000.0,490176000.0,2608970000.0,0.0,2.13,12.33,12.2,1466047000.0,0.0,24.4,3.545,3.536,2902663000.0,9600891000.0,2249488000.0,2249488000.0,226803000.0,,,,,93780000.0,745315000.0,1.0,1312154640.0,1308888000.0,1328415000.0,1.719,13240048000.0,0.0,85072000.0,1103549000.0,10.115,5645619000.0
44,EBAY,MRQ,2010-06-30,2010-06-30,2010-06-30,2021-08-25,161133000.0,18747584000.0,,8675313000.0,10072271000.0,,10.816,-207201000.0,4037442000.0,4037442000.0,615371000.0,412192000.0,2.434,0.323,0.0,0.0,0.0,0.0,92551000.0,187817000.0,0.0,0.0,0.0,499386000.0,687203000.0,0.31,687203000.0,499386000.0,499386000.0,0.31,0.31,0.31,14169291000.0,,14169291000.0,22036675994.0,7.0,5.773,519178000.0,0.396,1.0,1600008000.0,0.722,6532076000.0,0.0,4613805000.0,,0.0,3335642000.0,1507756000.0,1827886000.0,4578293000.0,3564261000.0,1014032000.0,25629678994.0,444439000.0,-7000000.0,57522000.0,0.0,0.0,57753000.0,-134666000.0,79892000.0,726379000.0,-205027000.0,412192000.0,412192000.0,412192000.0,0.0,0.0,0.186,1115443000.0,484565000.0,2448904000.0,0.0,1.809,10.193,10.108,1429210000.0,0.0,19.61,2.841,2.848,2645910000.0,9168962000.0,2215379000.0,2215379000.0,225317000.0,,,,,91983000.0,740336000.0,1.0,1306969862.0,1310042000.0,1329618000.0,1.691,12215508000.0,0.0,87194000.0,1012025000.0,9.325,5111052000.0
45,EBAY,MRQ,2010-03-31,2010-03-31,2010-03-31,2021-08-25,674500000.0,18690178000.0,,8277438000.0,10412740000.0,,10.855,-152256000.0,3593003000.0,3593003000.0,606555000.0,397653000.0,2.308,0.323,0.0,0.0,0.0,0.0,98123000.0,188022000.0,0.0,0.0,0.0,494655000.0,682677000.0,0.311,682677000.0,494655000.0,494655000.0,0.31,0.3,0.31,14125109000.0,,14125109000.0,31031150144.0,11.0,8.309,266006000.0,0.204,1.0,1589502000.0,0.724,6833309000.0,0.0,4676855000.0,,0.0,3507733000.0,1530166000.0,1977567000.0,4565069000.0,3587011000.0,978058000.0,35030968144.0,-406815000.0,125000000.0,42117000.0,0.0,0.0,-7390000.0,-700969000.0,-669297000.0,418262000.0,-116718000.0,397653000.0,397653000.0,397653000.0,0.0,0.0,0.181,1100893000.0,488609000.0,2459426000.0,0.0,2.48,14.418,14.344,1346850000.0,0.0,26.968,3.935,3.942,2708574000.0,8756770000.0,2196057000.0,2196057000.0,210139000.0,,,,,102069000.0,722904000.0,1.0,1299006884.0,1301248000.0,1326021000.0,1.688,11856869000.0,0.0,97002000.0,987041000.0,9.112,4690427000.0
46,EBAY,MRQ,2009-12-31,2009-12-31,2009-12-31,2021-08-25,818104000.0,18408320000.0,,8460208000.0,9948112000.0,,10.647,-172938000.0,3999818000.0,3999818000.0,670695000.0,1354906000.0,2.323,0.335,0.0,0.0,0.0,0.0,99305000.0,200784000.0,0.0,0.0,0.0,1592800000.0,1793584000.0,0.756,1793584000.0,1592800000.0,1592800000.0,1.05,1.03,1.05,13787648000.0,,13787648000.0,28065529307.0,10.0,7.606,597662000.0,0.462,1.0,1700237000.0,0.717,6910898000.0,0.0,3855636000.0,,0.0,2948597000.0,1566832000.0,1381765000.0,4620672000.0,3641968000.0,978704000.0,30423388307.0,1441959000.0,1780321000.0,50730000.0,-200000000.0,0.0,-163613000.0,882200000.0,-725781000.0,770600000.0,-47228000.0,1354906000.0,1354906000.0,1354906000.0,0.0,0.0,0.571,1520865000.0,179372000.0,2350357000.0,0.0,2.207,12.734,12.719,1314328000.0,0.0,23.53,3.486,3.478,2565452000.0,8359117000.0,2370932000.0,2370932000.0,197944000.0,,,,,87288000.0,1146823000.0,1.0,1292961679.0,1294942000.0,1322087000.0,1.831,11497422000.0,0.0,237894000.0,1139665000.0,8.879,4818240000.0
47,EBAY,MRQ,2009-09-30,2009-09-30,2009-09-30,2021-08-25,1252631000.0,17356372000.0,,6473587000.0,10882785000.0,,9.858,-174768000.0,2557859000.0,2557859000.0,643908000.0,349736000.0,1.775,0.361,200000000.0,200000000.0,0.0,200000000.0,231992000.0,215068000.0,0.0,0.0,0.0,438335000.0,653403000.0,0.292,653403000.0,438335000.0,438335000.0,0.27,0.27,0.27,12751167000.0,,12751167000.0,28279897080.0,16.0,10.997,563473000.0,0.436,1.0,1593944000.0,0.712,8925866000.0,0.0,2425969000.0,,0.0,1592537000.0,1113252000.0,479285000.0,4605205000.0,3646678000.0,958527000.0,30453514080.0,-15758000.0,0.0,16061000.0,-200000000.0,0.0,-198382000.0,-603399000.0,-419105000.0,738241000.0,47782000.0,349736000.0,349736000.0,349736000.0,0.0,0.0,0.156,1151003000.0,442941000.0,2202627000.0,0.0,2.388,21.731,21.651,1293775000.0,0.0,23.6,3.629,3.637,2413276000.0,7004211000.0,2237852000.0,2237852000.0,205207000.0,,,,,92489000.0,763638000.0,1.0,1290403139.0,1293511000.0,1311274000.0,1.73,8430506000.0,0.0,88599000.0,957435000.0,6.518,2826909000.0
48,EBAY,MRQ,2009-06-30,2009-06-30,2009-06-30,2021-08-25,865054000.0,16566289000.0,,6249900000.0,10316389000.0,,9.25,-128454000.0,2573617000.0,2573617000.0,591773000.0,327342000.0,1.675,0.39,400000000.0,400000000.0,0.0,400000000.0,215728000.0,197805000.0,0.0,0.0,0.0,407160000.0,604965000.0,0.288,604965000.0,407160000.0,407160000.0,0.25,0.25,0.25,11921572000.0,,11921572000.0,19382168007.0,10.0,7.288,602264000.0,0.467,1.0,1506219000.0,0.718,8750451000.0,0.0,1911857000.0,,0.0,1067971000.0,948312000.0,119659000.0,4644717000.0,3730364000.0,914353000.0,22039327007.0,-483542000.0,-1209433000.0,32909000.0,0.0,0.0,30859000.0,-1376125000.0,-53332000.0,730718000.0,131006000.0,327342000.0,327342000.0,327342000.0,0.0,0.0,0.156,1094530000.0,411689000.0,2092362000.0,0.0,1.849,14.275,14.275,1254769000.0,0.0,17.13,2.664,2.669,2328016000.0,6654475000.0,2097992000.0,2097992000.0,198403000.0,,,,,96434000.0,721998000.0,1.0,1286592353.0,1288815000.0,1300434000.0,1.628,7815838000.0,0.0,79818000.0,897791000.0,6.064,2519536000.0
49,EBAY,MRQ,2009-03-31,2009-03-31,2009-03-31,2021-08-25,518639000.0,15127787000.0,,6161034000.0,8966753000.0,,8.658,-90934000.0,3057159000.0,3057159000.0,573386000.0,357113000.0,1.95,0.361,400000000.0,400000000.0,0.0,400000000.0,193203000.0,197289000.0,0.0,0.0,0.0,440856000.0,638145000.0,0.316,638145000.0,440856000.0,440856000.0,0.28,0.28,0.28,11115707000.0,,11115707000.0,13925121996.0,7.0,4.98,577593000.0,0.45,1.0,1447200000.0,0.716,7440580000.0,0.0,1870124000.0,,0.0,777214000.0,687853000.0,89361000.0,4012080000.0,3159924000.0,852156000.0,16114049996.0,-131769000.0,0.0,2826000.0,-600000000.0,0.0,-614520000.0,-52059000.0,38554000.0,668527000.0,-133717000.0,357113000.0,357113000.0,357113000.0,0.0,0.0,0.177,1024436000.0,422764000.0,1744933000.0,0.0,1.45,9.61,9.662,1197420000.0,0.0,12.56,1.925,1.927,1976808000.0,6327133000.0,2020586000.0,2020586000.0,201516000.0,,,,,113846000.0,671607000.0,1.0,1282965764.0,1283810000.0,1287814000.0,1.574,7687207000.0,0.0,83743000.0,833917000.0,5.988,3001110000.0
50,EBAY,MRQ,2008-12-31,2008-12-31,2008-12-31,2021-08-25,903485000.0,15592439000.0,,6286590000.0,9305849000.0,,8.664,-159151000.0,3188928000.0,3188928000.0,579591000.0,367192000.0,1.697,0.407,1000000000.0,1000000000.0,0.0,1000000000.0,181596000.0,201897000.0,0.0,0.0,0.0,473268000.0,675165000.0,0.332,675165000.0,473268000.0,473268000.0,0.29,0.29,0.29,11083858000.0,,11083858000.0,14483416494.0,7.0,4.988,524792000.0,0.41,1.0,1456255000.0,0.715,7761532000.0,0.0,1936892000.0,,0.0,839983000.0,733805000.0,106178000.0,4508581000.0,3705087000.0,803494000.0,17826133494.0,-153789000.0,-1201229000.0,37184000.0,566019000.0,0.0,602304000.0,-1374432000.0,-12694000.0,683943000.0,-65604000.0,367192000.0,367192000.0,367192000.0,0.0,0.0,0.18,1002792000.0,453463000.0,1638294000.0,0.0,1.608,10.018,10.19,1198714000.0,0.0,13.96,2.087,2.13,1903159000.0,5970020000.0,2035846000.0,2035846000.0,171207000.0,,,,,79141000.0,623441000.0,1.0,1276943660.0,1279313000.0,1284054000.0,1.591,7830907000.0,0.0,106076000.0,854388000.0,6.121,2581503000.0
51,EBAY,MRQ,2008-09-30,2008-09-30,2008-09-30,2021-08-25,1081109000.0,14240157000.0,,6008346000.0,8231811000.0,,8.297,-150412000.0,3342717000.0,3342717000.0,560963000.0,492219000.0,2.105,0.332,0.0,0.0,0.0,0.0,180777000.0,178578000.0,0.0,0.0,0.0,562642000.0,741220000.0,0.35,741220000.0,562642000.0,562642000.0,0.38,0.38,0.38,10693695000.0,,10693695000.0,25410596110.0,11.0,8.333,542991000.0,0.421,1.0,1556568000.0,0.735,6639743000.0,0.0,1402964000.0,,0.0,434765000.0,301136000.0,133629000.0,3546462000.0,2854733000.0,691729000.0,29106624110.0,-353311000.0,0.0,-606351000.0,0.0,0.0,-610060000.0,-225098000.0,-74521000.0,693403000.0,-211556000.0,492219000.0,492219000.0,492219000.0,0.0,0.0,0.232,1032493000.0,524075000.0,1773107000.0,0.0,2.722,14.979,15.329,1215469000.0,0.0,22.38,3.351,3.321,1992291000.0,5602828000.0,2117531000.0,2117531000.0,190842000.0,,,,,90251000.0,700662000.0,1.0,1300564080.0,1288937000.0,1297484000.0,1.643,7600414000.0,0.0,70423000.0,736141000.0,5.897,3153613000.0
52,EBAY,MRQ,2008-06-30,2008-06-30,2008-06-30,2021-08-25,1729584000.0,15021625000.0,,6520387000.0,8501238000.0,,8.668,-121683000.0,3696028000.0,3696028000.0,562103000.0,460345000.0,2.169,0.321,0.0,0.0,0.0,0.0,186483000.0,173359000.0,0.0,0.0,0.0,568133000.0,741492000.0,0.338,741492000.0,568133000.0,568133000.0,0.35,0.35,0.35,11372046000.0,,11372046000.0,32400051124.0,36.0,20.762,616724000.0,0.47,1.0,1633558000.0,0.744,7077400000.0,0.0,1241963000.0,,0.0,485689000.0,355336000.0,130353000.0,3649579000.0,3006234000.0,643345000.0,35965233124.0,130846000.0,-10100000.0,-483407000.0,0.0,0.0,-483215000.0,-123453000.0,14072000.0,738407000.0,-893000.0,460345000.0,460345000.0,460345000.0,0.0,0.0,0.21,1088191000.0,545367000.0,1812547000.0,0.0,3.163,69.793,70.077,1124527000.0,0.0,27.33,4.252,4.24,2163792000.0,5110609000.0,2195661000.0,2195661000.0,186791000.0,,,,,91849000.0,760044000.0,1.0,1315961695.0,1312007000.0,1325136000.0,1.674,7944225000.0,0.0,107788000.0,690017000.0,6.055,3514153000.0
53,EBAY,MRQ,2008-03-31,2008-03-31,2008-03-31,2021-08-25,1791387000.0,15046305000.0,,6457994000.0,8588311000.0,,8.518,-134644000.0,3565182000.0,3565182000.0,525412000.0,459718000.0,2.096,0.324,0.0,0.0,0.0,0.0,182346000.0,165980000.0,0.0,0.0,0.0,579521000.0,745501000.0,0.34,745501000.0,579521000.0,579521000.0,0.34,0.34,0.34,11361202000.0,,11361202000.0,35404750912.0,43.0,24.305,631598000.0,0.474,1.0,1666811000.0,0.76,7160201000.0,0.0,1240490000.0,,0.0,542959000.0,422696000.0,120263000.0,3685103000.0,3080432000.0,604671000.0,39625941912.0,-656009000.0,-148964000.0,-972569000.0,-200000000.0,0.0,-1182880000.0,-334363000.0,-5293000.0,766242000.0,94992000.0,459718000.0,459718000.0,459718000.0,0.0,0.0,0.21,1114034000.0,552777000.0,1900067000.0,0.0,3.488,91.984,93.25,1135765000.0,0.0,29.84,4.894,4.916,2227840000.0,4650264000.0,2192223000.0,2192223000.0,176760000.0,,,,,87381000.0,796275000.0,1.0,1327947115.0,1333791000.0,1343989000.0,1.644,7886104000.0,0.0,119803000.0,685967000.0,5.913,3377562000.0
54,EBAY,MRQ,2007-12-31,2007-12-31,2007-12-31,2021-08-25,1701276000.0,15366037000.0,,7122505000.0,8243532000.0,,8.653,-127932000.0,4221191000.0,4221191000.0,505973000.0,530886000.0,2.298,0.313,200000000.0,200000000.0,0.0,200000000.0,166495000.0,159730000.0,0.0,0.0,0.0,661461000.0,821191000.0,0.377,821191000.0,661461000.0,671465000.0,0.39,0.38,0.39,11704602000.0,,11704602000.0,41011045770.0,55.0,30.323,664834000.0,0.491,1.0,1674633000.0,0.768,6853191000.0,-10004000.0,1392076000.0,,0.0,814501000.0,676264000.0,138237000.0,3661435000.0,3099579000.0,561856000.0,44923636770.0,308600000.0,-543370000.0,-172942000.0,200000000.0,0.0,42862000.0,-630957000.0,39563000.0,792766000.0,103929000.0,530886000.0,530886000.0,530886000.0,0.0,0.0,0.243,1048493000.0,626140000.0,1670191000.0,0.0,3.838,128.998,127.654,1120452000.0,0.0,33.19,5.855,5.878,1994135000.0,4190546000.0,2180606000.0,2180606000.0,169316000.0,,,,,-59034000.0,531947000.0,1.0,1353529279.0,1352698000.0,1422206000.0,1.612,8512846000.0,0.0,140579000.0,622311000.0,6.293,4022926000.0
55,EBAY,MRQ,2007-09-30,2007-09-30,2007-09-30,2021-08-25,1331494000.0,14786812000.0,,6361751000.0,8425061000.0,,8.025,-119294000.0,3912591000.0,3912591000.0,446521000.0,-935635000.0,1.944,0.36,0.0,0.0,0.0,0.0,156183000.0,151720000.0,0.0,0.0,0.0,-899330000.0,-747610000.0,-0.396,-747610000.0,-899330000.0,-902058000.0,-0.69,-0.69,-0.69,10872692000.0,,10872692000.0,49571299024.0,86.0,42.654,510192000.0,0.377,1.0,1442699000.0,0.764,6822881000.0,2728000.0,778473000.0,,0.0,531389000.0,76108000.0,455281000.0,3914120000.0,3272867000.0,641253000.0,53006855024.0,494242000.0,0.0,-315080000.0,0.0,0.0,-275828000.0,-2489000.0,113394000.0,629486000.0,143073000.0,-935635000.0,-935635000.0,-935635000.0,0.0,0.0,-0.495,2380392000.0,-937693000.0,1695871000.0,0.0,4.875,323.544,325.167,1059607000.0,0.0,39.02,7.35,7.33,976606000.0,3659660000.0,1889220000.0,1889220000.0,164879000.0,,,,,101211000.0,772687000.0,1.0,1358453486.0,1354786000.0,1354786000.0,1.394,7963931000.0,0.0,33577000.0,693586000.0,5.878,3088884000.0
56,EBAY,MRQ,2007-06-30,2007-06-30,2007-06-30,2021-08-25,859561000.0,14361157000.0,,5480376000.0,8880781000.0,,8.478,-121328000.0,3435556000.0,3435556000.0,416789000.0,375824000.0,2.353,0.245,0.0,0.0,0.0,0.0,145236000.0,146722000.0,0.0,0.0,0.0,490873000.0,637595000.0,0.348,637595000.0,490873000.0,488139000.0,0.28,0.27,0.28,11539529000.0,,11539529000.0,40906378739.0,22.0,16.867,533257000.0,0.392,1.0,1417640000.0,0.773,7598505000.0,2734000.0,998453000.0,,0.0,358121000.0,181983000.0,176138000.0,2821628000.0,2328643000.0,492985000.0,43888321739.0,451340000.0,-61636000.0,-251490000.0,0.0,0.0,-235489000.0,2950000.0,184955000.0,654585000.0,29294000.0,375824000.0,375824000.0,375824000.0,0.0,0.0,0.205,960734000.0,456906000.0,1387944000.0,0.0,3.803,31.795,31.861,1032673000.0,0.0,32.18,6.482,6.468,881891000.0,4595295000.0,1834429000.0,1834429000.0,147934000.0,,,,,93634000.0,761246000.0,1.0,1363838463.0,1361046000.0,1378697000.0,1.348,6762652000.0,0.0,112315000.0,517282000.0,4.969,3151733000.0
57,EBAY,MRQ,2007-03-31,2007-03-31,2007-03-31,2021-08-25,764090000.0,13920051000.0,,5099609000.0,8820442000.0,,8.205,-85413000.0,2981943000.0,2981943000.0,393689000.0,377176000.0,2.266,0.241,0.0,0.0,0.0,0.0,143144000.0,143449000.0,0.0,0.0,0.0,497847000.0,641296000.0,0.363,641296000.0,497847000.0,493305000.0,0.28,0.27,0.28,11216187000.0,,11216187000.0,42705950476.0,25.0,18.837,479079000.0,0.35,1.0,1374385000.0,0.777,7520996000.0,4542000.0,1166541000.0,,0.0,537937000.0,317275000.0,220662000.0,2703864000.0,2250571000.0,453293000.0,45381480476.0,304217000.0,-258559000.0,-238930000.0,0.0,0.0,-225157000.0,-62650000.0,280169000.0,564492000.0,27532000.0,377176000.0,377176000.0,377176000.0,0.0,0.0,0.213,906558000.0,467827000.0,1325299000.0,0.0,4.046,36.174,36.429,1035714000.0,0.0,33.15,7.15,7.139,805494000.0,4219471000.0,1768074000.0,1768074000.0,137598000.0,,,,,81172000.0,721611000.0,1.0,1368973770.0,1366915000.0,1384287000.0,1.293,6399055000.0,0.0,116129000.0,501834000.0,4.681,2849038000.0
58,EBAY,MRQ,2006-12-31,2006-12-31,2006-12-31,2021-08-25,696197000.0,13494011000.0,,4970586000.0,8523425000.0,,7.905,-96573000.0,2662792000.0,2662792000.0,356317000.0,346467000.0,1.974,0.237,0.0,0.0,0.0,0.0,128964000.0,143616000.0,0.0,0.0,0.0,487284000.0,630900000.0,0.367,630900000.0,487284000.0,483597000.0,0.25,0.25,0.25,10904632000.0,,10904632000.0,39405491688.0,25.0,18.787,529388000.0,0.384,1.0,1363584000.0,0.793,7227255000.0,3687000.0,1085569000.0,,0.0,832694000.0,554841000.0,277853000.0,2589379000.0,2518395000.0,70984000.0,41920826688.0,180535000.0,0.0,-895592000.0,0.0,0.0,-880484000.0,367163000.0,462098000.0,625961000.0,67895000.0,346467000.0,346467000.0,346467000.0,0.0,0.0,0.201,913699000.0,449885000.0,1243344000.0,0.0,3.844,37.242,37.587,998196000.0,0.0,30.07,7.022,7.048,792492000.0,3842150000.0,1719901000.0,1719901000.0,131248000.0,,,,,99332000.0,470329000.0,1.0,1394107971.0,1379493000.0,1402147000.0,1.247,6266756000.0,0.0,137130000.0,496202000.0,4.543,2452191000.0
59,EBAY,MRQ,2006-09-30,2006-09-30,2006-09-30,2021-08-25,461568000.0,13463118000.0,,4774683000.0,8688435000.0,,7.895,-136867000.0,2515335000.0,2515335000.0,319995000.0,280896000.0,2.15,0.213,0.0,0.0,0.0,0.0,117791000.0,135224000.0,0.0,0.0,0.0,380263000.0,515487000.0,0.356,515487000.0,380263000.0,379710000.0,0.2,0.2,0.2,11102867000.0,,11102867000.0,37472777321.0,26.0,18.888,385246000.0,0.274,1.0,1128642000.0,0.779,7127275000.0,553000.0,1599823000.0,,0.0,1280530000.0,741655000.0,538875000.0,2360251000.0,2220685000.0,139566000.0,40140578321.0,-152124000.0,0.0,-632467000.0,0.0,0.0,-616177000.0,-79487000.0,64931000.0,522113000.0,21427000.0,280896000.0,280896000.0,280896000.0,0.0,0.0,0.194,789609000.0,339033000.0,1095828000.0,0.0,3.615,37.926,37.316,999214000.0,0.0,28.36,7.195,7.15,673785000.0,3495683000.0,1448637000.0,1448637000.0,120405000.0,,,,,75495000.0,622008000.0,1.0,1415394158.0,1406382000.0,1426112000.0,1.03,6335843000.0,0.0,98814000.0,489110000.0,4.505,2553998000.0
60,EBAY,MRQ,2006-06-30,2006-06-30,2006-06-30,2021-08-25,386697000.0,13250251000.0,,4546229000.0,8704022000.0,,7.992,-148432000.0,2667801000.0,2667801000.0,296883000.0,249994000.0,2.644,0.174,0.0,0.0,0.0,0.0,106082000.0,142426000.0,0.0,0.0,0.0,337043000.0,479469000.0,0.34,479469000.0,337043000.0,336114000.0,0.18,0.17,0.18,11283472000.0,,11283472000.0,39394907213.0,27.0,20.226,367081000.0,0.26,1.0,1113901000.0,0.79,7113987000.0,929000.0,1749058000.0,,0.0,1342977000.0,720115000.0,622862000.0,1966779000.0,1719405000.0,247374000.0,41302096213.0,757947000.0,-45505000.0,94395000.0,0.0,0.0,131996000.0,87063000.0,282245000.0,515513000.0,23375000.0,249994000.0,249994000.0,249994000.0,0.0,0.0,0.177,802487000.0,311414000.0,799310000.0,0.0,3.66,40.003,39.053,942437000.0,0.0,29.29,7.889,7.899,529903000.0,3214787000.0,1410784000.0,1410784000.0,123972000.0,,,,,100889000.0,620923000.0,1.0,1410109123.0,1411925000.0,1435757000.0,0.999,6136264000.0,0.0,86120000.0,412465000.0,4.346,2826824000.0
61,EBAY,MRQ,2006-03-31,2006-03-31,2006-03-31,2021-08-25,231221000.0,12568535000.0,,3900243000.0,8668292000.0,,7.557,-133576000.0,1907189000.0,1907189000.0,283597000.0,248282000.0,2.319,0.183,0.0,0.0,0.0,0.0,90965000.0,123286000.0,0.0,0.0,0.0,348383000.0,471669000.0,0.339,471669000.0,348383000.0,347636000.0,0.18,0.17,0.18,10626800000.0,,10626800000.0,53518732324.0,35.0,27.236,450628000.0,0.32,1.0,1106822000.0,0.796,6987063000.0,747000.0,1992775000.0,,0.0,1621546000.0,828049000.0,793497000.0,1941735000.0,1681508000.0,260227000.0,54862014324.0,562854000.0,0.0,80606000.0,0.0,0.0,103978000.0,-145886000.0,-12310000.0,584204000.0,20558000.0,248282000.0,248282000.0,248282000.0,0.0,0.0,0.179,784198000.0,322624000.0,761995000.0,0.0,5.163,51.08,49.367,860493000.0,0.0,39.0,11.171,11.168,544173000.0,2964793000.0,1390419000.0,1390419000.0,119070000.0,,,,,97888000.0,618236000.0,1.0,1406718316.0,1406309000.0,1437581000.0,0.989,5581472000.0,0.0,99354000.0,459313000.0,3.969,2218735000.0
62,EBAY,MRQ,2005-12-31,2005-12-31,2005-12-31,2021-08-25,103130000.0,11788986000.0,,3183237000.0,8605749000.0,,7.206,-97747000.0,1343282000.0,1343282000.0,239520000.0,279221000.0,2.144,0.173,0.0,0.0,0.0,0.0,81940000.0,121298000.0,0.0,0.0,0.0,395973000.0,517271000.0,0.389,517271000.0,395973000.0,395051000.0,0.2,0.2,0.2,10047981000.0,,10047981000.0,58024754832.0,37.0,30.05,428490000.0,0.307,1.0,1089339000.0,0.82,6943359000.0,922000.0,2017410000.0,,0.0,1600317000.0,774650000.0,825667000.0,1741005000.0,1484935000.0,256070000.0,60238608832.0,-867018000.0,-1613486000.0,215461000.0,0.0,0.0,215461000.0,-1604445000.0,118909000.0,526237000.0,-4271000.0,279221000.0,279221000.0,279221000.0,0.0,0.0,0.21,718928000.0,370411000.0,642343000.0,0.0,5.995,55.671,54.709,801602000.0,0.0,43.22,13.232,12.928,578070000.0,2716511000.0,1328859000.0,1328859000.0,103882000.0,,,,,117779000.0,563621000.0,1.0,1393766979.0,1394324000.0,1426428000.0,0.953,4845627000.0,0.0,115830000.0,397777000.0,3.475,1698302000.0
63,EBAY,MRQ,2005-09-30,2005-09-30,2005-09-30,2021-08-25,146949000.0,9626043000.0,,3990993000.0,5635050000.0,,5.914,-42181000.0,2213854000.0,2213854000.0,200375000.0,254971000.0,3.15,0.199,0.0,0.0,0.0,0.0,44222000.0,91902000.0,0.0,0.0,0.0,387391000.0,479293000.0,0.434,479293000.0,387391000.0,386960000.0,0.19,0.18,0.19,8027364000.0,,8027364000.0,53892655877.0,37.0,30.108,449522000.0,0.331,1.0,905140000.0,0.819,4020140000.0,431000.0,2125257000.0,,0.0,1715974000.0,888783000.0,827191000.0,1598679000.0,1266792000.0,331887000.0,55780381877.0,324949000.0,-592130000.0,124718000.0,0.0,0.0,124718000.0,-288675000.0,346258000.0,491703000.0,-2797000.0,254971000.0,254971000.0,254971000.0,0.0,0.0,0.231,548404000.0,356736000.0,560035000.0,0.0,6.949,55.327,54.933,762413000.0,0.0,41.2,13.411,13.444,484831000.0,2437290000.0,1105515000.0,1105515000.0,78881000.0,,,,,66890000.0,440324000.0,1.0,1353892764.0,1357239000.0,1387038000.0,0.815,5605903000.0,0.0,131989000.0,437148000.0,4.13,2724201000.0
64,EBAY,MRQ,2005-06-30,2005-06-30,2005-06-30,2021-08-25,162285000.0,9033122000.0,,3689828000.0,5343294000.0,,5.601,-90479000.0,1887726000.0,1887726000.0,191840000.0,291560000.0,3.109,0.193,0.0,0.0,0.0,0.0,42079000.0,85305000.0,0.0,0.0,0.0,411483000.0,496788000.0,0.457,496788000.0,411483000.0,411078000.0,0.22,0.21,0.22,7569121000.0,,7569121000.0,43283729620.0,32.0,26.365,406053000.0,0.3,1.0,894463000.0,0.823,3507335000.0,405000.0,2451243000.0,,0.0,1961211000.0,896951000.0,1064260000.0,1464001000.0,1186818000.0,277183000.0,44532131620.0,638877000.0,-81606000.0,80387000.0,0.0,0.0,80387000.0,87410000.0,261448000.0,496532000.0,-25452000.0,291560000.0,291560000.0,291560000.0,0.0,0.0,0.268,515477000.0,378986000.0,549417000.0,0.0,5.883,47.598,47.157,745257000.0,0.0,33.01,11.538,11.558,469812000.0,2182319000.0,1086303000.0,1086303000.0,71639000.0,,,,,25657000.0,418044000.0,1.0,1349049731.0,1351375000.0,1379088000.0,0.804,5525787000.0,0.0,119518000.0,383833000.0,4.089,2503010000.0
65,EBAY,MRQ,2005-03-31,2005-03-31,2005-03-31,2021-08-25,225865000.0,8589158000.0,,2948052000.0,5641106000.0,,5.385,-79584000.0,1248402000.0,1248402000.0,186369000.0,256291000.0,2.566,0.187,0.0,0.0,0.0,0.0,42806000.0,79660000.0,0.0,0.0,0.0,357959000.0,437619000.0,0.424,437619000.0,357959000.0,356239000.0,0.19,0.19,0.19,7234806000.0,,7234806000.0,48744961105.0,41.0,32.971,415835000.0,0.31,1.0,845355000.0,0.819,3481041000.0,1720000.0,2710609000.0,,0.0,2216613000.0,799037000.0,1417576000.0,1354352000.0,1149106000.0,205246000.0,50107482105.0,-113273000.0,-445008000.0,179279000.0,-128239000.0,0.0,51040000.0,-647021000.0,-122429000.0,495419000.0,-12711000.0,256291000.0,256291000.0,256291000.0,0.0,0.0,0.248,509781000.0,335574000.0,543389000.0,0.0,6.926,60.051,60.097,693460000.0,0.0,37.26,14.128,14.113,479814000.0,1890759000.0,1031724000.0,1031724000.0,73789000.0,,,,,88588000.0,407738000.0,1.0,1344806283.0,1343442000.0,1382150000.0,0.768,5108117000.0,0.0,99948000.0,293125000.0,3.802,1798946000.0
66,EBAY,MRQ,2004-12-31,2004-12-31,2004-12-31,2021-08-25,241642000.0,7991051000.0,,2911149000.0,5079902000.0,,5.042,-82888000.0,1485450000.0,1485450000.0,176405000.0,205379000.0,2.683,0.188,124272000.0,124272000.0,0.0,124272000.0,50439000.0,72849000.0,0.0,0.0,0.0,303426000.0,376275000.0,0.402,376275000.0,303426000.0,301161000.0,0.15,0.15,0.15,6728341000.0,,6728341000.0,75668368397.0,67.0,54.647,298319000.0,0.224,1.0,759377000.0,0.811,3072703000.0,2265000.0,2472300000.0,,0.0,1949711000.0,682004000.0,1267707000.0,1262710000.0,1084870000.0,177840000.0,77122766397.0,-105865000.0,-332770000.0,221396000.0,-370000.0,0.0,221026000.0,-741306000.0,-324259000.0,381207000.0,33208000.0,205379000.0,205379000.0,205379000.0,0.0,0.0,0.219,474654000.0,284723000.0,369763000.0,0.0,11.462,99.101,98.593,709773000.0,0.0,58.17,23.576,23.462,364280000.0,1634468000.0,935782000.0,935782000.0,64568000.0,,,,,81734000.0,402636000.0,1.0,1325816854.0,1334464000.0,1388390000.0,0.701,4918348000.0,0.0,95782000.0,254398000.0,3.686,1826279000.0
67,EBAY,MRQ,2004-09-30,2004-09-30,2004-09-30,2021-08-25,109061000.0,7241601000.0,,2929023000.0,4312578000.0,,4.603,-73385000.0,1579114000.0,1579114000.0,157121000.0,182349000.0,3.0,0.189,124716000.0,124273000.0,443000.0,124716000.0,43377000.0,65722000.0,0.0,0.0,0.0,265334000.0,331056000.0,0.411,331056000.0,265334000.0,263098000.0,0.14,0.13,0.14,6090304000.0,,6090304000.0,59167543866.0,57.0,46.773,201378000.0,0.152,1.0,648755000.0,0.805,2622766000.0,2236000.0,2188015000.0,,0.0,1622805000.0,641710000.0,981095000.0,1151297000.0,976422000.0,174875000.0,60774346866.0,-152803000.0,-531191000.0,73948000.0,-444000.0,0.0,73504000.0,-503729000.0,105656000.0,274763000.0,2659000.0,182349000.0,182349000.0,182349000.0,0.0,0.0,0.226,394842000.0,253913000.0,332806000.0,0.0,9.979,84.963,84.349,682022000.0,0.0,45.97,20.367,20.384,463027000.0,1429089000.0,805876000.0,805876000.0,63403000.0,,,,,24870000.0,313026000.0,1.0,1322043656.0,1323145000.0,1369954000.0,0.609,4618835000.0,0.0,80749000.0,227863000.0,3.491,1952601000.0
68,EBAY,MRQ,2004-06-30,2004-06-30,2004-06-30,2021-08-25,96529000.0,6832497000.0,,2888068000.0,3944429000.0,,4.404,-65653000.0,1731964000.0,1731964000.0,146531000.0,190395000.0,3.22,0.179,125161000.0,124274000.0,887000.0,125161000.0,39643000.0,59434000.0,0.0,0.0,0.0,274040000.0,333474000.0,0.431,333474000.0,274040000.0,271993000.0,0.14,0.14,0.14,5796085000.0,,5796085000.0,58926407539.0,63.0,51.965,197447000.0,0.15,1.0,626881000.0,0.811,2109304000.0,2047000.0,2219348000.0,,0.0,1724022000.0,548924000.0,1175098000.0,1036412000.0,897042000.0,139370000.0,60444275539.0,87005000.0,-137852000.0,182205000.0,-1008000.0,0.0,181197000.0,-355310000.0,-150302000.0,263100000.0,-1982000.0,190395000.0,190395000.0,190395000.0,0.0,0.0,0.246,373023000.0,253858000.0,301236000.0,0.0,10.428,95.007,94.794,639140000.0,0.0,45.975,22.313,22.337,385584000.0,1246740000.0,773412000.0,773412000.0,59978000.0,,,,,84015000.0,292090000.0,1.0,1314720512.0,1316138000.0,1364842000.0,0.588,4723193000.0,0.0,81598000.0,164453000.0,3.589,1991026000.0
69,EBAY,MRQ,2004-03-31,2004-03-31,2004-03-31,2021-08-25,111182000.0,6458246000.0,,2658360000.0,3799886000.0,,4.103,-70912000.0,1644036000.0,1644036000.0,134358000.0,200100000.0,2.777,0.206,126168000.0,124838000.0,1330000.0,126168000.0,36886000.0,55685000.0,0.0,0.0,0.0,288187000.0,343872000.0,0.455,343872000.0,288187000.0,285856000.0,0.15,0.15,0.15,5354641000.0,,5354641000.0,43927365742.0,56.0,45.266,295333000.0,0.226,1.0,621881000.0,0.822,1981847000.0,2331000.0,2001366000.0,,0.0,1585351000.0,418677000.0,1166674000.0,1103605000.0,957165000.0,146440000.0,45308994742.0,120195000.0,-34663000.0,173089000.0,-1147000.0,0.0,171942000.0,-412875000.0,-306355000.0,366245000.0,-5117000.0,200100000.0,200100000.0,200100000.0,0.0,0.0,0.265,355133000.0,266748000.0,354916000.0,0.0,8.462,84.268,83.47,628086000.0,0.0,34.64,18.532,18.49,367705000.0,1056345000.0,756239000.0,756239000.0,52698000.0,,,,,77196000.0,283326000.0,1.0,1307996384.0,1305002000.0,1347596000.0,0.579,4476399000.0,0.0,85756000.0,180601000.0,3.43,1701195000.0
70,EBAY,MRQ,2003-12-31,2003-12-31,2003-12-31,2021-08-25,104196000.0,5820134000.0,,2145882000.0,3674252000.0,,3.786,-95768000.0,1523804000.0,1523804000.0,115457000.0,142462000.0,3.315,0.189,127316000.0,2840000.0,124476000.0,127316000.0,28874000.0,45118000.0,0.0,0.0,0.0,211481000.0,256599000.0,0.396,256599000.0,211481000.0,209502000.0,0.115,0.11,0.115,4896242000.0,,4896242000.0,40163710453.0,62.0,49.473,171650000.0,0.133,1.0,532936000.0,0.822,1993368000.0,1979000.0,1783002000.0,,0.0,1274747000.0,340576000.0,934171000.0,923892000.0,647276000.0,276616000.0,41737128453.0,-202362000.0,-109206000.0,130628000.0,-10224000.0,0.0,120404000.0,-593716000.0,-388742000.0,267418000.0,3532000.0,142462000.0,142462000.0,142462000.0,0.0,0.0,0.22,329794000.0,203142000.0,171201000.0,0.0,8.524,94.477,92.3,601785000.0,0.0,32.305,19.277,19.048,305764000.0,856245000.0,648393000.0,648393000.0,46427000.0,,,,,25751000.0,298735000.0,1.0,1291971164.0,1293400000.0,1333306000.0,0.501,3826766000.0,0.0,67040000.0,167108000.0,2.959,1498606000.0
71,EBAY,MRQ,2003-09-30,2003-09-30,2003-09-30,2021-08-25,99148000.0,5500694000.0,,2111006000.0,3389688000.0,,3.573,-39629000.0,1710958000.0,1710958000.0,109353000.0,103250000.0,3.473,0.198,137540000.0,3586000.0,133954000.0,137540000.0,25246000.0,43358000.0,0.0,0.0,0.0,156654000.0,200012000.0,0.377,200012000.0,156654000.0,154387000.0,0.08,0.08,0.08,4592357000.0,,4592357000.0,32938748963.0,57.0,45.797,168384000.0,0.131,1.0,421589000.0,0.794,1914698000.0,2267000.0,1404752000.0,,0.0,893920000.0,163765000.0,730155000.0,908337000.0,607826000.0,300511000.0,34441404963.0,192318000.0,-102772000.0,97216000.0,-929000.0,0.0,96287000.0,-118280000.0,24121000.0,208013000.0,6298000.0,103250000.0,103250000.0,103250000.0,0.0,0.0,0.194,265717000.0,155872000.0,164655000.0,0.0,7.5,89.156,86.516,534624000.0,0.0,26.82,17.839,17.857,253709000.0,713783000.0,530942000.0,530942000.0,39737000.0,,,,,43671000.0,210646000.0,1.0,1284168716.0,1285458000.0,1324462000.0,0.413,3585996000.0,63547000.0,51137000.0,179521000.0,2.79,1503180000.0
72,EBAY,MRQ,2003-06-30,2003-06-30,2003-06-30,2021-08-25,83727000.0,5042979000.0,,2003519000.0,3039460000.0,,3.403,-186079000.0,1518626000.0,1518626000.0,99150000.0,91868000.0,3.763,0.164,15970000.0,3586000.0,12384000.0,15970000.0,21485000.0,38507000.0,0.0,0.0,0.0,131448000.0,169955000.0,0.334,169955000.0,131448000.0,131411000.0,0.07,0.07,0.07,4332798000.0,,4332798000.0,31354083464.0,61.0,49.63,22603000.0,0.018,1.0,410119000.0,0.805,1744907000.0,37000.0,1262923000.0,,0.0,941646000.0,271337000.0,670309000.0,710181000.0,532493000.0,177688000.0,33019775464.0,-162861000.0,0.0,255588000.0,-491000.0,0.0,255097000.0,-642456000.0,-456377000.0,208682000.0,15816000.0,91868000.0,91868000.0,91868000.0,0.0,0.0,0.18,288036000.0,122083000.0,164858000.0,0.0,7.621,95.972,91.228,403295000.0,0.0,26.0,19.556,19.608,247684000.0,610533000.0,509269000.0,509269000.0,38819000.0,,,,,23096000.0,204092000.0,1.0,1269991364.0,1273360000.0,1312294000.0,0.4,3298072000.0,75873000.0,39543000.0,191538000.0,2.59,1471026000.0
73,EBAY,MRQ,2003-03-31,2003-03-31,2003-03-31,2021-08-25,46958000.0,4572975000.0,,2013674000.0,2559301000.0,,3.129,-43908000.0,1682154000.0,1682154000.0,92098000.0,104191000.0,4.332,0.165,16462000.0,3340000.0,13122000.0,16462000.0,20535000.0,32020000.0,0.0,0.0,0.0,153240000.0,185260000.0,0.389,185260000.0,153240000.0,153209000.0,0.085,0.08,0.085,3925191000.0,,3925191000.0,25607580459.0,54.0,45.046,146098000.0,0.116,1.0,384394000.0,0.807,1738609000.0,31000.0,703819000.0,,0.0,484272000.0,122283000.0,361989000.0,647784000.0,464855000.0,182929000.0,26834769459.0,445105000.0,-4389000.0,217385000.0,-307000.0,0.0,217078000.0,34910000.0,83207000.0,190006000.0,3111000.0,104191000.0,104191000.0,104191000.0,0.0,0.0,0.219,236250000.0,148144000.0,151316000.0,0.0,6.837,87.553,80.481,241800000.0,0.0,21.328,18.565,18.512,241148000.0,518666000.0,476492000.0,476492000.0,34332000.0,,,,,43612000.0,186760000.0,1.0,1258223864.0,1254632000.0,1285036000.0,0.38,2834366000.0,76861000.0,49018000.0,178319000.0,2.259,1548819000.0
74,EBAY,MRQ,2002-12-31,2002-12-31,2002-12-31,2021-08-25,38498000.0,4040226000.0,,1468458000.0,2571768000.0,,2.881,-44250000.0,1243957000.0,1243957000.0,82664000.0,86996000.0,3.802,0.136,16768000.0,2970000.0,13798000.0,16768000.0,18846000.0,28016000.0,0.0,0.0,0.0,135990000.0,164006000.0,0.396,164006000.0,135990000.0,135931000.0,0.075,0.065,0.075,3556473000.0,,3556473000.0,20069032005.0,51.0,42.348,138612000.0,0.112,1.0,331264000.0,0.8,1735489000.0,59000.0,691324000.0,,0.0,559917000.0,89690000.0,470227000.0,483753000.0,386224000.0,97529000.0,20938210005.0,360690000.0,-14330000.0,148055000.0,3729000.0,-50000.0,151734000.0,23357000.0,45763000.0,182862000.0,2737000.0,86996000.0,86996000.0,86996000.0,0.0,0.0,0.21,217341000.0,113923000.0,97820000.0,0.0,5.887,83.789,77.068,218028000.0,0.0,16.955,17.246,16.06,172467000.0,414474000.0,413928000.0,413928000.0,31820000.0,,,,,-123000.0,172078000.0,1.0,1234928340.0,1234560000.0,1257476000.0,0.335,2304737000.0,0.0,48935000.0,94890000.0,1.867,1082234000.0
75,EBAY,MRQ,2002-09-30,2002-09-30,2002-09-30,2021-08-25,19872000.0,2080565000.0,,1044161000.0,1036404000.0,,1.615,-23085000.0,878649000.0,878649000.0,45374000.0,61003000.0,5.34,0.141,9471000.0,108000.0,9363000.0,9471000.0,16771000.0,17172000.0,0.0,0.0,0.0,95367000.0,112539000.0,0.39,112539000.0,95367000.0,95317000.0,0.055,0.055,0.055,1823350000.0,,1823350000.0,14161419702.0,45.0,36.563,88843000.0,0.079,1.0,243405000.0,0.843,259438000.0,50000.0,756407000.0,,0.0,537392000.0,97430000.0,439962000.0,257215000.0,195542000.0,61673000.0,14883467702.0,131756000.0,9529000.0,35682000.0,-386000.0,0.0,35296000.0,-13734000.0,-178000.0,111928000.0,-1734000.0,61003000.0,61003000.0,61003000.0,0.0,0.0,0.211,153288000.0,90117000.0,32697000.0,0.0,8.163,78.819,76.315,164990000.0,0.0,13.203,14.598,14.62,138378000.0,327479000.0,288779000.0,288779000.0,24163000.0,,,,,34754000.0,127360000.0,1.0,1127321924.0,1129068000.0,1146364000.0,0.256,1821127000.0,18101000.0,34314000.0,17721000.0,1.613,848619000.0
76,EBAY,MRQ,2002-06-30,2002-06-30,2002-06-30,2021-08-25,23955000.0,1970023000.0,,937586000.0,1032437000.0,,1.511,-59841000.0,746830000.0,746830000.0,44561000.0,54308000.0,4.397,0.161,24782000.0,14974000.0,9808000.0,24782000.0,22373000.0,18377000.0,0.0,0.0,0.0,88292000.0,106669000.0,0.401,106669000.0,88292000.0,87594000.0,0.05,0.05,0.05,1696103000.0,,1696103000.0,16587282689.0,65.0,49.333,32999000.0,0.029,1.0,221726000.0,0.833,263980000.0,698000.0,770774000.0,,0.0,534620000.0,121651000.0,412969000.0,273920000.0,213221000.0,60699000.0,17265700689.0,40016000.0,-11053000.0,41440000.0,-111000.0,0.0,41329000.0,-104595000.0,-33701000.0,92840000.0,10442000.0,54308000.0,54308000.0,54308000.0,0.0,0.0,0.204,142285000.0,79441000.0,36531000.0,0.0,10.18,117.722,114.111,187055000.0,0.0,15.405,18.661,18.695,128769000.0,266475000.0,266287000.0,266287000.0,24346000.0,,,,,32235000.0,116400000.0,1.0,1120785504.0,1122828000.0,1141664000.0,0.237,1706043000.0,23520000.0,33286000.0,23318000.0,1.519,724365000.0
77,EBAY,MRQ,2002-03-31,2002-03-31,2002-03-31,2021-08-25,-15113000.0,1789014000.0,,910672000.0,878342000.0,,1.372,-11494000.0,703241000.0,703241000.0,41277000.0,47584000.0,4.502,0.171,24823000.0,15049000.0,9774000.0,24823000.0,16283000.0,13011000.0,0.0,0.0,0.0,77680000.0,90691000.0,0.37,90691000.0,77680000.0,76995000.0,0.043,0.043,0.043,1527605000.0,,1527605000.0,15203533853.0,71.0,50.814,80779000.0,0.073,1.0,203829000.0,0.832,232198000.0,685000.0,676097000.0,,0.0,496749000.0,152936000.0,343813000.0,261409000.0,202301000.0,59108000.0,15828997853.0,52882000.0,-43557000.0,27004000.0,-3296000.0,0.0,23708000.0,-62787000.0,-7736000.0,92273000.0,-312000.0,47584000.0,47584000.0,47584000.0,0.0,0.0,0.194,133113000.0,70716000.0,33619000.0,0.0,10.362,135.331,131.111,142387000.0,0.0,14.16,18.848,18.771,120912000.0,212167000.0,245106000.0,245106000.0,24307000.0,,,,,30324000.0,105597000.0,1.0,1117867080.0,1113328000.0,1139564000.0,0.22,1556816000.0,23031000.0,29411000.0,22990000.0,1.398,708371000.0
78,EBAY,MRQ,2001-12-31,2001-12-31,2001-12-31,2021-08-25,-8645000.0,1678529000.0,,883805000.0,794724000.0,,1.301,-10916000.0,653583000.0,653583000.0,39989000.0,25935000.0,4.906,0.175,28119000.0,16111000.0,12008000.0,28119000.0,15583000.0,26725000.0,0.0,0.0,0.0,50695000.0,77420000.0,0.353,77420000.0,50695000.0,49973000.0,0.025,0.022,0.025,1429138000.0,,1429138000.0,17880163643.0,103.0,68.783,72767000.0,0.066,1.0,179412000.0,0.818,198639000.0,722000.0,674287000.0,,0.0,486448000.0,199450000.0,286998000.0,249391000.0,180139000.0,69252000.0,18405578643.0,100240000.0,-4560000.0,66841000.0,-47000.0,-319000.0,66475000.0,-49046000.0,-35635000.0,83683000.0,-872000.0,25935000.0,25935000.0,25935000.0,0.0,0.0,0.118,137794000.0,41618000.0,33235000.0,0.0,12.879,203.493,196.765,142349000.0,0.0,16.725,24.579,24.03,101703000.0,164633000.0,219401000.0,219401000.0,21723000.0,,,,,28790000.0,102800000.0,1.0,1100483028.0,1098144000.0,1134152000.0,0.2,1479890000.0,21540000.0,24038000.0,24246000.0,1.348,703666000.0
79,EBAY,MRQ,2001-09-30,2001-09-30,2001-09-30,2021-08-25,-3797000.0,1548607000.0,,810478000.0,738129000.0,,1.208,-17111000.0,553419000.0,553419000.0,34953000.0,18838000.0,4.821,0.181,28004000.0,15958000.0,12046000.0,28004000.0,15535000.0,22884000.0,0.0,0.0,0.0,38564000.0,61448000.0,0.316,61448000.0,38564000.0,38106000.0,0.018,0.018,0.018,1310777000.0,,1310777000.0,11959258327.0,73.0,51.177,44363000.0,0.041,1.0,159472000.0,0.82,212929000.0,458000.0,642160000.0,,0.0,453321000.0,227324000.0,225997000.0,237830000.0,168103000.0,69727000.0,12502012327.0,-16036000.0,3842000.0,34003000.0,-59000.0,0.0,33944000.0,-112231000.0,-96897000.0,61474000.0,777000.0,18838000.0,18838000.0,18838000.0,0.0,0.0,0.097,126823000.0,32649000.0,30739000.0,0.0,9.538,141.461,139.482,142845000.0,0.0,11.438,18.845,18.704,97931000.0,138645000.0,194425000.0,194425000.0,20177000.0,,,,,19860000.0,93873000.0,1.0,1093072116.0,1084944000.0,1129268000.0,0.179,1335678000.0,10572000.0,19268000.0,10981000.0,1.231,642375000.0
80,EBAY,MRQ,2001-06-30,2001-06-30,2001-06-30,2021-08-25,-6708000.0,1475657000.0,,852609000.0,623048000.0,,1.15,-20349000.0,569232000.0,569232000.0,32872000.0,24608000.0,4.801,0.201,26478000.0,15141000.0,11337000.0,26478000.0,18123000.0,22795000.0,0.0,0.0,0.0,46843000.0,69638000.0,0.385,69638000.0,46843000.0,45884000.0,0.022,0.022,0.022,1228484000.0,,1228484000.0,18088631385.0,120.0,86.866,49158000.0,0.046,1.0,148033000.0,0.818,213415000.0,959000.0,541904000.0,,0.0,354044000.0,246473000.0,107571000.0,247173000.0,177584000.0,69589000.0,18503593385.0,125502000.0,-1800000.0,21135000.0,-15689000.0,0.0,5446000.0,50400000.0,72549000.0,69507000.0,149000.0,24608000.0,24608000.0,24608000.0,0.0,0.0,0.136,112579000.0,35454000.0,40111000.0,0.0,15.062,218.329,214.031,141747000.0,0.0,17.122,31.772,31.409,103717000.0,119109000.0,180905000.0,180905000.0,17651000.0,,,,,22000000.0,85721000.0,1.0,1080659564.0,1068300000.0,1134328000.0,0.169,1262242000.0,9843000.0,21276000.0,10945000.0,1.182,675025000.0
81,EBAY,MRQ,2001-03-31,2001-03-31,2001-03-31,2021-08-25,-7159000.0,1257029000.0,,739337000.0,517692000.0,,0.988,-6217000.0,456555000.0,456555000.0,27002000.0,21067000.0,5.121,0.204,41593000.0,30254000.0,11339000.0,41593000.0,12081000.0,14237000.0,0.0,0.0,0.0,37206000.0,51443000.0,0.334,51443000.0,37206000.0,36494000.0,0.02,0.02,0.02,1044272000.0,,1044272000.0,9444776136.0,80.0,58.416,31231000.0,0.03,1.0,127088000.0,0.825,111546000.0,712000.0,586139000.0,,0.0,409378000.0,273838000.0,135540000.0,212757000.0,144382000.0,68375000.0,9746363136.0,112390000.0,-109212000.0,1731000.0,-6091000.0,0.0,-4360000.0,81058000.0,196487000.0,37448000.0,-1756000.0,21067000.0,21067000.0,21067000.0,0.0,0.0,0.137,96383000.0,30705000.0,21395000.0,0.0,9.333,144.173,139.192,133279000.0,0.0,9.047,19.507,19.143,75494000.0,95423000.0,154090000.0,154090000.0,15737000.0,,,,,14146000.0,76864000.0,1.0,1077243784.0,1057116000.0,1114928000.0,0.146,1145483000.0,10937000.0,15427000.0,10995000.0,1.084,594955000.0
82,EBAY,MRQ,2000-12-31,2000-12-31,2000-12-31,2021-08-25,-875000.0,1182403000.0,,675464000.0,506939000.0,,0.975,-13529000.0,328263000.0,328263000.0,23954000.0,23865000.0,4.915,0.166,26676000.0,15272000.0,11404000.0,26676000.0,12656000.0,10843000.0,0.0,0.0,0.0,40313000.0,51156000.0,0.382,51156000.0,40313000.0,39775000.0,0.022,0.02,0.022,1013760000.0,,1013760000.0,8615521434.0,102.0,70.364,20936000.0,0.02,1.0,110054000.0,0.821,13063000.0,538000.0,730311000.0,,0.0,572363000.0,354166000.0,218197000.0,168643000.0,137442000.0,31201000.0,8840617434.0,71315000.0,0.0,6315000.0,3375000.0,-157000.0,9533000.0,28305000.0,47684000.0,34465000.0,-988000.0,23865000.0,23865000.0,23865000.0,0.0,0.0,0.178,83323000.0,26731000.0,31725000.0,0.0,8.721,183.058,171.875,125161000.0,0.0,8.25,20.492,19.259,67163000.0,74504000.0,134008000.0,134008000.0,14142000.0,,,,,16897000.0,66492000.0,1.0,1071589992.0,1039576000.0,1118732000.0,0.129,1169340000.0,13892000.0,15910000.0,11092000.0,1.125,538022000.0
83,EBAY,MRQ,2000-09-30,2000-09-30,2000-09-30,2021-08-25,-916000.0,1114146000.0,,522745000.0,591401000.0,,0.947,-6186000.0,256948000.0,256948000.0,23912000.0,15211000.0,5.137,0.15,31852000.0,8965000.0,22887000.0,31852000.0,5170000.0,9689000.0,0.0,0.0,0.0,26310000.0,35999000.0,0.318,35999000.0,26310000.0,25352000.0,0.015,0.013,0.015,968879000.0,,968879000.0,18205707051.0,354.0,205.563,24110000.0,0.024,1.0,89465000.0,0.789,14581000.0,958000.0,772710000.0,,0.0,620031000.0,302542000.0,317489000.0,145267000.0,101759000.0,43508000.0,18437389051.0,-12366000.0,0.0,-254000.0,3350000.0,0.0,3096000.0,-47186000.0,-41000000.0,30296000.0,1428000.0,15211000.0,15211000.0,15211000.0,0.0,0.0,0.134,75149000.0,14316000.0,18796000.0,0.0,19.03,653.16,636.019,122054000.0,0.0,17.172,49.652,47.307,49226000.0,50727000.0,113377000.0,113377000.0,15783000.0,,,,,11422000.0,59085000.0,1.0,1073657828.0,1022964000.0,1121188000.0,0.111,1099565000.0,10887000.0,10141000.0,7966000.0,1.075,420986000.0
84,EBAY,MRQ,2000-06-30,2000-06-30,2000-06-30,2021-08-25,-456000.0,1071616000.0,,369151000.0,702465000.0,,0.926,-7541000.0,262011000.0,262011000.0,24204000.0,7459000.0,3.326,0.158,30329000.0,15584000.0,14745000.0,30329000.0,13035000.0,9186000.0,0.0,0.0,0.0,13898000.0,23084000.0,0.235,23084000.0,13898000.0,12860000.0,0.007,0.007,0.007,925208000.0,,925208000.0,13877873441.0,502.0,230.078,19307000.0,0.019,1.0,73948000.0,0.753,12560000.0,1038000.0,716369000.0,,0.0,576993000.0,146526000.0,430467000.0,146408000.0,111005000.0,35403000.0,14254461441.0,-147642000.0,0.0,7556000.0,-3594000.0,0.0,3962000.0,-178012000.0,-170471000.0,26848000.0,-440000.0,7459000.0,7459000.0,7459000.0,0.0,0.0,0.076,72477000.0,1471000.0,25941000.0,0.0,15.407,1003.623,905.167,123463000.0,0.0,13.578,45.04,42.872,46307000.0,45506000.0,98152000.0,98152000.0,13600000.0,,,,,9768000.0,57703000.0,1.0,1049859064.0,999312000.0,1121932000.0,0.098,1059056000.0,9585000.0,5401000.0,6078000.0,1.06,258146000.0
85,EBAY,MRQ,2000-03-31,2000-03-31,2000-03-31,2021-08-25,5232000.0,1035958000.0,,416710000.0,619248000.0,,0.934,-22497000.0,404720000.0,404720000.0,23383000.0,1758000.0,4.458,0.143,28132000.0,13304000.0,14828000.0,28132000.0,0.0,8332000.0,4049000.0,0.0,0.0,3877000.0,12209000.0,0.142,12209000.0,3877000.0,3032000.0,0.003,0.003,0.003,906389000.0,,906389000.0,22719815280.0,1449.0,533.342,-13958000.0,-0.014,1.0,62504000.0,0.728,11187000.0,845000.0,554707000.0,,0.0,416700000.0,66521000.0,350179000.0,129569000.0,93476000.0,36093000.0,22912191280.0,68765000.0,0.0,31913000.0,-262000.0,0.0,69387000.0,-9161000.0,13336000.0,8539000.0,0.0,1758000.0,1758000.0,1758000.0,0.0,0.0,0.02,70028000.0,-7524000.0,26349000.0,0.0,25.279,3030.713,2750.0,125314000.0,0.0,22.0,85.554,79.735,34850000.0,33911000.0,85887000.0,85887000.0,12338000.0,,,,,6537000.0,56514000.0,1.0,1041463240.0,970632000.0,1125376000.0,0.088,1024771000.0,6187000.0,1274000.0,6398000.0,1.056,323234000.0
86,EBAY,MRQ,1999-12-31,1999-12-31,1999-12-31,2021-08-25,5094000.0,969825000.0,,465307000.0,504518000.0,,0.916,-39166000.0,221801000.0,221801000.0,21585000.0,3800000.0,5.001,0.135,30799000.0,15781000.0,15018000.0,30799000.0,5997000.0,9893000.0,0.0,0.0,0.0,7380000.0,17273000.0,0.234,17273000.0,7380000.0,6552000.0,0.003,0.005,0.003,854129000.0,,854129000.0,15964944950.0,784.0,388.441,3887000.0,0.004,1.0,52334000.0,0.708,12689000.0,828000.0,673093000.0,,0.0,555074000.0,181086000.0,373988000.0,115696000.0,93041000.0,22655000.0,16193179950.0,-27024000.0,0.0,2397000.0,11787000.0,0.0,20388000.0,-90465000.0,-46765000.0,43053000.0,0.0,3800000.0,3800000.0,3800000.0,0.0,0.0,0.051,53802000.0,-1468000.0,32133000.0,0.0,18.959,1692.608,1565.0,112202000.0,0.0,15.65,72.058,60.636,36538000.0,26367000.0,73919000.0,73919000.0,10250000.0,,,,,6389000.0,43390000.0,1.0,1034707984.0,932928000.0,1110816000.0,0.079,957136000.0,5639000.0,2752000.0,6455000.0,1.026,372266000.0
87,EBAY,MRQ,1999-09-30,1999-09-30,1999-09-30,2021-08-25,4011000.0,909642000.0,,439225000.0,470417000.0,,0.905,-14510000.0,246538000.0,246538000.0,17081000.0,1186000.0,6.069,0.102,18303000.0,12447000.0,5856000.0,18303000.0,0.0,5259000.0,0.0,0.0,0.0,2493000.0,7752000.0,0.132,7752000.0,2493000.0,2044000.0,0.003,0.0,0.003,825305000.0,,825305000.0,17819588158.0,1024.0,593.097,-14672000.0,-0.016,1.0,41444000.0,0.708,9327000.0,449000.0,599713000.0,,0.0,507117000.0,139406000.0,367711000.0,84337000.0,72367000.0,11970000.0,18148315158.0,-98728000.0,0.0,9232000.0,-573000.0,126000.0,8785000.0,-107351000.0,-90340000.0,-162000.0,0.0,1186000.0,1186000.0,1186000.0,0.0,0.0,0.02,46478000.0,-5034000.0,22821000.0,0.0,21.99,2158.972,1763.75,82102000.0,0.0,17.637,99.861,88.5,27589000.0,19804000.0,58525000.0,58525000.0,6958000.0,,,,,7221000.0,39192000.0,1.0,1028961880.0,911900000.0,1104716000.0,0.064,900315000.0,11277000.0,858000.0,10665000.0,0.987,366858000.0
88,EBAY,MRQ,1999-06-30,1999-06-30,1999-06-30,2021-08-25,22696000.0,922209000.0,,472855000.0,449354000.0,,0.981,-21798000.0,347553000.0,347553000.0,10945000.0,816000.0,6.534,0.1,18826000.0,13305000.0,5521000.0,18826000.0,0.0,3435000.0,0.0,0.0,0.0,1930000.0,5365000.0,0.108,5365000.0,1930000.0,1407000.0,0.0,0.0,0.0,838212000.0,,838212000.0,18936825893.0,1117.0,732.084,5902000.0,0.007,1.0,38534000.0,0.779,7080000.0,523000.0,514034000.0,,0.0,435495000.0,76771000.0,358724000.0,83997000.0,72368000.0,11629000.0,18961675893.0,317822000.0,0.0,698047000.0,-2672000.0,-2695000.0,692680000.0,-402567000.0,-380645000.0,27700000.0,9000.0,816000.0,816000.0,816000.0,0.0,0.0,0.016,43166000.0,-4632000.0,31578000.0,,22.622,2468.647,2102.778,72319000.0,0.0,18.925,130.823,111.617,23908000.0,18541000.0,49479000.0,49479000.0,5476000.0,,,,,1457000.0,33004000.0,1.0,1001937960.0,854840000.0,1092912000.0,0.058,915129000.0,11231000.0,591000.0,7570000.0,1.071,400487000.0
89,EBAY,MRQ,1999-03-31,1999-03-31,1999-03-31,2021-08-25,0.0,109712000.0,,92663000.0,17049000.0,,0.117,-11260000.0,24850000.0,24850000.0,7977000.0,3765000.0,5.116,0.198,0.0,0.0,0.0,0.0,0.0,2155000.0,1022000.0,0.0,0.0,8555000.0,10710000.0,0.25,10710000.0,8555000.0,8036000.0,0.005,0.003,0.005,91600000.0,,91600000.0,16556414581.0,861.0,641.473,-18999000.0,-0.024,1.0,34824000.0,0.814,814000.0,519000.0,65936000.0,,0.0,32121000.0,32121000.0,0.0,18112000.0,18112000.0,0.0,16588204581.0,-7554000.0,0.0,4638000.0,-141000.0,-1323000.0,3174000.0,-2980000.0,8280000.0,-7739000.0,-9000.0,3765000.0,3765000.0,3765000.0,0.0,0.0,0.088,27063000.0,7761000.0,3748000.0,0.0,181.094,1729.019,953.472,16235000.0,0.0,17.163,144.318,116.682,12104000.0,9224000.0,42801000.0,42801000.0,2163000.0,,,,,818000.0,24572000.0,1.0,966537776.0,781452000.0,1058616000.0,0.055,108898000.0,0.0,4271000.0,4395000.0,0.139,74551000.0
90,EBAY,MRQ,1998-12-31,1998-12-31,1998-12-31,2021-08-25,0.0,149536000.0,,97590000.0,51946000.0,,0.241,-1453000.0,37285000.0,37285000.0,5950000.0,2639000.0,3.958,0.487,22408000.0,4047000.0,18361000.0,22408000.0,973000.0,1801000.0,0.0,0.0,0.0,4417000.0,6218000.0,0.201,6218000.0,4417000.0,3505000.0,0.003,0.002,0.003,100538000.0,,100538000.0,9641656815.0,676.0,513.428,593000.0,0.001,1.0,24980000.0,0.808,3728000.0,912000.0,106275000.0,,0.0,40401000.0,40401000.0,0.0,48998000.0,24656000.0,24342000.0,9715720815.0,-43840000.0,0.0,-7784000.0,-3662000.0,-157000.0,-3870000.0,-42106000.0,-40292000.0,2046000.0,0.0,2639000.0,2639000.0,2639000.0,0.0,0.0,0.085,21365000.0,3615000.0,9997000.0,0.0,96.637,1335.862,558.565,44062000.0,0.0,10.054,112.804,48.621,12425000.0,17905000.0,30930000.0,30930000.0,1578000.0,,,,,344000.0,19459000.0,1.0,966337752.0,416512000.0,1105304000.0,0.074,145808000.0,0.0,866000.0,3062000.0,0.35,72934000.0
91,EBAY,MRQ,1998-09-30,1998-09-30,1998-09-30,2021-08-25,0.0,89500000.0,,82131000.0,7369000.0,,0.212,-7350000.0,74474000.0,74474000.0,4367000.0,461000.0,11.307,0.092,410000.0,316000.0,94000.0,410000.0,0.0,1524000.0,506000.0,0.0,0.0,2050000.0,3574000.0,0.164,3574000.0,2050000.0,1699000.0,0.001,0.0,0.001,81985000.0,,81985000.0,1780407629.0,104.0,83.072,-10742000.0,-0.028,1.0,17364000.0,0.799,1701000.0,351000.0,6471000.0,,0.0,0.0,0.0,0.0,7515000.0,7264000.0,251000.0,1790642629.0,64437000.0,0.0,72685000.0,5802000.0,-883000.0,75604000.0,-7685000.0,0.0,-3392000.0,0.0,461000.0,461000.0,461000.0,0.0,0.0,0.021,15504000.0,1860000.0,3376000.0,0.0,21.841,184.336,44.702,5668000.0,0.0,1.877,20.957,8.505,3994000.0,1808000.0,21731000.0,21731000.0,1514000.0,,,,,818000.0,13663000.0,1.0,953737752.0,387080000.0,908952000.0,0.056,87799000.0,0.0,1238000.0,157000.0,0.227,74867000.0
92,EBAY,MRQ,1998-06-30,1998-06-30,1998-06-30,2021-08-25,0.0,19815000.0,,14015000.0,5800000.0,,0.029,-1797000.0,10716000.0,10716000.0,3286000.0,2729000.0,2.689,1.172,481000.0,314000.0,167000.0,481000.0,0.0,1094000.0,390000.0,,0.0,4214000.0,5308000.0,0.272,5308000.0,4214000.0,3766000.0,0.009,0.003,0.009,9122000.0,,9122000.0,,,,3363000.0,0.011,1.0,16194000.0,0.831,2216000.0,448000.0,2152000.0,,0.0,0.0,0.0,0.0,10693000.0,5212000.0,5481000.0,,3170000.0,0.0,4290000.0,-3743000.0,-2188000.0,359000.0,-2349000.0,0.0,5160000.0,0.0,2729000.0,2729000.0,2729000.0,0.0,0.0,0.14,11996000.0,4198000.0,1841000.0,0.0,,,,3584000.0,0.0,,,,2846000.0,1145000.0,19480000.0,19480000.0,1030000.0,,,,,1078000.0,10816000.0,1.0,953737752.0,315576000.0,879432000.0,0.062,17599000.0,0.0,1037000.0,1190000.0,0.056,8803000.0
93,EBAY,MRQ,1998-03-31,1998-03-31,1998-03-31,2021-08-25,,,,,,,,-884000.0,,,630000.0,148000.0,,,,,,,,107000.0,,,0.0,1721000.0,1828000.0,0.306,1828000.0,1721000.0,1721000.0,0.0,0.0,0.0,,,,,,,1343000.0,0.006,1.0,5351000.0,0.895,,0.0,,,,,,,,,,,1409000.0,0.0,114000.0,-48000.0,0.0,66000.0,-884000.0,0.0,2227000.0,0.0,148000.0,148000.0,148000.0,0.0,0.0,0.025,3652000.0,1699000.0,,,,,,,0.0,,,,,,5981000.0,5981000.0,518000.0,,,,,421000.0,3134000.0,1.0,,215488000.0,780912000.0,0.028,,,1573000.0,,,
94,EBAY,MRQ,1997-12-31,1997-12-31,1997-12-31,2021-08-25,0.0,5619000.0,,4967000.0,652000.0,,0.005,-2680000.0,3723000.0,3723000.0,7991000.0,6376000.0,4.419,4.536,563000.0,258000.0,305000.0,563000.0,0.0,1516000.0,128000.0,,0.0,9206000.0,10722000.0,0.28,10722000.0,9206000.0,6838000.0,0.032,0.009,0.032,1015000.0,,1015000.0,,,,8270000.0,0.042,1.0,30262000.0,0.791,0.0,2368000.0,1335000.0,,0.0,0.0,0.0,0.0,4604000.0,1124000.0,3480000.0,,5867000.0,0.0,638000.0,1511000.0,-4556000.0,-2407000.0,-2676000.0,145000.0,10950000.0,0.0,6376000.0,6376000.0,6376000.0,0.0,0.0,0.167,21443000.0,8819000.0,252000.0,0.0,,,,652000.0,0.0,,,,1024000.0,976000.0,38253000.0,38253000.0,365000.0,,,,,25000.0,21078000.0,1.0,,195424000.0,697952000.0,0.196,5619000.0,0.0,462000.0,326000.0,0.029,3843000.0
95,EBAY,MRQ,1997-09-30,1997-09-30,1997-09-30,2021-08-25,,,,,,,,-238000.0,,,253000.0,199000.0,,,,,,,,0.0,,,0.0,347000.0,347000.0,0.238,347000.0,347000.0,346000.0,0.001,0.0,0.001,,,,,,,-284000.0,-0.001,1.0,1206000.0,0.827,,1000.0,,,,,,,,,,,-287000.0,0.0,0.0,-3000.0,0.0,-3000.0,-238000.0,0.0,-46000.0,0.0,199000.0,199000.0,199000.0,0.0,0.0,0.136,886000.0,320000.0,,0.0,,,,,0.0,,,,,,1459000.0,1459000.0,257000.0,,,,,0.0,629000.0,1.0,,193800000.0,714816000.0,0.008,,,147000.0,,,
96,EBAY,MRQ,1997-06-30,1997-06-30,1997-06-30,2021-08-25,0.0,5619000.0,,4967000.0,652000.0,,,,3723000.0,3723000.0,,,4.419,4.536,563000.0,258000.0,305000.0,563000.0,0.0,,128000.0,,0.0,,,,,,,,,,1015000.0,,1015000.0,,,,,,1.0,,,0.0,,1335000.0,,0.0,0.0,0.0,0.0,4604000.0,1124000.0,3480000.0,,,,,,,,,,,,,,,,,,,,252000.0,,,,,652000.0,,,,,1024000.0,976000.0,,,,,,,,,,1.0,,,,,5619000.0,0.0,,326000.0,,3843000.0
97,EBAY,MRQ,1996-12-31,1996-12-31,1996-12-31,2021-08-25,0.0,308000.0,,285000.0,23000.0,,0.003,,103000.0,103000.0,,,3.132,0.901,1000.0,1000.0,0.0,1000.0,0.0,,0.0,,0.0,,,,,,,,,,162000.0,,162000.0,,,,,,1.0,,,0.0,,115000.0,,0.0,0.0,0.0,0.0,146000.0,91000.0,55000.0,,,,,,,,,,,,,,,,,,,,23000.0,,,,,23000.0,,,,,166000.0,148000.0,,,,,,,,,,1.0,,51000000.0,,,308000.0,0.0,,105000.0,0.006,194000.0
0,EBAY,MRT,2021-06-30,2021-06-30,2021-06-30,2021-08-25,560000000.0,31823000000.0,22071250000.0,20061000000.0,11762000000.0,0.506,19.312,-480000000.0,2128000000.0,2128000000.0,2893000000.0,12884000000.0,3.962,1.445,9347000000.0,761000000.0,8586000000.0,9347000000.0,90000000.0,551000000.0,0.0,0.01,0.68,13628000000.0,14179000000.0,1.27,14179000000.0,13628000000.0,13628000000.0,19.07,18.78,19.07,13016000000.0,5816750000.0,13016000000.0,53535379464.0,4.0,3.776,2492000000.0,3.697,1.0,8272000000.0,0.741,4215000000.0,0.0,29764000000.0,19910250000.0,0.0,17538000000.0,15092000000.0,2446000000.0,18807000000.0,5063000000.0,13744000000.0,47831379464.0,1281000000.0,42000000.0,-2743000000.0,394000000.0,-464000000.0,-3069000000.0,1280000000.0,-662000000.0,2972000000.0,98000000.0,12884000000.0,12884000000.0,12884000000.0,-10619000000.0,0.0,1.154,5342000000.0,2930000000.0,863000000.0,0.036,3.675,3.712,3.682,1626000000.0,0.0,70.21,4.284,4.238,622000000.0,34086000000.0,11165000000.0,11165000000.0,1254000000.0,0.584,2.215,0.684,1.221,453000000.0,3729000000.0,1.0,681261636.0,674000000.0,685000000.0,16.565,27608000000.0,3343000000.0,744000000.0,4521000000.0,40.961,14998000000.0
1,EBAY,MRT,2021-03-31,2021-03-31,2021-03-31,2021-08-25,553000000.0,18731000000.0,19119000000.0,6691000000.0,12040000000.0,0.567,5.536,-468000000.0,1667000000.0,1667000000.0,2638000000.0,2896000000.0,1.304,3.968,7371000000.0,1172000000.0,6199000000.0,7371000000.0,114000000.0,584000000.0,0.0,0.011,0.66,3789000000.0,4373000000.0,0.404,4373000000.0,3789000000.0,3789000000.0,4.21,4.15,4.21,3770000000.0,3288250000.0,3770000000.0,48385498771.0,13.0,11.065,2401000000.0,3.526,1.0,8196000000.0,0.757,4596000000.0,0.0,14709000000.0,17078750000.0,0.0,3774000000.0,1700000000.0,2074000000.0,14961000000.0,5130000000.0,9831000000.0,41670498771.0,822000000.0,42000000.0,-1359000000.0,-1756000000.0,-455000000.0,-3700000000.0,1553000000.0,2100000000.0,2869000000.0,100000000.0,2896000000.0,2896000000.0,2896000000.0,-236000000.0,0.0,0.267,5234000000.0,2962000000.0,1397000000.0,0.157,11.053,14.389,14.546,1798000000.0,0.0,61.24,3.846,3.849,1364000000.0,23476000000.0,10834000000.0,10834000000.0,1160000000.0,0.151,0.881,0.222,0.35,420000000.0,3724000000.0,1.0,680445767.0,681000000.0,693000000.0,15.909,14135000000.0,3448000000.0,893000000.0,2516000000.0,20.756,1561000000.0
2,EBAY,MRT,2020-12-31,2020-12-31,2020-12-31,2021-08-25,616000000.0,19310000000.0,19168500000.0,7190000000.0,12120000000.0,0.536,5.015,-494000000.0,1101000000.0,1101000000.0,2473000000.0,5667000000.0,1.797,4.423,8062000000.0,6000000.0,8056000000.0,8062000000.0,98000000.0,609000000.0,0.0,0.013,0.64,6545000000.0,7154000000.0,0.697,7154000000.0,6545000000.0,6545000000.0,7.98,7.89,7.98,3561000000.0,2874500000.0,3561000000.0,41810261132.0,6.0,5.844,1925000000.0,2.711,1.0,7798000000.0,0.759,4297000000.0,0.0,17972000000.0,17819250000.0,0.0,4276000000.0,2392000000.0,1884000000.0,15749000000.0,4002000000.0,11747000000.0,34639261132.0,598000000.0,0.0,-5047000000.0,-6000000.0,-447000000.0,-5692000000.0,3794000000.0,242000000.0,2419000000.0,77000000.0,5667000000.0,5667000000.0,5667000000.0,-3125000000.0,0.0,0.552,5087000000.0,2711000000.0,657000000.0,0.08,9.727,6.112,6.297,1722000000.0,0.0,50.25,3.373,3.474,652000000.0,22961000000.0,10271000000.0,10271000000.0,1087000000.0,0.296,1.971,0.367,0.637,431000000.0,3642000000.0,1.0,689338530.0,710000000.0,718000000.0,14.466,15013000000.0,3537000000.0,878000000.0,2535000000.0,21.145,3188000000.0
3,EBAY,MRT,2020-09-30,2020-09-30,2020-09-30,2021-08-25,411000000.0,18421000000.0,18884500000.0,6739000000.0,11682000000.0,0.493,4.195,-443000000.0,963000000.0,963000000.0,2131000000.0,5378000000.0,1.755,5.309,8134000000.0,17000000.0,8117000000.0,8134000000.0,105000000.0,602000000.0,0.0,0.012,0.62,5947000000.0,6549000000.0,0.704,6549000000.0,5947000000.0,5947000000.0,7.21,7.17,7.21,2920000000.0,2701750000.0,2920000000.0,44545806144.0,7.0,6.802,2029000000.0,2.915,1.0,7177000000.0,0.771,4556000000.0,0.0,17196000000.0,17539750000.0,0.0,3360000000.0,2697000000.0,663000000.0,15501000000.0,3840000000.0,11661000000.0,36463806144.0,210000000.0,42000000.0,-5610000000.0,-6000000.0,-450000000.0,-6251000000.0,3938000000.0,332000000.0,2472000000.0,51000000.0,5378000000.0,5378000000.0,5378000000.0,-3168000000.0,0.0,0.578,4691000000.0,2486000000.0,307000000.0,0.086,12.488,6.78,7.226,1800000000.0,0.0,52.1,3.917,3.896,477000000.0,22230000000.0,9308000000.0,9308000000.0,1016000000.0,0.285,1.991,0.339,0.639,396000000.0,3335000000.0,1.0,699881116.0,696000000.0,708000000.0,13.374,13865000000.0,3749000000.0,569000000.0,2659000000.0,19.921,2899000000.0
4,EBAY,MRT,2020-06-30,2020-06-30,2020-06-30,2021-08-25,321000000.0,20014000000.0,18957750000.0,7394000000.0,12620000000.0,0.463,4.128,-394000000.0,1006000000.0,1006000000.0,2005000000.0,5024000000.0,1.576,5.897,9088000000.0,516000000.0,8572000000.0,9088000000.0,103000000.0,594000000.0,0.0,0.011,0.6,5496000000.0,6090000000.0,0.693,6090000000.0,5496000000.0,5496000000.0,6.63,6.6,6.63,2902000000.0,2789250000.0,2902000000.0,45074753382.0,8.0,7.401,2982000000.0,4.242,1.0,6780000000.0,0.772,4966000000.0,0.0,18438000000.0,17542250000.0,0.0,5129000000.0,4297000000.0,832000000.0,17112000000.0,4692000000.0,12420000000.0,36759753382.0,-496000000.0,-67000000.0,-5953000000.0,-624000000.0,-454000000.0,-7203000000.0,3370000000.0,-85000000.0,3376000000.0,-39000000.0,5024000000.0,5024000000.0,5024000000.0,-3225000000.0,0.0,0.572,4565000000.0,2215000000.0,305000000.0,0.09,12.667,7.317,7.911,1900000000.0,0.0,52.45,4.184,4.197,845000000.0,21681000000.0,8785000000.0,8785000000.0,972000000.0,0.265,1.801,0.313,0.626,381000000.0,3244000000.0,1.0,700853258.0,703000000.0,711000000.0,12.496,15048000000.0,4203000000.0,472000000.0,3912000000.0,21.405,2702000000.0
5,EBAY,MRT,2020-03-31,2020-03-31,2020-03-31,2021-08-25,285000000.0,18929000000.0,19246500000.0,6248000000.0,12681000000.0,0.461,2.809,-440000000.0,880000000.0,880000000.0,2141000000.0,4680000000.0,1.337,7.95,9195000000.0,1015000000.0,8180000000.0,9195000000.0,108000000.0,608000000.0,0.0,0.019,0.58,5003000000.0,5611000000.0,0.633,5611000000.0,5003000000.0,5003000000.0,6.04,6.01,6.04,2115000000.0,3090250000.0,2115000000.0,31207189630.0,6.0,5.562,2716000000.0,3.607,1.0,6730000000.0,0.759,4900000000.0,0.0,17671000000.0,17682250000.0,0.0,4627000000.0,3550000000.0,1077000000.0,16814000000.0,4673000000.0,12141000000.0,23930189630.0,-813000000.0,-67000000.0,-7433000000.0,-556000000.0,-462000000.0,-8647000000.0,4735000000.0,1240000000.0,3156000000.0,-57000000.0,4680000000.0,4680000000.0,4680000000.0,-3170000000.0,0.0,0.528,4721000000.0,2009000000.0,268000000.0,0.096,11.315,5.113,4.977,2007000000.0,0.0,30.06,2.698,2.552,635000000.0,21051000000.0,8871000000.0,8871000000.0,1011000000.0,0.243,1.514,0.283,0.564,411000000.0,3384000000.0,1.0,796080826.0,753000000.0,757000000.0,11.781,14029000000.0,4287000000.0,323000000.0,3726000000.0,18.631,1575000000.0
6,EBAY,MRT,2019-12-31,2019-12-31,2019-12-31,2021-08-25,384000000.0,18174000000.0,20096500000.0,4706000000.0,13468000000.0,0.43,3.38,-523000000.0,901000000.0,901000000.0,2136000000.0,1786000000.0,1.157,5.332,8219000000.0,1020000000.0,7199000000.0,8219000000.0,129000000.0,629000000.0,0.0,0.016,0.56,2019000000.0,2648000000.0,0.307,2648000000.0,2019000000.0,2019000000.0,2.1,2.09,2.1,2870000000.0,3862250000.0,2870000000.0,36729389700.0,18.0,13.871,2591000000.0,3.052,1.0,6500000000.0,0.753,4572000000.0,0.0,16854000000.0,18418250000.0,0.0,3406000000.0,1850000000.0,1556000000.0,15304000000.0,4066000000.0,11238000000.0,29376389700.0,-1223000000.0,-160000000.0,-4867000000.0,-1550000000.0,-473000000.0,-7091000000.0,2787000000.0,3582000000.0,3114000000.0,-33000000.0,1786000000.0,1786000000.0,1786000000.0,-270000000.0,0.0,0.207,4639000000.0,1861000000.0,229000000.0,0.267,10.236,16.448,17.195,2043000000.0,0.0,36.11,3.402,3.55,555000000.0,17754000000.0,8636000000.0,8636000000.0,976000000.0,0.089,0.462,0.11,0.234,431000000.0,3373000000.0,1.0,813525054.0,849000000.0,856000000.0,10.172,13602000000.0,3980000000.0,233000000.0,2524000000.0,16.021,640000000.0
7,EBAY,MRT,2019-09-30,2019-09-30,2019-09-30,2021-08-25,361000000.0,18714000000.0,21257750000.0,5209000000.0,13505000000.0,0.362,3.94,-496000000.0,897000000.0,897000000.0,1881000000.0,1990000000.0,1.414,4.723,8250000000.0,518000000.0,7732000000.0,8250000000.0,169000000.0,585000000.0,0.0,0.011,0.42,1978000000.0,2563000000.0,0.333,2563000000.0,1978000000.0,1978000000.0,2.22,2.19,2.22,3270000000.0,4715000000.0,3270000000.0,41012005089.0,21.0,16.002,3040000000.0,3.663,1.0,5819000000.0,0.756,5176000000.0,0.0,17206000000.0,19240250000.0,0.0,3635000000.0,2189000000.0,1446000000.0,15444000000.0,3685000000.0,11759000000.0,32695005089.0,-1192000000.0,-160000000.0,-5384000000.0,-1550000000.0,-360000000.0,-7494000000.0,2850000000.0,3625000000.0,3536000000.0,-84000000.0,1990000000.0,1990000000.0,1990000000.0,-501000000.0,0.0,0.258,4049000000.0,1770000000.0,296000000.0,0.189,9.998,16.43,17.559,2150000000.0,0.0,38.98,4.246,4.202,714000000.0,17315000000.0,7700000000.0,7700000000.0,868000000.0,0.094,0.422,0.103,0.257,390000000.0,2925000000.0,1.0,838763599.0,830000000.0,837000000.0,9.277,13538000000.0,4374000000.0,-12000000.0,2815000000.0,16.311,1524000000.0
8,EBAY,MRT,2019-06-30,2019-06-30,2019-06-30,2021-08-25,464000000.0,21169000000.0,22492250000.0,6844000000.0,14325000000.0,0.368,4.774,-594000000.0,1508000000.0,1508000000.0,1959000000.0,2401000000.0,1.314,4.156,9825000000.0,2063000000.0,7762000000.0,9825000000.0,178000000.0,616000000.0,0.0,0.007,0.28,2561000000.0,3177000000.0,0.384,3177000000.0,2561000000.0,2561000000.0,2.59,2.55,2.59,4106000000.0,5629750000.0,4106000000.0,42527332340.0,17.0,13.386,2491000000.0,2.897,1.0,6307000000.0,0.763,5279000000.0,0.0,18998000000.0,20311500000.0,0.0,4905000000.0,2969000000.0,1936000000.0,17063000000.0,5209000000.0,11854000000.0,34425332340.0,-115000000.0,936000000.0,-5354000000.0,0.0,-245000000.0,-5789000000.0,2633000000.0,2256000000.0,3085000000.0,-44000000.0,2401000000.0,2401000000.0,2401000000.0,-402000000.0,0.0,0.29,4389000000.0,1918000000.0,303000000.0,0.108,8.384,14.338,15.251,2243000000.0,0.0,39.5,4.165,4.11,797000000.0,17125000000.0,8266000000.0,8266000000.0,932000000.0,0.107,0.426,0.126,0.31,435000000.0,3198000000.0,1.0,871527401.0,860000000.0,867000000.0,9.612,15890000000.0,4468000000.0,160000000.0,2834000000.0,18.477,1635000000.0
9,EBAY,MRT,2019-03-31,2019-03-31,2019-03-31,2021-08-25,464000000.0,22329000000.0,23197000000.0,6665000000.0,15664000000.0,0.366,5.781,-645000000.0,1695000000.0,1695000000.0,2003000000.0,2641000000.0,1.481,3.292,9797000000.0,1550000000.0,8247000000.0,9797000000.0,174000000.0,618000000.0,0.0,0.004,0.14,2763000000.0,3381000000.0,0.399,3381000000.0,2763000000.0,2763000000.0,2.76,2.73,2.76,5203000000.0,6389750000.0,5203000000.0,41007659950.0,15.0,12.129,2068000000.0,2.298,1.0,6480000000.0,0.764,5316000000.0,0.0,20615000000.0,21472750000.0,0.0,5715000000.0,2746000000.0,2969000000.0,17126000000.0,4500000000.0,12626000000.0,33978659950.0,-834000000.0,634000000.0,-4819000000.0,0.0,-125000000.0,-5178000000.0,1754000000.0,1762000000.0,2713000000.0,-123000000.0,2641000000.0,2641000000.0,2641000000.0,-404000000.0,0.0,0.311,4714000000.0,1766000000.0,251000000.0,0.051,6.531,12.866,13.457,2278000000.0,0.0,37.14,4.006,3.94,716000000.0,16847000000.0,8483000000.0,8483000000.0,989000000.0,0.114,0.413,0.129,0.326,457000000.0,3460000000.0,1.0,914880451.0,900000000.0,908000000.0,9.426,17013000000.0,4710000000.0,122000000.0,3000000000.0,18.903,2165000000.0
10,EBAY,MRT,2018-12-31,2018-12-31,2018-12-31,2021-08-25,498000000.0,22819000000.0,23753500000.0,7126000000.0,15693000000.0,0.364,6.409,-623000000.0,2202000000.0,2202000000.0,2023000000.0,2530000000.0,1.6,2.633,9231000000.0,1546000000.0,7685000000.0,9231000000.0,170000000.0,635000000.0,0.0,0.0,0.0,2651000000.0,3286000000.0,0.38,3286000000.0,2651000000.0,2651000000.0,2.58,2.55,2.58,6281000000.0,6988000000.0,6281000000.0,34147559476.0,13.0,10.392,2035000000.0,2.077,1.0,6627000000.0,0.766,5252000000.0,0.0,20142000000.0,22274000000.0,0.0,6491000000.0,2713000000.0,3778000000.0,16538000000.0,4454000000.0,12084000000.0,27026559476.0,79000000.0,727000000.0,-4393000000.0,-750000000.0,0.0,-5398000000.0,2894000000.0,2786000000.0,2658000000.0,-75000000.0,2530000000.0,2530000000.0,2530000000.0,-402000000.0,0.0,0.292,4875000000.0,1752000000.0,286000000.0,0.0,4.303,10.682,10.88,1597000000.0,0.0,28.07,3.124,3.18,712000000.0,16459000000.0,8650000000.0,8650000000.0,1051000000.0,0.107,0.362,0.119,0.306,465000000.0,3555000000.0,1.0,962827199.0,980000000.0,991000000.0,8.827,17567000000.0,4792000000.0,121000000.0,3042000000.0,17.926,2672000000.0
11,EBAY,MRT,2018-09-30,2018-09-30,2018-09-30,2021-08-25,550000000.0,23652000000.0,24545250000.0,6963000000.0,16689000000.0,0.431,7.114,-713000000.0,2086000000.0,2086000000.0,2354000000.0,-831000000.0,1.738,2.413,9207000000.0,1546000000.0,7661000000.0,9207000000.0,163000000.0,696000000.0,0.0,0.0,0.0,2764000000.0,3460000000.0,0.327,3460000000.0,2764000000.0,2764000000.0,-0.65,-0.63,-0.65,6929000000.0,7430000000.0,6929000000.0,40259928155.0,15.0,11.636,1700000000.0,1.745,1.0,8222000000.0,0.777,5276000000.0,0.0,21491000000.0,23608500000.0,0.0,7028000000.0,2752000000.0,4276000000.0,16723000000.0,4006000000.0,12717000000.0,32674928155.0,319000000.0,715000000.0,-3797000000.0,-752000000.0,0.0,-4783000000.0,2685000000.0,2673000000.0,2413000000.0,4000000.0,-831000000.0,-831000000.0,-831000000.0,-1000000.0,0.0,-0.079,6018000000.0,2204000000.0,225000000.0,0.0,4.716,-39.32,-50.8,1580000000.0,0.0,33.02,3.09,3.041,761000000.0,15699000000.0,10576000000.0,10576000000.0,1310000000.0,-0.034,-0.112,0.117,0.261,523000000.0,4380000000.0,1.0,989549611.0,974000000.0,983000000.0,10.858,18376000000.0,4992000000.0,3595000000.0,3399000000.0,18.867,2957000000.0
12,EBAY,MRT,2018-06-30,2018-06-30,2018-06-30,2021-08-25,581000000.0,23988000000.0,25118000000.0,6184000000.0,17804000000.0,0.415,7.204,-691000000.0,1619000000.0,1619000000.0,2303000000.0,-1032000000.0,2.371,2.357,9204000000.0,3000000.0,9201000000.0,9204000000.0,151000000.0,694000000.0,0.0,0.0,0.0,2509000000.0,3203000000.0,0.307,3203000000.0,2509000000.0,2509000000.0,-0.9,-0.88,-0.9,7146000000.0,8518500000.0,7146000000.0,42742643513.0,17.0,13.345,2041000000.0,2.057,1.0,8122000000.0,0.779,5322000000.0,0.0,23643000000.0,24796750000.0,0.0,7806000000.0,2388000000.0,5418000000.0,16842000000.0,2608000000.0,14234000000.0,36041643513.0,-1021000000.0,-830000000.0,-3704000000.0,-2202000000.0,0.0,-6165000000.0,2376000000.0,3899000000.0,2732000000.0,36000000.0,-1032000000.0,-1032000000.0,-1032000000.0,0.0,0.0,-0.099,5900000000.0,2222000000.0,253000000.0,0.0,5.044,-34.924,-40.289,1576000000.0,0.0,36.26,3.457,3.45,745000000.0,14977000000.0,10425000000.0,10425000000.0,1319000000.0,-0.041,-0.121,0.101,0.241,516000000.0,4253000000.0,1.0,993978034.0,992000000.0,1004000000.0,10.509,18666000000.0,5052000000.0,3541000000.0,3374000000.0,18.817,3576000000.0
13,EBAY,MRT,2018-03-31,2018-03-31,2018-03-31,2021-08-25,800000000.0,24555000000.0,25991750000.0,6763000000.0,17792000000.0,0.393,7.521,-689000000.0,2527000000.0,2527000000.0,2266000000.0,-1645000000.0,2.634,2.233,9228000000.0,20000000.0,9208000000.0,9228000000.0,142000000.0,692000000.0,0.0,0.0,0.0,2260000000.0,2952000000.0,0.289,2952000000.0,2260000000.0,2260000000.0,-1.51,-1.49,-1.51,7596000000.0,9600500000.0,7596000000.0,48621086042.0,22.0,16.471,2370000000.0,2.347,1.0,7938000000.0,0.778,4868000000.0,0.0,23820000000.0,25626000000.0,0.0,8198000000.0,2279000000.0,5919000000.0,16959000000.0,2568000000.0,14391000000.0,40726086042.0,547000000.0,-548000000.0,-3227000000.0,282000000.0,0.0,-3191000000.0,517000000.0,1757000000.0,3059000000.0,162000000.0,-1645000000.0,-1645000000.0,-1645000000.0,4000000.0,0.0,-0.161,5642000000.0,2296000000.0,252000000.0,0.0,5.362,-24.757,-26.649,1548000000.0,0.0,40.24,3.991,3.983,683000000.0,14335000000.0,10204000000.0,10204000000.0,1280000000.0,-0.063,-0.171,0.088,0.221,502000000.0,4041000000.0,1.0,1012079673.0,1010000000.0,1029000000.0,10.103,19687000000.0,5166000000.0,3905000000.0,3550000000.0,19.492,4195000000.0
14,EBAY,MRT,2017-12-31,2017-12-31,2017-12-31,2021-08-25,717000000.0,25986000000.0,26055000000.0,7744000000.0,18242000000.0,0.381,7.565,-666000000.0,2120000000.0,2120000000.0,2221000000.0,-1017000000.0,2.176,2.228,10015000000.0,781000000.0,9234000000.0,10015000000.0,137000000.0,676000000.0,0.0,0.0,0.0,2271000000.0,2947000000.0,0.297,2947000000.0,2271000000.0,2271000000.0,-0.95,-0.95,-0.95,8049000000.0,10600250000.0,8049000000.0,47660114861.0,21.0,16.172,2480000000.0,2.331,1.0,7706000000.0,0.776,4842000000.0,0.0,25480000000.0,25328000000.0,0.0,10074000000.0,3743000000.0,6331000000.0,17937000000.0,3559000000.0,14378000000.0,39422114861.0,305000000.0,-548000000.0,-2626000000.0,1032000000.0,0.0,-1784000000.0,-1295000000.0,-79000000.0,3146000000.0,238000000.0,-1017000000.0,-1017000000.0,-1017000000.0,4000000.0,0.0,-0.102,5442000000.0,2264000000.0,330000000.0,0.0,4.898,-38.763,-39.726,1597000000.0,0.0,37.74,3.971,4.045,696000000.0,13929000000.0,9927000000.0,9927000000.0,1224000000.0,-0.039,-0.096,0.09,0.229,483000000.0,3908000000.0,1.0,1044571141.0,1064000000.0,1064000000.0,9.33,21144000000.0,5199000000.0,3288000000.0,3601000000.0,19.872,4185000000.0
15,EBAY,MRT,2017-09-30,2017-09-30,2017-09-30,2021-08-25,538000000.0,25943000000.0,25520250000.0,7858000000.0,18085000000.0,0.389,10.624,-610000000.0,1760000000.0,1760000000.0,2167000000.0,7520000000.0,2.463,1.299,9998000000.0,749000000.0,9249000000.0,9998000000.0,117000000.0,680000000.0,0.0,0.0,0.0,3706000000.0,4386000000.0,0.442,4386000000.0,3706000000.0,3706000000.0,6.73,6.65,6.73,11283000000.0,11222750000.0,11283000000.0,49994334861.0,13.0,11.399,2168000000.0,2.041,1.0,7767000000.0,0.782,4747000000.0,0.0,26244000000.0,24593250000.0,0.0,10572000000.0,4270000000.0,6302000000.0,14660000000.0,3190000000.0,11470000000.0,41164334861.0,1000000.0,-748000000.0,-2656000000.0,1031000000.0,0.0,-1814000000.0,-956000000.0,206000000.0,2778000000.0,-7000000.0,7520000000.0,7520000000.0,7520000000.0,12000000.0,0.0,0.757,5528000000.0,2239000000.0,260000000.0,0.0,3.648,5.474,5.715,1546000000.0,0.0,38.46,4.144,4.112,626000000.0,16544000000.0,9934000000.0,9934000000.0,1199000000.0,0.295,0.67,0.151,0.373,466000000.0,4039000000.0,1.0,1070315519.0,1062000000.0,1078000000.0,9.354,21196000000.0,5214000000.0,-3814000000.0,2257000000.0,19.959,4668000000.0
16,EBAY,MRT,2017-06-30,2017-06-30,2017-06-30,2021-08-25,437000000.0,27483000000.0,24160000000.0,10906000000.0,16577000000.0,0.4,10.664,-638000000.0,2636000000.0,2636000000.0,2108000000.0,7413000000.0,2.373,1.395,11466000000.0,2215000000.0,9251000000.0,11466000000.0,125000000.0,679000000.0,0.0,0.0,0.0,3540000000.0,4219000000.0,0.437,4219000000.0,3540000000.0,3540000000.0,6.61,6.53,6.61,11474000000.0,10106750000.0,11474000000.0,44782243868.0,13.0,10.614,2065000000.0,1.919,1.0,7545000000.0,0.782,4757000000.0,0.0,26960000000.0,22825500000.0,0.0,11135000000.0,6381000000.0,4754000000.0,16009000000.0,4596000000.0,11413000000.0,37795243868.0,628000000.0,-232000000.0,-2247000000.0,2464000000.0,0.0,85000000.0,-2168000000.0,-1328000000.0,2703000000.0,8000000.0,7413000000.0,7413000000.0,7413000000.0,17000000.0,0.0,0.768,5338000000.0,2207000000.0,284000000.0,0.0,3.294,5.099,5.283,1538000000.0,0.0,34.92,3.915,3.892,619000000.0,16021000000.0,9653000000.0,9653000000.0,1171000000.0,0.307,0.733,0.155,0.367,453000000.0,3890000000.0,1.0,1082338026.0,1076000000.0,1091000000.0,8.971,22726000000.0,5242000000.0,-3873000000.0,2200000000.0,21.121,6310000000.0
17,EBAY,MRT,2017-03-31,2017-03-31,2017-03-31,2021-08-25,165000000.0,24808000000.0,22287500000.0,8493000000.0,16315000000.0,0.425,10.706,-603000000.0,1979000000.0,1979000000.0,2041000000.0,7819000000.0,1.916,1.14,8966000000.0,2210000000.0,6756000000.0,8966000000.0,112000000.0,678000000.0,0.0,0.0,0.0,3599000000.0,4277000000.0,0.452,4277000000.0,3599000000.0,3599000000.0,6.96,6.88,6.96,11595000000.0,8851500000.0,11595000000.0,43636020116.0,12.0,10.202,2164000000.0,1.998,1.0,7423000000.0,0.784,4734000000.0,0.0,22628000000.0,21155250000.0,0.0,9315000000.0,4775000000.0,4540000000.0,13213000000.0,4433000000.0,8780000000.0,36492020116.0,-715000000.0,-212000000.0,-2246000000.0,-20000000.0,0.0,-2384000000.0,-1056000000.0,-224000000.0,2767000000.0,-42000000.0,7819000000.0,7819000000.0,7819000000.0,19000000.0,0.0,0.826,5165000000.0,2258000000.0,296000000.0,0.0,3.147,4.667,4.823,1496000000.0,0.0,33.57,3.856,3.842,592000000.0,15994000000.0,9464000000.0,9464000000.0,1153000000.0,0.351,0.883,0.17,0.38,429000000.0,3736000000.0,1.0,1087042601.0,1083000000.0,1102000000.0,8.739,20074000000.0,5263000000.0,-4220000000.0,2080000000.0,18.536,4060000000.0
18,EBAY,MRT,2016-12-31,2016-12-31,2016-12-31,2021-08-25,-124000000.0,23847000000.0,20987500000.0,8875000000.0,14972000000.0,0.443,9.302,-626000000.0,1816000000.0,1816000000.0,2004000000.0,7266000000.0,2.307,1.263,8960000000.0,1451000000.0,7509000000.0,8960000000.0,110000000.0,682000000.0,0.0,0.0,0.0,3632000000.0,4314000000.0,0.464,4314000000.0,3632000000.0,3632000000.0,6.41,6.35,6.41,10539000000.0,7532000000.0,10539000000.0,40469236004.0,11.0,9.381,2200000000.0,1.942,1.0,7294000000.0,0.784,4603000000.0,0.0,22541000000.0,20310750000.0,0.0,9302000000.0,5333000000.0,3969000000.0,13308000000.0,3847000000.0,9461000000.0,33191236004.0,-25000000.0,-212000000.0,-2841000000.0,2196000000.0,0.0,-744000000.0,-2017000000.0,-1149000000.0,2826000000.0,-90000000.0,7266000000.0,7266000000.0,7266000000.0,19000000.0,0.0,0.781,4969000000.0,2325000000.0,283000000.0,0.0,3.149,4.568,4.632,1516000000.0,0.0,29.69,3.57,3.618,592000000.0,14959000000.0,9298000000.0,9298000000.0,1114000000.0,0.346,0.965,0.179,0.391,416000000.0,3590000000.0,1.0,1117926440.0,1133000000.0,1144000000.0,8.207,19244000000.0,4608000000.0,-3634000000.0,1563000000.0,16.985,5028000000.0
19,EBAY,MRT,2016-09-30,2016-09-30,2016-09-30,2021-08-25,1204000000.0,20502000000.0,19464500000.0,9783000000.0,10719000000.0,0.458,6.056,-619000000.0,1753000000.0,1753000000.0,1961000000.0,1807000000.0,2.6,2.007,9031000000.0,1449000000.0,7582000000.0,9031000000.0,116000000.0,677000000.0,0.0,0.0,0.0,2244000000.0,2921000000.0,0.328,2921000000.0,2244000000.0,2244000000.0,1.57,1.55,1.57,6819000000.0,6541250000.0,6819000000.0,44197720099.0,20.0,15.131,2627000000.0,2.333,1.0,6945000000.0,0.78,4844000000.0,0.0,19173000000.0,18642500000.0,0.0,10213000000.0,6292000000.0,3921000000.0,13683000000.0,3763000000.0,9920000000.0,37144720099.0,-662000000.0,0.0,-2524000000.0,1599000000.0,0.0,-1040000000.0,-2891000000.0,-2943000000.0,3246000000.0,23000000.0,1807000000.0,1807000000.0,1807000000.0,53000000.0,0.0,0.203,4596000000.0,2349000000.0,278000000.0,0.0,5.447,20.556,20.955,1526000000.0,0.0,32.9,4.171,4.16,626000000.0,9036000000.0,8906000000.0,8906000000.0,1051000000.0,0.093,0.276,0.12,0.252,310000000.0,3266000000.0,1.0,1129018848.0,1126000000.0,1139000000.0,7.909,15658000000.0,0.0,437000000.0,2375000000.0,13.906,6020000000.0
20,EBAY,MRT,2016-06-30,2016-06-30,2016-06-30,2021-08-25,829000000.0,19993000000.0,18923500000.0,9914000000.0,10079000000.0,0.464,5.641,-676000000.0,2001000000.0,2001000000.0,1896000000.0,1933000000.0,4.494,2.098,9054000000.0,0.0,9054000000.0,9054000000.0,116000000.0,687000000.0,0.0,0.0,0.0,2375000000.0,3062000000.0,0.348,3062000000.0,2375000000.0,2375000000.0,1.65,1.64,1.65,6453000000.0,6459500000.0,6453000000.0,33245848258.0,14.0,10.858,2454000000.0,2.145,1.0,6892000000.0,0.784,4561000000.0,0.0,20279000000.0,17454750000.0,0.0,9626000000.0,6085000000.0,3541000000.0,13540000000.0,2206000000.0,11334000000.0,26895848258.0,-2986000000.0,-24000000.0,-2523000000.0,1366000000.0,0.0,-2891000000.0,-3163000000.0,-2174000000.0,3130000000.0,-62000000.0,1933000000.0,1933000000.0,1933000000.0,54000000.0,0.0,0.22,4507000000.0,2385000000.0,304000000.0,0.0,4.168,13.914,14.188,1502000000.0,0.0,23.41,3.061,3.047,628000000.0,8642000000.0,8788000000.0,8788000000.0,1004000000.0,0.102,0.299,0.136,0.27,298000000.0,3214000000.0,1.0,1148904240.0,1144000000.0,1149000000.0,7.682,15432000000.0,0.0,442000000.0,2272000000.0,13.49,7708000000.0
21,EBAY,MRT,2016-03-31,2016-03-31,2016-03-31,2021-08-25,685000000.0,19608000000.0,25339750000.0,9703000000.0,9905000000.0,0.342,5.45,-730000000.0,2686000000.0,2686000000.0,1837000000.0,1581000000.0,4.605,2.104,9036000000.0,6000000.0,9030000000.0,9036000000.0,115000000.0,694000000.0,0.0,0.0,0.0,2059000000.0,2753000000.0,0.318,2753000000.0,2059000000.0,2059000000.0,1.34,1.33,1.34,6317000000.0,9797500000.0,6317000000.0,33070905523.0,16.0,12.013,2793000000.0,2.41,1.0,6831000000.0,0.788,4601000000.0,0.0,19250000000.0,18151000000.0,0.0,8697000000.0,5327000000.0,3370000000.0,13291000000.0,2107000000.0,11184000000.0,28123905523.0,-2787000000.0,-24000000.0,-1960000000.0,1366000000.0,0.0,-2347000000.0,-3962000000.0,-467000000.0,3523000000.0,-1000000.0,1581000000.0,1581000000.0,1581000000.0,399000000.0,0.0,0.182,4549000000.0,2282000000.0,275000000.0,0.0,4.452,17.789,17.806,1497000000.0,0.0,23.86,3.245,3.19,599000000.0,8207000000.0,8668000000.0,8668000000.0,941000000.0,0.062,0.161,0.113,0.238,300000000.0,3315000000.0,1.0,1178705177.0,1159000000.0,1170000000.0,7.479,15007000000.0,0.0,478000000.0,2140000000.0,12.948,7596000000.0
22,EBAY,MRT,2015-12-31,2015-12-31,2015-12-31,2021-08-25,526000000.0,17755000000.0,31648000000.0,7904000000.0,9851000000.0,0.271,5.444,-668000000.0,1832000000.0,1832000000.0,1771000000.0,1725000000.0,3.493,1.7,6749000000.0,0.0,6749000000.0,6749000000.0,106000000.0,687000000.0,0.0,0.0,0.0,2184000000.0,2871000000.0,0.334,2871000000.0,2184000000.0,2184000000.0,1.43,1.42,1.43,6576000000.0,13102750000.0,6576000000.0,38045968595.0,17.0,13.252,3365000000.0,2.786,1.0,6821000000.0,0.794,4541000000.0,0.0,15868000000.0,18332000000.0,0.0,7690000000.0,4299000000.0,3391000000.0,11179000000.0,2263000000.0,8916000000.0,32993968595.0,-4496000000.0,-24000000.0,-1928000000.0,-850000000.0,0.0,-4554000000.0,-3611000000.0,37000000.0,4033000000.0,-364000000.0,1725000000.0,1725000000.0,1725000000.0,222000000.0,0.0,0.201,4624000000.0,2197000000.0,349000000.0,0.0,5.017,19.127,19.217,1554000000.0,0.0,27.48,3.84,3.864,619000000.0,7713000000.0,8592000000.0,8592000000.0,923000000.0,0.055,0.132,0.119,0.254,305000000.0,3389000000.0,1.0,1200653879.0,1208000000.0,1220000000.0,7.113,13214000000.0,0.0,459000000.0,2164000000.0,10.939,5641000000.0
23,EBAY,MRT,2015-09-30,2015-09-30,2015-09-30,2021-08-25,443000000.0,18338000000.0,38492250000.0,8280000000.0,10058000000.0,0.223,5.365,-739000000.0,2387000000.0,2387000000.0,1720000000.0,2271000000.0,1.867,1.825,7439000000.0,625000000.0,6814000000.0,7439000000.0,137000000.0,680000000.0,0.0,0.0,0.0,2612000000.0,3292000000.0,0.383,3292000000.0,2612000000.0,2612000000.0,1.85,1.85,1.85,6492000000.0,16435250000.0,6492000000.0,32424494544.0,12.0,9.849,3895000000.0,3.219,1.0,6873000000.0,0.8,4532000000.0,0.0,14422000000.0,20944750000.0,0.0,6486000000.0,2914000000.0,3572000000.0,11846000000.0,4436000000.0,7410000000.0,29773494544.0,-2375000000.0,-24000000.0,-2399000000.0,-250000000.0,0.0,-4397000000.0,-2216000000.0,3093000000.0,4634000000.0,-396000000.0,2271000000.0,2271000000.0,2271000000.0,-118000000.0,0.0,0.264,4607000000.0,2266000000.0,175000000.0,0.0,4.586,13.11,13.211,1535000000.0,0.0,24.44,3.465,3.441,595000000.0,7255000000.0,8593000000.0,8593000000.0,930000000.0,0.059,0.138,0.125,0.304,319000000.0,3372000000.0,1.0,1218228091.0,1210000000.0,1223000000.0,7.102,13806000000.0,0.0,341000000.0,568000000.0,11.41,3844000000.0
24,EBAY,MRT,2015-06-30,2015-06-30,2015-06-30,2021-08-25,942000000.0,45658000000.0,45026750000.0,28549000000.0,17109000000.0,0.192,16.274,-498000000.0,4971000000.0,4971000000.0,1700000000.0,2405000000.0,1.673,1.305,7622000000.0,865000000.0,6757000000.0,7622000000.0,125000000.0,401000000.0,0.0,0.0,0.0,2730000000.0,3131000000.0,0.362,3131000000.0,2730000000.0,2730000000.0,1.94,1.94,1.94,19805000000.0,19764750000.0,19805000000.0,75370858726.0,28.0,24.072,4818000000.0,3.959,1.0,6944000000.0,0.803,8185000000.0,0.0,23064000000.0,22571500000.0,0.0,14616000000.0,8735000000.0,5881000000.0,25853000000.0,17060000000.0,8793000000.0,73180858726.0,1153000000.0,-20000000.0,-1898000000.0,2282000000.0,0.0,238000000.0,-3965000000.0,574000000.0,5316000000.0,-436000000.0,2405000000.0,2405000000.0,2405000000.0,-288000000.0,0.0,0.278,4660000000.0,2284000000.0,11720000000.0,0.0,3.695,30.429,31.052,2781000000.0,0.0,60.24,8.466,8.481,12014000000.0,19609000000.0,8644000000.0,8644000000.0,935000000.0,0.053,0.122,0.121,0.316,170000000.0,3427000000.0,1.0,1214821692.0,1217000000.0,1225000000.0,7.103,37473000000.0,0.0,325000000.0,2014000000.0,30.791,11489000000.0
25,EBAY,MRT,2015-03-31,2015-03-31,2015-03-31,2021-08-25,980000000.0,44841000000.0,44022250000.0,26514000000.0,18327000000.0,0.242,16.067,-512000000.0,5473000000.0,5473000000.0,2447000000.0,2998000000.0,1.506,1.295,7663000000.0,868000000.0,6795000000.0,7663000000.0,190000000.0,460000000.0,0.0,0.0,0.0,3345000000.0,3805000000.0,0.358,3805000000.0,3345000000.0,3345000000.0,2.41,2.4,2.41,19538000000.0,19556000000.0,19538000000.0,71094501097.0,21.0,18.684,5142000000.0,4.229,1.0,8190000000.0,0.77,9446000000.0,0.0,19974000000.0,20682500000.0,0.0,13431000000.0,7784000000.0,5647000000.0,25303000000.0,17611000000.0,7692000000.0,69795501097.0,1058000000.0,-51000000.0,-3564000000.0,3482000000.0,0.0,-214000000.0,-3929000000.0,-1781000000.0,5654000000.0,-453000000.0,2998000000.0,2998000000.0,2998000000.0,-591000000.0,0.0,0.282,5480000000.0,2710000000.0,11284000000.0,0.0,3.572,23.281,23.934,2947000000.0,0.0,57.68,6.562,6.594,11594000000.0,19526000000.0,10637000000.0,10637000000.0,1171000000.0,0.068,0.153,0.162,0.314,213000000.0,3819000000.0,1.0,1210046829.0,1216000000.0,1229000000.0,8.748,35395000000.0,0.0,347000000.0,892000000.0,29.108,8903000000.0
26,EBAY,MRT,2014-12-31,2014-12-31,2014-12-31,2021-08-25,1171000000.0,45132000000.0,42948250000.0,26531000000.0,18601000000.0,0.205,15.912,-622000000.0,4105000000.0,4105000000.0,1663000000.0,46000000.0,1.513,1.267,7627000000.0,850000000.0,6777000000.0,7627000000.0,108000000.0,682000000.0,0.0,0.0,0.0,3426000000.0,4108000000.0,0.467,4108000000.0,3426000000.0,3426000000.0,0.04,0.04,0.04,19906000000.0,19573750000.0,19906000000.0,72527651080.0,21.0,17.655,5055000000.0,4.041,1.0,7127000000.0,0.811,4804000000.0,0.0,26319000000.0,19302750000.0,0.0,9466000000.0,3730000000.0,5736000000.0,25226000000.0,17531000000.0,7695000000.0,69721651080.0,1834000000.0,-55000000.0,-4358000000.0,3482000000.0,0.0,-1022000000.0,-2673000000.0,-637000000.0,5677000000.0,-148000000.0,46000000.0,46000000.0,46000000.0,-911000000.0,0.0,0.005,4651000000.0,2476000000.0,107000000.0,0.0,3.503,1515.688,1403.0,1486000000.0,0.0,56.12,7.932,7.987,600000000.0,18900000000.0,8790000000.0,8790000000.0,983000000.0,0.001,0.002,0.177,0.39,269000000.0,3331000000.0,1.0,1242367268.0,1251000000.0,1251000000.0,7.026,40328000000.0,0.0,3380000000.0,647000000.0,32.237,9000000000.0
27,EBAY,MRT,2014-09-30,2014-09-30,2014-09-30,2021-08-25,1223000000.0,44476000000.0,42037250000.0,25654000000.0,18822000000.0,0.173,15.95,-131000000.0,4790000000.0,4790000000.0,850000000.0,-127000000.0,1.556,1.245,7596000000.0,250000000.0,7346000000.0,7596000000.0,185000000.0,145000000.0,0.0,0.0,0.0,3392000000.0,3537000000.0,0.488,3537000000.0,3392000000.0,3392000000.0,-0.09,-0.1,-0.09,19810000000.0,20509000000.0,19810000000.0,71776873445.0,21.0,20.293,5618000000.0,4.523,1.0,6405000000.0,0.883,9862000000.0,0.0,20929000000.0,17290500000.0,0.0,14638000000.0,8763000000.0,5875000000.0,24666000000.0,16491000000.0,8175000000.0,70289873445.0,-490000000.0,-108000000.0,-3417000000.0,3082000000.0,0.0,-457000000.0,-5763000000.0,-2459000000.0,5749000000.0,-19000000.0,-127000000.0,-127000000.0,-127000000.0,-909000000.0,0.0,-0.018,3972000000.0,2433000000.0,10301000000.0,0.0,3.548,-553.464,-629.222,2825000000.0,0.0,56.63,9.688,9.695,10717000000.0,17877000000.0,7255000000.0,7255000000.0,791000000.0,-0.003,-0.006,0.196,0.468,25000000.0,2989000000.0,1.0,1241212669.0,1242000000.0,1251000000.0,5.841,34614000000.0,0.0,3519000000.0,847000000.0,27.87,9163000000.0
28,EBAY,MRT,2014-06-30,2014-06-30,2014-06-30,2021-08-25,1231000000.0,41640000000.0,40935000000.0,22378000000.0,19262000000.0,0.22,15.079,-447000000.0,3834000000.0,3834000000.0,1661000000.0,-111000000.0,1.276,1.195,5321000000.0,1203000000.0,4118000000.0,5321000000.0,183000000.0,599000000.0,0.0,0.0,0.0,3488000000.0,4087000000.0,0.454,4087000000.0,3488000000.0,3488000000.0,-0.1,-0.11,-0.1,18970000000.0,21248250000.0,18970000000.0,63156171657.0,18.0,15.453,5268000000.0,4.188,1.0,7336000000.0,0.815,10081000000.0,0.0,15508000000.0,16523500000.0,0.0,12691000000.0,6474000000.0,6217000000.0,22670000000.0,17538000000.0,5132000000.0,63443171657.0,-3021000000.0,-158000000.0,-3522000000.0,800000000.0,0.0,-2829000000.0,-6051000000.0,-2982000000.0,5715000000.0,144000000.0,-111000000.0,-111000000.0,-111000000.0,-745000000.0,0.0,-0.012,4700000000.0,2636000000.0,10349000000.0,0.0,3.344,-571.56,-500.6,2685000000.0,0.0,50.06,7.052,7.0,10802000000.0,17204000000.0,8997000000.0,8997000000.0,978000000.0,-0.003,-0.005,0.211,0.388,221000000.0,3332000000.0,1.0,1267342622.0,1258000000.0,1267000000.0,7.152,31559000000.0,0.0,3599000000.0,884000000.0,25.087,4840000000.0
29,EBAY,MRT,2014-03-31,2014-03-31,2014-03-31,2021-08-25,1084000000.0,40545000000.0,40162500000.0,22359000000.0,18186000000.0,0.218,15.368,-585000000.0,4415000000.0,4415000000.0,1691000000.0,-147000000.0,1.42,1.068,4128000000.0,4000000.0,4124000000.0,4128000000.0,169000000.0,713000000.0,0.0,0.0,0.0,3424000000.0,4137000000.0,0.472,4137000000.0,3424000000.0,3424000000.0,-0.15,-0.15,-0.15,19609000000.0,21918500000.0,19609000000.0,71145740322.0,21.0,17.197,4647000000.0,3.642,1.0,7080000000.0,0.807,10062000000.0,0.0,14455000000.0,16456000000.0,0.0,11384000000.0,6173000000.0,5211000000.0,20936000000.0,15741000000.0,5195000000.0,71516740322.0,-2115000000.0,-134000000.0,-2288000000.0,-400000000.0,0.0,-2736000000.0,-4761000000.0,-1632000000.0,5232000000.0,150000000.0,-147000000.0,-147000000.0,-147000000.0,-789000000.0,0.0,-0.017,4548000000.0,2532000000.0,9925000000.0,0.0,3.647,-486.508,-368.267,2686000000.0,0.0,55.24,8.154,8.036,10458000000.0,16528000000.0,8771000000.0,8771000000.0,961000000.0,-0.004,-0.007,0.208,0.39,224000000.0,3189000000.0,1.0,1294654966.0,1276000000.0,1276000000.0,6.874,30483000000.0,0.0,3571000000.0,948000000.0,23.889,6618000000.0
30,EBAY,MRT,2013-12-31,2013-12-31,2013-12-31,2021-08-25,1156000000.0,41488000000.0,39526250000.0,23283000000.0,18205000000.0,0.209,18.26,-678000000.0,4494000000.0,4494000000.0,1492000000.0,2856000000.0,1.842,0.754,4123000000.0,6000000.0,4117000000.0,4123000000.0,158000000.0,660000000.0,0.0,0.0,0.0,3360000000.0,4020000000.0,0.487,4020000000.0,3360000000.0,3360000000.0,2.2,2.18,2.2,23647000000.0,22294250000.0,23647000000.0,70279113180.0,21.0,17.482,4317000000.0,3.334,1.0,6765000000.0,0.819,10208000000.0,0.0,18270000000.0,16539250000.0,0.0,12291000000.0,7320000000.0,4971000000.0,17841000000.0,12639000000.0,5202000000.0,71028113180.0,-2323000000.0,-138000000.0,-906000000.0,-400000000.0,0.0,-1354000000.0,-6012000000.0,-2782000000.0,4995000000.0,48000000.0,2856000000.0,2856000000.0,2856000000.0,-789000000.0,0.0,0.346,4311000000.0,2454000000.0,9569000000.0,0.0,3.004,24.87,24.939,2760000000.0,0.0,54.865,8.602,8.605,10159000000.0,18854000000.0,8257000000.0,8257000000.0,915000000.0,0.072,0.128,0.203,0.407,186000000.0,3024000000.0,1.0,1294597889.0,1295000000.0,1313000000.0,6.376,31280000000.0,0.0,504000000.0,948000000.0,24.154,10644000000.0
31,EBAY,MRT,2013-09-30,2013-09-30,2013-09-30,2021-08-25,1205000000.0,40067000000.0,38422750000.0,23476000000.0,16591000000.0,0.404,17.581,-1265000000.0,5280000000.0,5280000000.0,4811000000.0,2756000000.0,1.952,0.76,4531000000.0,408000000.0,4123000000.0,4531000000.0,164000000.0,1351000000.0,0.0,0.0,0.0,3315000000.0,4666000000.0,0.301,4666000000.0,3315000000.0,3315000000.0,2.12,2.1,2.12,22767000000.0,21598750000.0,22767000000.0,69906434812.0,21.0,14.982,3402000000.0,2.627,1.0,10699000000.0,0.69,9429000000.0,0.0,17861000000.0,15518500000.0,0.0,11563000000.0,7425000000.0,4138000000.0,17300000000.0,12028000000.0,5272000000.0,72228434812.0,-2051000000.0,-85000000.0,-919000000.0,0.0,0.0,-985000000.0,-5853000000.0,-4493000000.0,4667000000.0,120000000.0,2756000000.0,2756000000.0,2756000000.0,0.0,0.0,0.178,7477000000.0,3222000000.0,9361000000.0,0.0,3.173,26.208,26.318,2763000000.0,0.0,55.795,4.657,4.659,9845000000.0,18004000000.0,15510000000.0,15510000000.0,1734000000.0,0.072,0.128,0.214,0.214,410000000.0,4694000000.0,1.0,1294532392.0,1295000000.0,1310000000.0,11.977,30638000000.0,0.0,559000000.0,1001000000.0,23.659,11448000000.0
32,EBAY,MRT,2013-06-30,2013-06-30,2013-06-30,2021-08-25,826000000.0,38550000000.0,36531500000.0,23446000000.0,15104000000.0,0.411,16.693,-1310000000.0,6855000000.0,6855000000.0,4609000000.0,2664000000.0,2.009,0.781,4533000000.0,410000000.0,4123000000.0,4533000000.0,154000000.0,1305000000.0,0.0,0.0,0.0,3114000000.0,4419000000.0,0.294,4419000000.0,3114000000.0,3114000000.0,2.05,2.02,2.05,21651000000.0,20885250000.0,21651000000.0,65107675733.0,21.0,14.734,3177000000.0,2.449,1.0,10413000000.0,0.693,9320000000.0,0.0,15238000000.0,14278750000.0,0.0,8360000000.0,5854000000.0,2506000000.0,16899000000.0,11670000000.0,5229000000.0,67121675733.0,2817000000.0,-25000000.0,-743000000.0,2426000000.0,0.0,1622000000.0,-3379000000.0,-1973000000.0,4487000000.0,87000000.0,2664000000.0,2664000000.0,2664000000.0,0.0,0.0,0.177,7323000000.0,3090000000.0,9325000000.0,0.0,3.1,25.196,25.229,2697000000.0,0.0,51.72,4.468,4.466,9755000000.0,17315000000.0,15022000000.0,15022000000.0,1690000000.0,0.073,0.128,0.218,0.207,392000000.0,4619000000.0,1.0,1297789554.0,1297000000.0,1313000000.0,11.582,29230000000.0,0.0,450000000.0,959000000.0,22.537,11776000000.0
33,EBAY,MRT,2013-03-31,2013-03-31,2013-03-31,2021-08-25,724000000.0,38000000000.0,33958500000.0,22336000000.0,15664000000.0,0.428,16.303,-1314000000.0,6530000000.0,6530000000.0,4385000000.0,2716000000.0,1.906,0.8,4516000000.0,411000000.0,4105000000.0,4516000000.0,149000000.0,1248000000.0,0.0,0.0,0.0,3209000000.0,4457000000.0,0.306,4457000000.0,3209000000.0,3209000000.0,2.1,2.06,2.1,21112000000.0,20200500000.0,21112000000.0,67998898045.0,21.0,15.257,2930000000.0,2.263,1.0,10158000000.0,0.698,9478000000.0,0.0,14788000000.0,12922500000.0,0.0,8194000000.0,5022000000.0,3172000000.0,16888000000.0,11720000000.0,5168000000.0,70296898045.0,2366000000.0,-4000000.0,-634000000.0,2426000000.0,0.0,1759000000.0,-3589000000.0,-2198000000.0,4244000000.0,-48000000.0,2716000000.0,2716000000.0,2716000000.0,0.0,0.0,0.187,7123000000.0,3035000000.0,9205000000.0,0.0,3.33,25.883,25.819,2575000000.0,0.0,54.22,4.834,4.828,9640000000.0,16675000000.0,14543000000.0,14543000000.0,1633000000.0,0.08,0.134,0.248,0.221,358000000.0,4536000000.0,1.0,1296512321.0,1295000000.0,1319000000.0,11.23,28522000000.0,0.0,493000000.0,902000000.0,22.025,10616000000.0
34,EBAY,MRT,2012-12-31,2012-12-31,2012-12-31,2021-08-25,856000000.0,37074000000.0,31510250000.0,21398000000.0,15676000000.0,0.447,16.149,-1257000000.0,6817000000.0,6817000000.0,4216000000.0,2609000000.0,1.959,0.777,4519000000.0,413000000.0,4106000000.0,4519000000.0,137000000.0,1200000000.0,0.0,0.0,0.0,3084000000.0,4284000000.0,0.304,4284000000.0,3084000000.0,3084000000.0,2.02,1.99,2.02,20865000000.0,19599750000.0,20865000000.0,63177279540.0,20.0,14.747,2581000000.0,1.998,1.0,9856000000.0,0.7,9665000000.0,0.0,14187000000.0,11577250000.0,0.0,7795000000.0,4751000000.0,3044000000.0,16209000000.0,10924000000.0,5285000000.0,65990279540.0,2126000000.0,1000000.0,-415000000.0,2426000000.0,0.0,1951000000.0,-3763000000.0,-2434000000.0,3838000000.0,100000000.0,2609000000.0,2609000000.0,2609000000.0,0.0,0.0,0.185,6968000000.0,2888000000.0,8395000000.0,0.0,3.163,25.293,25.246,2491000000.0,0.0,50.998,4.689,4.682,8916000000.0,15998000000.0,14072000000.0,14072000000.0,1573000000.0,0.083,0.133,0.266,0.219,358000000.0,4480000000.0,1.0,1293985406.0,1292000000.0,1313000000.0,10.892,27409000000.0,0.0,475000000.0,1035000000.0,21.214,10474000000.0
35,EBAY,MRT,2012-09-30,2012-09-30,2012-09-30,2021-08-25,649000000.0,32502000000.0,29071750000.0,17410000000.0,15092000000.0,0.463,15.413,-1252000000.0,7331000000.0,7331000000.0,4027000000.0,3838000000.0,2.466,0.632,4518000000.0,12000000.0,4506000000.0,4518000000.0,132000000.0,1155000000.0,0.0,0.0,0.0,4642000000.0,5797000000.0,0.431,5797000000.0,4642000000.0,4642000000.0,2.97,2.93,2.97,19913000000.0,18866000000.0,19913000000.0,60376971334.0,13.0,10.415,2184000000.0,1.69,1.0,9432000000.0,0.701,9726000000.0,0.0,12902000000.0,10084000000.0,0.0,6096000000.0,3596000000.0,2500000000.0,12589000000.0,7061000000.0,5528000000.0,62332971334.0,4332000000.0,2202000000.0,-479000000.0,1976000000.0,0.0,1434000000.0,-442000000.0,-1308000000.0,3436000000.0,-96000000.0,3838000000.0,3838000000.0,3838000000.0,0.0,0.0,0.285,6664000000.0,2768000000.0,5078000000.0,0.0,3.13,16.241,16.286,2393000000.0,0.0,48.37,4.631,4.643,5501000000.0,15248000000.0,13459000000.0,13459000000.0,1501000000.0,0.132,0.203,0.46,0.345,392000000.0,4269000000.0,1.0,1288670071.0,1292000000.0,1314000000.0,10.417,22776000000.0,0.0,804000000.0,1008000000.0,17.628,10349000000.0
36,EBAY,MRT,2012-06-30,2012-06-30,2012-06-30,2021-08-25,464000000.0,28258000000.0,27171384250.0,13278000000.0,14980000000.0,0.479,14.649,-1174000000.0,4038000000.0,4038000000.0,3925000000.0,3732000000.0,1.953,0.494,2082000000.0,564000000.0,1518000000.0,2082000000.0,137000000.0,1110000000.0,0.0,0.0,0.0,4586000000.0,5696000000.0,0.437,5696000000.0,4586000000.0,4586000000.0,2.89,2.85,2.89,18912000000.0,17929081500.0,18912000000.0,52165507184.0,11.0,9.158,1917000000.0,1.485,1.0,9096000000.0,0.699,9689000000.0,0.0,9813000000.0,8984947500.0,0.0,5967000000.0,3337000000.0,2630000000.0,9346000000.0,6800000000.0,2546000000.0,54244507184.0,772000000.0,1904000000.0,-567000000.0,-463000000.0,0.0,-1106000000.0,-976000000.0,-1683000000.0,3091000000.0,-237000000.0,3732000000.0,3732000000.0,3732000000.0,0.0,0.0,0.287,6458000000.0,2638000000.0,4552000000.0,0.0,2.868,14.535,14.536,2238000000.0,0.0,42.01,4.166,4.165,4943000000.0,14651000000.0,13021000000.0,13021000000.0,1431000000.0,0.137,0.208,0.51,0.352,378000000.0,4133000000.0,1.0,1291228450.0,1291000000.0,1309000000.0,10.086,18569000000.0,0.0,854000000.0,1035000000.0,14.383,6478000000.0
37,EBAY,MRT,2012-03-31,2012-03-31,2012-03-31,2021-08-25,864000000.0,28207000000.0,26315372750.0,13089000000.0,15118000000.0,0.471,14.526,-1056000000.0,4164000000.0,4164000000.0,3711000000.0,3323000000.0,1.879,0.508,2085000000.0,564000000.0,1521000000.0,2085000000.0,135000000.0,1028000000.0,0.0,0.0,0.0,4026000000.0,5054000000.0,0.408,5054000000.0,4026000000.0,4026000000.0,2.57,2.54,2.57,18709000000.0,17253552000.0,18709000000.0,44885709614.0,11.0,8.881,2049000000.0,1.591,1.0,8672000000.0,0.7,9756000000.0,0.0,9407000000.0,8597451000.0,0.0,6085000000.0,3224000000.0,2861000000.0,9498000000.0,6965000000.0,2533000000.0,47487162614.0,-1300000000.0,-766000000.0,-693000000.0,51000000.0,0.0,-718000000.0,-3603000000.0,-1666000000.0,3105000000.0,-84000000.0,3323000000.0,3323000000.0,3323000000.0,0.0,0.0,0.268,6210000000.0,2462000000.0,4665000000.0,0.0,2.538,14.29,14.358,2109000000.0,0.0,36.9,3.835,3.838,4973000000.0,13959000000.0,12383000000.0,12383000000.0,1334000000.0,0.126,0.193,0.468,0.325,370000000.0,4026000000.0,1.0,1286914976.0,1288000000.0,1308000000.0,9.614,18451000000.0,0.0,703000000.0,1017000000.0,14.325,6124000000.0
38,EBAY,MRT,2011-12-31,2011-12-31,2011-12-31,2021-08-25,549000000.0,27320000000.0,25014837750.0,12661000000.0,14659000000.0,0.466,13.867,-963000000.0,4691000000.0,4691000000.0,3461000000.0,3229000000.0,1.88,0.524,2090000000.0,565000000.0,1525000000.0,2090000000.0,110000000.0,940000000.0,0.0,0.0,0.0,3910000000.0,4850000000.0,0.416,4850000000.0,3910000000.0,3910000000.0,2.5,2.46,2.5,17930000000.0,16562405250.0,17930000000.0,38699075107.0,10.0,7.979,2311000000.0,1.787,1.0,8191000000.0,0.703,9771000000.0,0.0,8214000000.0,8131635000.0,0.0,5192000000.0,2739000000.0,2453000000.0,9390000000.0,6734000000.0,2656000000.0,39154037107.0,-886000000.0,-954000000.0,-822000000.0,51000000.0,0.0,-838000000.0,-3307000000.0,-1281000000.0,3274000000.0,-15000000.0,3229000000.0,3229000000.0,3229000000.0,0.0,0.0,0.277,5818000000.0,2373000000.0,4250000000.0,0.0,2.184,12.126,12.132,1986000000.0,0.0,30.33,3.36,3.366,4650000000.0,13389000000.0,11652000000.0,11652000000.0,1235000000.0,0.129,0.195,0.481,0.336,378000000.0,3799000000.0,1.0,1290934293.0,1293000000.0,1313000000.0,9.012,17549000000.0,0.0,681000000.0,1371000000.0,13.572,5927000000.0
39,EBAY,MRT,2011-09-30,2011-09-30,2011-09-30,2021-08-25,673390000.0,24900537000.0,23685778250.0,9762345000.0,15138192000.0,0.455,12.531,-869555000.0,2998950000.0,2998950000.0,3123806000.0,1809226000.0,1.589,0.54,2543988000.0,1015830000.0,1528158000.0,2543988000.0,108274000.0,858823000.0,0.0,0.0,0.0,2061958000.0,2920781000.0,0.271,2920781000.0,2061958000.0,2061958000.0,1.4,1.37,1.4,16165326000.0,15905450000.0,16165326000.0,37285376923.0,18.0,12.766,2275690000.0,1.764,1.0,7643270000.0,0.71,9794633000.0,0.0,8505790000.0,7820682500.0,0.0,5219390000.0,2200794000.0,3018596000.0,8735211000.0,6145152000.0,2590059000.0,38005507923.0,-1182089000.0,-3239000000.0,-922190000.0,2290000000.0,0.0,1304086000.0,-5662268000.0,-1450637000.0,3145245000.0,30848000.0,1809226000.0,1809226000.0,1809226000.0,0.0,0.0,0.168,5431620000.0,2211650000.0,3564146000.0,0.0,2.351,21.007,21.064,1859190000.0,0.0,29.49,3.53,3.533,3890831000.0,11409853000.0,10767076000.0,10767076000.0,1136741000.0,0.076,0.114,0.264,0.192,397168000.0,3624445000.0,1.0,1288759170.0,1290000000.0,1309000000.0,8.347,15105904000.0,0.0,252732000.0,1034928000.0,11.71,3617193000.0
40,EBAY,MRT,2011-06-30,2011-06-30,2011-06-30,2021-08-25,1291101000.0,24833954000.0,22447659500.0,9861092000.0,14972862000.0,0.448,12.498,-752543000.0,3265826000.0,3265826000.0,2844074000.0,1750155000.0,1.605,0.532,2545695000.0,1015484000.0,1530211000.0,2545695000.0,105387000.0,787161000.0,0.0,0.0,0.0,1962959000.0,2750120000.0,0.274,2750120000.0,1962959000.0,1962959000.0,1.35,1.33,1.35,16209882000.0,15622606500.0,16209882000.0,38213094825.0,19.0,13.895,2330816000.0,1.797,1.0,7206490000.0,0.717,9707537000.0,0.0,8263014000.0,7006793000.0,0.0,5249385000.0,2170987000.0,3078398000.0,8624072000.0,6143272000.0,2480800000.0,41883194825.0,-771624000.0,-2931000000.0,-1199639000.0,2303000000.0,0.0,1018637000.0,-5253365000.0,-1466595000.0,3083359000.0,379745000.0,1750155000.0,1750155000.0,1750155000.0,0.0,0.0,0.174,5041664000.0,2164826000.0,3608681000.0,0.0,2.584,23.931,23.904,1727081000.0,0.0,32.27,4.167,4.164,3931069000.0,10919350000.0,10050564000.0,10050564000.0,1044544000.0,0.078,0.112,0.28,0.195,382948000.0,3410760000.0,1.0,1297898817.0,1297000000.0,1315000000.0,7.749,15126417000.0,0.0,212804000.0,941881000.0,11.663,3717820000.0
41,EBAY,MRT,2011-03-31,2011-03-31,2011-03-31,2021-08-25,1138570000.0,23004860000.0,20926067000.0,11514828000.0,11490032000.0,0.454,12.293,-720744000.0,5464582000.0,5464582000.0,2686445000.0,1879347000.0,2.417,0.443,1794482000.0,300000000.0,1494482000.0,1794482000.0,101689000.0,766978000.0,0.0,0.0,0.0,2171345000.0,2938323000.0,0.309,2938323000.0,2171345000.0,2171345000.0,1.44,1.42,1.44,15944413000.0,15112458750.0,15944413000.0,36518220552.0,17.0,12.428,2306994000.0,1.779,1.0,6819498000.0,0.717,7027475000.0,0.0,7543736000.0,6094490750.0,0.0,4968004000.0,2252641000.0,2715363000.0,7060447000.0,4763549000.0,2296898000.0,40301404552.0,1870815000.0,-282000000.0,-801117000.0,1789000000.0,0.0,903390000.0,-2180031000.0,-1176703000.0,3027738000.0,119718000.0,1879347000.0,1879347000.0,1879347000.0,0.0,0.0,0.198,4689107000.0,2130391000.0,2898102000.0,0.0,2.528,21.444,21.556,1547943000.0,0.0,31.04,4.24,4.235,3193889000.0,10635943000.0,9505943000.0,9505943000.0,972861000.0,0.09,0.124,0.356,0.228,355931000.0,3151096000.0,1.0,1298369992.0,1297000000.0,1320000000.0,7.329,15977385000.0,0.0,291998000.0,792012000.0,12.319,6751279000.0
42,EBAY,MRT,2010-12-31,2010-12-31,2010-12-31,2021-08-25,751314000.0,22003762000.0,19847396500.0,11065338000.0,10938424000.0,0.461,11.717,-724000000.0,5577411000.0,5577411000.0,2564000000.0,1801000000.0,2.45,0.438,1794227000.0,300000000.0,1494227000.0,1794227000.0,96464000.0,762000000.0,0.0,0.0,0.0,2098000000.0,2860000000.0,0.312,2860000000.0,2098000000.0,2098000000.0,1.38,1.36,1.38,15302179000.0,14657632750.0,15302179000.0,32102144917.0,15.0,11.225,2022000000.0,1.548,1.0,6592000000.0,0.72,6733874000.0,0.0,6970190000.0,5377770500.0,0.0,4493604000.0,2001592000.0,2492012000.0,6701583000.0,4516514000.0,2185069000.0,36283051917.0,1577000000.0,34000000.0,-475000000.0,1789000000.0,0.0,1235000000.0,-2284000000.0,-1588000000.0,2746000000.0,-120000000.0,1801000000.0,1801000000.0,1801000000.0,0.0,0.0,0.197,4538000000.0,2054000000.0,2735694000.0,0.0,2.371,20.146,20.167,1523333000.0,0.0,27.83,3.963,3.97,3005097000.0,10160078000.0,9156000000.0,9156000000.0,908000000.0,0.091,0.123,0.39,0.229,339000000.0,3048000000.0,1.0,1303738840.0,1306000000.0,1327000000.0,7.011,15269888000.0,0.0,297000000.0,685925000.0,11.692,6548824000.0
43,EBAY,MRT,2010-09-30,2010-09-30,2010-09-30,2021-08-25,858074000.0,19948062000.0,18948536000.0,9454528000.0,10493534000.0,0.477,11.486,-699383000.0,4180907000.0,4180907000.0,2532889000.0,2596680000.0,2.482,0.327,0.0,0.0,0.0,0.0,94108000.0,770961000.0,0.0,0.0,0.0,3103842000.0,3874803000.0,0.429,3874803000.0,3103842000.0,3103842000.0,2.0,1.97,2.0,15033952000.0,14279000000.0,15033952000.0,27979131216.0,9.0,7.221,1962972000.0,1.5,1.0,6498967000.0,0.72,6708014000.0,0.0,5250232000.0,4599132000.0,0.0,4008602000.0,1907197000.0,2101405000.0,4914110000.0,3808909000.0,1105201000.0,32016573216.0,1623048000.0,1898321000.0,-128080000.0,-200000000.0,0.0,-422699000.0,-508532000.0,-1703144000.0,2662355000.0,-108076000.0,2596680000.0,2596680000.0,2596680000.0,0.0,0.0,0.288,4856245000.0,1642722000.0,2608970000.0,0.0,2.13,12.33,12.2,1466047000.0,0.0,24.4,3.545,3.536,2902663000.0,9600891000.0,9031856000.0,9031856000.0,860203000.0,0.137,0.182,0.675,0.344,375120000.0,3355378000.0,1.0,1312154640.0,1308888000.0,1328415000.0,6.9,13240048000.0,0.0,507162000.0,1103549000.0,10.115,5645619000.0
44,EBAY,MRT,2010-06-30,2010-06-30,2010-06-30,2021-08-25,161133000.0,18747584000.0,18300613500.0,8675313000.0,10072271000.0,0.493,10.816,-707163000.0,4037442000.0,4037442000.0,2536529000.0,2514487000.0,2.434,0.323,0.0,0.0,0.0,0.0,92551000.0,791691000.0,0.0,0.0,0.0,3025176000.0,3816867000.0,0.423,3816867000.0,3025176000.0,3025176000.0,1.94,1.91,1.94,14169291000.0,13708303750.0,14169291000.0,22036675994.0,7.0,5.773,1946319000.0,1.486,1.0,6483691000.0,0.719,6532076000.0,0.0,4613805000.0,3893066250.0,0.0,3335642000.0,1507756000.0,1827886000.0,4578293000.0,3564261000.0,1014032000.0,25629678994.0,1463825000.0,1898321000.0,166430000.0,-400000000.0,0.0,-311632000.0,-556834000.0,-1734291000.0,2653482000.0,-321191000.0,2514487000.0,2514487000.0,2514487000.0,0.0,0.0,0.279,4888204000.0,1595487000.0,2448904000.0,0.0,1.809,10.193,10.108,1429210000.0,0.0,19.61,2.841,2.848,2645910000.0,9168962000.0,9020220000.0,9020220000.0,838607000.0,0.137,0.183,0.777,0.335,373829000.0,3373701000.0,1.0,1306969862.0,1310042000.0,1329618000.0,6.885,12215508000.0,0.0,510689000.0,1012025000.0,9.325,5111052000.0
45,EBAY,MRT,2010-03-31,2010-03-31,2010-03-31,2021-08-25,674500000.0,18690178000.0,17755289750.0,8277438000.0,10412740000.0,0.501,10.855,-628416000.0,3593003000.0,3593003000.0,2512931000.0,2429637000.0,2.308,0.323,0.0,0.0,0.0,0.0,98123000.0,801679000.0,0.0,0.0,0.0,2932950000.0,3734629000.0,0.419,3734629000.0,2932950000.0,2932950000.0,1.88,1.85,1.88,14125109000.0,13146374000.0,14125109000.0,31031150144.0,11.0,8.309,2029405000.0,1.56,1.0,6389902000.0,0.718,6833309000.0,0.0,4676855000.0,3217579250.0,0.0,3507733000.0,1530166000.0,1977567000.0,4565069000.0,3587011000.0,978058000.0,35030968144.0,535844000.0,695888000.0,141817000.0,-400000000.0,0.0,-338526000.0,-1798293000.0,-1867515000.0,2657821000.0,14842000.0,2429637000.0,2429637000.0,2429637000.0,0.0,0.0,0.273,4867291000.0,1522611000.0,2459426000.0,0.0,2.48,14.418,14.344,1346850000.0,0.0,26.968,3.935,3.942,2708574000.0,8756770000.0,8902833000.0,8902833000.0,811693000.0,0.137,0.185,0.912,0.329,378280000.0,3355363000.0,1.0,1299006884.0,1301248000.0,1326021000.0,6.842,11856869000.0,0.0,503313000.0,987041000.0,9.112,4690427000.0
46,EBAY,MRT,2009-12-31,2009-12-31,2009-12-31,2021-08-25,818104000.0,18408320000.0,16864692000.0,8460208000.0,9948112000.0,0.517,10.689,-567094000.0,3999818000.0,3999818000.0,2479762000.0,2389097000.0,2.323,0.335,0.0,0.0,0.0,0.0,99305000.0,810946000.0,0.0,0.0,0.0,2879151000.0,3690097000.0,0.423,3690097000.0,2879151000.0,2879151000.0,1.85,1.83,1.85,13787648000.0,12394023500.0,13787648000.0,28065529307.0,10.0,7.606,2340992000.0,1.815,1.0,6247600000.0,0.716,6910898000.0,0.0,3855636000.0,2515896500.0,0.0,2948597000.0,1566832000.0,1381765000.0,4620672000.0,3641968000.0,978704000.0,30423388307.0,810890000.0,570888000.0,102526000.0,-1000000000.0,0.0,-945656000.0,-1149383000.0,-1159664000.0,2908086000.0,-2157000.0,2389097000.0,2389097000.0,2389097000.0,0.0,0.0,0.274,4790834000.0,1456766000.0,2350357000.0,0.0,2.207,12.734,12.719,1314328000.0,0.0,23.53,3.486,3.478,2565452000.0,8359117000.0,8727362000.0,8727362000.0,803070000.0,0.142,0.193,1.144,0.33,390057000.0,3304066000.0,1.0,1292961679.0,1289848000.0,1304981000.0,6.766,11497422000.0,0.0,490054000.0,1139665000.0,8.914,4818240000.0
47,EBAY,MRT,2009-09-30,2009-09-30,2009-09-30,2021-08-25,1252631000.0,17356372000.0,16160721750.0,6473587000.0,10882785000.0,0.519,9.858,-553307000.0,2557859000.0,2557859000.0,2388658000.0,1401383000.0,1.775,0.361,200000000.0,200000000.0,0.0,200000000.0,231992000.0,812059000.0,0.0,0.0,0.0,1759619000.0,2571678000.0,0.306,2571678000.0,1759619000.0,1759619000.0,1.09,1.09,1.09,12751167000.0,11718076000.0,12751167000.0,28279897080.0,16.0,10.997,2268122000.0,1.753,1.0,6003618000.0,0.715,8925866000.0,0.0,2425969000.0,2036210500.0,0.0,1592537000.0,1113252000.0,479285000.0,4605205000.0,3646678000.0,958527000.0,30453514080.0,-784858000.0,-2410662000.0,88980000.0,-233981000.0,0.0,-179739000.0,-3406015000.0,-446577000.0,2821429000.0,-20533000.0,1401383000.0,1401383000.0,1401383000.0,0.0,0.0,0.167,4272761000.0,1730857000.0,2202627000.0,0.0,2.388,21.731,21.651,1293775000.0,0.0,23.6,3.629,3.637,2413276000.0,7004211000.0,8392276000.0,8392276000.0,776333000.0,0.087,0.12,0.864,0.21,381910000.0,2780684000.0,1.0,1290403139.0,1293511000.0,1311274000.0,6.488,8430506000.0,0.0,358236000.0,957435000.0,6.518,2826909000.0
48,EBAY,MRT,2009-06-30,2009-06-30,2009-06-30,2021-08-25,865054000.0,16566289000.0,15381668000.0,6249900000.0,10316389000.0,0.538,9.25,-528951000.0,2573617000.0,2573617000.0,2305713000.0,1543866000.0,1.675,0.39,400000000.0,400000000.0,0.0,400000000.0,215728000.0,775569000.0,0.0,0.0,0.0,1883926000.0,2659495000.0,0.322,2659495000.0,1883926000.0,1883926000.0,1.2,1.2,1.2,11921572000.0,11203708000.0,11921572000.0,19382168007.0,10.0,7.288,2247640000.0,1.744,1.0,5966242000.0,0.721,8750451000.0,0.0,1911857000.0,1780459250.0,0.0,1067971000.0,948312000.0,119659000.0,4644717000.0,3730364000.0,914353000.0,22039327007.0,-1122411000.0,-2410662000.0,-533432000.0,-33981000.0,0.0,-591417000.0,-3027714000.0,-101993000.0,2776591000.0,-279871000.0,1543866000.0,1543866000.0,1543866000.0,0.0,0.0,0.187,4154251000.0,1811991000.0,2092362000.0,0.0,1.849,14.275,14.275,1254769000.0,0.0,17.13,2.664,2.669,2328016000.0,6654475000.0,8271955000.0,8271955000.0,761968000.0,0.1,0.138,1.058,0.228,379672000.0,2717708000.0,1.0,1286592353.0,1288815000.0,1300434000.0,6.418,7815838000.0,0.0,340060000.0,897791000.0,6.064,2519536000.0
49,EBAY,MRT,2009-03-31,2009-03-31,2009-03-31,2021-08-25,518639000.0,15127787000.0,14995502000.0,6161034000.0,8966753000.0,0.558,8.658,-522180000.0,3057159000.0,3057159000.0,2276043000.0,1676869000.0,1.95,0.361,400000000.0,400000000.0,0.0,400000000.0,193203000.0,751123000.0,0.0,0.0,0.0,2044899000.0,2796022000.0,0.334,2796022000.0,2044899000.0,2044899000.0,1.3,1.3,1.3,11115707000.0,11066326500.0,11115707000.0,13925121996.0,7.0,4.98,2262100000.0,1.762,1.0,6093581000.0,0.728,7440580000.0,0.0,1870124000.0,1612985750.0,0.0,777214000.0,687853000.0,89361000.0,4012080000.0,3159924000.0,852156000.0,16114049996.0,-508023000.0,-1211329000.0,-1049748000.0,-33981000.0,0.0,-1105491000.0,-1775042000.0,-34589000.0,2784280000.0,-411770000.0,1676869000.0,1676869000.0,1676869000.0,0.0,0.0,0.2,4147912000.0,1945669000.0,1744933000.0,0.0,1.45,9.61,9.662,1197420000.0,0.0,12.56,1.925,1.927,1976808000.0,6327133000.0,8369624000.0,8369624000.0,750356000.0,0.112,0.152,1.268,0.244,375087000.0,2755754000.0,1.0,1282965764.0,1283810000.0,1287814000.0,6.519,7687207000.0,0.0,368030000.0,833917000.0,5.988,3001110000.0
50,EBAY,MRT,2008-12-31,2008-12-31,2008-12-31,2021-08-25,903485000.0,15592439000.0,14975131500.0,6286590000.0,9305849000.0,0.57,8.503,-565890000.0,3188928000.0,3188928000.0,2228069000.0,1779474000.0,1.697,0.407,1000000000.0,1000000000.0,0.0,1000000000.0,181596000.0,719814000.0,0.0,0.0,0.0,2183564000.0,2903378000.0,0.34,2903378000.0,2183564000.0,2183564000.0,1.37,1.36,1.37,11083858000.0,11127700250.0,11083858000.0,14483416494.0,7.0,4.988,2316105000.0,1.777,1.0,6313192000.0,0.739,7761532000.0,0.0,1936892000.0,1455577250.0,0.0,839983000.0,733805000.0,106178000.0,4508581000.0,3705087000.0,803494000.0,17826133494.0,-1032263000.0,-1360293000.0,-2025143000.0,366019000.0,0.0,-1673851000.0,-2057346000.0,-78436000.0,2881995000.0,-183061000.0,1779474000.0,1779474000.0,1779474000.0,0.0,0.0,0.208,4237510000.0,2075682000.0,1638294000.0,0.0,1.608,10.018,10.19,1198714000.0,0.0,13.96,2.087,2.13,1903159000.0,5970020000.0,8541261000.0,8541261000.0,725600000.0,0.119,0.16,1.5,0.256,348622000.0,2880422000.0,1.0,1276943660.0,1303454000.0,1312608000.0,6.553,7830907000.0,0.0,404090000.0,854388000.0,6.008,2581503000.0
51,EBAY,MRT,2008-09-30,2008-09-30,2008-09-30,2021-08-25,1081109000.0,14240157000.0,14918531000.0,6008346000.0,8231811000.0,0.582,8.297,-534671000.0,3342717000.0,3342717000.0,2154451000.0,1943168000.0,2.105,0.332,0.0,0.0,0.0,0.0,180777000.0,677647000.0,0.0,0.0,0.0,2371757000.0,3049404000.0,0.351,3049404000.0,2371757000.0,2381761000.0,1.46,1.45,1.46,10693695000.0,11282886250.0,10693695000.0,25410596110.0,11.0,8.333,2456147000.0,1.906,1.0,6531570000.0,0.752,6639743000.0,-10004000.0,1402964000.0,1319373250.0,0.0,434765000.0,301136000.0,133629000.0,3546462000.0,2854733000.0,691729000.0,29106624110.0,-569874000.0,-702434000.0,-2235269000.0,0.0,0.0,-2233293000.0,-1313871000.0,-26179000.0,2990818000.0,-13528000.0,1943168000.0,1943168000.0,1943168000.0,0.0,0.0,0.224,4283211000.0,2248359000.0,1773107000.0,0.0,2.722,14.979,15.329,1215469000.0,0.0,22.38,3.351,3.321,1992291000.0,5602828000.0,8686021000.0,8686021000.0,723709000.0,0.13,0.172,1.798,0.273,210447000.0,2788928000.0,1.0,1300564080.0,1288937000.0,1297484000.0,6.739,7600414000.0,0.0,438593000.0,736141000.0,5.897,3153613000.0
52,EBAY,MRT,2008-06-30,2008-06-30,2008-06-30,2021-08-25,1729584000.0,15021625000.0,15055194750.0,6520387000.0,8501238000.0,0.562,8.668,-503553000.0,3696028000.0,3696028000.0,2040009000.0,515314000.0,2.169,0.321,0.0,0.0,0.0,0.0,186483000.0,650789000.0,0.0,0.0,0.0,909785000.0,1560574000.0,0.185,1560574000.0,909785000.0,917061000.0,0.39,0.38,0.39,11372046000.0,11327635500.0,11372046000.0,32400051124.0,36.0,20.762,2423348000.0,1.847,1.0,6417701000.0,0.759,7077400000.0,-7276000.0,1241963000.0,1163250500.0,0.0,485689000.0,355336000.0,130353000.0,3649579000.0,3006234000.0,643345000.0,35965233124.0,277679000.0,-702434000.0,-1943998000.0,0.0,0.0,-1899061000.0,-1091262000.0,161736000.0,2926901000.0,341101000.0,515314000.0,515314000.0,515314000.0,0.0,0.0,0.061,5631110000.0,786591000.0,1812547000.0,0.0,3.163,69.793,70.077,1124527000.0,0.0,27.33,4.252,4.24,2163792000.0,5110609000.0,8457710000.0,8457710000.0,697746000.0,0.034,0.045,0.782,0.108,221407000.0,2860953000.0,1.0,1315961695.0,1312007000.0,1325136000.0,6.446,7944225000.0,0.0,401747000.0,690017000.0,6.055,3514153000.0
53,EBAY,MRT,2008-03-31,2008-03-31,2008-03-31,2021-08-25,1791387000.0,15046305000.0,14890077750.0,6457994000.0,8588311000.0,0.544,8.518,-503198000.0,3565182000.0,3565182000.0,1894695000.0,430793000.0,2.096,0.324,0.0,0.0,0.0,0.0,182346000.0,624152000.0,0.0,0.0,0.0,832525000.0,1456677000.0,0.18,1456677000.0,832525000.0,837067000.0,0.32,0.3,0.32,11361202000.0,11369506250.0,11361202000.0,35404750912.0,43.0,24.305,2339881000.0,1.754,1.0,6201783000.0,0.766,7160201000.0,-4542000.0,1240490000.0,1102373000.0,0.0,542959000.0,422696000.0,120263000.0,3685103000.0,3080432000.0,604671000.0,39625941912.0,598173000.0,-753970000.0,-1712081000.0,0.0,0.0,-1651335000.0,-964859000.0,332619000.0,2843079000.0,371288000.0,430793000.0,430793000.0,430793000.0,0.0,0.0,0.053,5503653000.0,698130000.0,1900067000.0,0.0,3.488,91.984,93.25,1135765000.0,0.0,29.84,4.894,4.916,2227840000.0,4650264000.0,8096478000.0,8096478000.0,658889000.0,0.029,0.038,0.755,0.103,223192000.0,2862155000.0,1.0,1327947115.0,1333791000.0,1343989000.0,6.07,7886104000.0,0.0,406274000.0,685967000.0,5.913,3377562000.0
54,EBAY,MRT,2007-12-31,2007-12-31,2007-12-31,2021-08-25,1701276000.0,15366037000.0,14608514250.0,7122505000.0,8243532000.0,0.525,8.614,-453967000.0,4221191000.0,4221191000.0,1762972000.0,348251000.0,2.298,0.313,200000000.0,200000000.0,0.0,200000000.0,166495000.0,601621000.0,0.0,0.0,0.0,750851000.0,1352472000.0,0.176,1352472000.0,750851000.0,750851000.0,0.26,0.25,0.26,11704602000.0,11333252500.0,11704602000.0,41011045770.0,55.0,30.323,2187362000.0,1.61,1.0,5909357000.0,0.77,6853191000.0,0.0,1392076000.0,1083885750.0,0.0,814501000.0,676264000.0,138237000.0,3661435000.0,3099579000.0,561856000.0,44923636770.0,1558399000.0,-863565000.0,-978442000.0,200000000.0,0.0,-693612000.0,-693146000.0,618081000.0,2641329000.0,303828000.0,348251000.0,348251000.0,348251000.0,0.0,0.0,0.045,5296177000.0,613180000.0,1670191000.0,0.0,3.838,128.998,127.654,1120452000.0,0.0,33.19,5.855,5.878,1994135000.0,4190546000.0,7672329000.0,7672329000.0,619727000.0,0.024,0.031,0.693,0.098,216983000.0,2787491000.0,1.0,1353529279.0,1358797000.0,1376174000.0,5.646,8512846000.0,0.0,402600000.0,622311000.0,6.265,4022926000.0
55,EBAY,MRT,2007-09-30,2007-09-30,2007-09-30,2021-08-25,1331494000.0,14786812000.0,14140507750.0,6361751000.0,8425061000.0,0.51,8.025,-422608000.0,3912591000.0,3912591000.0,1613316000.0,163832000.0,1.944,0.36,0.0,0.0,0.0,0.0,156183000.0,585507000.0,0.0,0.0,0.0,576674000.0,1162181000.0,0.161,1162181000.0,576674000.0,562983000.0,0.12,0.1,0.12,10872692000.0,11133260000.0,10872692000.0,49571299024.0,86.0,42.654,2051916000.0,1.515,1.0,5598308000.0,0.776,6822881000.0,13691000.0,778473000.0,1007259000.0,0.0,531389000.0,76108000.0,455281000.0,3914120000.0,3272867000.0,641253000.0,53006855024.0,1430334000.0,-320195000.0,-1701092000.0,0.0,0.0,-1616958000.0,304974000.0,1040616000.0,2474524000.0,267794000.0,163832000.0,163832000.0,163832000.0,0.0,0.0,0.023,5161383000.0,436925000.0,1695871000.0,0.0,4.875,323.544,325.167,1059607000.0,0.0,39.02,7.35,7.33,976606000.0,3659660000.0,7211624000.0,7211624000.0,581659000.0,0.012,0.015,0.573,0.08,375349000.0,2725873000.0,1.0,1358453486.0,1354786000.0,1354786000.0,5.323,7963931000.0,0.0,399151000.0,693586000.0,5.878,3088884000.0
56,EBAY,MRT,2007-06-30,2007-06-30,2007-06-30,2021-08-25,859561000.0,14361157000.0,13809584250.0,5480376000.0,8880781000.0,0.49,8.478,-440181000.0,3435556000.0,3435556000.0,1486790000.0,1380363000.0,2.353,0.245,0.0,0.0,0.0,0.0,145236000.0,569011000.0,0.0,0.0,0.0,1856267000.0,2425278000.0,0.358,2425278000.0,1856267000.0,1844751000.0,1.01,0.99,1.01,11539529000.0,11190803750.0,11539529000.0,40906378739.0,22.0,16.867,1926970000.0,1.416,1.0,5284251000.0,0.78,7598505000.0,11516000.0,998453000.0,1212596500.0,0.0,358121000.0,181983000.0,176138000.0,2821628000.0,2328643000.0,492985000.0,43888321739.0,783968000.0,-320195000.0,-2018479000.0,0.0,0.0,-1957307000.0,227976000.0,992153000.0,2367151000.0,146148000.0,1380363000.0,1380363000.0,1380363000.0,0.0,0.0,0.204,3570600000.0,1713651000.0,1387944000.0,0.0,3.803,31.795,31.861,1032673000.0,0.0,32.18,6.482,6.468,881891000.0,4595295000.0,6771041000.0,6771041000.0,537185000.0,0.1,0.123,1.531,0.274,349633000.0,2575194000.0,1.0,1363838463.0,1361046000.0,1378697000.0,4.975,6762652000.0,0.0,464388000.0,517282000.0,4.969,3151733000.0
57,EBAY,MRT,2007-03-31,2007-03-31,2007-03-31,2021-08-25,764090000.0,13920051000.0,13531857750.0,5099609000.0,8820442000.0,0.469,8.205,-467285000.0,2981943000.0,2981943000.0,1366884000.0,1254533000.0,2.266,0.241,0.0,0.0,0.0,0.0,143144000.0,564715000.0,0.0,0.0,0.0,1702437000.0,2267152000.0,0.357,2267152000.0,1702437000.0,1692726000.0,0.91,0.89,0.91,11216187000.0,11126789500.0,11216187000.0,42705950476.0,25.0,18.837,1760794000.0,1.288,1.0,4980512000.0,0.785,7520996000.0,9711000.0,1166541000.0,1400247750.0,0.0,537937000.0,317275000.0,220662000.0,2703864000.0,2250571000.0,453293000.0,45381480476.0,1090575000.0,-304064000.0,-1672594000.0,0.0,0.0,-1589822000.0,312089000.0,1089443000.0,2228079000.0,140229000.0,1254533000.0,1254533000.0,1254533000.0,0.0,0.0,0.198,3412353000.0,1568159000.0,1325299000.0,0.0,4.046,36.174,36.429,1035714000.0,0.0,33.15,7.15,7.139,805494000.0,4219471000.0,6347396000.0,6347396000.0,513223000.0,0.093,0.113,1.216,0.268,356888000.0,2434871000.0,1.0,1368973770.0,1366915000.0,1384287000.0,4.644,6399055000.0,0.0,438193000.0,501834000.0,4.681,2849038000.0
58,EBAY,MRT,2006-12-31,2006-12-31,2006-12-31,2021-08-25,696197000.0,13494011000.0,13193978750.0,4970586000.0,8523425000.0,0.452,7.793,-515448000.0,2662792000.0,2662792000.0,1256792000.0,1125639000.0,1.974,0.237,0.0,0.0,0.0,0.0,128964000.0,544552000.0,0.0,0.0,0.0,1552973000.0,2097525000.0,0.351,2097525000.0,1552973000.0,1547057000.0,0.8,0.79,0.8,10904632000.0,10979442750.0,10904632000.0,39405491688.0,25.0,18.787,1732343000.0,1.238,1.0,4712949000.0,0.789,7227255000.0,5916000.0,1085569000.0,1606806250.0,0.0,832694000.0,554841000.0,277853000.0,2589379000.0,2518395000.0,70984000.0,41920826688.0,1349212000.0,-45505000.0,-1353058000.0,0.0,0.0,-1260687000.0,228853000.0,796964000.0,2247791000.0,133255000.0,1125639000.0,1125639000.0,1125639000.0,0.0,0.0,0.189,3289993000.0,1422956000.0,1243344000.0,0.0,3.844,37.242,37.587,998196000.0,0.0,30.07,7.022,7.048,792492000.0,3842150000.0,5969741000.0,5969741000.0,494695000.0,0.085,0.103,0.966,0.26,373604000.0,2331496000.0,1.0,1394107971.0,1399251000.0,1425472000.0,4.266,6266756000.0,0.0,421418000.0,496202000.0,4.479,2452191000.0
59,EBAY,MRT,2006-09-30,2006-09-30,2006-09-30,2021-08-25,461568000.0,13463118000.0,12767722500.0,4774683000.0,8688435000.0,0.437,7.895,-516622000.0,2515335000.0,2515335000.0,1139995000.0,1058393000.0,2.15,0.213,0.0,0.0,0.0,0.0,117791000.0,522234000.0,0.0,0.0,0.0,1461662000.0,1983896000.0,0.356,1983896000.0,1461662000.0,1458511000.0,0.76,0.74,0.76,11102867000.0,10765280000.0,11102867000.0,37472777321.0,26.0,18.888,1631445000.0,1.16,1.0,4438704000.0,0.796,7127275000.0,3151000.0,1599823000.0,1839766500.0,0.0,1280530000.0,741655000.0,538875000.0,2360251000.0,2220685000.0,139566000.0,40140578321.0,301659000.0,-1658991000.0,-242005000.0,0.0,0.0,-164742000.0,-1742755000.0,453775000.0,2148067000.0,61089000.0,1058393000.0,1058393000.0,1058393000.0,0.0,0.0,0.19,3095222000.0,1343482000.0,1095828000.0,0.0,3.615,37.926,37.316,999214000.0,0.0,28.36,7.195,7.15,673785000.0,3495683000.0,5578699000.0,5578699000.0,467329000.0,0.083,0.098,0.794,0.262,392051000.0,2424788000.0,1.0,1415394158.0,1406382000.0,1426112000.0,3.967,6335843000.0,0.0,400118000.0,489110000.0,4.505,2553998000.0
60,EBAY,MRT,2006-06-30,2006-06-30,2006-06-30,2021-08-25,386697000.0,13250251000.0,11808453750.0,4546229000.0,8704022000.0,0.443,7.992,-421936000.0,2667801000.0,2667801000.0,1020375000.0,1032468000.0,2.644,0.174,0.0,0.0,0.0,0.0,106082000.0,478912000.0,0.0,0.0,0.0,1468790000.0,1947702000.0,0.372,1947702000.0,1468790000.0,1465761000.0,0.75,0.72,0.75,11283472000.0,9996404250.0,11283472000.0,39394907213.0,27.0,20.226,1695721000.0,1.201,1.0,4215202000.0,0.805,7113987000.0,3029000.0,1749058000.0,1971125000.0,0.0,1342977000.0,720115000.0,622862000.0,1966779000.0,1719405000.0,247374000.0,41302096213.0,778732000.0,-2251121000.0,515180000.0,0.0,0.0,576153000.0,-1951943000.0,735102000.0,2117657000.0,36865000.0,1032468000.0,1032468000.0,1032468000.0,0.0,0.0,0.197,2854017000.0,1361185000.0,799310000.0,0.0,3.66,40.003,39.053,942437000.0,0.0,29.29,7.889,7.899,529903000.0,3214787000.0,5235577000.0,5235577000.0,425805000.0,0.087,0.103,0.745,0.281,383446000.0,2243104000.0,1.0,1410109123.0,1411925000.0,1435757000.0,3.708,6136264000.0,0.0,433293000.0,412465000.0,4.346,2826824000.0
61,EBAY,MRT,2006-03-31,2006-03-31,2006-03-31,2021-08-25,231221000.0,12568535000.0,10754171500.0,3900243000.0,8668292000.0,0.457,7.557,-363983000.0,1907189000.0,1907189000.0,915332000.0,1074034000.0,2.319,0.183,0.0,0.0,0.0,0.0,90965000.0,421791000.0,0.0,0.0,0.0,1543230000.0,1965021000.0,0.4,1965021000.0,1543230000.0,1540725000.0,0.79,0.76,0.79,10626800000.0,9067816500.0,10626800000.0,53518732324.0,35.0,27.236,1734693000.0,1.234,1.0,3995764000.0,0.814,6987063000.0,2505000.0,1992775000.0,2146671250.0,0.0,1621546000.0,828049000.0,793497000.0,1941735000.0,1681508000.0,260227000.0,54862014324.0,659662000.0,-2287222000.0,501172000.0,0.0,0.0,524544000.0,-1951596000.0,714305000.0,2098676000.0,-11962000.0,1074034000.0,1074034000.0,1074034000.0,0.0,0.0,0.219,2567007000.0,1428757000.0,761995000.0,0.0,5.163,51.08,49.367,860493000.0,0.0,39.0,11.171,11.168,544173000.0,2964793000.0,4911096000.0,4911096000.0,373472000.0,0.1,0.118,0.719,0.314,308214000.0,2040225000.0,1.0,1406718316.0,1406309000.0,1437581000.0,3.492,5581472000.0,0.0,466691000.0,459313000.0,3.969,2218735000.0
62,EBAY,MRT,2005-12-31,2005-12-31,2005-12-31,2021-08-25,103130000.0,11788986000.0,9759327250.0,3183237000.0,8605749000.0,0.466,7.379,-309991000.0,1343282000.0,1343282000.0,818104000.0,1082043000.0,2.144,0.173,0.0,0.0,0.0,0.0,81940000.0,378165000.0,0.0,0.0,0.0,1552806000.0,1930971000.0,0.424,1930971000.0,1552806000.0,1549328000.0,0.79,0.78,0.79,10047981000.0,8219818000.0,10047981000.0,58024754832.0,37.0,30.05,1699900000.0,1.248,1.0,3734297000.0,0.82,6943359000.0,3478000.0,2017410000.0,2326129750.0,0.0,1600317000.0,774650000.0,825667000.0,1741005000.0,1484935000.0,256070000.0,60238608832.0,-16465000.0,-2732230000.0,599845000.0,-128239000.0,0.0,471606000.0,-2452731000.0,604186000.0,2009891000.0,-45231000.0,1082043000.0,1082043000.0,1082043000.0,0.0,0.0,0.238,2292590000.0,1441707000.0,642343000.0,0.0,5.995,55.671,54.709,801602000.0,0.0,43.22,13.232,12.928,578070000.0,2716511000.0,4552401000.0,4552401000.0,328191000.0,0.111,0.132,0.668,0.341,298914000.0,1835458000.0,1.0,1393766979.0,1361708000.0,1393875000.0,3.343,4845627000.0,0.0,467285000.0,397777000.0,3.558,1698302000.0
63,EBAY,MRT,2005-09-30,2005-09-30,2005-09-30,2021-08-25,146949000.0,9626043000.0,8809843500.0,3990993000.0,5635050000.0,0.472,5.914,-295132000.0,2213854000.0,2213854000.0,754989000.0,1008201000.0,3.15,0.199,0.0,0.0,0.0,0.0,44222000.0,329716000.0,0.0,0.0,0.0,1460259000.0,1789975000.0,0.43,1789975000.0,1460259000.0,1455438000.0,0.75,0.73,0.75,8027364000.0,7389908000.0,8027364000.0,53892655877.0,37.0,30.108,1569729000.0,1.157,1.0,3404335000.0,0.818,4020140000.0,4821000.0,2125257000.0,2439852250.0,0.0,1715974000.0,888783000.0,827191000.0,1598679000.0,1266792000.0,331887000.0,55780381877.0,744688000.0,-1451514000.0,605780000.0,-128609000.0,0.0,477171000.0,-1589592000.0,161018000.0,1864861000.0,-7752000.0,1008201000.0,1008201000.0,1008201000.0,0.0,0.0,0.242,2048316000.0,1356019000.0,560035000.0,0.0,6.949,55.327,54.933,762413000.0,0.0,41.2,13.411,13.444,484831000.0,2437290000.0,4159324000.0,4159324000.0,288877000.0,0.114,0.136,0.599,0.351,262869000.0,1668742000.0,1.0,1353892764.0,1357239000.0,1387038000.0,3.065,5605903000.0,0.0,447237000.0,437148000.0,4.13,2724201000.0
64,EBAY,MRT,2005-06-30,2005-06-30,2005-06-30,2021-08-25,162285000.0,9033122000.0,8213733000.0,3689828000.0,5343294000.0,0.47,5.601,-326336000.0,1887726000.0,1887726000.0,711735000.0,935579000.0,3.109,0.193,0.0,0.0,0.0,0.0,42079000.0,303536000.0,0.0,0.0,0.0,1338202000.0,1641738000.0,0.425,1641738000.0,1338202000.0,1331576000.0,0.7,0.68,0.7,7569121000.0,6905643000.0,7569121000.0,43283729620.0,32.0,26.365,1321585000.0,0.978,1.0,3147950000.0,0.816,3507335000.0,6626000.0,2451243000.0,2455541750.0,0.0,1961211000.0,896951000.0,1064260000.0,1464001000.0,1186818000.0,277183000.0,44532131620.0,266936000.0,-1390575000.0,555010000.0,-129053000.0,0.0,425957000.0,-1804646000.0,-79584000.0,1647921000.0,-2296000.0,935579000.0,935579000.0,935579000.0,0.0,0.0,0.242,1894754000.0,1253196000.0,549417000.0,0.0,5.883,47.598,47.157,745257000.0,0.0,33.01,11.538,11.558,469812000.0,2182319000.0,3859685000.0,3859685000.0,273399000.0,0.114,0.135,0.545,0.347,220849000.0,1541444000.0,1.0,1349049731.0,1351375000.0,1379088000.0,2.856,5525787000.0,0.0,395997000.0,383833000.0,4.089,2503010000.0
65,EBAY,MRT,2005-03-31,2005-03-31,2005-03-31,2021-08-25,225865000.0,8589158000.0,7663576750.0,2948052000.0,5641106000.0,0.463,5.385,-301510000.0,1248402000.0,1248402000.0,666426000.0,834414000.0,2.566,0.187,0.0,0.0,0.0,0.0,42806000.0,277665000.0,0.0,0.0,0.0,1200759000.0,1478424000.0,0.417,1478424000.0,1200759000.0,1192491000.0,0.62,0.61,0.62,7234806000.0,6462384000.0,7234806000.0,48744961105.0,41.0,32.971,1112979000.0,0.828,1.0,2880368000.0,0.812,3481041000.0,8268000.0,2710609000.0,2397568000.0,0.0,2216613000.0,799037000.0,1417576000.0,1354352000.0,1149106000.0,205246000.0,50107482105.0,-284936000.0,-1446821000.0,656828000.0,-130061000.0,0.0,526767000.0,-2247366000.0,-491334000.0,1414489000.0,21174000.0,834414000.0,834414000.0,834414000.0,0.0,0.0,0.235,1752300000.0,1128068000.0,543389000.0,0.0,6.926,60.051,60.097,693460000.0,0.0,37.26,14.128,14.113,479814000.0,1890759000.0,3546794000.0,3546794000.0,261738000.0,0.109,0.129,0.501,0.339,279207000.0,1415490000.0,1.0,1344806283.0,1343442000.0,1382150000.0,2.64,5108117000.0,0.0,358077000.0,293125000.0,3.802,1798946000.0
66,EBAY,MRT,2004-12-31,2004-12-31,2004-12-31,2021-08-25,241642000.0,7991051000.0,7130848750.0,2911149000.0,5079902000.0,0.459,5.099,-292838000.0,1485450000.0,1485450000.0,614415000.0,778223000.0,2.683,0.188,124272000.0,124272000.0,0.0,124272000.0,50439000.0,253690000.0,0.0,0.0,0.0,1130987000.0,1384677000.0,0.423,1384677000.0,1130987000.0,1122108000.0,0.59,0.57,0.59,6728341000.0,5992342750.0,6728341000.0,75668368397.0,67.0,54.647,992477000.0,0.752,1.0,2656894000.0,0.812,3072703000.0,8879000.0,2472300000.0,2220257250.0,0.0,1949711000.0,682004000.0,1267707000.0,1262710000.0,1084870000.0,177840000.0,77122766397.0,-51468000.0,-1036476000.0,650638000.0,-2969000.0,0.0,647669000.0,-2013220000.0,-675260000.0,1285315000.0,28768000.0,778223000.0,778223000.0,778223000.0,0.0,0.0,0.238,1597652000.0,1059242000.0,369763000.0,0.0,11.462,99.101,98.593,709773000.0,0.0,58.17,23.576,23.462,364280000.0,1634468000.0,3271309000.0,3271309000.0,240647000.0,0.109,0.13,0.509,0.346,267815000.0,1291078000.0,1.0,1325816854.0,1319458000.0,1367720000.0,2.479,4918348000.0,0.0,343885000.0,254398000.0,3.728,1826279000.0
67,EBAY,MRT,2004-09-30,2004-09-30,2004-09-30,2021-08-25,109061000.0,7241601000.0,6588119500.0,2929023000.0,4312578000.0,0.453,4.603,-305718000.0,1579114000.0,1579114000.0,553467000.0,715306000.0,3.0,0.189,124716000.0,124273000.0,443000.0,124716000.0,43377000.0,225959000.0,0.0,0.0,0.0,1039042000.0,1265001000.0,0.424,1265001000.0,1039042000.0,1030449000.0,0.545,0.53,0.545,6090304000.0,5534318000.0,6090304000.0,59167543866.0,57.0,46.773,865808000.0,0.654,1.0,2430453000.0,0.815,2622766000.0,8593000.0,2188015000.0,2047932750.0,0.0,1622805000.0,641710000.0,981095000.0,1151297000.0,976422000.0,174875000.0,60774346866.0,-147965000.0,-812912000.0,559870000.0,-12823000.0,0.0,547047000.0,-1865630000.0,-739743000.0,1171526000.0,-908000.0,715306000.0,715306000.0,715306000.0,0.0,0.0,0.24,1452792000.0,977661000.0,332806000.0,0.0,9.979,84.963,84.349,682022000.0,0.0,45.97,20.367,20.384,463027000.0,1429089000.0,2983920000.0,2983920000.0,222506000.0,0.109,0.129,0.507,0.348,211832000.0,1187177000.0,1.0,1322043656.0,1323145000.0,1369954000.0,2.255,4618835000.0,0.0,315143000.0,227863000.0,3.491,1952601000.0
68,EBAY,MRT,2004-06-30,2004-06-30,2004-06-30,2021-08-25,96529000.0,6832497000.0,6152892750.0,2888068000.0,3944429000.0,0.44,4.404,-271962000.0,1731964000.0,1731964000.0,505699000.0,636207000.0,3.22,0.179,125161000.0,124274000.0,887000.0,125161000.0,39643000.0,203595000.0,0.0,0.0,0.0,930362000.0,1133957000.0,0.419,1133957000.0,930362000.0,921738000.0,0.485,0.48,0.485,5796085000.0,5159831250.0,5796085000.0,58926407539.0,63.0,51.965,832814000.0,0.633,1.0,2203287000.0,0.813,2109304000.0,8624000.0,2219348000.0,1852117000.0,0.0,1724022000.0,548924000.0,1175098000.0,1036412000.0,897042000.0,139370000.0,60444275539.0,197156000.0,-384493000.0,583138000.0,-13308000.0,0.0,569830000.0,-1480181000.0,-821278000.0,1104776000.0,2731000.0,636207000.0,636207000.0,636207000.0,0.0,0.0,0.235,1323667000.0,879620000.0,301236000.0,0.0,10.428,95.007,94.794,639140000.0,0.0,45.975,22.313,22.337,385584000.0,1246740000.0,2708986000.0,2708986000.0,198840000.0,0.103,0.123,0.502,0.343,230633000.0,1084797000.0,1.0,1314720512.0,1316138000.0,1364842000.0,2.058,4723193000.0,0.0,285531000.0,164453000.0,3.589,1991026000.0
69,EBAY,MRT,2004-03-31,2004-03-31,2004-03-31,2021-08-25,111182000.0,6458246000.0,5705513250.0,2658360000.0,3799886000.0,0.429,4.103,-392388000.0,1644036000.0,1644036000.0,458318000.0,537680000.0,2.777,0.206,126168000.0,124838000.0,1330000.0,126168000.0,36886000.0,182668000.0,0.0,0.0,0.0,787770000.0,970438000.0,0.397,970438000.0,787770000.0,781156000.0,0.415,0.41,0.415,5354641000.0,4794009500.0,5354641000.0,43927365742.0,56.0,45.266,657970000.0,0.504,1.0,1986525000.0,0.813,1981847000.0,6614000.0,2001366000.0,1613010750.0,0.0,1585351000.0,418677000.0,1166674000.0,1103605000.0,957165000.0,146440000.0,45308994742.0,-52710000.0,-246641000.0,656521000.0,-12791000.0,0.0,643730000.0,-1767327000.0,-1127353000.0,1050358000.0,20529000.0,537680000.0,537680000.0,537680000.0,0.0,0.0,0.22,1238680000.0,747845000.0,354916000.0,0.0,8.462,84.268,83.47,628086000.0,0.0,34.64,18.532,18.49,367705000.0,1056345000.0,2444843000.0,2444843000.0,177681000.0,0.094,0.112,0.488,0.322,169714000.0,996799000.0,1.0,1307996384.0,1305002000.0,1347596000.0,1.873,4476399000.0,0.0,243476000.0,180601000.0,3.43,1701195000.0
70,EBAY,MRT,2003-12-31,2003-12-31,2003-12-31,2021-08-25,104196000.0,5820134000.0,5234195500.0,2145882000.0,3674252000.0,0.414,3.835,-365384000.0,1523804000.0,1523804000.0,416058000.0,441771000.0,3.315,0.189,127316000.0,2840000.0,124476000.0,127316000.0,28874000.0,159003000.0,0.0,0.0,0.0,652823000.0,811826000.0,0.375,811826000.0,652823000.0,648509000.0,0.35,0.34,0.35,4896242000.0,4436647000.0,4896242000.0,40163710453.0,62.0,49.473,508735000.0,0.399,1.0,1749038000.0,0.808,1993368000.0,4314000.0,1783002000.0,1288624000.0,0.0,1274747000.0,340576000.0,934171000.0,923892000.0,647276000.0,276616000.0,41737128453.0,272200000.0,-216367000.0,700817000.0,-11951000.0,0.0,688866000.0,-1319542000.0,-737791000.0,874119000.0,28757000.0,441771000.0,441771000.0,441771000.0,0.0,0.0,0.204,1119797000.0,629241000.0,171201000.0,0.0,8.524,94.477,92.3,601785000.0,0.0,32.305,19.277,19.048,305764000.0,856245000.0,2165096000.0,2165096000.0,159315000.0,0.084,0.1,0.507,0.302,136130000.0,900233000.0,1.0,1291971164.0,1276576000.0,1313314000.0,1.696,3826766000.0,0.0,206738000.0,167108000.0,2.998,1498606000.0
71,EBAY,MRT,2003-09-30,2003-09-30,2003-09-30,2021-08-25,99148000.0,5500694000.0,4789218500.0,2111006000.0,3389688000.0,0.403,3.573,-313866000.0,1710958000.0,1710958000.0,383265000.0,386305000.0,3.473,0.198,137540000.0,3586000.0,133954000.0,137540000.0,25246000.0,141901000.0,0.0,0.0,0.0,577332000.0,719233000.0,0.373,719233000.0,577332000.0,574938000.0,0.31,0.295,0.31,4592357000.0,4101704750.0,4592357000.0,32938748963.0,57.0,45.797,475697000.0,0.37,1.0,1547366000.0,0.801,1914698000.0,2394000.0,1404752000.0,1015704500.0,0.0,893920000.0,163765000.0,730155000.0,908337000.0,607826000.0,300511000.0,34441404963.0,835252000.0,-121491000.0,718244000.0,2002000.0,-50000.0,720196000.0,-702469000.0,-303286000.0,789563000.0,27962000.0,386305000.0,386305000.0,386305000.0,0.0,0.0,0.2,1007344000.0,540022000.0,164655000.0,0.0,7.5,89.156,86.516,534624000.0,0.0,26.82,17.839,17.857,253709000.0,713783000.0,1930631000.0,1930631000.0,144708000.0,0.081,0.094,0.568,0.299,110256000.0,773576000.0,1.0,1284168716.0,1285458000.0,1324462000.0,1.502,3585996000.0,63547000.0,188633000.0,179521000.0,2.79,1503180000.0
72,EBAY,MRT,2003-06-30,2003-06-30,2003-06-30,2021-08-25,83727000.0,5042979000.0,3934186250.0,2003519000.0,3039460000.0,0.429,3.403,-297322000.0,1518626000.0,1518626000.0,319286000.0,344058000.0,3.763,0.164,15970000.0,3586000.0,12384000.0,15970000.0,21485000.0,115715000.0,0.0,0.0,0.0,516045000.0,631760000.0,0.374,631760000.0,516045000.0,515868000.0,0.285,0.27,0.285,4332798000.0,3409453000.0,4332798000.0,31354083464.0,61.0,49.63,396156000.0,0.311,1.0,1369182000.0,0.811,1744907000.0,177000.0,1262923000.0,853618250.0,0.0,941646000.0,271337000.0,670309000.0,710181000.0,532493000.0,177688000.0,33019775464.0,774690000.0,-9190000.0,656710000.0,2545000.0,-50000.0,659205000.0,-597923000.0,-327585000.0,693478000.0,19930000.0,344058000.0,344058000.0,344058000.0,0.0,0.0,0.204,894915000.0,474267000.0,164858000.0,0.0,7.621,95.972,91.228,403295000.0,0.0,26.0,19.556,19.608,247684000.0,610533000.0,1688468000.0,1688468000.0,129134000.0,0.087,0.101,0.605,0.306,101339000.0,690290000.0,1.0,1269991364.0,1273360000.0,1312294000.0,1.326,3298072000.0,75873000.0,171810000.0,191538000.0,2.59,1471026000.0
73,EBAY,MRT,2003-03-31,2003-03-31,2003-03-31,2021-08-25,46958000.0,4572975000.0,3165947250.0,2013674000.0,2559301000.0,0.457,3.129,-171084000.0,1682154000.0,1682154000.0,264697000.0,306498000.0,4.332,0.165,16462000.0,3340000.0,13122000.0,16462000.0,20535000.0,95585000.0,0.0,0.0,0.0,472889000.0,568474000.0,0.393,568474000.0,472889000.0,472051000.0,0.265,0.25,0.265,3925191000.0,2750279250.0,3925191000.0,25607580459.0,54.0,45.046,406552000.0,0.324,1.0,1180789000.0,0.817,1738609000.0,838000.0,703819000.0,730581000.0,0.0,484272000.0,122283000.0,361989000.0,647784000.0,464855000.0,182929000.0,26834769459.0,977567000.0,-20243000.0,442562000.0,2925000.0,-50000.0,445437000.0,-60062000.0,95091000.0,577636000.0,14556000.0,306498000.0,306498000.0,306498000.0,0.0,0.0,0.212,749164000.0,431625000.0,151316000.0,0.0,6.837,87.553,80.481,241800000.0,0.0,21.328,18.565,18.512,241148000.0,518666000.0,1445486000.0,1445486000.0,114661000.0,0.097,0.111,0.647,0.327,110478000.0,602598000.0,1.0,1258223864.0,1254632000.0,1285036000.0,1.152,2834366000.0,76861000.0,165553000.0,178319000.0,2.259,1548819000.0
74,EBAY,MRT,2002-12-31,2002-12-31,2002-12-31,2021-08-25,38498000.0,4040226000.0,2469957000.0,1468458000.0,2571768000.0,0.492,3.093,-138670000.0,1243957000.0,1243957000.0,213876000.0,249891000.0,3.802,0.136,16768000.0,2970000.0,13798000.0,16768000.0,18846000.0,76576000.0,0.0,0.0,0.0,397329000.0,473905000.0,0.39,473905000.0,397329000.0,395837000.0,0.22,0.21,0.22,3556473000.0,2150882750.0,3556473000.0,20069032005.0,51.0,42.348,341233000.0,0.297,1.0,1000224000.0,0.824,1735489000.0,1492000.0,691324000.0,723650500.0,0.0,559917000.0,89690000.0,470227000.0,483753000.0,386224000.0,97529000.0,20938210005.0,585344000.0,-59411000.0,252181000.0,-64000.0,-50000.0,252067000.0,-157759000.0,4148000.0,479903000.0,11133000.0,249891000.0,249891000.0,249891000.0,0.0,0.0,0.206,646027000.0,354197000.0,97820000.0,0.0,5.887,83.789,77.068,218028000.0,0.0,16.955,17.246,16.06,172467000.0,414474000.0,1214100000.0,1214100000.0,104636000.0,0.101,0.116,0.549,0.327,97190000.0,521435000.0,1.0,1234928340.0,1149984000.0,1171280000.0,1.056,2304737000.0,0.0,145946000.0,94890000.0,2.004,1082234000.0
75,EBAY,MRT,2002-09-30,2002-09-30,2002-09-30,2021-08-25,19872000.0,2080565000.0,1879532750.0,1044161000.0,1036404000.0,0.542,1.615,-105336000.0,878649000.0,878649000.0,171201000.0,188830000.0,5.34,0.141,9471000.0,108000.0,9363000.0,9471000.0,16771000.0,75285000.0,0.0,0.0,0.0,312034000.0,387319000.0,0.38,387319000.0,312034000.0,309879000.0,0.173,0.17,0.173,1823350000.0,1619049000.0,1823350000.0,14161419702.0,45.0,36.563,275388000.0,0.244,1.0,848372000.0,0.832,259438000.0,2155000.0,756407000.0,719391250.0,0.0,537392000.0,97430000.0,439962000.0,257215000.0,195542000.0,61673000.0,14883467702.0,324894000.0,-49641000.0,170967000.0,-3840000.0,-319000.0,166808000.0,-230162000.0,-77250000.0,380724000.0,7524000.0,188830000.0,188830000.0,188830000.0,0.0,0.0,0.185,566480000.0,281892000.0,32697000.0,0.0,8.163,78.819,76.315,164990000.0,0.0,13.203,14.598,14.62,138378000.0,327479000.0,1019573000.0,1019573000.0,94539000.0,0.1,0.117,0.434,0.306,126103000.0,452157000.0,1.0,1127321924.0,1129068000.0,1146364000.0,0.903,1821127000.0,18101000.0,121049000.0,17721000.0,1.613,848619000.0
76,EBAY,MRT,2002-06-30,2002-06-30,2002-06-30,2021-08-25,23955000.0,1970023000.0,1746543250.0,937586000.0,1032437000.0,0.53,1.511,-99362000.0,746830000.0,746830000.0,160780000.0,146665000.0,4.397,0.161,24782000.0,14974000.0,9808000.0,24782000.0,22373000.0,80997000.0,0.0,0.0,0.0,255231000.0,336228000.0,0.363,336228000.0,255231000.0,252668000.0,0.135,0.133,0.135,1696103000.0,1490905750.0,1696103000.0,16587282689.0,65.0,49.333,230908000.0,0.206,1.0,764439000.0,0.826,263980000.0,2563000.0,770774000.0,690829500.0,0.0,534620000.0,121651000.0,412969000.0,273920000.0,213221000.0,60699000.0,17265700689.0,177102000.0,-55328000.0,169288000.0,-3513000.0,-319000.0,165456000.0,-328659000.0,-173969000.0,330270000.0,10035000.0,146665000.0,146665000.0,146665000.0,0.0,0.0,0.159,540015000.0,224424000.0,36531000.0,0.0,10.18,117.722,114.111,187055000.0,0.0,15.405,18.661,18.695,128769000.0,266475000.0,925219000.0,925219000.0,90553000.0,0.084,0.098,0.369,0.276,111209000.0,418670000.0,1.0,1120785504.0,1122828000.0,1141664000.0,0.824,1706043000.0,23520000.0,106003000.0,23318000.0,1.519,724365000.0
77,EBAY,MRT,2002-03-31,2002-03-31,2002-03-31,2021-08-25,-15113000.0,1789014000.0,1622951750.0,910672000.0,878342000.0,0.517,1.372,-59870000.0,703241000.0,703241000.0,149091000.0,116965000.0,4.502,0.171,24823000.0,15049000.0,9774000.0,24823000.0,16283000.0,85415000.0,0.0,0.0,0.0,213782000.0,299197000.0,0.356,299197000.0,213782000.0,210958000.0,0.108,0.105,0.108,1527605000.0,1374001000.0,1527605000.0,15203533853.0,71.0,50.814,247067000.0,0.222,1.0,690746000.0,0.822,232198000.0,2824000.0,676097000.0,633612000.0,0.0,496749000.0,152936000.0,343813000.0,261409000.0,202301000.0,59108000.0,15828997853.0,262588000.0,-46075000.0,148983000.0,-19091000.0,-319000.0,129573000.0,-173664000.0,-67719000.0,306937000.0,-258000.0,116965000.0,116965000.0,116965000.0,0.0,0.0,0.139,510309000.0,180437000.0,33619000.0,0.0,10.362,135.331,131.111,142387000.0,0.0,14.16,18.848,18.771,120912000.0,212167000.0,839837000.0,839837000.0,83858000.0,0.072,0.085,0.337,0.255,100974000.0,387991000.0,1.0,1117867080.0,1113328000.0,1139564000.0,0.754,1556816000.0,23031000.0,93993000.0,22990000.0,1.398,708371000.0
78,EBAY,MRT,2001-12-31,2001-12-31,2001-12-31,2021-08-25,-8645000.0,1678529000.0,1489955500.0,883805000.0,794724000.0,0.503,1.328,-54593000.0,653583000.0,653583000.0,134816000.0,90448000.0,4.906,0.175,28119000.0,16111000.0,12008000.0,28119000.0,15583000.0,86641000.0,0.0,0.0,0.0,173308000.0,259949000.0,0.347,259949000.0,173308000.0,170457000.0,0.085,0.08,0.085,1429138000.0,1253167750.0,1429138000.0,17880163643.0,103.0,68.783,197519000.0,0.184,1.0,614005000.0,0.82,198639000.0,2851000.0,674287000.0,611122500.0,0.0,486448000.0,199450000.0,286998000.0,249391000.0,180139000.0,69252000.0,18405578643.0,322096000.0,-111730000.0,123710000.0,-21886000.0,-319000.0,101505000.0,-29819000.0,136504000.0,252112000.0,-1702000.0,90448000.0,90448000.0,90448000.0,0.0,0.0,0.121,473579000.0,140426000.0,33235000.0,0.0,12.879,203.493,196.765,142349000.0,0.0,16.725,24.579,24.03,101703000.0,164633000.0,748821000.0,748821000.0,75288000.0,0.061,0.072,0.284,0.231,84796000.0,359258000.0,1.0,1100483028.0,1075884000.0,1122380000.0,0.696,1479890000.0,21540000.0,80009000.0,24246000.0,1.376,703666000.0
79,EBAY,MRT,2001-09-30,2001-09-30,2001-09-30,2021-08-25,-3797000.0,1548607000.0,1365924000.0,810478000.0,738129000.0,0.486,1.208,-57206000.0,553419000.0,553419000.0,118781000.0,88378000.0,4.821,0.181,28004000.0,15958000.0,12046000.0,28004000.0,15535000.0,70759000.0,0.0,0.0,0.0,162926000.0,233685000.0,0.352,233685000.0,162926000.0,160259000.0,0.082,0.08,0.082,1310777000.0,1149323250.0,1310777000.0,11959258327.0,73.0,51.177,145688000.0,0.134,1.0,544647000.0,0.821,212929000.0,2667000.0,642160000.0,625128500.0,0.0,453321000.0,227324000.0,225997000.0,237830000.0,168103000.0,69727000.0,12502012327.0,293171000.0,-107170000.0,63184000.0,-18464000.0,-157000.0,44563000.0,47532000.0,219823000.0,202894000.0,-1818000.0,88378000.0,88378000.0,88378000.0,0.0,0.0,0.133,419108000.0,125539000.0,30739000.0,0.0,9.538,141.461,139.482,142845000.0,0.0,11.438,18.845,18.704,97931000.0,138645000.0,663428000.0,663428000.0,67707000.0,0.065,0.077,0.261,0.246,72903000.0,322950000.0,1.0,1093072116.0,1084944000.0,1129268000.0,0.611,1335678000.0,10572000.0,71881000.0,10981000.0,1.231,642375000.0
80,EBAY,MRT,2001-06-30,2001-06-30,2001-06-30,2021-08-25,-6708000.0,1475657000.0,1257308750.0,852609000.0,623048000.0,0.463,1.15,-46281000.0,569232000.0,569232000.0,107740000.0,84751000.0,4.801,0.201,26478000.0,15141000.0,11337000.0,26478000.0,18123000.0,57564000.0,0.0,0.0,0.0,150672000.0,208236000.0,0.358,208236000.0,150672000.0,147505000.0,0.08,0.075,0.08,1228484000.0,1063848750.0,1228484000.0,18088631385.0,120.0,86.866,125435000.0,0.117,1.0,474640000.0,0.815,213415000.0,3167000.0,541904000.0,657766000.0,0.0,354044000.0,246473000.0,107571000.0,247173000.0,177584000.0,69589000.0,18503593385.0,296841000.0,-111012000.0,28927000.0,-15055000.0,-157000.0,13715000.0,112577000.0,275720000.0,171716000.0,-1167000.0,84751000.0,84751000.0,84751000.0,0.0,0.0,0.146,367434000.0,107206000.0,40111000.0,0.0,15.062,218.329,214.031,141747000.0,0.0,17.122,31.772,31.409,103717000.0,119109000.0,582380000.0,582380000.0,63313000.0,0.067,0.08,0.229,0.259,64465000.0,288162000.0,1.0,1080659564.0,1068300000.0,1134328000.0,0.545,1262242000.0,9843000.0,62754000.0,10945000.0,1.182,675025000.0
81,EBAY,MRT,2001-03-31,2001-03-31,2001-03-31,2021-08-25,-7159000.0,1257029000.0,1156298500.0,739337000.0,517692000.0,0.432,0.988,-33473000.0,456555000.0,456555000.0,99072000.0,67602000.0,5.121,0.204,41593000.0,30254000.0,11339000.0,41593000.0,12081000.0,43955000.0,0.0,0.0,0.0,117727000.0,161682000.0,0.324,161682000.0,117727000.0,114481000.0,0.065,0.06,0.065,1044272000.0,988029750.0,1044272000.0,9444776136.0,80.0,58.416,95584000.0,0.09,1.0,400555000.0,0.802,111546000.0,3246000.0,586139000.0,701382250.0,0.0,409378000.0,273838000.0,135540000.0,212757000.0,144382000.0,68375000.0,9746363136.0,23697000.0,-109212000.0,15348000.0,-2960000.0,-157000.0,12231000.0,-115835000.0,32700000.0,129057000.0,-1756000.0,67602000.0,67602000.0,67602000.0,0.0,0.0,0.135,327332000.0,73223000.0,21395000.0,0.0,9.333,144.173,139.192,133279000.0,0.0,9.047,19.507,19.143,75494000.0,95423000.0,499627000.0,499627000.0,59262000.0,0.058,0.068,0.168,0.236,52233000.0,260144000.0,1.0,1077243784.0,1057116000.0,1114928000.0,0.473,1145483000.0,10937000.0,46879000.0,10995000.0,1.084,594955000.0
82,EBAY,MRT,2000-12-31,2000-12-31,2000-12-31,2021-08-25,-875000.0,1182403000.0,1101030750.0,675464000.0,506939000.0,0.392,1.007,-49753000.0,328263000.0,328263000.0,95453000.0,48294000.0,4.915,0.166,26676000.0,15272000.0,11404000.0,26676000.0,12656000.0,38050000.0,0.0,0.0,0.0,84393000.0,122443000.0,0.284,122443000.0,84393000.0,81019000.0,0.048,0.043,0.048,1013760000.0,953559000.0,1013760000.0,8615521434.0,102.0,70.364,50395000.0,0.05,1.0,335971000.0,0.779,13063000.0,3374000.0,730311000.0,693524250.0,0.0,572363000.0,354166000.0,218197000.0,168643000.0,137442000.0,31201000.0,8840617434.0,-19928000.0,0.0,45530000.0,2869000.0,-157000.0,85978000.0,-206054000.0,-150451000.0,100148000.0,0.0,48294000.0,48294000.0,48294000.0,0.0,0.0,0.112,300977000.0,34994000.0,31725000.0,0.0,8.721,183.058,171.875,125161000.0,0.0,8.25,20.492,19.259,67163000.0,74504000.0,431424000.0,431424000.0,55863000.0,0.044,0.051,0.122,0.196,44624000.0,239794000.0,1.0,1071589992.0,1007104000.0,1121384000.0,0.428,1169340000.0,13892000.0,32725000.0,11092000.0,1.161,538022000.0
83,EBAY,MRT,2000-09-30,2000-09-30,2000-09-30,2021-08-25,-916000.0,1114146000.0,1047886250.0,522745000.0,591401000.0,0.354,0.947,-75390000.0,256948000.0,256948000.0,93084000.0,28228000.0,5.137,0.15,31852000.0,8965000.0,22887000.0,31852000.0,5170000.0,37100000.0,0.0,0.0,0.0,51465000.0,88565000.0,0.239,88565000.0,51465000.0,47796000.0,0.027,0.028,0.027,968879000.0,913651250.0,968879000.0,18205707051.0,354.0,205.563,33346000.0,0.033,1.0,278251000.0,0.749,14581000.0,3669000.0,772710000.0,679219750.0,0.0,620031000.0,302542000.0,317489000.0,145267000.0,101759000.0,43508000.0,18437389051.0,-118267000.0,0.0,41612000.0,11281000.0,0.0,96833000.0,-324824000.0,-244900000.0,108736000.0,988000.0,28228000.0,28228000.0,28228000.0,0.0,0.0,0.076,271456000.0,6795000.0,18796000.0,0.0,19.03,653.16,636.019,122054000.0,0.0,17.172,49.652,47.307,49226000.0,50727000.0,371335000.0,371335000.0,51971000.0,0.027,0.031,0.076,0.139,34116000.0,216692000.0,1.0,1073657828.0,1022964000.0,1121188000.0,0.363,1099565000.0,10887000.0,19568000.0,7966000.0,1.075,420986000.0
84,EBAY,MRT,2000-06-30,2000-06-30,2000-06-30,2021-08-25,-456000.0,1071616000.0,996760250.0,369151000.0,702465000.0,0.318,0.926,-83714000.0,262011000.0,262011000.0,86253000.0,14203000.0,3.326,0.158,30329000.0,15584000.0,14745000.0,30329000.0,13035000.0,32670000.0,0.0,0.0,0.0,27648000.0,60318000.0,0.191,60318000.0,27648000.0,24488000.0,0.015,0.015,0.015,925208000.0,877757750.0,925208000.0,13877873441.0,502.0,230.078,-5436000.0,-0.005,1.0,230230000.0,0.727,12560000.0,3160000.0,716369000.0,635970500.0,0.0,576993000.0,146526000.0,430467000.0,146408000.0,111005000.0,35403000.0,14254461441.0,-204629000.0,0.0,51098000.0,7358000.0,126000.0,102522000.0,-384989000.0,-294240000.0,78278000.0,-440000.0,14203000.0,14203000.0,14203000.0,0.0,0.0,0.045,242785000.0,-12555000.0,25941000.0,0.0,15.407,1003.623,905.167,123463000.0,0.0,13.578,45.04,42.872,46307000.0,45506000.0,316483000.0,316483000.0,43146000.0,0.014,0.016,0.043,0.087,29915000.0,196799000.0,1.0,1049859064.0,999312000.0,1121932000.0,0.317,1059056000.0,9585000.0,10285000.0,6078000.0,1.06,258146000.0
85,EBAY,MRT,2000-03-31,2000-03-31,2000-03-31,2021-08-25,5232000.0,1035958000.0,959408500.0,416710000.0,619248000.0,0.279,0.934,-97971000.0,404720000.0,404720000.0,72994000.0,7560000.0,4.458,0.143,28132000.0,13304000.0,14828000.0,28132000.0,0.0,26919000.0,4049000.0,0.0,0.0,15680000.0,42599000.0,0.159,42599000.0,15680000.0,13035000.0,0.008,0.007,0.008,906389000.0,856008750.0,906389000.0,22719815280.0,1449.0,533.342,-18841000.0,-0.019,1.0,194816000.0,0.727,11187000.0,2645000.0,554707000.0,585386750.0,0.0,416700000.0,66521000.0,350179000.0,129569000.0,93476000.0,36093000.0,22912191280.0,260835000.0,0.0,741589000.0,8280000.0,-2569000.0,791240000.0,-609544000.0,-504414000.0,79130000.0,9000.0,7560000.0,7560000.0,7560000.0,0.0,0.0,0.028,213474000.0,-18658000.0,26349000.0,0.0,25.279,3030.713,2750.0,125314000.0,0.0,22.0,85.554,79.735,34850000.0,33911000.0,267810000.0,267810000.0,35022000.0,0.008,0.009,0.027,0.059,21604000.0,172100000.0,1.0,1041463240.0,970632000.0,1125376000.0,0.276,1024771000.0,6187000.0,5475000.0,6398000.0,1.056,323234000.0
86,EBAY,MRT,1999-12-31,1999-12-31,1999-12-31,2021-08-25,5094000.0,969825000.0,727847000.0,465307000.0,504518000.0,0.309,0.981,-86734000.0,221801000.0,221801000.0,57588000.0,9567000.0,5.001,0.135,30799000.0,15781000.0,15018000.0,30799000.0,5997000.0,20742000.0,0.0,0.0,0.0,20358000.0,41100000.0,0.183,41100000.0,20358000.0,18039000.0,0.01,0.01,0.01,854129000.0,652311500.0,854129000.0,15964944950.0,784.0,388.441,-23882000.0,-0.027,1.0,167136000.0,0.744,12689000.0,2319000.0,673093000.0,463194000.0,0.0,555074000.0,181086000.0,373988000.0,115696000.0,93041000.0,22655000.0,16193179950.0,184516000.0,0.0,714314000.0,8401000.0,-3892000.0,725027000.0,-603363000.0,-509470000.0,62852000.0,0.0,9567000.0,9567000.0,9567000.0,0.0,0.0,0.043,170509000.0,-3373000.0,32133000.0,0.0,18.959,1692.608,1565.0,112202000.0,0.0,15.65,72.058,60.636,36538000.0,26367000.0,224724000.0,224724000.0,24847000.0,0.013,0.015,0.044,0.091,15885000.0,140158000.0,1.0,1034707984.0,870696000.0,1092132000.0,0.258,957136000.0,5639000.0,8472000.0,6455000.0,1.099,372266000.0
87,EBAY,MRT,1999-09-30,1999-09-30,1999-09-30,2021-08-25,4011000.0,909642000.0,522774750.0,439225000.0,470417000.0,0.348,0.905,-49021000.0,246538000.0,246538000.0,41953000.0,8406000.0,6.069,0.102,18303000.0,12447000.0,5856000.0,18303000.0,0.0,12650000.0,0.0,0.0,0.0,17395000.0,30045000.0,0.165,30045000.0,17395000.0,14992000.0,0.01,0.005,0.01,825305000.0,463913750.0,825305000.0,17819588158.0,1024.0,593.097,-27176000.0,-0.03,1.0,139782000.0,0.769,9327000.0,2403000.0,599713000.0,321489500.0,0.0,507117000.0,139406000.0,367711000.0,84337000.0,72367000.0,11970000.0,18148315158.0,167700000.0,0.0,704133000.0,-7048000.0,-4049000.0,700769000.0,-555004000.0,-502997000.0,21845000.0,0.0,8406000.0,8406000.0,8406000.0,0.0,0.0,0.046,138072000.0,1710000.0,22821000.0,0.0,21.99,2158.972,1763.75,82102000.0,0.0,17.637,99.861,88.5,27589000.0,19804000.0,181735000.0,181735000.0,16175000.0,0.016,0.018,0.054,0.096,9840000.0,116227000.0,1.0,1028961880.0,911900000.0,1104716000.0,0.199,900315000.0,11277000.0,6586000.0,10665000.0,0.987,366858000.0
88,EBAY,MRT,1999-06-30,1999-06-30,1999-06-30,2021-08-25,22696000.0,922209000.0,317739250.0,472855000.0,449354000.0,0.456,0.981,-41861000.0,347553000.0,347553000.0,29239000.0,7681000.0,6.534,0.1,18826000.0,13305000.0,5521000.0,18826000.0,0.0,8915000.0,0.0,0.0,0.0,16952000.0,25867000.0,0.178,25867000.0,16952000.0,14647000.0,0.009,0.005,0.009,838212000.0,278083750.0,838212000.0,18936825893.0,1117.0,732.084,-23246000.0,-0.027,1.0,115702000.0,0.798,7080000.0,2305000.0,514034000.0,173179000.0,0.0,435495000.0,76771000.0,358724000.0,83997000.0,72368000.0,11629000.0,18961675893.0,330865000.0,0.0,767586000.0,-673000.0,-5058000.0,767588000.0,-455338000.0,-412657000.0,18615000.0,0.0,7681000.0,7681000.0,7681000.0,0.0,0.0,0.053,107098000.0,8604000.0,31578000.0,0.0,22.622,2468.647,2102.778,72319000.0,0.0,18.925,130.823,111.617,23908000.0,18541000.0,144941000.0,144941000.0,10731000.0,0.024,0.028,0.098,0.117,3437000.0,90698000.0,1.0,1001937960.0,854840000.0,1092912000.0,0.17,915129000.0,11231000.0,6966000.0,7570000.0,1.071,400487000.0
89,EBAY,MRT,1999-03-31,1999-03-31,1999-03-31,2021-08-25,0.0,109712000.0,92140750.0,92663000.0,17049000.0,1.247,0.117,-21860000.0,24850000.0,24850000.0,21580000.0,9594000.0,5.116,0.198,0.0,0.0,0.0,0.0,0.0,6574000.0,1022000.0,0.0,0.0,19236000.0,25810000.0,0.225,25810000.0,19236000.0,17006000.0,0.018,0.007,0.018,91600000.0,70811250.0,91600000.0,16556414581.0,861.0,641.473,-25785000.0,-0.033,1.0,93362000.0,0.812,814000.0,2230000.0,65936000.0,45208500.0,0.0,32121000.0,32121000.0,0.0,18112000.0,18112000.0,0.0,16588204581.0,16213000.0,0.0,73829000.0,-1744000.0,-4551000.0,75267000.0,-55120000.0,-32012000.0,-3925000.0,-9000.0,9594000.0,9594000.0,9594000.0,0.0,0.0,0.083,75928000.0,17434000.0,3748000.0,0.0,181.094,1729.019,953.472,16235000.0,0.0,17.163,144.318,116.682,12104000.0,9224000.0,114942000.0,114942000.0,6285000.0,0.104,0.135,0.425,0.167,3058000.0,68510000.0,1.0,966537776.0,781452000.0,1058616000.0,0.147,108898000.0,0.0,7412000.0,4395000.0,0.139,74551000.0
90,EBAY,MRT,1998-12-31,1998-12-31,1998-12-31,2021-08-25,0.0,149536000.0,77577500.0,97590000.0,51946000.0,1.11,0.241,-11484000.0,37285000.0,37285000.0,16094000.0,7273000.0,3.958,0.487,22408000.0,4047000.0,18361000.0,22408000.0,973000.0,4526000.0,0.0,0.0,0.0,14253000.0,18779000.0,0.218,18779000.0,14253000.0,12062000.0,0.018,0.007,0.018,100538000.0,50776500.0,100538000.0,9641656815.0,676.0,513.428,-5443000.0,-0.013,1.0,70035000.0,0.813,3728000.0,2191000.0,106275000.0,53805000.0,0.0,40401000.0,40401000.0,0.0,48998000.0,24656000.0,24342000.0,9715720815.0,25176000.0,0.0,69305000.0,-1651000.0,-3228000.0,72159000.0,-53024000.0,-40292000.0,6041000.0,0.0,7273000.0,7273000.0,7273000.0,0.0,0.0,0.084,57270000.0,12765000.0,9997000.0,0.0,96.637,1335.862,558.565,44062000.0,0.0,10.054,112.804,48.621,12425000.0,17905000.0,86129000.0,86129000.0,4640000.0,0.094,0.143,0.265,0.165,2661000.0,51825000.0,1.0,966337752.0,416512000.0,934076000.0,0.207,145808000.0,0.0,4789000.0,3062000.0,0.35,72934000.0
91,EBAY,MRT,1998-09-30,1998-09-30,1998-09-30,2021-08-25,0.0,89500000.0,,82131000.0,7369000.0,,0.212,-12711000.0,74474000.0,74474000.0,16274000.0,9714000.0,11.307,0.092,410000.0,316000.0,94000.0,410000.0,0.0,4241000.0,506000.0,0.0,0.0,17191000.0,21432000.0,0.251,21432000.0,17191000.0,14024000.0,0.042,0.012,0.042,81985000.0,,81985000.0,1780407629.0,104.0,83.072,2234000.0,0.006,1.0,69171000.0,0.81,1701000.0,3167000.0,6471000.0,,0.0,0.0,0.0,0.0,7515000.0,7264000.0,251000.0,1790642629.0,74883000.0,0.0,77727000.0,3522000.0,-7627000.0,73622000.0,-13594000.0,145000.0,14945000.0,0.0,9714000.0,9714000.0,9714000.0,0.0,0.0,0.114,52595000.0,16576000.0,3376000.0,0.0,21.841,184.336,44.702,5668000.0,0.0,1.877,20.957,8.505,3994000.0,1808000.0,85445000.0,85445000.0,3427000.0,,,,0.201,2342000.0,48691000.0,1.0,953737752.0,387080000.0,908952000.0,0.221,87799000.0,0.0,4310000.0,157000.0,0.227,74867000.0
92,EBAY,MRT,1998-06-30,1998-06-30,1998-06-30,2021-08-25,0.0,19815000.0,12717000.0,14015000.0,5800000.0,5.125,0.029,-5599000.0,10716000.0,10716000.0,12160000.0,9452000.0,2.689,1.172,481000.0,314000.0,167000.0,481000.0,0.0,2717000.0,390000.0,,0.0,15488000.0,18205000.0,0.279,18205000.0,15488000.0,12671000.0,0.042,0.012,0.042,9122000.0,5068500.0,9122000.0,,,,12692000.0,0.04,1.0,53013000.0,0.813,2216000.0,2817000.0,2152000.0,1743500.0,0.0,0.0,0.0,0.0,10693000.0,5212000.0,5481000.0,,10159000.0,0.0,5042000.0,-2283000.0,-6744000.0,-1985000.0,-6147000.0,145000.0,18291000.0,0.0,9452000.0,9452000.0,9452000.0,0.0,0.0,0.145,37977000.0,15036000.0,1841000.0,0.0,,,,3584000.0,0.0,,,,2846000.0,1145000.0,65173000.0,65173000.0,2170000.0,0.743,1.865,8.883,0.238,1524000.0,35657000.0,1.0,953737752.0,315576000.0,879432000.0,0.207,17599000.0,0.0,3219000.0,1190000.0,0.056,8803000.0
93,EBAY,MRT,1998-03-31,1998-03-31,1998-03-31,2021-08-25,,,,,,,,,,,,,,,,,,,,,,,0.0,,,,,,,,,,,,,,,,,,1.0,,,,,,,,,,,,,,,,,,,,,,,,,,,,,,,,,,,,,,,,,,,,,,,,,,,,,,1.0,,215488000.0,,,,,,,,
94,EBAY,MRT,1997-12-31,1997-12-31,1997-12-31,2021-08-25,0.0,5619000.0,2963500.0,4967000.0,652000.0,13.96,0.005,-2990000.0,3723000.0,3723000.0,8404000.0,7061000.0,4.419,4.536,563000.0,258000.0,305000.0,563000.0,0.0,1519000.0,128000.0,,0.0,10403000.0,11922000.0,0.288,11922000.0,10403000.0,8032000.0,0.036,0.01,0.036,1015000.0,588500.0,1015000.0,,,,8637000.0,0.044,1.0,32966000.0,0.797,0.0,2371000.0,1335000.0,725000.0,0.0,0.0,0.0,0.0,4604000.0,1124000.0,3480000.0,,9201000.0,0.0,638000.0,1506000.0,-4556000.0,560000.0,-2986000.0,145000.0,11627000.0,0.0,7061000.0,7061000.0,7061000.0,0.0,0.0,0.171,22983000.0,9983000.0,252000.0,0.0,,,,652000.0,0.0,,,,1024000.0,976000.0,41370000.0,41370000.0,831000.0,2.383,11.998,14.349,0.251,25000.0,22152000.0,1.0,,195424000.0,678200000.0,0.212,5619000.0,0.0,971000.0,326000.0,0.029,3843000.0
95,EBAY,MRT,1997-09-30,1997-09-30,1997-09-30,2021-08-25,,,,,,,,,,,,,,,,,,,,,,,0.0,,,,,,,,,,,,,,,,,,1.0,,,,,,,,,,,,,,,,,,,,,,,,,,,,,,,,,,,,,,,,,,,,,,,,,,,,,,1.0,,193800000.0,,,,,,,,
96,EBAY,MRT,1997-06-30,1997-06-30,1997-06-30,2021-08-25,0.0,5619000.0,,4967000.0,652000.0,,,,3723000.0,3723000.0,,,4.419,4.536,563000.0,258000.0,305000.0,563000.0,0.0,,128000.0,,,,,,,,,,,,1015000.0,,1015000.0,,,,,,1.0,,,0.0,,1335000.0,,0.0,0.0,0.0,0.0,4604000.0,1124000.0,3480000.0,,,,,,,,,,,,,,,,,,,,252000.0,,,,,652000.0,,,,,1024000.0,976000.0,,,,,,,,,,1.0,,,,,5619000.0,0.0,,326000.0,,3843000.0
97,EBAY,MRT,1996-12-31,1996-12-31,1996-12-31,2021-08-25,0.0,308000.0,,285000.0,23000.0,,0.003,-25000.0,103000.0,103000.0,14000.0,148000.0,3.132,0.901,1000.0,1000.0,0.0,1000.0,0.0,2000.0,0.0,,0.0,254000.0,256000.0,0.688,256000.0,254000.0,254000.0,0.003,0.0,0.003,162000.0,,162000.0,,,,88000.0,0.002,1.0,358000.0,0.962,0.0,0.0,115000.0,,0.0,0.0,0.0,0.0,146000.0,91000.0,55000.0,,103000.0,0.0,10000.0,1000.0,0.0,15000.0,-25000.0,0.0,113000.0,0.0,148000.0,148000.0,148000.0,0.0,0.0,0.398,105000.0,253000.0,23000.0,0.0,,,,23000.0,0.0,,,,166000.0,148000.0,372000.0,372000.0,28000.0,,,,0.683,0.0,77000.0,1.0,,51000000.0,343560000.0,0.007,308000.0,0.0,106000.0,105000.0,0.006,194000.0
