None,ticker,dimension,calendardate,datekey,reportperiod,lastupdated,accoci,assets,assetsavg,assetsc,assetsnc,assetturnover,bvps,capex,cashneq,cashnequsd,cor,consolinc,currentratio,de,debt,debtc,debtnc,debtusd,deferredrev,depamor,deposits,divyield,dps,ebit,ebitda,ebitdamargin,ebitdausd,ebitusd,ebt,eps,epsdil,epsusd,equity,equityavg,equityusd,ev,evebit,evebitda,fcf,fcfps,fxusd,gp,grossmargin,intangibles,intexp,invcap,invcapavg,inventory,investments,investmentsc,investmentsnc,liabilities,liabilitiesc,liabilitiesnc,marketcap,ncf,ncfbus,ncfcommon,ncfdebt,ncfdiv,ncff,ncfi,ncfinv,ncfo,ncfx,netinc,netinccmn,netinccmnusd,netincdis,netincnci,netmargin,opex,opinc,payables,payoutratio,pb,pe,pe1,ppnenet,prefdivis,price,ps,ps1,receivables,retearn,revenue,revenueusd,rnd,roa,roe,roic,ros,sbcomp,sgna,sharefactor,sharesbas,shareswa,shareswadil,sps,tangibles,taxassets,taxexp,taxliabilities,tbvps,workingcapital
0,CPWR,MRY,2014-12-31,2014-03-31,2014-03-31,2019-05-20,-6915000.0,1997109000.0,1975558250.0,752554000.0,1244555000.0,0.365,4.954,-38978000.0,300059000.0,300059000.0,223920000.0,68125000.0,1.4,0.829,0.0,0.0,0.0,0.0,685123000.0,63427000.0,0.0,0.048,0.5,85631000.0,149058000.0,0.207,149058000.0,85631000.0,84527000.0,0.33,0.32,0.33,1080778000.0,1054656250.0,1080778000.0,2182028952.0,25.0,14.639,122548000.0,0.562,1.0,496836000.0,0.689,747308000.0,1104000.0,412388000.0,497806000.0,0.0,0.0,0.0,0.0,896075000.0,537354000.0,358721000.0,2290925952.0,210186000.0,112000000.0,31701000.0,-18000000.0,-108171000.0,-27434000.0,76440000.0,0.0,161526000.0,-346000.0,71583000.0,71583000.0,71583000.0,-29926000.0,-3458000.0,0.099,448981000.0,47855000.0,14251000.0,1.515,2.12,32.004,31.818,287013000.0,0.0,10.5,3.179,3.179,554107000.0,257236000.0,720756000.0,720756000.0,86181000.0,0.036,0.068,0.172,0.119,40881000.0,350810000.0,1.0,218183424.0,218183424.0,,3.303,1249801000.0,56546000.0,12944000.0,69484000.0,5.728,215200000.0
1,CPWR,MRY,2013-12-31,2013-03-31,2013-03-31,2019-05-20,-18784000.0,1973282000.0,2027784250.0,593239000.0,1380043000.0,0.357,4.704,-56071000.0,89873000.0,89873000.0,195946000.0,-17251000.0,1.069,0.977,18000000.0,0.0,18000000.0,18000000.0,728315000.0,65919000.0,0.0,0.0,0.0,522000.0,66441000.0,0.092,66441000.0,522000.0,-1334000.0,-0.08,-0.08,-0.08,998226000.0,1034241000.0,998226000.0,2655679164.0,5088.0,39.97,76341000.0,0.36,1.0,527958000.0,0.729,838705000.0,1856000.0,507624000.0,575804500.0,0.0,0.0,0.0,0.0,975056000.0,555080000.0,419976000.0,2650563164.0,-9307000.0,0.0,-55518000.0,-27000000.0,0.0,-83232000.0,-55259000.0,0.0,132412000.0,-3228000.0,-17251000.0,-17251000.0,-17251000.0,42568000.0,0.0,-0.024,485554000.0,42404000.0,18717000.0,0.0,2.655,-153.647,-156.125,302492000.0,0.0,12.49,3.661,3.661,599478000.0,301298000.0,723904000.0,723904000.0,95356000.0,-0.009,-0.017,0.001,0.001,31677000.0,374447000.0,1.0,212214825.0,212214825.0,,3.411,1134577000.0,74323000.0,15917000.0,78157000.0,5.346,38159000.0
2,CPWR,MRY,2012-12-31,2012-03-31,2012-03-31,2019-05-20,-10550000.0,2167538000.0,2113455750.0,641358000.0,1526180000.0,0.361,4.804,-46702000.0,99180000.0,99180000.0,188868000.0,88371000.0,1.093,1.064,45000000.0,0.0,45000000.0,45000000.0,820409000.0,60551000.0,0.0,0.0,0.0,113537000.0,174088000.0,0.228,174088000.0,113537000.0,110376000.0,0.4,0.4,0.4,1049937000.0,1010742750.0,1049937000.0,2036449277.0,18.0,11.698,132939000.0,0.608,1.0,574623000.0,0.753,920862000.0,3161000.0,605524000.0,613204250.0,0.0,0.0,0.0,0.0,1117601000.0,586972000.0,530629000.0,2008650277.0,-81064000.0,-249337000.0,-6579000.0,45000000.0,0.0,38421000.0,-296939000.0,0.0,179641000.0,-2187000.0,88371000.0,88371000.0,88371000.0,-24930000.0,0.0,0.116,490810000.0,83813000.0,16169000.0,0.0,1.913,22.73,22.975,321991000.0,0.0,9.19,2.631,2.631,661296000.0,372408000.0,763491000.0,763491000.0,94233000.0,0.042,0.087,0.185,0.149,24724000.0,396577000.0,1.0,218569127.0,218569127.0,,3.493,1246676000.0,93144000.0,22005000.0,86080000.0,5.704,54386000.0
3,CPWR,MRY,2011-12-31,2011-03-31,2011-03-31,2019-05-20,-741000.0,2038377000.0,1949857000.0,742740000.0,1295637000.0,0.476,4.355,-34604000.0,180244000.0,180244000.0,289115000.0,107441000.0,1.24,1.14,0.0,0.0,0.0,0.0,856156000.0,50332000.0,0.0,0.0,0.0,156178000.0,206510000.0,0.222,206510000.0,156178000.0,154776000.0,0.49,0.48,0.49,952612000.0,930598750.0,952612000.0,2444816328.0,16.0,11.839,125432000.0,0.573,1.0,639815000.0,0.689,690766000.0,1402000.0,568532000.0,570320000.0,0.0,0.0,0.0,0.0,1085765000.0,598835000.0,486930000.0,2526679328.0,30347000.0,-18165000.0,-81645000.0,0.0,0.0,-81645000.0,-52769000.0,0.0,160036000.0,4725000.0,107441000.0,107441000.0,107441000.0,0.0,0.0,0.116,489501000.0,150314000.0,18931000.0,0.0,2.652,23.517,23.571,333166000.0,0.0,11.55,2.72,2.72,681366000.0,297067000.0,928930000.0,928930000.0,90330000.0,0.055,0.115,0.274,0.168,18768000.0,399171000.0,1.0,218760115.0,218760115.0,,4.246,1347611000.0,83325000.0,47335000.0,77420000.0,6.16,143905000.0
4,CPWR,MRY,2010-12-31,2010-03-31,2010-03-31,2019-05-20,-362000.0,2013325000.0,1923032750.0,705281000.0,1308044000.0,0.464,4.018,-19354000.0,149897000.0,149897000.0,274846000.0,140806000.0,1.151,1.203,0.0,0.0,0.0,0.0,868349000.0,44997000.0,0.0,0.0,0.0,210310000.0,255307000.0,0.286,255307000.0,210310000.0,209120000.0,0.61,0.6,0.61,913813000.0,898754750.0,913813000.0,1857376170.0,9.0,7.275,206958000.0,0.91,1.0,617333000.0,0.692,676625000.0,1190000.0,574210000.0,600273500.0,0.0,0.0,0.0,0.0,1099512000.0,612593000.0,486919000.0,1910238170.0,-128215000.0,-219401000.0,-125251000.0,0.0,0.0,-125251000.0,-238755000.0,0.0,226312000.0,9479000.0,140806000.0,140806000.0,140806000.0,0.0,0.0,0.158,486285000.0,131048000.0,15713000.0,0.0,2.09,13.566,13.77,341696000.0,0.0,8.4,2.141,2.141,678848000.0,305441000.0,892179000.0,892179000.0,91245000.0,0.073,0.157,0.35,0.236,17444000.0,387080000.0,1.0,227409306.0,227409306.0,,3.923,1336700000.0,91415000.0,68314000.0,71525000.0,5.878,92688000.0
5,CPWR,MRY,2009-12-31,2009-03-31,2009-03-31,2019-05-20,-622000.0,1874850000.0,1851018000.0,858764000.0,1016086000.0,0.589,3.571,-33015000.0,278112000.0,278112000.0,434398000.0,139647000.0,1.529,1.129,0.0,0.0,0.0,0.0,787504000.0,53129000.0,0.0,0.0,0.0,212721000.0,265850000.0,0.244,265850000.0,212721000.0,212721000.0,0.56,0.55,0.56,880648000.0,866950250.0,880648000.0,1461460026.0,7.0,5.497,198993000.0,0.807,1.0,656057000.0,0.602,374897000.0,0.0,660314000.0,688438000.0,0.0,0.0,0.0,0.0,994202000.0,561527000.0,432675000.0,1625176026.0,62169000.0,0.0,-191819000.0,0.0,0.0,-191819000.0,37197000.0,70212000.0,232008000.0,-15217000.0,139647000.0,139647000.0,139647000.0,0.0,0.0,0.128,470917000.0,185140000.0,13796000.0,0.0,1.845,11.638,11.768,353182000.0,0.0,6.59,1.49,1.49,696692000.0,249897000.0,1090455000.0,1090455000.0,86453000.0,0.075,0.161,0.309,0.195,15637000.0,374427000.0,1.0,246612447.0,246612447.0,,4.422,1499953000.0,70788000.0,73074000.0,49116000.0,6.082,297237000.0
6,CPWR,MRY,2008-12-31,2008-03-31,2008-03-31,2019-05-20,19117000.0,2018557000.0,1914682500.0,918916000.0,1099641000.0,0.642,3.381,-24857000.0,215943000.0,215943000.0,490696000.0,134394000.0,1.425,1.177,0.0,0.0,0.0,0.0,872412000.0,55167000.0,0.0,0.0,0.0,180392000.0,235559000.0,0.192,235559000.0,180392000.0,180392000.0,0.47,0.47,0.47,927031000.0,1018660250.0,927031000.0,1834112654.0,10.0,7.786,209833000.0,0.765,1.0,738915000.0,0.601,417920000.0,0.0,739814000.0,723958750.0,0.0,70474000.0,70474000.0,0.0,1091526000.0,644880000.0,446646000.0,2012732654.0,-44738000.0,-4649000.0,-369744000.0,0.0,0.0,-369744000.0,77211000.0,106717000.0,234690000.0,13105000.0,134394000.0,134394000.0,134394000.0,0.0,0.0,0.109,594065000.0,144850000.0,18772000.0,0.0,2.171,14.976,15.617,365691000.0,0.0,7.34,1.637,1.637,779482000.0,261754000.0,1229611000.0,1229611000.0,101132000.0,0.07,0.132,0.249,0.147,11553000.0,450288000.0,1.0,274214258.0,274214258.0,,4.484,1600637000.0,83971000.0,45998000.0,32561000.0,5.837,274036000.0
7,CPWR,MRY,2007-12-31,2007-03-31,2007-03-31,2019-05-20,11299000.0,2029412000.0,2258565000.0,921194000.0,1108218000.0,0.537,3.492,-24581000.0,260681000.0,260681000.0,490843000.0,158092000.0,1.74,0.793,0.0,0.0,0.0,0.0,681569000.0,55026000.0,0.0,0.0,0.0,193057000.0,248083000.0,0.205,248083000.0,193057000.0,193057000.0,0.45,0.45,0.45,1132148000.0,1368080000.0,1132148000.0,2793009319.0,14.0,11.258,180151000.0,0.556,1.0,722159000.0,0.595,425958000.0,0.0,813402000.0,912152750.0,0.0,178453000.0,107062000.0,71391000.0,897264000.0,529371000.0,367893000.0,3077060319.0,-351381000.0,-40568000.0,-617758000.0,0.0,0.0,-617758000.0,53835000.0,118984000.0,204732000.0,7810000.0,158092000.0,158092000.0,158092000.0,0.0,0.0,0.13,589379000.0,132780000.0,27713000.0,0.0,2.718,19.464,21.089,385227000.0,0.0,9.49,2.537,2.537,593029000.0,444159000.0,1213002000.0,1213002000.0,114071000.0,0.07,0.116,0.212,0.159,9432000.0,475308000.0,1.0,324242394.0,324242394.0,,3.741,1603454000.0,107645000.0,34965000.0,34666000.0,4.945,391823000.0
8,CPWR,MRY,2006-12-31,2006-03-31,2006-03-31,2019-05-20,6519000.0,2510968000.0,2451867750.0,1445180000.0,1065788000.0,0.492,4.126,-35374000.0,612062000.0,612062000.0,482434000.0,142960000.0,2.65,0.59,0.0,0.0,0.0,0.0,693595000.0,50193000.0,0.0,0.0,0.0,191460000.0,241653000.0,0.2,241653000.0,191460000.0,191460000.0,0.37,0.37,0.37,1579499000.0,1553483000.0,1579499000.0,2460313849.0,13.0,10.181,194351000.0,0.508,1.0,722927000.0,0.6,382000000.0,0.0,971499000.0,982019000.0,0.0,297280000.0,265131000.0,32149000.0,931469000.0,545407000.0,386062000.0,2997217849.0,114375000.0,-42896000.0,-101512000.0,0.0,0.0,-101512000.0,-8327000.0,69943000.0,229725000.0,-5511000.0,142960000.0,142960000.0,142960000.0,0.0,0.0,0.119,575558000.0,147369000.0,24468000.0,0.0,1.898,20.965,21.162,410469000.0,0.0,7.83,2.487,2.487,625709000.0,805781000.0,1205361000.0,1205361000.0,96858000.0,0.058,0.092,0.195,0.159,0.0,478700000.0,1.0,382786443.0,382786443.0,,3.149,2128968000.0,123954000.0,48500000.0,63391000.0,5.562,899773000.0
9,CPWR,MRY,2005-12-31,2005-03-31,2005-03-31,2019-05-20,9927000.0,2478218000.0,2319570250.0,1358419000.0,1119799000.0,0.531,3.914,-48001000.0,497687000.0,497687000.0,514417000.0,76482000.0,2.349,0.635,0.0,0.0,0.0,0.0,737427000.0,56388000.0,0.0,0.0,0.0,106225000.0,162613000.0,0.132,162613000.0,106225000.0,106225000.0,0.2,0.2,0.2,1516155000.0,1463716000.0,1516155000.0,2369234963.0,22.0,14.57,194286000.0,0.502,1.0,717422000.0,0.582,347434000.0,0.0,1054901000.0,1047136250.0,0.0,368884000.0,299715000.0,69169000.0,962063000.0,578196000.0,383867000.0,2788801963.0,42771000.0,-104993000.0,10060000.0,0.0,0.0,10060000.0,-212307000.0,-59313000.0,242287000.0,2731000.0,76482000.0,76482000.0,76482000.0,0.0,0.0,0.062,630826000.0,86596000.0,36439000.0,0.0,1.839,36.464,36.0,437943000.0,0.0,7.2,2.264,2.264,697297000.0,757597000.0,1231839000.0,1231839000.0,111258000.0,0.033,0.052,0.101,0.086,0.0,519568000.0,1.0,387333606.0,387333606.0,,3.18,2130784000.0,70139000.0,29743000.0,27646000.0,5.501,780223000.0
10,CPWR,MRY,2004-12-31,2004-03-31,2004-03-31,2019-05-20,6417000.0,2262709000.0,2163515000.0,1143009000.0,1119700000.0,0.585,3.677,-85885000.0,454916000.0,454916000.0,545200000.0,49832000.0,2.171,0.601,0.0,0.0,0.0,0.0,603468000.0,55175000.0,0.0,0.0,0.0,56017000.0,111192000.0,0.088,111192000.0,56017000.0,56017000.0,0.13,0.13,0.13,1413591000.0,1367780000.0,1413591000.0,2481189832.0,44.0,22.314,172235000.0,0.448,1.0,719447000.0,0.569,258848000.0,0.0,1022564000.0,1037437250.0,0.0,312138000.0,149654000.0,162484000.0,849118000.0,526381000.0,322737000.0,2848388832.0,135450000.0,-6939000.0,10095000.0,0.0,0.0,10095000.0,-140159000.0,-47335000.0,258120000.0,7394000.0,49832000.0,49832000.0,49832000.0,0.0,0.0,0.039,681911000.0,37536000.0,35298000.0,0.0,2.015,57.16,57.0,444401000.0,0.0,7.41,2.252,2.252,650799000.0,681115000.0,1264647000.0,1264647000.0,163655000.0,0.023,0.036,0.054,0.044,704000.0,518256000.0,1.0,384397953.0,384397953.0,,3.29,2003861000.0,95034000.0,6185000.0,33317000.0,5.213,616628000.0
11,CPWR,MRY,2003-12-31,2003-03-31,2003-03-31,2019-05-20,-8229000.0,2122685000.0,2033360500.0,1050431000.0,1072254000.0,0.676,3.522,-230440000.0,319466000.0,319466000.0,642384000.0,103102000.0,2.239,0.594,0.0,0.0,0.0,0.0,596077000.0,53808000.0,0.0,0.0,0.0,156215000.0,210023000.0,0.153,210023000.0,156215000.0,156215000.0,0.27,0.27,0.27,1331691000.0,1274474500.0,1331691000.0,1021657145.0,7.0,4.865,139933000.0,0.37,1.0,732956000.0,0.533,266802000.0,0.0,1067252000.0,1001880500.0,0.0,251832000.0,156737000.0,95095000.0,790994000.0,469165000.0,321829000.0,1281609145.0,86161000.0,0.0,11066000.0,0.0,0.0,11066000.0,-302226000.0,-65564000.0,370373000.0,6948000.0,103102000.0,103102000.0,103102000.0,0.0,0.0,0.075,596115000.0,136841000.0,37588000.0,0.0,0.962,12.43,12.556,386678000.0,0.0,3.39,0.932,0.932,776554000.0,631906000.0,1375340000.0,1375340000.0,143289000.0,0.051,0.081,0.156,0.114,152000.0,452826000.0,1.0,378055795.0,378055795.0,,3.638,1855883000.0,61632000.0,53113000.0,0.0,4.909,581266000.0
12,CPWR,MRY,2002-12-31,2002-03-31,2002-03-31,2019-05-20,-19328000.0,1993938000.0,2156374750.0,1062839000.0,931099000.0,0.807,3.187,-94944000.0,233305000.0,233305000.0,874251000.0,-245255000.0,1.911,0.676,0.0,0.0,0.0,0.0,559648000.0,63619000.0,0.0,0.0,0.0,-250847000.0,-187228000.0,-0.108,-187228000.0,-250847000.0,-250847000.0,-0.66,-0.66,-0.66,1189851000.0,1388221750.0,1189851000.0,4659081104.0,-19.0,-24.885,291955000.0,0.782,1.0,866293000.0,0.498,280790000.0,0.0,923696000.0,913208250.0,0.0,189069000.0,133503000.0,55566000.0,804087000.0,556147000.0,247940000.0,4820398104.0,179965000.0,0.0,23147000.0,-140000000.0,0.0,-114028000.0,-92796000.0,10932000.0,386899000.0,-110000.0,-245255000.0,-245255000.0,-245255000.0,0.0,0.0,-0.141,1139216000.0,-272923000.0,28646000.0,0.0,4.051,-19.655,-19.561,199365000.0,0.0,12.91,2.769,2.769,916330000.0,528804000.0,1740544000.0,1740544000.0,164280000.0,-0.114,-0.177,-0.275,-0.144,8384000.0,501662000.0,1.0,373384826.0,373384826.0,,4.662,1713148000.0,114382000.0,-5592000.0,0.0,4.588,506692000.0
13,CPWR,MRY,2001-12-31,2001-03-31,2001-03-31,2019-05-20,-21128000.0,2279374000.0,2332568750.0,1003736000.0,1275638000.0,0.872,3.745,-39047000.0,53340000.0,53340000.0,1011739000.0,119083000.0,1.765,0.655,140000000.0,0.0,140000000.0,140000000.0,523408000.0,61571000.0,0.0,0.0,0.0,223324000.0,284895000.0,0.14,284895000.0,223324000.0,192069000.0,0.33,0.32,0.33,1377372000.0,1300691000.0,1377372000.0,3835225290.0,17.0,13.462,297548000.0,0.809,1.0,1023417000.0,0.503,719390000.0,31255000.0,1077810000.0,1278129750.0,0.0,201664000.0,185176000.0,16488000.0,902002000.0,568834000.0,333168000.0,3586125290.0,22860000.0,-17576000.0,36253000.0,-310000000.0,0.0,-273747000.0,-39988000.0,31272000.0,336595000.0,0.0,119083000.0,119083000.0,119083000.0,0.0,0.0,0.059,830785000.0,192632000.0,39846000.0,0.0,2.604,30.115,29.545,125800000.0,0.0,9.75,1.762,1.762,1061977000.0,774059000.0,2035156000.0,2035156000.0,187155000.0,0.051,0.092,0.175,0.11,10283000.0,601538000.0,1.0,367807722.0,367807722.0,,5.533,1559984000.0,42039000.0,72986000.0,20801000.0,4.241,434902000.0
14,CPWR,MRY,2000-12-31,2000-03-31,2000-03-31,2019-05-20,-10870000.0,2415907000.0,2079860000.0,987858000.0,1428049000.0,1.072,3.34,-15698000.0,30480000.0,30480000.0,1022816000.0,351976000.0,1.657,1.007,450000000.0,0.0,450000000.0,450000000.0,482549000.0,71510000.0,0.0,0.0,0.0,586260000.0,657770000.0,0.295,657770000.0,586260000.0,561776000.0,0.98,0.91,0.98,1203872000.0,1043021750.0,1203872000.0,8070838973.0,14.0,12.27,149701000.0,0.415,1.0,1207812000.0,0.541,757855000.0,24484000.0,1481515000.0,1271799750.0,0.0,235974000.0,157030000.0,78944000.0,1212035000.0,596057000.0,615978000.0,7591540973.0,-162648000.0,-700266000.0,-282733000.0,450000000.0,0.0,167267000.0,-495314000.0,255572000.0,165399000.0,0.0,351976000.0,351976000.0,351976000.0,0.0,0.0,0.158,656479000.0,551333000.0,67173000.0,0.0,6.306,21.568,21.49,114409000.0,0.0,21.06,3.403,3.403,1128540000.0,654976000.0,2230628000.0,2230628000.0,81133000.0,0.169,0.337,0.461,0.263,45962000.0,531860000.0,1.0,360472031.0,360472031.0,,6.188,1658052000.0,46471000.0,209800000.0,13031000.0,4.6,391801000.0
15,CPWR,MRY,1999-12-31,1999-03-31,1999-03-31,2019-05-20,-6300000.0,1676683000.0,1415317750.0,1072090000.0,604593000.0,1.158,2.937,-38543000.0,193128000.0,193128000.0,572148000.0,349863000.0,2.056,0.553,0.0,0.0,0.0,0.0,330625000.0,41537000.0,0.0,0.0,0.0,530813000.0,572350000.0,0.349,572350000.0,530813000.0,530041000.0,0.95,0.87,0.95,1079522000.0,953331500.0,1079522000.0,8622776129.0,16.0,15.066,440713000.0,1.199,1.0,1066297000.0,0.651,135808000.0,772000.0,826243000.0,739371750.0,0.0,485476000.0,309787000.0,175689000.0,597161000.0,521504000.0,75657000.0,8776121129.0,-13150000.0,-12629000.0,-109413000.0,-3692000.0,0.0,-113105000.0,-379301000.0,-328129000.0,479256000.0,0.0,349863000.0,349863000.0,349863000.0,0.0,0.0,0.214,565659000.0,500638000.0,71129000.0,0.0,8.13,25.084,25.137,94786000.0,0.0,23.88,5.356,5.356,672262000.0,777318000.0,1638445000.0,1638445000.0,64957000.0,0.247,0.367,0.718,0.324,91083000.0,496352000.0,1.0,367509260.0,367509260.0,,4.458,1540875000.0,28074000.0,180178000.0,27153000.0,4.193,550586000.0
16,CPWR,MRY,1998-12-31,1998-03-31,1998-03-31,2019-05-20,-3629000.0,1072640000.0,914023500.0,676275000.0,396365000.0,1.246,1.971,-41829000.0,206278000.0,206278000.0,420025000.0,193944000.0,2.154,0.514,6956000.0,0.0,6956000.0,6956000.0,223611000.0,36504000.0,0.0,0.0,0.0,291917000.0,328421000.0,0.288,328421000.0,291917000.0,290770000.0,0.55,0.5,0.55,708296000.0,576966000.0,708296000.0,8765972491.0,30.0,26.691,168776000.0,0.47,1.0,719293000.0,0.631,108062000.0,1147000.0,451305000.0,362040000.0,0.0,162070000.0,54349000.0,107721000.0,364344000.0,313951000.0,50393000.0,8871165491.0,98937000.0,-5198000.0,26432000.0,-3890000.0,0.0,22542000.0,-134210000.0,-87183000.0,210605000.0,0.0,193944000.0,193944000.0,193944000.0,0.0,0.0,0.17,445940000.0,273353000.0,19985000.0,0.0,12.525,45.741,44.891,84494000.0,0.0,24.69,7.786,7.786,452855000.0,427455000.0,1139318000.0,1139318000.0,54416000.0,0.212,0.336,0.806,0.256,30402000.0,384758000.0,1.0,359301964.0,359301964.0,,3.171,964578000.0,29653000.0,96826000.0,0.0,2.685,362324000.0
17,CPWR,MRY,1997-12-31,1997-03-31,1997-03-31,2019-05-20,-845000.0,755407000.0,,451812000.0,303595000.0,,,-37986000.0,107341000.0,107341000.0,298564000.0,97436000.0,1.659,0.695,6068000.0,0.0,6068000.0,6068000.0,195766000.0,31401000.0,0.0,0.0,0.0,149386000.0,180787000.0,0.222,180787000.0,149386000.0,149386000.0,0.29,0.27,0.29,445636000.0,,445636000.0,,,,74558000.0,,1.0,514332000.0,0.633,109055000.0,0.0,272775000.0,,0.0,71069000.0,26604000.0,44465000.0,309771000.0,272304000.0,37467000.0,,29570000.0,-47293000.0,13840000.0,0.0,0.0,13840000.0,-96814000.0,-11289000.0,112544000.0,0.0,97436000.0,97436000.0,97436000.0,0.0,0.0,0.12,370656000.0,143676000.0,24275000.0,0.0,,,27.047,70578000.0,0.0,7.844,,,345559000.0,232630000.0,812896000.0,812896000.0,44494000.0,,,,0.184,5306000.0,304372000.0,1.0,,,,,646352000.0,30424000.0,51950000.0,0.0,,179508000.0
18,CPWR,MRY,1996-12-31,1996-03-31,1996-03-31,2019-05-20,,,,,,,,-29436000.0,,,221228000.0,44242000.0,,,,,,,,21915000.0,,0.0,0.0,78783000.0,100698000.0,0.164,100698000.0,78783000.0,78783000.0,0.13,0.125,0.13,,,,,,,48760000.0,,1.0,393131000.0,0.64,,0.0,,,,,,,,,,,10544000.0,-26113000.0,-66910000.0,0.0,0.0,-66910000.0,-742000.0,66887000.0,78196000.0,0.0,44242000.0,44242000.0,44242000.0,0.0,0.0,0.072,321363000.0,71768000.0,,0.0,,,23.798,,0.0,3.094,,,,,614359000.0,614359000.0,42792000.0,,,,0.128,1467000.0,242940000.0,,,,,,,,34541000.0,,,
0,CPWR,MRQ,2014-09-30,2014-09-30,2014-09-30,2019-05-20,-21635000.0,1849871000.0,,641611000.0,1208260000.0,,4.841,-11394000.0,255270000.0,255270000.0,52880000.0,8377000.0,1.393,0.72,0.0,0.0,0.0,0.0,597738000.0,14037000.0,0.0,0.035,0.0,14426000.0,28463000.0,0.167,28463000.0,14426000.0,14426000.0,0.04,0.04,0.04,1065619000.0,,1065619000.0,2060169373.0,33.0,16.729,-21688000.0,-0.099,1.0,118013000.0,0.691,727911000.0,0.0,406202000.0,,0.0,0.0,0.0,0.0,767591000.0,460488000.0,307103000.0,2335683373.0,-20244000.0,0.0,5500000.0,0.0,0.0,5500000.0,-11394000.0,0.0,-10294000.0,-4056000.0,9151000.0,9151000.0,9151000.0,0.0,-774000.0,0.054,103426000.0,14587000.0,18947000.0,0.0,2.192,42.873,42.44,279748000.0,0.0,10.61,3.889,3.889,475074000.0,237874000.0,170893000.0,170893000.0,19615000.0,,,,,6477000.0,81556000.0,1.0,220139809.0,220139809.0,,0.776,1121960000.0,57516000.0,5275000.0,51376000.0,5.097,181123000.0
1,CPWR,MRQ,2014-06-30,2014-06-30,2014-06-30,2019-05-20,-7648000.0,1866088000.0,,632463000.0,1233625000.0,,4.831,-9177000.0,275514000.0,275514000.0,57753000.0,-1356000.0,1.373,0.743,0.0,0.0,0.0,0.0,629165000.0,14980000.0,0.0,0.05,0.125,-1655000.0,13325000.0,0.081,13325000.0,-1655000.0,-1655000.0,0.0,0.0,0.0,1061362000.0,,1061362000.0,1894522442.0,28.0,14.564,12887000.0,0.059,1.0,106757000.0,0.649,744313000.0,0.0,385748000.0,,0.0,0.0,0.0,0.0,788779000.0,460513000.0,328266000.0,2194581442.0,-24545000.0,-8046000.0,-2640000.0,0.0,-27474000.0,-30114000.0,-17223000.0,0.0,22064000.0,728000.0,52000.0,52000.0,52000.0,0.0,-1408000.0,0.0,110043000.0,-3286000.0,14133000.0,,2.068,35.587,35.679,283107000.0,0.0,9.99,3.643,3.643,453041000.0,229037000.0,164510000.0,164510000.0,19952000.0,,,,,8800000.0,87116000.0,1.0,219677822.0,219677822.0,,0.749,1121775000.0,57871000.0,-1707000.0,50106000.0,5.106,171950000.0
2,CPWR,MRQ,2014-03-31,2014-03-31,2014-03-31,2019-05-20,-6915000.0,1997109000.0,,752554000.0,1244555000.0,,4.954,-8581000.0,300059000.0,300059000.0,-44137000.0,18982000.0,1.4,0.829,0.0,0.0,0.0,0.0,685123000.0,15133000.0,0.0,0.048,0.125,16540000.0,31673000.0,2.166,31673000.0,16540000.0,15436000.0,0.09,0.09,0.09,1080778000.0,,1080778000.0,2182028952.0,25.0,14.639,93701000.0,0.429,1.0,58761000.0,4.018,747308000.0,1104000.0,412388000.0,,0.0,0.0,0.0,0.0,896075000.0,537354000.0,358721000.0,2290925952.0,191162000.0,112000000.0,-59941000.0,0.0,-27363000.0,-18871000.0,107112000.0,0.0,102282000.0,639000.0,20254000.0,20254000.0,20254000.0,-29926000.0,-1272000.0,1.385,74464000.0,-15703000.0,14251000.0,1.389,2.12,32.004,31.818,287013000.0,0.0,10.5,3.179,3.179,554107000.0,257236000.0,14624000.0,14624000.0,13005000.0,,,,,8355000.0,58551000.0,1.0,218183424.0,218183424.0,,0.067,1249801000.0,56546000.0,-4818000.0,69484000.0,5.728,215200000.0
3,CPWR,MRQ,2013-12-31,2013-12-31,2013-12-31,2019-05-20,-4213000.0,2037108000.0,,661577000.0,1375531000.0,,4.965,-12795000.0,108897000.0,108897000.0,88362000.0,23990000.0,1.19,0.875,0.0,0.0,0.0,0.0,713226000.0,15793000.0,0.0,0.033,0.125,33896000.0,49689000.0,0.198,49689000.0,33896000.0,33896000.0,0.12,0.11,0.12,1075406000.0,,1075406000.0,2391561824.0,-225.0,44.108,19365000.0,0.089,1.0,162152000.0,0.647,845059000.0,0.0,527239000.0,,0.0,0.0,0.0,0.0,940849000.0,555913000.0,384936000.0,2427933824.0,58525000.0,0.0,81489000.0,-14000000.0,-27179000.0,39521000.0,-12795000.0,0.0,32160000.0,-361000.0,25022000.0,25022000.0,25022000.0,0.0,-1032000.0,0.1,132248000.0,29904000.0,25610000.0,1.042,2.258,-197.009,-186.833,292872000.0,0.0,11.21,3.959,3.959,648305000.0,265099000.0,250514000.0,250514000.0,22516000.0,,,,,7214000.0,105995000.0,1.0,216586425.0,216586425.0,,1.157,1192049000.0,81700000.0,8874000.0,73403000.0,5.504,105664000.0
4,CPWR,MRQ,2013-09-30,2013-09-30,2013-09-30,2019-05-20,-7539000.0,1970480000.0,,581542000.0,1388938000.0,,4.953,-10190000.0,50372000.0,50372000.0,60104000.0,15186000.0,1.127,0.833,14000000.0,0.0,14000000.0,14000000.0,672997000.0,16049000.0,0.0,0.022,0.125,19348000.0,35397000.0,0.205,35397000.0,19348000.0,19348000.0,0.07,0.07,0.07,1063202000.0,,1063202000.0,2335589270.0,-473.0,37.455,-11756000.0,-0.055,1.0,112589000.0,0.652,843427000.0,0.0,574674000.0,,0.0,0.0,0.0,0.0,886169000.0,516007000.0,370162000.0,2401918270.0,-30957000.0,0.0,7359000.0,-1000000.0,-26888000.0,-20838000.0,-10190000.0,0.0,-1566000.0,1637000.0,16340000.0,16340000.0,16340000.0,-7212000.0,-1154000.0,0.095,101792000.0,10797000.0,16894000.0,1.786,2.259,-200.06,-186.5,295264000.0,0.0,11.19,3.87,3.87,573100000.0,268937000.0,172693000.0,172693000.0,21379000.0,,,,,14875000.0,80194000.0,1.0,214648639.0,214648639.0,,0.805,1127053000.0,77816000.0,3008000.0,71035000.0,5.251,65535000.0
5,CPWR,MRQ,2013-06-30,2013-06-30,2013-06-30,2019-05-20,-15304000.0,1897536000.0,,519202000.0,1378334000.0,,4.682,-7412000.0,81329000.0,81329000.0,51011000.0,9967000.0,1.007,0.899,15000000.0,0.0,15000000.0,15000000.0,681093000.0,16452000.0,0.0,0.012,0.125,8896000.0,25348000.0,0.148,25348000.0,8896000.0,8896000.0,0.05,0.05,0.05,999239000.0,,999239000.0,2134997171.0,-297.0,35.699,21238000.0,0.1,1.0,119798000.0,0.701,838548000.0,0.0,476923000.0,,0.0,0.0,0.0,0.0,898297000.0,515736000.0,382561000.0,2206870171.0,-8544000.0,0.0,2794000.0,-3000000.0,-26741000.0,-27246000.0,-7687000.0,0.0,28650000.0,-2261000.0,9967000.0,9967000.0,9967000.0,-5705000.0,0.0,0.058,116809000.0,2989000.0,12900000.0,2.5,2.209,-124.317,-129.25,297405000.0,0.0,10.34,3.301,3.301,535747000.0,280780000.0,170809000.0,170809000.0,23691000.0,,,,,10437000.0,88315000.0,1.0,213430384.0,213430384.0,,0.8,1058988000.0,78323000.0,-1071000.0,79317000.0,4.962,3466000.0
6,CPWR,MRQ,2013-03-31,2013-03-31,2013-03-31,2019-05-20,-18784000.0,1973282000.0,,593239000.0,1380043000.0,,4.704,-13013000.0,89873000.0,89873000.0,-48195000.0,-63653000.0,1.069,0.977,18000000.0,0.0,18000000.0,18000000.0,728315000.0,16561000.0,0.0,0.0,0.0,-72774000.0,-56213000.0,-2.916,-56213000.0,-72774000.0,-74630000.0,-0.3,-0.29,-0.3,998226000.0,,998226000.0,2655679164.0,5088.0,39.97,70431000.0,0.332,1.0,67474000.0,3.5,838705000.0,1856000.0,507624000.0,,0.0,0.0,0.0,0.0,975056000.0,555080000.0,419976000.0,2650563164.0,24989000.0,0.0,6837000.0,-52000000.0,0.0,-45877000.0,-10801000.0,0.0,83444000.0,-1777000.0,-63653000.0,-63653000.0,-63653000.0,42568000.0,0.0,-3.302,98456000.0,-30982000.0,18717000.0,0.0,2.655,-153.647,-156.125,302492000.0,0.0,12.49,3.661,3.661,599478000.0,301298000.0,19279000.0,19279000.0,15681000.0,,,,,11014000.0,67024000.0,1.0,212214825.0,212214825.0,,0.091,1134577000.0,74323000.0,-10977000.0,78157000.0,5.346,38159000.0
7,CPWR,MRQ,2012-12-31,2012-12-31,2012-12-31,2019-05-20,-12607000.0,2084924000.0,,589587000.0,1495337000.0,,4.924,-14498000.0,64884000.0,64884000.0,82082000.0,25340000.0,1.092,0.985,70000000.0,0.0,70000000.0,70000000.0,724482000.0,18232000.0,0.0,0.0,0.0,39594000.0,57826000.0,0.224,57826000.0,39594000.0,39594000.0,0.12,0.12,0.12,1050092000.0,,1050092000.0,2313758444.0,24.0,14.421,18148000.0,0.085,1.0,175784000.0,0.682,918864000.0,0.0,631167000.0,,0.0,0.0,0.0,0.0,1034832000.0,540009000.0,494823000.0,2317974444.0,1368000.0,0.0,-27630000.0,10700000.0,0.0,-16930000.0,-14498000.0,0.0,32646000.0,150000.0,25340000.0,25340000.0,25340000.0,0.0,0.0,0.098,136135000.0,39649000.0,13509000.0,0.0,2.207,31.528,31.971,314404000.0,0.0,10.87,3.2,3.2,640577000.0,368445000.0,257866000.0,257866000.0,25629000.0,,,,,5484000.0,110506000.0,1.0,213245119.0,213245119.0,,1.209,1166060000.0,78616000.0,14254000.0,99531000.0,5.468,49578000.0
8,CPWR,MRQ,2012-09-30,2012-09-30,2012-09-30,2019-05-20,-16466000.0,2015078000.0,,509886000.0,1505192000.0,,4.833,-17470000.0,63516000.0,63516000.0,80873000.0,10594000.0,1.011,0.934,59300000.0,0.0,59300000.0,59300000.0,699798000.0,15757000.0,0.0,0.0,0.0,17087000.0,32844000.0,0.149,32844000.0,17087000.0,17087000.0,0.05,0.05,0.05,1041886000.0,,1041886000.0,2084874724.0,24.0,13.773,-19273000.0,-0.089,1.0,139725000.0,0.633,912384000.0,0.0,594200000.0,,0.0,0.0,0.0,0.0,973192000.0,504278000.0,468914000.0,2131881724.0,-19991000.0,0.0,-23985000.0,22800000.0,0.0,-1185000.0,-18270000.0,0.0,-1803000.0,1267000.0,10594000.0,10594000.0,10594000.0,0.0,0.0,0.048,122551000.0,17174000.0,17296000.0,0.0,2.046,30.556,30.906,319472000.0,0.0,9.89,2.963,2.963,564717000.0,362648000.0,220598000.0,220598000.0,27549000.0,,,,,6890000.0,95002000.0,1.0,215559325.0,215559325.0,,1.023,1102694000.0,87316000.0,6493000.0,89683000.0,5.116,5608000.0
9,CPWR,MRQ,2012-06-30,2012-06-30,2012-06-30,2019-05-20,-19378000.0,2037853000.0,,528860000.0,1508993000.0,,4.806,-11090000.0,83507000.0,83507000.0,81186000.0,10468000.0,1.036,0.947,36500000.0,0.0,36500000.0,36500000.0,741013000.0,15369000.0,0.0,0.0,0.0,16615000.0,31984000.0,0.141,31984000.0,16615000.0,16615000.0,0.05,0.05,0.05,1046760000.0,,1046760000.0,1971395470.0,18.0,11.432,7035000.0,0.032,1.0,144975000.0,0.641,910289000.0,0.0,570227000.0,,0.0,0.0,0.0,0.0,991093000.0,510330000.0,480763000.0,2025575470.0,-15673000.0,0.0,-10740000.0,-8500000.0,0.0,-19240000.0,-11690000.0,0.0,18125000.0,-2868000.0,10468000.0,10468000.0,10468000.0,0.0,0.0,0.046,128412000.0,16563000.0,17842000.0,0.0,1.935,24.746,25.135,316363000.0,0.0,9.3,2.666,2.666,565614000.0,372487000.0,226161000.0,226161000.0,26497000.0,,,,,8289000.0,101915000.0,1.0,217803814.0,217803814.0,,1.038,1127564000.0,91057000.0,6147000.0,86072000.0,5.177,18530000.0
10,CPWR,MRQ,2012-03-31,2012-03-31,2012-03-31,2019-05-20,-10550000.0,2167538000.0,,641358000.0,1526180000.0,,4.804,-12477000.0,99180000.0,99180000.0,-65811000.0,27119000.0,1.093,1.064,45000000.0,0.0,45000000.0,45000000.0,820409000.0,15845000.0,0.0,0.0,0.0,21946000.0,37791000.0,1.912,37791000.0,21946000.0,18785000.0,0.12,0.12,0.12,1049937000.0,,1049937000.0,2036449277.0,18.0,11.698,93479000.0,0.428,1.0,85575000.0,4.33,920862000.0,3161000.0,605524000.0,,0.0,0.0,0.0,0.0,1117601000.0,586972000.0,530629000.0,2008650277.0,16979000.0,0.0,-12924000.0,-65000000.0,0.0,-77924000.0,-12802000.0,0.0,105956000.0,1749000.0,27119000.0,27119000.0,27119000.0,-24930000.0,0.0,1.372,92132000.0,-6557000.0,16169000.0,0.0,1.913,22.73,22.975,321991000.0,0.0,9.19,2.631,2.631,661296000.0,372408000.0,19764000.0,19764000.0,15527000.0,,,,,7169000.0,76605000.0,1.0,218569127.0,218569127.0,,0.09,1246676000.0,93144000.0,-8334000.0,86080000.0,5.704,54386000.0
11,CPWR,MRQ,2011-12-31,2011-12-31,2011-12-31,2019-05-20,-18697000.0,2170810000.0,,637302000.0,1533508000.0,,4.673,-8899000.0,82201000.0,82201000.0,84280000.0,21588000.0,0.925,1.127,110000000.0,110000000.0,0.0,110000000.0,791912000.0,15936000.0,0.0,0.0,0.0,32824000.0,48760000.0,0.193,48760000.0,32824000.0,32824000.0,0.1,0.1,0.1,1020500000.0,,1020500000.0,1878784003.0,14.0,9.905,33028000.0,0.151,1.0,168777000.0,0.667,914338000.0,0.0,595662000.0,,0.0,0.0,0.0,0.0,1150310000.0,688609000.0,461701000.0,1817050003.0,18335000.0,0.0,1752000.0,-15600000.0,0.0,-13848000.0,-8974000.0,0.0,41927000.0,-770000.0,21588000.0,21588000.0,21588000.0,0.0,0.0,0.085,136184000.0,32593000.0,16805000.0,0.0,1.781,18.916,18.909,326099000.0,0.0,8.32,1.829,1.829,687459000.0,355650000.0,253057000.0,253057000.0,27265000.0,,,,,5572000.0,108919000.0,1.0,218395433.0,218395433.0,,1.159,1256472000.0,92883000.0,11236000.0,96173000.0,5.753,-51307000.0
12,CPWR,MRQ,2011-09-30,2011-09-30,2011-09-30,2019-05-20,-19894000.0,2111944000.0,,577442000.0,1534502000.0,,4.535,-16713000.0,63866000.0,63866000.0,88252000.0,22679000.0,1.032,1.13,125600000.0,0.0,125600000.0,125600000.0,751109000.0,15755000.0,0.0,0.0,0.0,38152000.0,53907000.0,0.207,53907000.0,38152000.0,38152000.0,0.1,0.1,0.1,991331000.0,,991331000.0,1479588912.0,10.0,7.233,-161000.0,-0.001,1.0,172444000.0,0.661,924599000.0,0.0,689632000.0,,0.0,0.0,0.0,0.0,1120613000.0,559447000.0,561166000.0,1674454912.0,-131000000.0,-249337000.0,-1328000.0,125600000.0,0.0,124272000.0,-266550000.0,0.0,16552000.0,-5274000.0,22679000.0,22679000.0,22679000.0,0.0,0.0,0.087,134284000.0,38160000.0,21943000.0,0.0,1.689,15.437,15.32,330079000.0,0.0,7.66,1.696,1.696,633534000.0,334723000.0,260696000.0,260696000.0,26740000.0,,,,,6660000.0,107544000.0,1.0,218597247.0,218597247.0,,1.193,1187345000.0,92079000.0,15473000.0,101309000.0,5.432,17995000.0
13,CPWR,MRQ,2011-06-30,2011-06-30,2011-06-30,2019-05-20,-1567000.0,2003531000.0,,697905000.0,1305626000.0,,4.496,-8613000.0,194866000.0,194866000.0,82147000.0,16985000.0,1.251,1.042,0.0,0.0,0.0,0.0,812683000.0,13015000.0,0.0,0.0,0.0,20615000.0,33630000.0,0.146,33630000.0,20615000.0,20615000.0,0.08,0.08,0.08,981203000.0,,981203000.0,1949876605.0,13.0,9.527,6593000.0,0.03,1.0,147827000.0,0.643,688670000.0,0.0,561999000.0,,0.0,0.0,0.0,0.0,1022328000.0,557996000.0,464332000.0,2130120605.0,14622000.0,0.0,5921000.0,0.0,0.0,5921000.0,-8613000.0,0.0,15206000.0,2108000.0,16985000.0,16985000.0,16985000.0,0.0,0.0,0.074,128210000.0,19617000.0,17858000.0,0.0,2.171,19.056,18.769,331272000.0,0.0,9.76,2.237,2.237,624375000.0,314052000.0,229974000.0,229974000.0,24701000.0,,,,,5323000.0,103509000.0,1.0,218250062.0,218250062.0,,1.054,1314861000.0,92116000.0,3630000.0,84816000.0,6.025,139909000.0
14,CPWR,MRQ,2011-03-31,2011-03-31,2011-03-31,2019-05-20,-741000.0,2038377000.0,,742740000.0,1295637000.0,,4.355,-8399000.0,180244000.0,180244000.0,81041000.0,34805000.0,1.24,1.14,0.0,0.0,0.0,0.0,856156000.0,13032000.0,0.0,0.0,0.0,40346000.0,53378000.0,0.214,53378000.0,40346000.0,38944000.0,0.16,0.16,0.16,952612000.0,,952612000.0,2444816328.0,16.0,11.839,115852000.0,0.53,1.0,168510000.0,0.675,690766000.0,1402000.0,568532000.0,,0.0,0.0,0.0,0.0,1085765000.0,598835000.0,486930000.0,2526679328.0,98381000.0,0.0,-20268000.0,0.0,0.0,-20268000.0,-8399000.0,0.0,124251000.0,2797000.0,34805000.0,34805000.0,34805000.0,0.0,0.0,0.139,130925000.0,37585000.0,18931000.0,0.0,2.652,23.517,23.571,333166000.0,0.0,11.55,2.72,2.72,681366000.0,297067000.0,249551000.0,249551000.0,24379000.0,,,,,5381000.0,106546000.0,1.0,218760115.0,218760115.0,,1.141,1347611000.0,83325000.0,4139000.0,77420000.0,6.16,143905000.0
15,CPWR,MRQ,2010-12-31,2010-12-31,2010-12-31,2019-05-20,1958000.0,1971836000.0,,684798000.0,1287038000.0,,4.284,-8851000.0,81863000.0,81863000.0,72830000.0,33999000.0,1.168,1.102,0.0,0.0,0.0,0.0,803638000.0,12795000.0,0.0,0.0,0.0,50857000.0,63652000.0,0.258,63652000.0,50857000.0,50857000.0,0.16,0.15,0.16,938275000.0,,938275000.0,2478797559.0,15.0,11.429,13573000.0,0.062,1.0,174195000.0,0.705,694361000.0,0.0,609405000.0,,0.0,0.0,0.0,0.0,1033561000.0,586207000.0,447354000.0,2556065559.0,4595000.0,-2450000.0,-6835000.0,0.0,0.0,-6835000.0,-11301000.0,0.0,22424000.0,307000.0,33999000.0,33999000.0,33999000.0,0.0,0.0,0.138,124714000.0,49481000.0,18139000.0,0.0,2.724,23.238,22.882,334482000.0,0.0,11.67,2.811,2.811,710245000.0,297419000.0,247025000.0,247025000.0,22517000.0,,,,,4192000.0,102197000.0,1.0,219028754.0,219028754.0,,1.128,1277475000.0,86546000.0,16858000.0,77942000.0,5.832,98591000.0
16,CPWR,MRQ,2010-09-30,2010-09-30,2010-09-30,2019-05-20,2065000.0,1892808000.0,,595407000.0,1297401000.0,,4.073,-8580000.0,77268000.0,77268000.0,67828000.0,25992000.0,1.08,1.082,0.0,0.0,0.0,0.0,773662000.0,12292000.0,0.0,0.0,0.0,41723000.0,54015000.0,0.239,54015000.0,41723000.0,41723000.0,0.12,0.12,0.12,909301000.0,,909301000.0,1763431204.0,11.0,8.728,-11361000.0,-0.051,1.0,158041000.0,0.7,694030000.0,0.0,570263000.0,,0.0,0.0,0.0,0.0,983507000.0,551247000.0,432260000.0,1902101204.0,-61402000.0,-15715000.0,-41328000.0,0.0,0.0,-41328000.0,-24295000.0,0.0,-2781000.0,7002000.0,25992000.0,25992000.0,25992000.0,0.0,0.0,0.115,117180000.0,40861000.0,15789000.0,0.0,2.092,18.943,18.522,335614000.0,0.0,8.52,2.132,2.132,635132000.0,305585000.0,225869000.0,225869000.0,21893000.0,,,,,3891000.0,95287000.0,1.0,223251315.0,223251315.0,,1.012,1198778000.0,91137000.0,15731000.0,74797000.0,5.37,44160000.0
17,CPWR,MRQ,2010-06-30,2010-06-30,2010-06-30,2019-05-20,3328000.0,1896407000.0,,618666000.0,1277741000.0,,4.098,-8774000.0,138670000.0,138670000.0,67416000.0,12645000.0,1.126,1.056,0.0,0.0,0.0,0.0,783341000.0,12213000.0,0.0,0.0,0.0,23252000.0,35465000.0,0.172,35465000.0,23252000.0,23252000.0,0.06,0.06,0.06,922207000.0,,922207000.0,1645813911.0,11.0,8.176,7368000.0,0.033,1.0,139069000.0,0.674,675095000.0,0.0,533080000.0,,0.0,0.0,0.0,0.0,974200000.0,549562000.0,424638000.0,1795710911.0,-11227000.0,0.0,-13214000.0,0.0,0.0,-13214000.0,-8774000.0,0.0,16142000.0,-5381000.0,12645000.0,12645000.0,12645000.0,0.0,0.0,0.061,116682000.0,22387000.0,14339000.0,0.0,1.947,17.536,17.348,338739000.0,0.0,7.98,2.031,2.031,600285000.0,307394000.0,206485000.0,206485000.0,21541000.0,,,,,5304000.0,95141000.0,1.0,225026430.0,225026430.0,,0.918,1221312000.0,89668000.0,10607000.0,72200000.0,5.427,69104000.0
18,CPWR,MRQ,2010-03-31,2010-03-31,2010-03-31,2019-05-20,-362000.0,2013325000.0,,705281000.0,1308044000.0,,4.018,-4857000.0,149897000.0,149897000.0,70610000.0,37361000.0,1.151,1.203,0.0,0.0,0.0,0.0,868349000.0,12521000.0,0.0,0.0,0.0,51235000.0,63756000.0,0.277,63756000.0,51235000.0,50045000.0,0.17,0.16,0.17,913813000.0,,913813000.0,1857376170.0,9.0,7.275,118089000.0,0.519,1.0,159388000.0,0.693,676625000.0,1190000.0,574210000.0,,0.0,0.0,0.0,0.0,1099512000.0,612593000.0,486919000.0,1910238170.0,62035000.0,0.0,-18599000.0,-35000000.0,0.0,-53599000.0,-4857000.0,0.0,122946000.0,-2455000.0,37361000.0,37361000.0,37361000.0,0.0,0.0,0.162,131235000.0,28153000.0,15713000.0,0.0,2.09,13.566,13.77,341696000.0,0.0,8.4,2.141,2.141,678848000.0,305441000.0,229998000.0,229998000.0,25568000.0,,,,,4795000.0,102549000.0,1.0,227409306.0,227409306.0,,1.011,1336700000.0,91415000.0,12684000.0,71525000.0,5.878,92688000.0
19,CPWR,MRQ,2009-12-31,2009-12-31,2009-12-31,2019-05-20,-3959000.0,1999230000.0,,674278000.0,1324952000.0,,3.851,-5043000.0,87862000.0,87862000.0,68418000.0,24412000.0,1.101,1.253,35000000.0,0.0,35000000.0,35000000.0,842854000.0,11592000.0,0.0,0.0,0.0,37206000.0,48798000.0,0.212,48798000.0,37206000.0,37206000.0,0.11,0.11,0.11,887483000.0,,887483000.0,1333333750.0,6.0,4.744,28324000.0,0.123,1.0,161446000.0,0.702,636622000.0,0.0,697341000.0,,0.0,0.0,0.0,0.0,1111747000.0,612405000.0,499342000.0,1666308750.0,-245113000.0,-284393000.0,-23623000.0,35000000.0,0.0,11377000.0,-289436000.0,0.0,33367000.0,-421000.0,24412000.0,24412000.0,24412000.0,0.0,0.0,0.106,125316000.0,36130000.0,17723000.0,0.0,1.878,10.975,11.297,346270000.0,0.0,7.23,1.82,1.82,743767000.0,282133000.0,229864000.0,229864000.0,22562000.0,,,,,3171000.0,101730000.0,1.0,230471473.0,230471473.0,,0.997,1362608000.0,85702000.0,12794000.0,69911000.0,5.912,61873000.0
20,CPWR,MRQ,2009-09-30,2009-09-30,2009-09-30,2019-05-20,-1976000.0,1827025000.0,,809240000.0,1017785000.0,,3.728,-3746000.0,332975000.0,332975000.0,64012000.0,27986000.0,1.51,1.063,0.0,0.0,0.0,0.0,741885000.0,10506000.0,0.0,0.0,0.0,42766000.0,53272000.0,0.244,53272000.0,42766000.0,42766000.0,0.12,0.12,0.12,885598000.0,,885598000.0,1350465235.0,5.0,4.547,-8650000.0,-0.036,1.0,153917000.0,0.706,375752000.0,0.0,582472000.0,,0.0,0.0,0.0,0.0,941427000.0,535826000.0,405601000.0,1741145235.0,-57705000.0,0.0,-52931000.0,0.0,0.0,-52931000.0,-3746000.0,0.0,-4904000.0,3876000.0,27986000.0,27986000.0,27986000.0,0.0,0.0,0.128,112484000.0,41433000.0,23142000.0,0.0,1.966,10.724,10.94,345158000.0,0.0,7.33,1.824,1.824,636723000.0,273799000.0,217929000.0,217929000.0,21633000.0,,,,,3841000.0,89523000.0,1.0,237536867.0,237536867.0,,0.917,1451273000.0,78040000.0,14780000.0,62072000.0,6.11,273414000.0
21,CPWR,MRQ,2009-06-30,2009-06-30,2009-06-30,2019-05-20,-625000.0,1852551000.0,,842678000.0,1009873000.0,,3.753,-5708000.0,390680000.0,390680000.0,71806000.0,51047000.0,1.57,1.04,0.0,0.0,0.0,0.0,749630000.0,10378000.0,0.0,0.0,0.0,79103000.0,89481000.0,0.417,89481000.0,79103000.0,79103000.0,0.21,0.21,0.21,908125000.0,,908125000.0,1381788953.0,6.0,4.803,69195000.0,0.286,1.0,142582000.0,0.665,377955000.0,0.0,547071000.0,,0.0,0.0,0.0,0.0,944426000.0,536845000.0,407581000.0,1659900953.0,112568000.0,64992000.0,-30098000.0,0.0,0.0,-30098000.0,59284000.0,0.0,74903000.0,8479000.0,51047000.0,51047000.0,51047000.0,0.0,0.0,0.238,117250000.0,25332000.0,24101000.0,0.0,1.828,10.643,10.719,349258000.0,0.0,6.86,1.65,1.65,596978000.0,279951000.0,214388000.0,214388000.0,21482000.0,,,,,5637000.0,93278000.0,1.0,241968069.0,241968069.0,,0.886,1474596000.0,77517000.0,28056000.0,68288000.0,6.094,305833000.0
22,CPWR,MRQ,2009-03-31,2009-03-31,2009-03-31,2019-05-20,-622000.0,1874850000.0,,858764000.0,1016086000.0,,3.571,-8302000.0,278112000.0,278112000.0,93442000.0,48381000.0,1.529,1.129,0.0,0.0,0.0,0.0,787504000.0,12827000.0,0.0,0.0,0.0,76704000.0,89531000.0,0.353,89531000.0,76704000.0,76704000.0,0.2,0.19,0.2,880648000.0,,880648000.0,1461460026.0,7.0,5.497,144899000.0,0.588,1.0,159913000.0,0.631,374897000.0,0.0,660314000.0,,0.0,0.0,0.0,0.0,994202000.0,561527000.0,432675000.0,1625176026.0,114396000.0,0.0,-28180000.0,0.0,0.0,-28180000.0,-8302000.0,0.0,153201000.0,-2323000.0,48381000.0,48381000.0,48381000.0,0.0,0.0,0.191,102232000.0,57681000.0,13796000.0,0.0,1.845,11.638,11.768,353182000.0,0.0,6.59,1.49,1.49,696692000.0,249897000.0,253355000.0,253355000.0,18550000.0,,,,,2704000.0,80567000.0,1.0,246612447.0,246612447.0,,1.027,1499953000.0,70788000.0,28323000.0,49116000.0,6.082,297237000.0
23,CPWR,MRQ,2008-12-31,2008-12-31,2008-12-31,2019-05-20,3959000.0,1812405000.0,,751726000.0,1060679000.0,,3.473,-13701000.0,163716000.0,163716000.0,102492000.0,34952000.0,1.368,1.117,0.0,0.0,0.0,0.0,786028000.0,13230000.0,0.0,0.0,0.0,51500000.0,64730000.0,0.241,64730000.0,51500000.0,51500000.0,0.14,0.14,0.14,856191000.0,,856191000.0,1502516043.0,7.0,5.397,-1360000.0,-0.006,1.0,166175000.0,0.619,402098000.0,0.0,697100000.0,,0.0,0.0,0.0,0.0,956214000.0,549491000.0,406723000.0,1663839043.0,2393000.0,0.0,-2290000.0,0.0,0.0,-2290000.0,-2891000.0,10810000.0,12341000.0,-4767000.0,34952000.0,34952000.0,34952000.0,0.0,0.0,0.13,116966000.0,49209000.0,14997000.0,0.0,1.943,10.915,11.638,358660000.0,0.0,6.75,1.415,1.415,761105000.0,217499000.0,268667000.0,268667000.0,22395000.0,,,,,5033000.0,90562000.0,1.0,246494673.0,246494673.0,,1.09,1410307000.0,67606000.0,16548000.0,28630000.0,5.721,202235000.0
24,CPWR,MRQ,2008-09-30,2008-09-30,2008-09-30,2019-05-20,10718000.0,1765811000.0,,665057000.0,1100754000.0,,3.221,-5840000.0,161323000.0,161323000.0,116558000.0,21582000.0,1.248,1.151,0.0,0.0,0.0,0.0,776842000.0,13609000.0,0.0,0.0,0.0,30337000.0,43946000.0,0.163,43946000.0,30337000.0,30337000.0,0.09,0.08,0.09,821046000.0,,821046000.0,2253475618.0,10.0,8.091,12790000.0,0.05,1.0,153287000.0,0.568,409163000.0,0.0,662530000.0,,0.0,10813000.0,10813000.0,0.0,944765000.0,532795000.0,411970000.0,2469932618.0,-55134000.0,0.0,-104789000.0,0.0,0.0,-104789000.0,39706000.0,45546000.0,18630000.0,-8681000.0,21582000.0,21582000.0,21582000.0,0.0,0.0,0.08,125996000.0,27291000.0,22499000.0,0.0,3.008,16.132,17.0,355978000.0,0.0,9.69,2.03,2.03,692107000.0,182547000.0,269845000.0,269845000.0,22938000.0,,,,,5574000.0,100827000.0,1.0,254895007.0,254895007.0,,1.059,1356648000.0,72616000.0,8755000.0,23137000.0,5.322,132262000.0
25,CPWR,MRQ,2008-06-30,2008-06-30,2008-06-30,2019-05-20,20041000.0,1951006000.0,,839898000.0,1111108000.0,,3.478,-5172000.0,216457000.0,216457000.0,121906000.0,34732000.0,1.433,1.144,0.0,0.0,0.0,0.0,851233000.0,13463000.0,0.0,0.0,0.0,54180000.0,67643000.0,0.227,67643000.0,54180000.0,54180000.0,0.13,0.13,0.13,909916000.0,,909916000.0,2280242848.0,10.0,7.981,42664000.0,0.163,1.0,176682000.0,0.592,414795000.0,0.0,733808000.0,,0.0,56423000.0,56423000.0,0.0,1041090000.0,585946000.0,455144000.0,2496185848.0,514000.0,0.0,-56560000.0,0.0,0.0,-56560000.0,8684000.0,13856000.0,47836000.0,554000.0,34732000.0,34732000.0,34732000.0,0.0,0.0,0.116,125723000.0,50959000.0,17551000.0,0.0,2.743,14.776,15.639,360476000.0,0.0,9.54,1.999,1.999,746370000.0,252430000.0,298588000.0,298588000.0,22570000.0,,,,,2326000.0,102471000.0,1.0,261654701.0,261654701.0,,1.141,1536211000.0,85515000.0,19448000.0,45352000.0,5.871,253952000.0
26,CPWR,MRQ,2008-03-31,2008-03-31,2008-03-31,2019-05-20,19117000.0,2018557000.0,,918916000.0,1099641000.0,,3.381,-4766000.0,215943000.0,215943000.0,124174000.0,61175000.0,1.425,1.177,0.0,0.0,0.0,0.0,872412000.0,13803000.0,0.0,0.0,0.0,88254000.0,102057000.0,0.301,102057000.0,88254000.0,88254000.0,0.22,0.22,0.22,927031000.0,,927031000.0,1834112654.0,10.0,7.786,121892000.0,0.445,1.0,214742000.0,0.634,417920000.0,0.0,739814000.0,,0.0,70474000.0,70474000.0,0.0,1091526000.0,644880000.0,446646000.0,2012732654.0,37323000.0,-4649000.0,-101674000.0,0.0,0.0,-101674000.0,7047000.0,16462000.0,126658000.0,5292000.0,61175000.0,61175000.0,61175000.0,0.0,0.0,0.181,146294000.0,68448000.0,18772000.0,0.0,2.171,14.976,15.617,365691000.0,0.0,7.34,1.637,1.637,779482000.0,261754000.0,338916000.0,338916000.0,23998000.0,,,,,2780000.0,119296000.0,1.0,274214258.0,274214258.0,,1.236,1600637000.0,83971000.0,27079000.0,32561000.0,5.837,274036000.0
27,CPWR,MRQ,2007-12-31,2007-12-31,2007-12-31,2019-05-20,18917000.0,1813273000.0,,753185000.0,1060088000.0,,3.366,-5511000.0,178620000.0,178620000.0,121842000.0,35614000.0,1.55,0.882,0.0,0.0,0.0,0.0,658274000.0,13810000.0,0.0,0.0,0.0,51063000.0,64873000.0,0.21,64873000.0,51063000.0,51063000.0,0.13,0.13,0.13,963433000.0,,963433000.0,2325824964.0,15.0,11.104,50048000.0,0.175,1.0,187493000.0,0.606,416269000.0,0.0,732460000.0,,0.0,87171000.0,87171000.0,0.0,849840000.0,485924000.0,363916000.0,2541478964.0,-37034000.0,0.0,-106984000.0,0.0,0.0,-106984000.0,13369000.0,18880000.0,55559000.0,1022000.0,35614000.0,35614000.0,35614000.0,0.0,0.0,0.115,141080000.0,46413000.0,19069000.0,0.0,2.638,18.064,19.304,370641000.0,0.0,8.88,2.111,2.111,613709000.0,272430000.0,309335000.0,309335000.0,23636000.0,,,,,1590000.0,112550000.0,1.0,286202586.0,286202586.0,,1.081,1397004000.0,80163000.0,15449000.0,21467000.0,4.881,267261000.0
28,CPWR,MRQ,2007-09-30,2007-09-30,2007-09-30,2019-05-20,20497000.0,1856130000.0,,807051000.0,1049079000.0,,3.422,-6061000.0,215654000.0,215654000.0,118785000.0,37416000.0,1.591,0.796,0.0,0.0,0.0,0.0,649830000.0,13737000.0,0.0,0.0,0.0,37382000.0,51119000.0,0.169,51119000.0,37382000.0,37382000.0,0.13,0.13,0.13,1033452000.0,,1033452000.0,2082651730.0,13.0,9.918,8606000.0,0.028,1.0,183186000.0,0.607,419676000.0,0.0,713632000.0,,0.0,106362000.0,95404000.0,10958000.0,822678000.0,507168000.0,315510000.0,2422133730.0,-123828000.0,0.0,-165824000.0,0.0,0.0,-165824000.0,22429000.0,28490000.0,14667000.0,4900000.0,37416000.0,37416000.0,37416000.0,0.0,0.0,0.124,151231000.0,31955000.0,18632000.0,0.0,2.344,17.109,18.227,375555000.0,0.0,8.02,2.003,2.003,573360000.0,316934000.0,301971000.0,301971000.0,24170000.0,,,,,5610000.0,108330000.0,1.0,302011687.0,302011687.0,,1.0,1436454000.0,101292000.0,-34000.0,17437000.0,4.756,299883000.0
29,CPWR,MRQ,2007-06-30,2007-06-30,2007-06-30,2019-05-20,14773000.0,1970770000.0,,884939000.0,1085831000.0,,3.821,-8519000.0,339482000.0,339482000.0,125895000.0,189000.0,1.767,0.713,0.0,0.0,0.0,0.0,669229000.0,13817000.0,0.0,0.0,0.0,3693000.0,17510000.0,0.063,17510000.0,3693000.0,3693000.0,0.0,0.0,0.0,1150725000.0,,1150725000.0,3310989287.0,22.0,15.885,29287000.0,0.097,1.0,153494000.0,0.549,420655000.0,0.0,709929000.0,,0.0,135202000.0,78052000.0,57150000.0,820045000.0,500704000.0,319341000.0,3571670287.0,78801000.0,0.0,4738000.0,0.0,0.0,4738000.0,34366000.0,42885000.0,37806000.0,1891000.0,189000.0,189000.0,189000.0,0.0,0.0,0.001,155460000.0,-1966000.0,16607000.0,,3.104,27.696,31.211,379743000.0,0.0,11.86,2.986,2.986,542769000.0,405698000.0,279389000.0,279389000.0,29329000.0,,,,,1573000.0,110111000.0,1.0,301152638.0,301152638.0,,0.928,1550115000.0,82647000.0,3504000.0,4076000.0,5.147,384235000.0
30,CPWR,MRQ,2007-03-31,2007-03-31,2007-03-31,2019-05-20,11299000.0,2029412000.0,,921194000.0,1108218000.0,,3.492,-8727000.0,260681000.0,260681000.0,126191000.0,67476000.0,1.74,0.793,0.0,0.0,0.0,0.0,681569000.0,14479000.0,0.0,0.0,0.0,61482000.0,75961000.0,0.243,75961000.0,61482000.0,61482000.0,0.2,0.2,0.2,1132148000.0,,1132148000.0,2793009319.0,14.0,11.258,102739000.0,0.317,1.0,186838000.0,0.597,425958000.0,0.0,813402000.0,,0.0,178453000.0,107062000.0,71391000.0,897264000.0,529371000.0,367893000.0,3077060319.0,-23370000.0,-20084000.0,-234604000.0,0.0,0.0,-234604000.0,98440000.0,127251000.0,111466000.0,1328000.0,67476000.0,67476000.0,67476000.0,0.0,0.0,0.216,155127000.0,31711000.0,27713000.0,0.0,2.718,19.464,21.089,385227000.0,0.0,9.49,2.537,2.537,593029000.0,444159000.0,313029000.0,313029000.0,30167000.0,,,,,2221000.0,124960000.0,1.0,324242394.0,324242394.0,,0.965,1603454000.0,107645000.0,-5994000.0,34666000.0,4.945,391823000.0
31,CPWR,MRQ,2006-12-31,2006-12-31,2006-12-31,2019-05-20,11572000.0,2178320000.0,,1063952000.0,1114368000.0,,3.681,808000.0,284051000.0,284051000.0,119875000.0,36486000.0,2.028,0.68,0.0,0.0,0.0,0.0,639901000.0,13647000.0,0.0,0.0,0.0,51753000.0,65400000.0,0.208,65400000.0,51753000.0,51753000.0,0.11,0.11,0.11,1296481000.0,,1296481000.0,2464027398.0,13.0,9.963,21654000.0,0.061,1.0,195273000.0,0.62,401368000.0,0.0,968336000.0,,0.0,305857000.0,222397000.0,83460000.0,881839000.0,524565000.0,357274000.0,2934122398.0,-186044000.0,0.0,-196845000.0,0.0,0.0,-196845000.0,-13516000.0,-14324000.0,20846000.0,3471000.0,36486000.0,36486000.0,36486000.0,0.0,0.0,0.116,152532000.0,42741000.0,26841000.0,0.0,2.263,19.951,20.317,388891000.0,0.0,8.33,2.426,2.426,612152000.0,597872000.0,315148000.0,315148000.0,27047000.0,,,,,2349000.0,125485000.0,1.0,352235582.0,352235582.0,,0.895,1776952000.0,123559000.0,15267000.0,36806000.0,5.045,539387000.0
32,CPWR,MRQ,2006-09-30,2006-09-30,2006-09-30,2019-05-20,9802000.0,2334255000.0,,1247077000.0,1087178000.0,,3.914,-10529000.0,470095000.0,470095000.0,120450000.0,24809000.0,2.339,0.601,0.0,0.0,0.0,0.0,662367000.0,13507000.0,0.0,0.0,0.0,36059000.0,49566000.0,0.172,49566000.0,36059000.0,36059000.0,0.07,0.07,0.07,1457880000.0,,1457880000.0,2291047001.0,12.0,9.14,-1986000.0,-0.005,1.0,168057000.0,0.583,400089000.0,0.0,930944000.0,,0.0,291476000.0,242030000.0,49446000.0,876375000.0,533127000.0,343248000.0,2901937001.0,-140795000.0,0.0,-155571000.0,0.0,0.0,-155571000.0,7016000.0,17545000.0,8543000.0,-783000.0,24809000.0,24809000.0,24809000.0,0.0,0.0,0.086,142611000.0,25446000.0,23040000.0,0.0,1.991,19.571,19.475,391239000.0,0.0,7.79,2.418,2.418,576301000.0,723610000.0,288507000.0,288507000.0,29744000.0,,,,,2065000.0,112867000.0,1.0,372520796.0,372520796.0,,0.774,1934166000.0,128304000.0,11250000.0,32750000.0,5.192,713950000.0
33,CPWR,MRQ,2006-06-30,2006-06-30,2006-06-30,2019-05-20,10608000.0,2492273000.0,,1431843000.0,1060430000.0,,4.202,-6133000.0,610890000.0,610890000.0,124326000.0,29321000.0,2.633,0.572,0.0,0.0,0.0,0.0,694542000.0,13393000.0,0.0,0.0,0.0,43763000.0,57156000.0,0.193,57156000.0,43763000.0,43763000.0,0.08,0.08,0.08,1585811000.0,,1585811000.0,1916291446.0,10.0,7.673,57744000.0,0.153,1.0,171992000.0,0.58,401577000.0,0.0,935929000.0,,0.0,308840000.0,285699000.0,23141000.0,906462000.0,543877000.0,362585000.0,2528353446.0,-1172000.0,-20484000.0,-30738000.0,0.0,0.0,-30738000.0,-38105000.0,-11488000.0,63877000.0,3794000.0,29321000.0,29321000.0,29321000.0,0.0,0.0,0.099,139110000.0,32882000.0,20724000.0,0.0,1.594,17.123,17.179,404730000.0,0.0,6.7,2.099,2.099,585284000.0,811504000.0,296318000.0,296318000.0,27114000.0,,,,,2797000.0,111996000.0,1.0,377366186.0,377366186.0,,0.785,2090696000.0,117413000.0,14442000.0,28380000.0,5.54,887966000.0
34,CPWR,MRQ,2006-03-31,2006-03-31,2006-03-31,2019-05-20,6519000.0,2510968000.0,,1445180000.0,1065788000.0,,4.126,-10007000.0,612062000.0,612062000.0,121618000.0,56447000.0,2.65,0.59,0.0,0.0,0.0,0.0,693595000.0,12324000.0,0.0,0.0,0.0,62877000.0,75201000.0,0.243,75201000.0,62877000.0,62877000.0,0.15,0.15,0.15,1579499000.0,,1579499000.0,2460313849.0,13.0,10.181,105434000.0,0.275,1.0,187864000.0,0.607,382000000.0,0.0,971499000.0,,0.0,297280000.0,265131000.0,32149000.0,931469000.0,545407000.0,386062000.0,2997217849.0,75158000.0,-11979000.0,-41093000.0,0.0,0.0,-41093000.0,-170000.0,21816000.0,115441000.0,980000.0,56447000.0,56447000.0,56447000.0,0.0,0.0,0.182,145259000.0,42605000.0,24468000.0,0.0,1.898,20.965,21.162,410469000.0,0.0,7.83,2.487,2.487,625709000.0,805781000.0,309482000.0,309482000.0,22898000.0,,,,,0.0,122361000.0,1.0,382786443.0,382786443.0,,0.808,2128968000.0,123954000.0,6430000.0,63391000.0,5.562,899773000.0
35,CPWR,MRQ,2005-12-31,2005-12-31,2005-12-31,2019-05-20,7411000.0,2414695000.0,,1355650000.0,1059045000.0,,3.997,-8314000.0,536904000.0,536904000.0,117934000.0,37700000.0,2.669,0.559,0.0,0.0,0.0,0.0,649084000.0,12475000.0,0.0,0.0,0.0,56268000.0,68743000.0,0.225,68743000.0,56268000.0,56268000.0,0.1,0.1,0.1,1548474000.0,,1548474000.0,2924510036.0,18.0,13.52,17689000.0,0.046,1.0,187971000.0,0.614,376501000.0,0.0,993380000.0,,0.0,319271000.0,293181000.0,26090000.0,866221000.0,507910000.0,358311000.0,3475413036.0,-13999000.0,0.0,-42190000.0,0.0,0.0,-42190000.0,3691000.0,12005000.0,26003000.0,-1503000.0,37700000.0,37700000.0,37700000.0,0.0,0.0,0.123,140937000.0,47034000.0,20731000.0,0.0,2.244,30.691,30.931,416434000.0,0.0,8.97,2.861,2.861,628342000.0,784788000.0,305905000.0,305905000.0,24361000.0,,,,,0.0,116576000.0,1.0,387448499.0,387448499.0,,0.79,2038194000.0,80215000.0,18568000.0,20433000.0,5.261,847740000.0
36,CPWR,MRQ,2005-09-30,2005-09-30,2005-09-30,2019-05-20,8230000.0,2434870000.0,,1364696000.0,1070174000.0,,3.998,-8609000.0,550903000.0,550903000.0,110496000.0,24190000.0,2.554,0.569,0.0,0.0,0.0,0.0,691199000.0,12552000.0,0.0,0.0,0.0,36105000.0,48657000.0,0.166,48657000.0,36105000.0,36105000.0,0.06,0.06,0.06,1551673000.0,,1551673000.0,3169339640.0,19.0,14.5,31039000.0,0.08,1.0,182150000.0,0.622,377614000.0,0.0,971928000.0,,0.0,331618000.0,304344000.0,27274000.0,883197000.0,534425000.0,348772000.0,3686622640.0,33620000.0,0.0,-11638000.0,0.0,0.0,-11638000.0,5686000.0,14295000.0,39648000.0,-76000.0,24190000.0,24190000.0,24190000.0,0.0,0.0,0.083,153897000.0,28253000.0,17532000.0,0.0,2.376,31.445,31.667,420275000.0,0.0,9.5,2.975,2.975,614183000.0,782598000.0,292646000.0,292646000.0,34400000.0,,,,,0.0,119497000.0,1.0,388065541.0,388065541.0,,0.754,2057256000.0,79477000.0,11915000.0,6569000.0,5.301,830271000.0
37,CPWR,MRQ,2005-06-30,2005-06-30,2005-06-30,2019-05-20,7711000.0,2446938000.0,,1339507000.0,1107431000.0,,3.95,-8444000.0,517283000.0,517283000.0,111932000.0,24623000.0,2.389,0.595,0.0,0.0,0.0,0.0,730531000.0,12842000.0,0.0,0.0,0.0,36210000.0,49052000.0,0.165,49052000.0,36210000.0,36210000.0,0.06,0.06,0.06,1534286000.0,,1534286000.0,2295374366.0,16.0,11.737,40189000.0,0.103,1.0,185396000.0,0.624,377758000.0,0.0,991269000.0,,0.0,346569000.0,297808000.0,48761000.0,912652000.0,560628000.0,352024000.0,2793061366.0,19596000.0,-30917000.0,-6591000.0,0.0,0.0,-6591000.0,-17534000.0,21827000.0,48633000.0,-4912000.0,24623000.0,24623000.0,24623000.0,0.0,0.0,0.083,155919000.0,29477000.0,22094000.0,0.0,1.82,27.802,27.654,429070000.0,0.0,7.19,2.249,2.249,646206000.0,774434000.0,297328000.0,297328000.0,35653000.0,,,,,0.0,120266000.0,1.0,388464724.0,388464724.0,,0.765,2069180000.0,67183000.0,11587000.0,2129000.0,5.327,778879000.0
38,CPWR,MRQ,2005-03-31,2005-03-31,2005-03-31,2019-05-20,9927000.0,2478218000.0,,1358419000.0,1119799000.0,,3.914,-8869000.0,497687000.0,497687000.0,155610000.0,26726000.0,2.349,0.635,0.0,0.0,0.0,0.0,737427000.0,12734000.0,0.0,0.0,0.0,37119000.0,49853000.0,0.156,49853000.0,37119000.0,37119000.0,0.07,0.07,0.07,1516155000.0,,1516155000.0,2369234963.0,22.0,14.57,130619000.0,0.337,1.0,163173000.0,0.512,347434000.0,0.0,1054901000.0,,0.0,368884000.0,299715000.0,69169000.0,962063000.0,578196000.0,383867000.0,2788801963.0,78120000.0,0.0,2666000.0,0.0,0.0,2666000.0,-61156000.0,-52287000.0,139488000.0,-2878000.0,26726000.0,26726000.0,26726000.0,0.0,0.0,0.084,132630000.0,30543000.0,36439000.0,0.0,1.839,36.464,36.0,437943000.0,0.0,7.2,2.264,2.264,697297000.0,757597000.0,318783000.0,318783000.0,-4329000.0,,,,,-372000.0,136959000.0,1.0,387333606.0,387333606.0,,0.823,2130784000.0,70139000.0,10393000.0,27646000.0,5.501,780223000.0
39,CPWR,MRQ,2004-12-31,2004-12-31,2004-12-31,2019-05-20,12361000.0,2350837000.0,,1148256000.0,1202581000.0,,3.836,-13475000.0,419567000.0,419567000.0,111137000.0,41702000.0,2.262,0.583,0.0,0.0,0.0,0.0,632316000.0,13095000.0,0.0,0.0,0.0,57920000.0,71015000.0,0.215,71015000.0,57920000.0,57920000.0,0.11,0.11,0.11,1485270000.0,,1485270000.0,2105383781.0,18.0,12.027,43424000.0,0.112,1.0,219398000.0,0.664,352823000.0,0.0,1070910000.0,,0.0,317200000.0,194719000.0,122481000.0,865567000.0,507537000.0,358030000.0,2481664781.0,43286000.0,-8000000.0,2345000.0,0.0,0.0,2345000.0,-20991000.0,484000.0,56899000.0,5033000.0,41702000.0,41702000.0,41702000.0,0.0,0.0,0.126,166548000.0,52850000.0,25730000.0,0.0,1.671,29.657,29.136,444226000.0,0.0,6.41,1.984,1.984,682674000.0,730871000.0,330535000.0,330535000.0,33907000.0,,,,,123000.0,132641000.0,1.0,387155192.0,387155192.0,,0.854,1998014000.0,73487000.0,16218000.0,0.0,5.161,640719000.0
40,CPWR,MRQ,2004-09-30,2004-09-30,2004-09-30,2019-05-20,5580000.0,2224473000.0,,1056871000.0,1167602000.0,,3.715,-18692000.0,376281000.0,376281000.0,121011000.0,7410000.0,2.27,0.551,0.0,0.0,0.0,0.0,600588000.0,15360000.0,0.0,0.0,0.0,10291000.0,25651000.0,0.087,25651000.0,10291000.0,10291000.0,0.02,0.02,0.02,1434564000.0,,1434564000.0,1615181291.0,21.0,11.892,-2764000.0,-0.007,1.0,174457000.0,0.59,338091000.0,0.0,1044618000.0,,0.0,318371000.0,163932000.0,154439000.0,789909000.0,465483000.0,324426000.0,1988859291.0,2603000.0,0.0,1951000.0,0.0,0.0,1951000.0,-16361000.0,2331000.0,15928000.0,1085000.0,7410000.0,7410000.0,7410000.0,0.0,0.0,0.025,168333000.0,6124000.0,26058000.0,0.0,1.386,31.173,30.294,443677000.0,0.0,5.15,1.606,1.606,623429000.0,689169000.0,295468000.0,295468000.0,40789000.0,,,,,22000.0,127544000.0,1.0,386186270.0,386186270.0,,0.765,1886382000.0,63602000.0,2881000.0,12797000.0,4.885,591388000.0
41,CPWR,MRQ,2004-06-30,2004-06-30,2004-06-30,2019-05-20,3264000.0,2224753000.0,,1043763000.0,1180990000.0,,3.674,-6965000.0,373678000.0,373678000.0,126659000.0,644000.0,2.116,0.568,0.0,0.0,0.0,0.0,615506000.0,15199000.0,0.0,0.0,0.0,895000.0,16094000.0,0.056,16094000.0,895000.0,895000.0,0.0,0.0,0.0,1418875000.0,,1418875000.0,2093867182.0,39.0,18.621,23007000.0,0.06,1.0,160394000.0,0.559,339660000.0,0.0,1018116000.0,,0.0,321375000.0,159886000.0,161489000.0,805878000.0,493299000.0,312579000.0,2548783182.0,-81238000.0,-96993000.0,3098000.0,0.0,0.0,3098000.0,-113799000.0,-9841000.0,29972000.0,-509000.0,644000.0,644000.0,644000.0,0.0,0.0,0.002,163315000.0,-2921000.0,35436000.0,,1.796,53.241,50.769,447237000.0,0.0,6.6,2.046,2.046,602483000.0,681759000.0,287053000.0,287053000.0,40891000.0,,,,,227000.0,122424000.0,1.0,386179270.0,386179270.0,,0.743,1885093000.0,77883000.0,251000.0,6153000.0,4.881,550464000.0
42,CPWR,MRQ,2004-03-31,2004-03-31,2004-03-31,2019-05-20,6417000.0,2262709000.0,,1143009000.0,1119700000.0,,3.677,-26223000.0,454916000.0,454916000.0,122058000.0,33922000.0,2.171,0.601,0.0,0.0,0.0,0.0,603468000.0,15181000.0,0.0,0.0,0.0,47113000.0,62294000.0,0.184,62294000.0,47113000.0,47113000.0,0.09,0.09,0.09,1413591000.0,,1413591000.0,2481189832.0,44.0,22.314,106601000.0,0.277,1.0,215639000.0,0.639,258848000.0,0.0,1022564000.0,,0.0,312138000.0,149654000.0,162484000.0,849118000.0,526381000.0,322737000.0,2848388832.0,87717000.0,-6939000.0,3444000.0,0.0,0.0,3444000.0,-47988000.0,-20326000.0,132824000.0,-563000.0,33922000.0,33922000.0,33922000.0,0.0,0.0,0.1,172272000.0,43367000.0,35298000.0,0.0,2.015,57.16,57.0,444401000.0,0.0,7.41,2.252,2.252,650799000.0,681115000.0,337697000.0,337697000.0,39257000.0,,,,,529000.0,133015000.0,1.0,384397953.0,384397953.0,,0.879,2003861000.0,95034000.0,13191000.0,33317000.0,5.213,616628000.0
43,CPWR,MRQ,2003-12-31,2003-12-31,2003-12-31,2019-05-20,6541000.0,2137240000.0,,1041964000.0,1095276000.0,,3.574,-13908000.0,367199000.0,367199000.0,132052000.0,21825000.0,2.294,0.557,0.0,0.0,0.0,0.0,555131000.0,14658000.0,0.0,0.0,0.0,17119000.0,31777000.0,0.1,31777000.0,17119000.0,17119000.0,0.06,0.06,0.06,1372647000.0,,1372647000.0,1937496211.0,47.0,20.143,12478000.0,0.032,1.0,186133000.0,0.585,257303000.0,0.0,1058485000.0,,0.0,292429000.0,175043000.0,117386000.0,764593000.0,454253000.0,310340000.0,2319831211.0,-15136000.0,0.0,2161000.0,0.0,0.0,2161000.0,-46719000.0,-31477000.0,26386000.0,3036000.0,21825000.0,21825000.0,21825000.0,0.0,0.0,0.069,174002000.0,12131000.0,28194000.0,0.0,1.69,62.214,60.4,427561000.0,0.0,6.04,1.834,1.834,671661000.0,647193000.0,318185000.0,318185000.0,41640000.0,,,,,23000.0,132362000.0,1.0,384078015.0,384078015.0,,0.828,1879937000.0,78378000.0,-4706000.0,0.0,4.895,587711000.0
44,CPWR,MRQ,2003-09-30,2003-09-30,2003-09-30,2019-05-20,-497000.0,2106122000.0,,1023391000.0,1082731000.0,,3.506,-18959000.0,382335000.0,382335000.0,144224000.0,-8518000.0,2.274,0.57,0.0,0.0,0.0,0.0,583042000.0,14114000.0,0.0,0.0,0.0,-11830000.0,2284000.0,0.008,2284000.0,-11830000.0,-11830000.0,-0.02,-0.02,-0.02,1341638000.0,,1341638000.0,1689529847.0,27.0,14.763,29490000.0,0.077,1.0,158529000.0,0.524,260115000.0,0.0,1013710000.0,,0.0,261489000.0,173018000.0,88471000.0,764484000.0,449962000.0,314522000.0,2051175847.0,20689000.0,0.0,1255000.0,0.0,0.0,1255000.0,-29786000.0,-9277000.0,48449000.0,771000.0,-8518000.0,-8518000.0,-8518000.0,0.0,0.0,-0.028,174997000.0,-16468000.0,27169000.0,0.0,1.529,50.161,48.727,418696000.0,0.0,5.36,1.603,1.603,664938000.0,625368000.0,302753000.0,302753000.0,42735000.0,,,,,61000.0,132262000.0,1.0,382682061.0,382682061.0,,0.791,1846007000.0,71404000.0,-3312000.0,0.0,4.824,573429000.0
45,CPWR,MRQ,2003-06-30,2003-06-30,2003-06-30,2019-05-20,-1999000.0,2147989000.0,,1073647000.0,1074342000.0,,3.511,-26795000.0,361646000.0,361646000.0,146866000.0,2603000.0,2.298,0.599,0.0,0.0,0.0,0.0,631335000.0,11222000.0,0.0,0.0,0.0,3615000.0,14837000.0,0.048,14837000.0,3615000.0,3615000.0,0.01,0.01,0.01,1343244000.0,,1343244000.0,1868783132.0,15.0,10.509,23666000.0,0.062,1.0,159146000.0,0.52,264204000.0,0.0,1054990000.0,,0.0,252739000.0,178097000.0,74642000.0,804745000.0,467149000.0,337596000.0,2188249132.0,42180000.0,0.0,3235000.0,0.0,0.0,3235000.0,-15666000.0,13745000.0,50461000.0,4150000.0,2603000.0,2603000.0,2603000.0,0.0,0.0,0.009,160640000.0,-1494000.0,29132000.0,0.0,1.629,26.288,26.0,408450000.0,0.0,5.72,1.639,1.639,747785000.0,634509000.0,306012000.0,306012000.0,40023000.0,,,,,91000.0,120617000.0,1.0,382561037.0,382561037.0,,0.8,1883785000.0,64562000.0,1012000.0,0.0,4.924,606498000.0
46,CPWR,MRQ,2003-03-31,2003-03-31,2003-03-31,2019-05-20,-8229000.0,2122685000.0,,1050431000.0,1072254000.0,,3.522,-70777000.0,319466000.0,319466000.0,154403000.0,21378000.0,2.239,0.594,0.0,0.0,0.0,0.0,596077000.0,14896000.0,0.0,0.0,0.0,32391000.0,47287000.0,0.14,47287000.0,32391000.0,32391000.0,0.05,0.05,0.05,1331691000.0,,1331691000.0,1021657145.0,7.0,4.865,45696000.0,0.121,1.0,183205000.0,0.543,266802000.0,0.0,1067252000.0,,0.0,251832000.0,156737000.0,95095000.0,790994000.0,469165000.0,321829000.0,1281609145.0,59514000.0,0.0,3073000.0,0.0,0.0,3073000.0,-66980000.0,6071000.0,116473000.0,6948000.0,21378000.0,21378000.0,21378000.0,0.0,0.0,0.063,154653000.0,28552000.0,37588000.0,0.0,0.962,12.43,12.556,386678000.0,0.0,3.39,0.932,0.932,776554000.0,631906000.0,337608000.0,337608000.0,35383000.0,,,,,-123000.0,119270000.0,1.0,378055795.0,378055795.0,,0.893,1855883000.0,61632000.0,11013000.0,0.0,4.909,581266000.0
47,CPWR,MRQ,2002-12-31,2002-12-31,2002-12-31,2019-05-20,-11793000.0,2029137000.0,,979809000.0,1049328000.0,,3.415,-67268000.0,259952000.0,259952000.0,152944000.0,25429000.0,2.218,0.572,0.0,0.0,0.0,0.0,516792000.0,11510000.0,0.0,0.0,0.0,38528000.0,50038000.0,0.15,50038000.0,38528000.0,38528000.0,0.07,0.07,0.07,1290679000.0,,1290679000.0,1512299827.0,-5.0,-6.844,17364000.0,0.046,1.0,180195000.0,0.541,270640000.0,0.0,1056774000.0,,0.0,258613000.0,164800000.0,93813000.0,738458000.0,441771000.0,296687000.0,1814006827.0,-41755000.0,0.0,1708000.0,0.0,0.0,1708000.0,-128095000.0,-58973000.0,84632000.0,0.0,25429000.0,25429000.0,25429000.0,0.0,0.0,0.076,148164000.0,32031000.0,27803000.0,0.0,1.405,-7.137,-7.059,324110000.0,0.0,4.8,1.254,1.254,786202000.0,610528000.0,333139000.0,333139000.0,37312000.0,,,,,104000.0,110852000.0,1.0,377918089.0,377918089.0,,0.882,1758497000.0,72570000.0,13099000.0,4971000.0,4.653,538038000.0
48,CPWR,MRQ,2002-09-30,2002-09-30,2002-09-30,2019-05-20,-15131000.0,1995791000.0,,1016575000.0,979216000.0,,3.338,-46472000.0,301707000.0,301707000.0,160041000.0,33830000.0,2.172,0.591,0.0,0.0,0.0,0.0,537488000.0,14407000.0,0.0,0.0,0.0,51258000.0,65665000.0,0.183,65665000.0,51258000.0,51258000.0,0.09,0.09,0.09,1254674000.0,,1254674000.0,876039033.0,-3.0,-3.864,26733000.0,0.071,1.0,197953000.0,0.553,274006000.0,0.0,952090000.0,,0.0,200436000.0,127754000.0,72682000.0,741117000.0,467988000.0,273129000.0,1146509033.0,31237000.0,0.0,2633000.0,0.0,0.0,2633000.0,-44601000.0,3352000.0,73205000.0,0.0,33830000.0,33830000.0,33830000.0,0.0,0.0,0.094,150555000.0,47398000.0,24138000.0,0.0,0.914,-4.589,-4.552,263393000.0,0.0,3.05,0.732,0.732,820590000.0,585099000.0,357994000.0,357994000.0,38795000.0,,,,,109000.0,111760000.0,1.0,375904601.0,375904601.0,,0.952,1721785000.0,77606000.0,17428000.0,534000.0,4.58,548587000.0
49,CPWR,MRQ,2002-06-30,2002-06-30,2002-06-30,2019-05-20,-13005000.0,1985829000.0,,1026108000.0,959721000.0,,3.248,-45923000.0,270470000.0,270470000.0,174996000.0,22465000.0,2.028,0.627,0.0,0.0,0.0,0.0,569612000.0,12995000.0,0.0,0.0,0.0,34038000.0,47033000.0,0.136,47033000.0,34038000.0,34038000.0,0.06,0.06,0.06,1220854000.0,,1220854000.0,2048351434.0,-7.0,-9.175,50140000.0,0.133,1.0,171603000.0,0.495,277935000.0,0.0,931406000.0,,0.0,204511000.0,139372000.0,65139000.0,764975000.0,506018000.0,258957000.0,2281656434.0,37165000.0,0.0,3652000.0,0.0,0.0,3652000.0,-62550000.0,-16014000.0,96063000.0,0.0,22465000.0,22465000.0,22465000.0,0.0,0.0,0.065,142743000.0,28860000.0,19495000.0,0.0,1.869,-8.873,-8.797,226600000.0,0.0,6.07,1.394,1.394,839113000.0,551269000.0,346599000.0,346599000.0,31799000.0,,,,,62000.0,110944000.0,1.0,375890681.0,375890681.0,,0.922,1707894000.0,105183000.0,11573000.0,0.0,4.544,520090000.0
50,CPWR,MRQ,2002-03-31,2002-03-31,2002-03-31,2019-05-20,-19328000.0,1993938000.0,,1062839000.0,931099000.0,,3.187,-33545000.0,233305000.0,233305000.0,212370000.0,-335905000.0,1.911,0.676,0.0,0.0,0.0,0.0,559648000.0,18522000.0,0.0,0.0,0.0,-402215000.0,-383693000.0,-0.939,-383693000.0,-402215000.0,-397057000.0,-0.9,-0.9,-0.9,1189851000.0,,1189851000.0,4659081104.0,-19.0,-24.885,97382000.0,0.261,1.0,196158000.0,0.48,280790000.0,-5158000.0,923696000.0,,0.0,189069000.0,133503000.0,55566000.0,804087000.0,556147000.0,247940000.0,4820398104.0,71988000.0,0.0,8357000.0,0.0,0.0,11182000.0,-70011000.0,-32870000.0,130927000.0,-110000.0,-335905000.0,-335905000.0,-335905000.0,0.0,0.0,-0.822,599117000.0,-402959000.0,28646000.0,0.0,4.051,-19.655,-19.561,199365000.0,0.0,12.91,2.769,2.769,916330000.0,528804000.0,408528000.0,408528000.0,42315000.0,,,,,1771000.0,122162000.0,1.0,373384826.0,373384826.0,,1.094,1713148000.0,114382000.0,-61152000.0,0.0,4.588,506692000.0
51,CPWR,MRQ,2001-12-31,2001-12-31,2001-12-31,2019-05-20,-19739000.0,2246214000.0,,956115000.0,1290099000.0,,4.014,-26630000.0,161317000.0,161317000.0,216175000.0,29789000.0,1.779,0.505,0.0,0.0,0.0,0.0,527832000.0,-4974000.0,0.0,0.0,0.0,49229000.0,44255000.0,0.098,44255000.0,49229000.0,48047000.0,0.08,0.08,0.08,1492550000.0,,1492550000.0,4302519316.0,18.0,16.199,58198000.0,0.157,1.0,237605000.0,0.524,670296000.0,1182000.0,877206000.0,,0.0,156653000.0,116095000.0,40558000.0,753664000.0,537395000.0,216269000.0,4384327316.0,79509000.0,0.0,9437000.0,0.0,0.0,9437000.0,-14756000.0,13357000.0,84828000.0,0.0,29789000.0,29789000.0,29789000.0,0.0,0.0,0.066,195556000.0,42049000.0,30652000.0,0.0,2.937,31.944,31.865,163275000.0,0.0,11.79,2.343,2.343,992267000.0,864709000.0,453780000.0,453780000.0,39218000.0,,,,,3821000.0,137311000.0,1.0,371868305.0,371868305.0,,1.22,1575918000.0,32287000.0,18258000.0,21292000.0,4.238,418720000.0
52,CPWR,MRQ,2001-09-30,2001-09-30,2001-09-30,2019-05-20,-19705000.0,2172595000.0,,910499000.0,1262096000.0,,3.91,-19470000.0,81808000.0,81808000.0,220957000.0,26505000.0,1.765,0.497,0.0,0.0,0.0,0.0,529551000.0,24965000.0,0.0,0.0,0.0,44189000.0,69154000.0,0.162,69154000.0,44189000.0,42750000.0,0.07,0.07,0.07,1451375000.0,,1451375000.0,3088106311.0,12.0,9.903,66025000.0,0.178,1.0,206804000.0,0.483,692224000.0,1439000.0,882565000.0,,0.0,170379000.0,138424000.0,31955000.0,721220000.0,515998000.0,205222000.0,3092048311.0,25866000.0,0.0,2389000.0,-52000000.0,0.0,-49611000.0,-10018000.0,10808000.0,85495000.0,0.0,26505000.0,26505000.0,26505000.0,0.0,0.0,0.062,169843000.0,36961000.0,36396000.0,0.0,2.13,21.559,21.359,145672000.0,0.0,8.33,1.616,1.616,983525000.0,834920000.0,427761000.0,427761000.0,41016000.0,,,,,1329000.0,119024000.0,1.0,371194275.0,371194275.0,,1.152,1480371000.0,29323000.0,16245000.0,16160000.0,3.988,394501000.0
53,CPWR,MRQ,2001-06-30,2001-06-30,2001-06-30,2019-05-20,-19974000.0,2212752000.0,,939306000.0,1273446000.0,,3.832,-15299000.0,55942000.0,55942000.0,224749000.0,34356000.0,1.761,0.559,52000000.0,0.0,52000000.0,52000000.0,552934000.0,25106000.0,0.0,0.0,0.0,57950000.0,83056000.0,0.184,83056000.0,57950000.0,55413000.0,0.09,0.09,0.09,1419111000.0,,1419111000.0,5267391780.0,23.0,17.772,70350000.0,0.19,1.0,225726000.0,0.501,706113000.0,2537000.0,969366000.0,,0.0,181539000.0,171053000.0,10486000.0,793641000.0,533331000.0,260310000.0,5180731780.0,2602000.0,0.0,2964000.0,-88000000.0,0.0,-85036000.0,1989000.0,19637000.0,85649000.0,0.0,34356000.0,34356000.0,34356000.0,0.0,0.0,0.076,174700000.0,51026000.0,32798000.0,0.0,3.651,39.911,38.861,133561000.0,0.0,13.99,2.627,2.627,1012654000.0,808415000.0,450475000.0,450475000.0,41731000.0,,,,,1463000.0,123165000.0,1.0,370316782.0,370316782.0,,1.216,1506639000.0,50498000.0,21057000.0,18879000.0,4.069,405975000.0
54,CPWR,MRQ,2001-03-31,2001-03-31,2001-03-31,2019-05-20,-21128000.0,2279374000.0,,1003736000.0,1275638000.0,,3.745,-15943000.0,53340000.0,53340000.0,156275000.0,46600000.0,1.765,0.655,140000000.0,0.0,140000000.0,140000000.0,523408000.0,-12077000.0,0.0,0.0,0.0,81224000.0,69147000.0,0.128,69147000.0,81224000.0,75161000.0,0.13,0.12,0.13,1377372000.0,,1377372000.0,3835225290.0,17.0,13.462,124018000.0,0.337,1.0,383328000.0,0.71,719390000.0,6063000.0,1077810000.0,,0.0,201664000.0,185176000.0,16488000.0,902002000.0,568834000.0,333168000.0,3586125290.0,24440000.0,4042000.0,16261000.0,-138000000.0,0.0,-121739000.0,6218000.0,20168000.0,139961000.0,0.0,46600000.0,46600000.0,46600000.0,0.0,0.0,0.086,310968000.0,72360000.0,39846000.0,0.0,2.604,30.115,29.545,125800000.0,0.0,9.75,1.762,1.762,1061977000.0,774059000.0,539603000.0,539603000.0,113710000.0,,,,,-2352000.0,155166000.0,1.0,367807722.0,367807722.0,,1.467,1559984000.0,42039000.0,28561000.0,20801000.0,4.241,434902000.0
55,CPWR,MRQ,2000-12-31,2000-12-31,2000-12-31,2019-05-20,-14019000.0,2325378000.0,,995417000.0,1329961000.0,,3.591,-12145000.0,28900000.0,28900000.0,267881000.0,35960000.0,1.786,0.773,278000000.0,0.0,278000000.0,278000000.0,473380000.0,25267000.0,0.0,0.0,0.0,65213000.0,90480000.0,0.183,90480000.0,65213000.0,58000000.0,0.1,0.1,0.1,1311424000.0,,1311424000.0,2584441169.0,11.0,7.972,66258000.0,0.181,1.0,227475000.0,0.459,741687000.0,7213000.0,1275362000.0,,0.0,222433000.0,177153000.0,45280000.0,1013954000.0,557429000.0,456525000.0,2282254169.0,2087000.0,-8428000.0,1395000.0,-51000000.0,0.0,-49605000.0,-26711000.0,-5411000.0,78403000.0,0.0,35960000.0,35960000.0,35960000.0,0.0,0.0,0.073,170025000.0,57450000.0,41406000.0,0.0,1.74,19.176,18.382,118789000.0,0.0,6.25,1.098,1.098,1088001000.0,727459000.0,495356000.0,495356000.0,24954000.0,,,,,806000.0,145071000.0,1.0,365160667.0,365160667.0,,1.357,1583691000.0,45689000.0,22040000.0,12692000.0,4.337,437988000.0
56,CPWR,MRQ,2000-09-30,2000-09-30,2000-09-30,2019-05-20,-15711000.0,2342080000.0,,978970000.0,1363110000.0,,3.48,1223000.0,26813000.0,26813000.0,290172000.0,12891000.0,1.7,0.845,329000000.0,0.0,329000000.0,329000000.0,490616000.0,24331000.0,0.0,0.0,0.0,29369000.0,53700000.0,0.11,53700000.0,29369000.0,20792000.0,0.04,0.03,0.04,1269707000.0,,1269707000.0,3426199234.0,9.0,7.4,72682000.0,0.199,1.0,196151000.0,0.403,745471000.0,8577000.0,1323028000.0,,0.0,217740000.0,166276000.0,51464000.0,1072373000.0,575768000.0,496605000.0,3055843234.0,-21831000.0,-4303000.0,14634000.0,-90000000.0,0.0,-75366000.0,-17924000.0,-2983000.0,71459000.0,0.0,12891000.0,12891000.0,12891000.0,0.0,0.0,0.027,174261000.0,21890000.0,56273000.0,0.0,2.407,14.835,14.44,116893000.0,0.0,8.375,1.377,1.377,1096180000.0,691499000.0,486323000.0,486323000.0,23885000.0,,,,,190000.0,150376000.0,1.0,364876804.0,364876804.0,,1.333,1596609000.0,51112000.0,7901000.0,4862000.0,4.376,403202000.0
57,CPWR,MRQ,2000-06-30,2000-06-30,2000-06-30,2019-05-20,-11578000.0,2383443000.0,,985002000.0,1398441000.0,,3.428,-12182000.0,48644000.0,48644000.0,297411000.0,23632000.0,1.744,0.916,419000000.0,0.0,419000000.0,419000000.0,481176000.0,24050000.0,0.0,0.0,0.0,47518000.0,71568000.0,0.139,71568000.0,47518000.0,38116000.0,0.07,0.06,0.07,1244261000.0,,1244261000.0,4187592366.0,9.0,7.259,34590000.0,0.095,1.0,216463000.0,0.421,752797000.0,9402000.0,1436319000.0,,0.0,215523000.0,152536000.0,62987000.0,1139182000.0,564683000.0,574499000.0,3768072366.0,18164000.0,-8887000.0,3963000.0,-31000000.0,0.0,-27037000.0,-1571000.0,19498000.0,46772000.0,0.0,23632000.0,23632000.0,23632000.0,0.0,0.0,0.046,175531000.0,40932000.0,51496000.0,0.0,3.028,13.227,12.975,117038000.0,0.0,10.38,1.637,1.637,1101346000.0,678608000.0,513874000.0,513874000.0,24606000.0,,,,,11639000.0,150925000.0,1.0,363012752.0,363012752.0,,1.416,1630646000.0,51719000.0,14484000.0,6565000.0,4.492,420319000.0
58,CPWR,MRQ,2000-03-31,2000-03-31,2000-03-31,2019-05-20,-10870000.0,2415907000.0,,987858000.0,1428049000.0,,3.34,21632000.0,30480000.0,30480000.0,312256000.0,46531000.0,1.657,1.007,450000000.0,0.0,450000000.0,450000000.0,482549000.0,23520000.0,0.0,0.0,0.0,84941000.0,108461000.0,0.186,108461000.0,84941000.0,74810000.0,0.13,0.12,0.13,1203872000.0,,1203872000.0,8070838973.0,14.0,12.27,104619000.0,0.29,1.0,269804000.0,0.464,757855000.0,10131000.0,1481515000.0,,0.0,235974000.0,157030000.0,78944000.0,1212035000.0,596057000.0,615978000.0,7591540973.0,-13698000.0,-21965000.0,19414000.0,-73476000.0,0.0,-54062000.0,-42623000.0,-7368000.0,82987000.0,0.0,46531000.0,46531000.0,46531000.0,0.0,0.0,0.08,191879000.0,77925000.0,67173000.0,0.0,6.306,21.568,21.49,114409000.0,0.0,21.06,3.403,3.403,1128540000.0,654976000.0,582060000.0,582060000.0,22828000.0,,,,,-2401000.0,143465000.0,1.0,360472031.0,360472031.0,,1.615,1658052000.0,46471000.0,28279000.0,13031000.0,4.6,391801000.0
59,CPWR,MRQ,1999-12-31,1999-12-31,1999-12-31,2019-05-20,-7429000.0,2331136000.0,,931505000.0,1399631000.0,,3.173,-15465000.0,44178000.0,44178000.0,287493000.0,122936000.0,1.76,1.053,523476000.0,0.0,523476000.0,523476000.0,425148000.0,22329000.0,0.0,0.0,0.0,206962000.0,229291000.0,0.36,229291000.0,206962000.0,197646000.0,0.34,0.32,0.34,1135468000.0,,1135468000.0,13792974764.0,20.0,18.431,-8931000.0,-0.025,1.0,349875000.0,0.549,741487000.0,9316000.0,1539757000.0,,0.0,229631000.0,145282000.0,84349000.0,1195668000.0,529190000.0,666478000.0,13329945764.0,-8030000.0,-54659000.0,11316000.0,8239000.0,0.0,19555000.0,-34119000.0,32735000.0,6534000.0,0.0,122936000.0,122936000.0,122936000.0,0.0,0.0,0.193,159260000.0,190615000.0,57465000.0,0.0,11.74,31.042,31.568,112650000.0,0.0,37.25,6.204,6.204,1072087000.0,608444000.0,637368000.0,637368000.0,22644000.0,,,,,22872000.0,136616000.0,1.0,357850893.0,357850893.0,,1.781,1589649000.0,25168000.0,74710000.0,4262000.0,4.442,402315000.0
60,CPWR,MRQ,1999-09-30,1999-09-30,1999-09-30,2019-05-20,-294000.0,2163277000.0,,875188000.0,1288089000.0,,2.755,-13183000.0,52208000.0,52208000.0,248261000.0,91782000.0,1.613,1.199,515237000.0,0.0,515237000.0,515237000.0,412166000.0,15101000.0,0.0,0.0,0.0,152432000.0,167533000.0,0.295,167533000.0,152432000.0,147559000.0,0.26,0.24,0.26,983675000.0,,983675000.0,9211285934.0,15.0,13.6,16778000.0,0.047,1.0,319888000.0,0.563,708458000.0,4873000.0,1375182000.0,,0.0,260890000.0,155683000.0,105207000.0,1179602000.0,542666000.0,636936000.0,9306198934.0,-42705000.0,-612639000.0,23785000.0,515237000.0,0.0,539022000.0,-611688000.0,17404000.0,29961000.0,0.0,91782000.0,91782000.0,91782000.0,0.0,0.0,0.162,173010000.0,146878000.0,43450000.0,0.0,9.461,23.05,23.691,108397000.0,0.0,26.06,4.786,4.786,910835000.0,485508000.0,568149000.0,568149000.0,18336000.0,,,,,11165000.0,136774000.0,1.0,357106636.0,357106636.0,,1.591,1454819000.0,20527000.0,55777000.0,19244000.0,4.074,332522000.0
61,CPWR,MRQ,1999-06-30,1999-06-30,1999-06-30,2019-05-20,-6360000.0,1409120000.0,,778091000.0,631029000.0,,2.389,-8682000.0,94913000.0,94913000.0,174806000.0,90727000.0,1.634,0.66,0.0,0.0,0.0,0.0,362344000.0,10560000.0,0.0,0.0,0.0,141925000.0,152485000.0,0.344,152485000.0,141925000.0,141761000.0,0.25,0.24,0.25,849072000.0,,849072000.0,11111219502.0,19.0,17.744,37235000.0,0.105,1.0,268245000.0,0.605,147195000.0,164000.0,690745000.0,,0.0,271282000.0,131430000.0,139852000.0,560048000.0,476267000.0,83781000.0,11304347502.0,-98215000.0,-11003000.0,-337248000.0,0.0,0.0,-337248000.0,193116000.0,212801000.0,45917000.0,0.0,90727000.0,90727000.0,90727000.0,0.0,0.0,0.205,132330000.0,135915000.0,23131000.0,0.0,13.314,29.612,30.883,95711000.0,0.0,31.81,6.486,6.486,701608000.0,393726000.0,443051000.0,443051000.0,17325000.0,,,,,14326000.0,115005000.0,1.0,355370874.0,355370874.0,,1.247,1261925000.0,26876000.0,51034000.0,8730000.0,3.551,301824000.0
62,CPWR,MRQ,1999-03-31,1999-03-31,1999-03-31,2019-05-20,-6300000.0,1676683000.0,,1072090000.0,604593000.0,,2.937,-9888000.0,193128000.0,193128000.0,159728000.0,123968000.0,2.056,0.553,0.0,0.0,0.0,0.0,330625000.0,10876000.0,0.0,0.0,0.0,188161000.0,199037000.0,0.398,199037000.0,188161000.0,187830000.0,0.33,0.31,0.33,1079522000.0,,1079522000.0,8622776129.0,16.0,15.066,130424000.0,0.355,1.0,340407000.0,0.681,135808000.0,331000.0,826243000.0,,0.0,485476000.0,309787000.0,175689000.0,597161000.0,521504000.0,75657000.0,8776121129.0,36064000.0,168000.0,-132873000.0,-1085000.0,0.0,-133958000.0,29710000.0,39430000.0,140312000.0,0.0,123968000.0,123968000.0,123968000.0,0.0,0.0,0.248,161706000.0,178701000.0,71129000.0,0.0,8.13,25.084,25.137,94786000.0,0.0,23.88,5.356,5.356,672262000.0,777318000.0,500135000.0,500135000.0,16836000.0,,,,,13981000.0,144870000.0,1.0,367509260.0,367509260.0,,1.361,1540875000.0,28074000.0,63862000.0,27153000.0,4.193,550586000.0
63,CPWR,MRQ,1998-12-31,1998-12-31,1998-12-31,2019-05-20,-3276000.0,1508190000.0,,981890000.0,526300000.0,,2.817,-11199000.0,157064000.0,157064000.0,143802000.0,97260000.0,2.366,0.457,3719000.0,0.0,3719000.0,3719000.0,276941000.0,10722000.0,0.0,0.0,0.0,147534000.0,158256000.0,0.365,158256000.0,147534000.0,147364000.0,0.26,0.24,0.26,1035106000.0,,1035106000.0,14237368242.0,31.0,28.546,136776000.0,0.372,1.0,289316000.0,0.668,109361000.0,170000.0,830427000.0,,0.0,526376000.0,351997000.0,174379000.0,473084000.0,415057000.0,58027000.0,14356749242.0,33345000.0,-12264000.0,4108000.0,109000.0,0.0,4217000.0,-118847000.0,-97994000.0,147975000.0,0.0,97260000.0,97260000.0,97260000.0,0.0,0.0,0.225,149596000.0,139720000.0,20737000.0,0.0,13.87,47.469,47.64,92245000.0,0.0,39.065,9.596,9.596,561728000.0,653350000.0,433118000.0,433118000.0,16803000.0,,,,,32396000.0,131193000.0,1.0,367509260.0,367509260.0,,1.179,1398829000.0,26593000.0,50104000.0,22474000.0,3.806,566833000.0
64,CPWR,MRQ,1998-09-30,1998-09-30,1998-09-30,2019-05-20,-3629000.0,1311280000.0,,814938000.0,496342000.0,,2.463,-8900000.0,123719000.0,123719000.0,139992000.0,69788000.0,2.289,0.455,4338000.0,0.0,4338000.0,4338000.0,254230000.0,10040000.0,0.0,0.0,0.0,106370000.0,116410000.0,0.318,116410000.0,106370000.0,106222000.0,0.19,0.17,0.19,900989000.0,,900989000.0,10597825277.0,27.0,24.581,77852000.0,0.213,1.0,226577000.0,0.618,104565000.0,148000.0,731380000.0,,0.0,429809000.0,240756000.0,189053000.0,410291000.0,355954000.0,54337000.0,10771158277.0,-54146000.0,0.0,13631000.0,-305000.0,0.0,13326000.0,-154224000.0,-142714000.0,86752000.0,0.0,69788000.0,69788000.0,69788000.0,0.0,0.0,0.19,127149000.0,99428000.0,21455000.0,0.0,11.955,41.482,40.889,88498000.0,0.0,29.44,7.847,7.847,500306000.0,556090000.0,366569000.0,366569000.0,16003000.0,,,,,19430000.0,108396000.0,1.0,365868148.0,365868148.0,,1.002,1206715000.0,24189000.0,36434000.0,9908000.0,3.298,458984000.0
65,CPWR,MRQ,1998-06-30,1998-06-30,1998-06-30,2019-05-20,-4060000.0,1165118000.0,,755767000.0,409351000.0,,2.207,-8556000.0,177865000.0,177865000.0,128626000.0,58847000.0,2.39,0.461,4532000.0,0.0,4532000.0,4532000.0,243607000.0,9899000.0,0.0,0.0,0.0,88625000.0,98524000.0,0.291,98524000.0,88625000.0,88625000.0,0.16,0.15,0.16,797709000.0,,797709000.0,9042497184.0,27.0,24.065,95661000.0,0.265,1.0,209997000.0,0.62,106116000.0,0.0,569437000.0,,0.0,288200000.0,171447000.0,116753000.0,367409000.0,316232000.0,51177000.0,9241819184.0,-28413000.0,-533000.0,5721000.0,-2411000.0,0.0,3310000.0,-135940000.0,-126851000.0,104217000.0,0.0,58847000.0,58847000.0,58847000.0,0.0,0.0,0.174,127208000.0,82789000.0,23234000.0,0.0,11.585,41.163,40.579,85995000.0,0.0,25.565,7.373,7.373,451117000.0,486302000.0,338623000.0,338623000.0,15315000.0,,,,,25276000.0,111893000.0,1.0,361502804.0,361502804.0,,0.937,1059002000.0,25993000.0,29778000.0,0.0,2.929,439535000.0
66,CPWR,MRQ,1998-03-31,1998-03-31,1998-03-31,2019-05-20,-3629000.0,1072640000.0,,676275000.0,396365000.0,,1.971,-9473000.0,206278000.0,206278000.0,118242000.0,76551000.0,2.154,0.514,6956000.0,0.0,6956000.0,6956000.0,223611000.0,9640000.0,0.0,0.0,0.0,115916000.0,125556000.0,0.351,125556000.0,115916000.0,114769000.0,0.21,0.19,0.21,708296000.0,,708296000.0,8765972491.0,30.0,26.691,97265000.0,0.271,1.0,239582000.0,0.67,108062000.0,1147000.0,451305000.0,,0.0,162070000.0,54349000.0,107721000.0,364344000.0,313951000.0,50393000.0,8871165491.0,94209000.0,-4489000.0,7851000.0,0.0,0.0,7851000.0,-20380000.0,-6418000.0,106738000.0,0.0,76551000.0,76551000.0,76551000.0,0.0,0.0,0.214,133946000.0,105636000.0,19985000.0,0.0,12.525,45.741,44.891,84494000.0,0.0,24.69,7.786,7.786,452855000.0,427455000.0,357824000.0,357824000.0,12272000.0,,,,,2921000.0,118514000.0,1.0,359301964.0,359301964.0,,0.996,964578000.0,29653000.0,38218000.0,0.0,2.685,362324000.0
67,CPWR,MRQ,1997-12-31,1997-12-31,1997-12-31,2019-05-20,-3351000.0,937810000.0,,537694000.0,400116000.0,,1.712,-9894000.0,112069000.0,112069000.0,109329000.0,54471000.0,1.896,0.534,6876000.0,0.0,6876000.0,6876000.0,199230000.0,8982000.0,0.0,0.0,0.0,81665000.0,90647000.0,0.293,90647000.0,81665000.0,81665000.0,0.16,0.145,0.16,611266000.0,,611266000.0,,,,41551000.0,0.116,1.0,200306000.0,0.647,109353000.0,0.0,439633000.0,,0.0,156295000.0,38874000.0,117421000.0,326544000.0,283631000.0,42913000.0,5748831424.0,14340000.0,0.0,8338000.0,-3890000.0,0.0,4448000.0,-41553000.0,-31659000.0,51445000.0,0.0,54471000.0,54471000.0,54471000.0,0.0,0.0,0.176,122391000.0,77915000.0,17720000.0,0.0,9.405,35.22,33.333,82092000.0,0.0,16.0,5.559,5.525,413447000.0,350905000.0,309635000.0,309635000.0,14901000.0,,,,,11552000.0,103884000.0,1.0,359301964.0,357062000.0,393476000.0,0.867,828457000.0,41230000.0,27194000.0,0.0,2.32,254063000.0
68,CPWR,MRQ,1997-09-30,1997-09-30,1997-09-30,2019-05-20,,,,,,,,-11675000.0,,,99706000.0,34650000.0,,,,,,,,9078000.0,,0.0,0.0,51949000.0,61027000.0,0.247,61027000.0,51949000.0,51949000.0,0.1,0.09,0.1,,,,,,,10963000.0,,1.0,147675000.0,0.597,,0.0,,,,,,,,,,,-15747000.0,0.0,6394000.0,0.0,0.0,6394000.0,-44779000.0,-33104000.0,22638000.0,0.0,34650000.0,34650000.0,34650000.0,0.0,0.0,0.14,97871000.0,49804000.0,,0.0,,,36.446,,0.0,15.125,,,,,247381000.0,247381000.0,13681000.0,,,,,11818000.0,84190000.0,1.0,,,,,,,17299000.0,,,
69,CPWR,MRQ,1997-06-30,1997-06-30,1997-06-30,2019-05-20,,,,,,,,-10787000.0,,,92748000.0,28272000.0,,,,,,,,8804000.0,,0.0,0.0,42387000.0,51191000.0,0.228,51191000.0,42387000.0,42387000.0,0.08,0.075,0.08,,,,,,,18997000.0,,1.0,131730000.0,0.587,,0.0,,,,,,,,,,,6135000.0,-709000.0,3849000.0,0.0,0.0,3849000.0,-27498000.0,-16002000.0,29784000.0,0.0,28272000.0,28272000.0,28272000.0,0.0,0.0,0.126,91732000.0,39998000.0,,0.0,,,,,0.0,11.938,,,,,224478000.0,224478000.0,13562000.0,,,,,4111000.0,78170000.0,1.0,,,,,,,14115000.0,,,
70,CPWR,MRQ,1997-03-31,1997-03-31,1997-03-31,2019-05-20,-845000.0,755407000.0,,451812000.0,303595000.0,,,-9653000.0,107341000.0,107341000.0,82937000.0,45833000.0,1.659,0.695,6068000.0,0.0,6068000.0,6068000.0,195766000.0,6812000.0,0.0,0.0,0.0,69464000.0,76276000.0,0.302,76276000.0,69464000.0,69464000.0,0.14,0.125,0.14,445636000.0,,445636000.0,,,,33036000.0,,1.0,169642000.0,0.672,109055000.0,0.0,272775000.0,,0.0,71069000.0,26604000.0,44465000.0,309771000.0,272304000.0,37467000.0,,32951000.0,12216000.0,4472000.0,0.0,0.0,4472000.0,-14210000.0,-16773000.0,42689000.0,0.0,45833000.0,45833000.0,45833000.0,0.0,0.0,0.181,102283000.0,67359000.0,24275000.0,0.0,,,27.047,70578000.0,0.0,7.844,,,345559000.0,232630000.0,252579000.0,252579000.0,10778000.0,,,,,3038000.0,91505000.0,1.0,,,,,646352000.0,30424000.0,23631000.0,0.0,,179508000.0
71,CPWR,MRQ,1996-12-31,1996-12-31,1996-12-31,2019-05-20,,,,,,,,,,,77036000.0,32246000.0,,,,,,,,,,0.0,0.0,48345000.0,,,,48345000.0,48345000.0,0.095,0.09,0.095,,,,,,,,,1.0,136677000.0,0.64,,0.0,,,,,,,,,,,,,,,,,,,,,32246000.0,32246000.0,32246000.0,0.0,0.0,0.151,89657000.0,47020000.0,,0.0,,,,,0.0,6.265,,,,,213713000.0,213713000.0,11516000.0,,,,,,78141000.0,1.0,,341342000.0,359578000.0,0.626,,,16099000.0,,,
0,CPWR,MRT,2014-09-30,2014-09-30,2014-09-30,2019-05-20,-21635000.0,1849871000.0,1937544000.0,641611000.0,1208260000.0,0.31,4.841,-41947000.0,255270000.0,255270000.0,154858000.0,49993000.0,1.393,0.72,0.0,0.0,0.0,0.0,597738000.0,59943000.0,0.0,0.035,0.375,63207000.0,123150000.0,0.205,123150000.0,63207000.0,62103000.0,0.25,0.24,0.25,1065619000.0,1070791250.0,1065619000.0,2060169373.0,33.0,16.729,104265000.0,0.474,1.0,445683000.0,0.742,727911000.0,1104000.0,406202000.0,432894250.0,0.0,0.0,0.0,0.0,767591000.0,460488000.0,307103000.0,2335683373.0,204898000.0,103954000.0,24408000.0,-14000000.0,-82016000.0,-3964000.0,65700000.0,0.0,146212000.0,-3050000.0,54479000.0,54479000.0,54479000.0,-29926000.0,-4486000.0,0.091,420181000.0,25502000.0,18947000.0,1.5,2.192,42.873,42.44,279748000.0,0.0,10.61,3.889,3.889,475074000.0,237874000.0,600541000.0,600541000.0,75088000.0,0.028,0.051,0.146,0.105,30846000.0,333218000.0,1.0,220139809.0,220139809.0,,2.728,1121960000.0,57516000.0,7624000.0,51376000.0,5.097,181123000.0
1,CPWR,MRT,2014-06-30,2014-06-30,2014-06-30,2019-05-20,-7648000.0,1866088000.0,1967696250.0,632463000.0,1233625000.0,0.306,4.831,-40743000.0,275514000.0,275514000.0,162082000.0,56802000.0,1.373,0.743,0.0,0.0,0.0,0.0,629165000.0,61955000.0,0.0,0.05,0.5,68129000.0,130084000.0,0.216,130084000.0,68129000.0,67025000.0,0.28,0.27,0.28,1061362000.0,1070187000.0,1061362000.0,1894522442.0,28.0,14.564,114197000.0,0.52,1.0,440259000.0,0.731,744313000.0,1104000.0,385748000.0,475012250.0,0.0,0.0,0.0,0.0,788779000.0,460513000.0,328266000.0,2194581442.0,194185000.0,103954000.0,26267000.0,-15000000.0,-108904000.0,-30302000.0,66904000.0,0.0,154940000.0,2643000.0,61668000.0,61668000.0,61668000.0,-37138000.0,-4866000.0,0.102,418547000.0,21712000.0,14133000.0,1.786,2.068,35.587,35.679,283107000.0,0.0,9.99,3.643,3.643,453041000.0,229037000.0,602341000.0,602341000.0,76852000.0,0.031,0.058,0.143,0.113,39244000.0,331856000.0,1.0,219677822.0,219677822.0,,2.742,1121775000.0,57871000.0,5357000.0,50106000.0,5.106,171950000.0
2,CPWR,MRT,2014-03-31,2014-03-31,2014-03-31,2019-05-20,-6915000.0,1997109000.0,1975558250.0,752554000.0,1244555000.0,0.365,4.954,-38978000.0,300059000.0,300059000.0,223920000.0,68125000.0,1.4,0.829,0.0,0.0,0.0,0.0,685123000.0,63427000.0,0.0,0.048,0.5,85631000.0,149058000.0,0.207,149058000.0,85631000.0,84527000.0,0.33,0.32,0.33,1080778000.0,1054656250.0,1080778000.0,2182028952.0,25.0,14.639,122548000.0,0.562,1.0,496836000.0,0.689,747308000.0,1104000.0,412388000.0,497806000.0,0.0,0.0,0.0,0.0,896075000.0,537354000.0,358721000.0,2290925952.0,210186000.0,112000000.0,31701000.0,-18000000.0,-108171000.0,-27434000.0,76440000.0,0.0,161526000.0,-346000.0,71583000.0,71583000.0,71583000.0,-29926000.0,-3458000.0,0.099,448981000.0,47855000.0,14251000.0,1.515,2.12,32.004,31.818,287013000.0,0.0,10.5,3.179,3.179,554107000.0,257236000.0,720756000.0,720756000.0,86181000.0,0.036,0.068,0.172,0.119,40881000.0,350810000.0,1.0,218183424.0,218183424.0,,3.303,1249801000.0,56546000.0,12944000.0,69484000.0,5.728,215200000.0
3,CPWR,MRT,2013-12-31,2013-12-31,2013-12-31,2019-05-20,-4213000.0,2037108000.0,1969601500.0,661577000.0,1375531000.0,0.311,4.965,-43410000.0,108897000.0,108897000.0,151282000.0,-14510000.0,1.19,0.875,0.0,0.0,0.0,0.0,713226000.0,64855000.0,0.0,0.033,0.375,-10634000.0,54221000.0,0.088,54221000.0,-10634000.0,-12490000.0,-0.06,-0.06,-0.06,1075406000.0,1034018250.0,1075406000.0,2391561824.0,-225.0,44.108,99278000.0,0.458,1.0,462013000.0,0.753,845059000.0,1856000.0,527239000.0,521615000.0,0.0,0.0,0.0,0.0,940849000.0,555913000.0,384936000.0,2427933824.0,44013000.0,0.0,98479000.0,-70000000.0,-80808000.0,-54440000.0,-41473000.0,0.0,142688000.0,-2762000.0,-12324000.0,-12324000.0,-12324000.0,29651000.0,-2186000.0,-0.02,449305000.0,12708000.0,25610000.0,-6.25,2.258,-197.009,-186.833,292872000.0,0.0,11.21,3.959,3.959,648305000.0,265099000.0,613295000.0,613295000.0,83267000.0,-0.006,-0.012,-0.02,-0.017,43540000.0,341528000.0,1.0,216586425.0,216586425.0,,2.832,1192049000.0,81700000.0,-166000.0,73403000.0,5.504,105664000.0
4,CPWR,MRT,2013-09-30,2013-09-30,2013-09-30,2019-05-20,-7539000.0,1970480000.0,1981555500.0,581542000.0,1388938000.0,0.313,4.953,-45113000.0,50372000.0,50372000.0,145002000.0,-13160000.0,1.127,0.833,14000000.0,0.0,14000000.0,14000000.0,672997000.0,67294000.0,0.0,0.022,0.25,-4936000.0,62358000.0,0.1,62358000.0,-4936000.0,-6792000.0,-0.06,-0.05,-0.06,1063202000.0,1027689750.0,1063202000.0,2335589270.0,-473.0,37.455,98061000.0,0.457,1.0,475645000.0,0.766,843427000.0,1856000.0,574674000.0,547597000.0,0.0,0.0,0.0,0.0,886169000.0,516007000.0,370162000.0,2401918270.0,-13144000.0,0.0,-10640000.0,-45300000.0,-53629000.0,-110891000.0,-43176000.0,0.0,143174000.0,-2251000.0,-12006000.0,-12006000.0,-12006000.0,29651000.0,-1154000.0,-0.019,453192000.0,22453000.0,16894000.0,-4.167,2.259,-200.06,-186.5,295264000.0,0.0,11.19,3.87,3.87,573100000.0,268937000.0,620647000.0,620647000.0,86380000.0,-0.006,-0.012,-0.009,-0.008,41810000.0,346039000.0,1.0,214648639.0,214648639.0,,2.891,1127053000.0,77816000.0,5214000.0,71035000.0,5.251,65535000.0
5,CPWR,MRT,2013-06-30,2013-06-30,2013-06-30,2019-05-20,-15304000.0,1897536000.0,1992705000.0,519202000.0,1378334000.0,0.335,4.682,-52393000.0,81329000.0,81329000.0,165771000.0,-17752000.0,1.007,0.899,15000000.0,0.0,15000000.0,15000000.0,681093000.0,67002000.0,0.0,0.012,0.125,-7197000.0,59805000.0,0.089,59805000.0,-7197000.0,-9053000.0,-0.08,-0.07,-0.08,999239000.0,1022360750.0,999239000.0,2134997171.0,-297.0,35.699,90544000.0,0.424,1.0,502781000.0,0.752,838548000.0,1856000.0,476923000.0,552478500.0,0.0,0.0,0.0,0.0,898297000.0,515736000.0,382561000.0,2206870171.0,-2178000.0,0.0,-41984000.0,-21500000.0,-26741000.0,-91238000.0,-51256000.0,0.0,142937000.0,-2621000.0,-17752000.0,-17752000.0,-17752000.0,36863000.0,0.0,-0.027,473951000.0,28830000.0,12900000.0,-1.563,2.209,-124.317,-129.25,297405000.0,0.0,10.34,3.301,3.301,535747000.0,280780000.0,668552000.0,668552000.0,92550000.0,-0.009,-0.017,-0.013,-0.011,33825000.0,360847000.0,1.0,213430384.0,213430384.0,,3.132,1058988000.0,78323000.0,8699000.0,79317000.0,4.962,3466000.0
6,CPWR,MRT,2013-03-31,2013-03-31,2013-03-31,2019-05-20,-18784000.0,1973282000.0,2027784250.0,593239000.0,1380043000.0,0.357,4.704,-56071000.0,89873000.0,89873000.0,195946000.0,-17251000.0,1.069,0.977,18000000.0,0.0,18000000.0,18000000.0,728315000.0,65919000.0,0.0,0.0,0.0,522000.0,66441000.0,0.092,66441000.0,522000.0,-1334000.0,-0.08,-0.08,-0.08,998226000.0,1034241000.0,998226000.0,2655679164.0,5088.0,39.97,76341000.0,0.36,1.0,527958000.0,0.729,838705000.0,1856000.0,507624000.0,575804500.0,0.0,0.0,0.0,0.0,975056000.0,555080000.0,419976000.0,2650563164.0,-9307000.0,0.0,-55518000.0,-27000000.0,0.0,-83232000.0,-55259000.0,0.0,132412000.0,-3228000.0,-17251000.0,-17251000.0,-17251000.0,42568000.0,0.0,-0.024,485554000.0,42404000.0,18717000.0,0.0,2.655,-153.647,-156.125,302492000.0,0.0,12.49,3.661,3.661,599478000.0,301298000.0,723904000.0,723904000.0,95356000.0,-0.009,-0.017,0.001,0.001,31677000.0,374447000.0,1.0,212214825.0,212214825.0,,3.411,1134577000.0,74323000.0,15917000.0,78157000.0,5.346,38159000.0
7,CPWR,MRT,2012-12-31,2012-12-31,2012-12-31,2019-05-20,-12607000.0,2084924000.0,2076348250.0,589587000.0,1495337000.0,0.349,4.924,-55535000.0,64884000.0,64884000.0,178330000.0,73521000.0,1.092,0.985,70000000.0,0.0,70000000.0,70000000.0,724482000.0,65203000.0,0.0,0.0,0.0,95242000.0,160445000.0,0.221,160445000.0,95242000.0,92081000.0,0.34,0.34,0.34,1050092000.0,1047168750.0,1050092000.0,2313758444.0,24.0,14.421,99389000.0,0.466,1.0,546059000.0,0.754,918864000.0,3161000.0,631167000.0,600279500.0,0.0,0.0,0.0,0.0,1034832000.0,540009000.0,494823000.0,2317974444.0,-17317000.0,0.0,-75279000.0,-40000000.0,0.0,-115279000.0,-57260000.0,0.0,154924000.0,298000.0,73521000.0,73521000.0,73521000.0,-24930000.0,0.0,0.101,479230000.0,66829000.0,13509000.0,0.0,2.207,31.528,31.971,314404000.0,0.0,10.87,3.2,3.2,640577000.0,368445000.0,724389000.0,724389000.0,95202000.0,0.035,0.07,0.159,0.131,27832000.0,384028000.0,1.0,213245119.0,213245119.0,,3.397,1166060000.0,78616000.0,18560000.0,99531000.0,5.468,49578000.0
8,CPWR,MRT,2012-09-30,2012-09-30,2012-09-30,2019-05-20,-16466000.0,2015078000.0,2097819750.0,509886000.0,1505192000.0,0.343,4.833,-49936000.0,63516000.0,63516000.0,180528000.0,69769000.0,1.011,0.934,59300000.0,0.0,59300000.0,59300000.0,699798000.0,62907000.0,0.0,0.0,0.0,88472000.0,151379000.0,0.21,151379000.0,88472000.0,85311000.0,0.32,0.32,0.32,1041886000.0,1039770750.0,1041886000.0,2084874724.0,24.0,13.773,114269000.0,0.53,1.0,539052000.0,0.749,912384000.0,3161000.0,594200000.0,591403250.0,0.0,0.0,0.0,0.0,973192000.0,504278000.0,468914000.0,2131881724.0,-350000.0,0.0,-45897000.0,-66300000.0,0.0,-112197000.0,-51736000.0,0.0,164205000.0,-622000.0,69769000.0,69769000.0,69769000.0,-24930000.0,0.0,0.097,479279000.0,59773000.0,17296000.0,0.0,2.046,30.556,30.906,319472000.0,0.0,9.89,2.963,2.963,564717000.0,362648000.0,719580000.0,719580000.0,96838000.0,0.033,0.067,0.15,0.123,27920000.0,382441000.0,1.0,215559325.0,215559325.0,,3.338,1102694000.0,87316000.0,15542000.0,89683000.0,5.116,5608000.0
9,CPWR,MRT,2012-06-30,2012-06-30,2012-06-30,2019-05-20,-19378000.0,2037853000.0,2122036250.0,528860000.0,1508993000.0,0.358,4.806,-49179000.0,83507000.0,83507000.0,187907000.0,81854000.0,1.036,0.947,36500000.0,0.0,36500000.0,36500000.0,741013000.0,62905000.0,0.0,0.0,0.0,109537000.0,172442000.0,0.227,172442000.0,109537000.0,106376000.0,0.37,0.37,0.37,1046760000.0,1027132000.0,1046760000.0,1971395470.0,18.0,11.432,133381000.0,0.612,1.0,571771000.0,0.753,910289000.0,3161000.0,570227000.0,615261250.0,0.0,0.0,0.0,0.0,991093000.0,510330000.0,480763000.0,2025575470.0,-111359000.0,-249337000.0,-23240000.0,36500000.0,0.0,13260000.0,-300016000.0,0.0,182560000.0,-7163000.0,81854000.0,81854000.0,81854000.0,-24930000.0,0.0,0.108,491012000.0,80759000.0,17842000.0,0.0,1.935,24.746,25.135,316363000.0,0.0,9.3,2.666,2.666,565614000.0,372487000.0,759678000.0,759678000.0,96029000.0,0.039,0.08,0.178,0.144,27690000.0,394983000.0,1.0,217803814.0,217803814.0,,3.488,1127564000.0,91057000.0,24522000.0,86072000.0,5.177,18530000.0
10,CPWR,MRT,2012-03-31,2012-03-31,2012-03-31,2019-05-20,-10550000.0,2167538000.0,2113455750.0,641358000.0,1526180000.0,0.361,4.804,-46702000.0,99180000.0,99180000.0,188868000.0,88371000.0,1.093,1.064,45000000.0,0.0,45000000.0,45000000.0,820409000.0,60551000.0,0.0,0.0,0.0,113537000.0,174088000.0,0.228,174088000.0,113537000.0,110376000.0,0.4,0.4,0.4,1049937000.0,1010742750.0,1049937000.0,2036449277.0,18.0,11.698,132939000.0,0.608,1.0,574623000.0,0.753,920862000.0,3161000.0,605524000.0,613204250.0,0.0,0.0,0.0,0.0,1117601000.0,586972000.0,530629000.0,2008650277.0,-81064000.0,-249337000.0,-6579000.0,45000000.0,0.0,38421000.0,-296939000.0,0.0,179641000.0,-2187000.0,88371000.0,88371000.0,88371000.0,-24930000.0,0.0,0.116,490810000.0,83813000.0,16169000.0,0.0,1.913,22.73,22.975,321991000.0,0.0,9.19,2.631,2.631,661296000.0,372408000.0,763491000.0,763491000.0,94233000.0,0.042,0.087,0.185,0.149,24724000.0,396577000.0,1.0,218569127.0,218569127.0,,3.493,1246676000.0,93144000.0,22005000.0,86080000.0,5.704,54386000.0
11,CPWR,MRT,2011-12-31,2011-12-31,2011-12-31,2019-05-20,-18697000.0,2170810000.0,2081165500.0,637302000.0,1533508000.0,0.477,4.673,-42624000.0,82201000.0,82201000.0,335720000.0,96057000.0,0.925,1.127,110000000.0,110000000.0,0.0,110000000.0,791912000.0,57738000.0,0.0,0.0,0.0,131937000.0,189675000.0,0.191,189675000.0,131937000.0,130535000.0,0.44,0.44,0.44,1020500000.0,986411500.0,1020500000.0,1878784003.0,14.0,9.905,155312000.0,0.711,1.0,657558000.0,0.662,914338000.0,1402000.0,595662000.0,603956250.0,0.0,0.0,0.0,0.0,1150310000.0,688609000.0,461701000.0,1817050003.0,338000.0,-249337000.0,-13923000.0,110000000.0,0.0,96077000.0,-292536000.0,0.0,197936000.0,-1139000.0,96057000.0,96057000.0,96057000.0,0.0,0.0,0.097,529603000.0,127955000.0,16805000.0,0.0,1.781,18.916,18.909,326099000.0,0.0,8.32,1.829,1.829,687459000.0,355650000.0,993278000.0,993278000.0,103085000.0,0.046,0.097,0.218,0.133,22936000.0,426518000.0,1.0,218395433.0,218395433.0,,4.548,1256472000.0,92883000.0,34478000.0,96173000.0,5.753,-51307000.0
12,CPWR,MRT,2011-09-30,2011-09-30,2011-09-30,2019-05-20,-19894000.0,2111944000.0,2031422000.0,577442000.0,1534502000.0,0.486,4.535,-42576000.0,63866000.0,63866000.0,324270000.0,108468000.0,1.032,1.13,125600000.0,0.0,125600000.0,125600000.0,751109000.0,54597000.0,0.0,0.0,0.0,149970000.0,204567000.0,0.207,204567000.0,149970000.0,148568000.0,0.5,0.49,0.5,991331000.0,965855250.0,991331000.0,1479588912.0,10.0,7.233,135857000.0,0.621,1.0,662976000.0,0.672,924599000.0,1402000.0,689632000.0,607392000.0,0.0,0.0,0.0,0.0,1120613000.0,559447000.0,561166000.0,1674454912.0,-13402000.0,-251787000.0,-22510000.0,125600000.0,0.0,103090000.0,-294863000.0,0.0,178433000.0,-62000.0,108468000.0,108468000.0,108468000.0,0.0,0.0,0.11,518133000.0,144843000.0,21943000.0,0.0,1.689,15.437,15.32,330079000.0,0.0,7.66,1.696,1.696,633534000.0,334723000.0,987246000.0,987246000.0,98337000.0,0.053,0.112,0.247,0.152,21556000.0,419796000.0,1.0,218597247.0,218597247.0,,4.516,1187345000.0,92079000.0,40100000.0,101309000.0,5.432,17995000.0
13,CPWR,MRT,2011-06-30,2011-06-30,2011-06-30,2019-05-20,-1567000.0,2003531000.0,1976638000.0,697905000.0,1305626000.0,0.482,4.496,-34443000.0,194866000.0,194866000.0,303846000.0,111781000.0,1.251,1.042,0.0,0.0,0.0,0.0,812683000.0,51134000.0,0.0,0.0,0.0,153541000.0,204675000.0,0.215,204675000.0,153541000.0,152139000.0,0.52,0.51,0.52,981203000.0,945347750.0,981203000.0,1949876605.0,13.0,9.527,124657000.0,0.571,1.0,648573000.0,0.681,688670000.0,1402000.0,561999000.0,577549750.0,0.0,0.0,0.0,0.0,1022328000.0,557996000.0,464332000.0,2130120605.0,56196000.0,-18165000.0,-62510000.0,0.0,0.0,-62510000.0,-52608000.0,0.0,159100000.0,12214000.0,111781000.0,111781000.0,111781000.0,0.0,0.0,0.117,501029000.0,147544000.0,17858000.0,0.0,2.171,19.056,18.769,331272000.0,0.0,9.76,2.237,2.237,624375000.0,314052000.0,952419000.0,952419000.0,93490000.0,0.057,0.118,0.266,0.161,18787000.0,407539000.0,1.0,218250062.0,218250062.0,,4.364,1314861000.0,92116000.0,40358000.0,84816000.0,6.025,139909000.0
14,CPWR,MRT,2011-03-31,2011-03-31,2011-03-31,2019-05-20,-741000.0,2038377000.0,1949857000.0,742740000.0,1295637000.0,0.476,4.355,-34604000.0,180244000.0,180244000.0,289115000.0,107441000.0,1.24,1.14,0.0,0.0,0.0,0.0,856156000.0,50332000.0,0.0,0.0,0.0,156178000.0,206510000.0,0.222,206510000.0,156178000.0,154776000.0,0.49,0.48,0.49,952612000.0,930598750.0,952612000.0,2444816328.0,16.0,11.839,125432000.0,0.573,1.0,639815000.0,0.689,690766000.0,1402000.0,568532000.0,570320000.0,0.0,0.0,0.0,0.0,1085765000.0,598835000.0,486930000.0,2526679328.0,30347000.0,-18165000.0,-81645000.0,0.0,0.0,-81645000.0,-52769000.0,0.0,160036000.0,4725000.0,107441000.0,107441000.0,107441000.0,0.0,0.0,0.116,489501000.0,150314000.0,18931000.0,0.0,2.652,23.517,23.571,333166000.0,0.0,11.55,2.72,2.72,681366000.0,297067000.0,928930000.0,928930000.0,90330000.0,0.055,0.115,0.274,0.168,18768000.0,399171000.0,1.0,218760115.0,218760115.0,,4.246,1347611000.0,83325000.0,47335000.0,77420000.0,6.16,143905000.0
15,CPWR,MRT,2010-12-31,2010-12-31,2010-12-31,2019-05-20,1958000.0,1971836000.0,1943594000.0,684798000.0,1287038000.0,0.468,4.284,-31062000.0,81863000.0,81863000.0,278684000.0,109997000.0,1.168,1.102,0.0,0.0,0.0,0.0,803638000.0,49821000.0,0.0,0.0,0.0,167067000.0,216888000.0,0.239,216888000.0,167067000.0,165877000.0,0.51,0.49,0.51,938275000.0,920899000.0,938275000.0,2478797559.0,15.0,11.429,127669000.0,0.583,1.0,630693000.0,0.694,694361000.0,1190000.0,609405000.0,571739500.0,0.0,0.0,0.0,0.0,1033561000.0,586207000.0,447354000.0,2556065559.0,-5999000.0,-18165000.0,-79976000.0,-35000000.0,0.0,-114976000.0,-49227000.0,0.0,158731000.0,-527000.0,109997000.0,109997000.0,109997000.0,0.0,0.0,0.121,489811000.0,140882000.0,18139000.0,0.0,2.724,23.238,22.882,334482000.0,0.0,11.67,2.811,2.811,710245000.0,297419000.0,909377000.0,909377000.0,91519000.0,0.057,0.119,0.292,0.184,18182000.0,395174000.0,1.0,219028754.0,219028754.0,,4.152,1277475000.0,86546000.0,55880000.0,77942000.0,5.832,98591000.0
16,CPWR,MRT,2010-09-30,2010-09-30,2010-09-30,2019-05-20,2065000.0,1892808000.0,1950442500.0,595407000.0,1297401000.0,0.457,4.073,-27254000.0,77268000.0,77268000.0,274272000.0,100410000.0,1.08,1.082,0.0,0.0,0.0,0.0,773662000.0,48618000.0,0.0,0.0,0.0,153416000.0,202034000.0,0.226,202034000.0,153416000.0,152226000.0,0.46,0.45,0.46,909301000.0,908201000.0,909301000.0,1763431204.0,11.0,8.728,142420000.0,0.638,1.0,617944000.0,0.693,694030000.0,1190000.0,570263000.0,593723500.0,0.0,0.0,0.0,0.0,983507000.0,551247000.0,432260000.0,1902101204.0,-255707000.0,-300108000.0,-96764000.0,0.0,0.0,-96764000.0,-327362000.0,0.0,169674000.0,-1255000.0,100410000.0,100410000.0,100410000.0,0.0,0.0,0.113,490413000.0,127531000.0,15789000.0,0.0,2.092,18.943,18.522,335614000.0,0.0,8.52,2.132,2.132,635132000.0,305585000.0,892216000.0,892216000.0,91564000.0,0.051,0.111,0.258,0.172,17161000.0,394707000.0,1.0,223251315.0,223251315.0,,3.996,1198778000.0,91137000.0,51816000.0,74797000.0,5.37,44160000.0
17,CPWR,MRT,2010-06-30,2010-06-30,2010-06-30,2019-05-20,3328000.0,1896407000.0,1933996750.0,618666000.0,1277741000.0,0.457,4.098,-22420000.0,138670000.0,138670000.0,270456000.0,102404000.0,1.126,1.056,0.0,0.0,0.0,0.0,783341000.0,46832000.0,0.0,0.0,0.0,154459000.0,201291000.0,0.228,201291000.0,154459000.0,153269000.0,0.46,0.45,0.46,922207000.0,902275250.0,922207000.0,1645813911.0,11.0,8.176,145131000.0,0.645,1.0,613820000.0,0.694,675095000.0,1190000.0,533080000.0,596775750.0,0.0,0.0,0.0,0.0,974200000.0,549562000.0,424638000.0,1795710911.0,-252010000.0,-284393000.0,-108367000.0,0.0,0.0,-108367000.0,-306813000.0,0.0,167551000.0,-4381000.0,102404000.0,102404000.0,102404000.0,0.0,0.0,0.116,485717000.0,128103000.0,14339000.0,0.0,1.947,17.536,17.348,338739000.0,0.0,7.98,2.031,2.031,600285000.0,307394000.0,884276000.0,884276000.0,91304000.0,0.053,0.113,0.259,0.175,17111000.0,388943000.0,1.0,225026430.0,225026430.0,,3.93,1221312000.0,89668000.0,50865000.0,72200000.0,5.427,69104000.0
18,CPWR,MRT,2010-03-31,2010-03-31,2010-03-31,2019-05-20,-362000.0,2013325000.0,1923032750.0,705281000.0,1308044000.0,0.464,4.018,-19354000.0,149897000.0,149897000.0,274846000.0,140806000.0,1.151,1.203,0.0,0.0,0.0,0.0,868349000.0,44997000.0,0.0,0.0,0.0,210310000.0,255307000.0,0.286,255307000.0,210310000.0,209120000.0,0.61,0.6,0.61,913813000.0,898754750.0,913813000.0,1857376170.0,9.0,7.275,206958000.0,0.91,1.0,617333000.0,0.692,676625000.0,1190000.0,574210000.0,600273500.0,0.0,0.0,0.0,0.0,1099512000.0,612593000.0,486919000.0,1910238170.0,-128215000.0,-219401000.0,-125251000.0,0.0,0.0,-125251000.0,-238755000.0,0.0,226312000.0,9479000.0,140806000.0,140806000.0,140806000.0,0.0,0.0,0.158,486285000.0,131048000.0,15713000.0,0.0,2.09,13.566,13.77,341696000.0,0.0,8.4,2.141,2.141,678848000.0,305441000.0,892179000.0,892179000.0,91245000.0,0.073,0.157,0.35,0.236,17444000.0,387080000.0,1.0,227409306.0,227409306.0,,3.923,1336700000.0,91415000.0,68314000.0,71525000.0,5.878,92688000.0
19,CPWR,MRT,2009-12-31,2009-12-31,2009-12-31,2019-05-20,-3959000.0,1999230000.0,1888414000.0,674278000.0,1324952000.0,0.485,3.851,-22799000.0,87862000.0,87862000.0,297678000.0,151826000.0,1.101,1.253,35000000.0,0.0,35000000.0,35000000.0,842854000.0,45303000.0,0.0,0.0,0.0,235779000.0,281082000.0,0.307,281082000.0,235779000.0,235779000.0,0.64,0.63,0.64,887483000.0,890463500.0,887483000.0,1333333750.0,6.0,4.744,233768000.0,1.014,1.0,617858000.0,0.675,636622000.0,0.0,697341000.0,621799500.0,0.0,0.0,0.0,0.0,1111747000.0,612405000.0,499342000.0,1666308750.0,-75854000.0,-219401000.0,-134832000.0,35000000.0,0.0,-99832000.0,-242200000.0,0.0,256567000.0,9611000.0,151826000.0,151826000.0,151826000.0,0.0,0.0,0.166,457282000.0,160576000.0,17723000.0,0.0,1.878,10.975,11.297,346270000.0,0.0,7.23,1.82,1.82,743767000.0,282133000.0,915536000.0,915536000.0,84227000.0,0.08,0.171,0.379,0.258,15353000.0,365098000.0,1.0,230471473.0,230471473.0,,3.972,1362608000.0,85702000.0,83953000.0,69911000.0,5.912,61873000.0
20,CPWR,MRT,2009-09-30,2009-09-30,2009-09-30,2019-05-20,-1976000.0,1827025000.0,1841707750.0,809240000.0,1017785000.0,0.518,3.728,-31457000.0,332975000.0,332975000.0,331752000.0,162366000.0,1.51,1.063,0.0,0.0,0.0,0.0,741885000.0,46941000.0,0.0,0.0,0.0,250073000.0,297014000.0,0.311,297014000.0,250073000.0,250073000.0,0.67,0.66,0.67,885598000.0,882640500.0,885598000.0,1350465235.0,5.0,4.547,204084000.0,0.859,1.0,622587000.0,0.652,375752000.0,0.0,582472000.0,621739250.0,0.0,0.0,0.0,0.0,941427000.0,535826000.0,405601000.0,1741145235.0,171652000.0,64992000.0,-113499000.0,0.0,0.0,-113499000.0,44345000.0,10810000.0,235541000.0,5265000.0,162366000.0,162366000.0,162366000.0,0.0,0.0,0.17,448932000.0,173655000.0,23142000.0,0.0,1.966,10.724,10.94,345158000.0,0.0,7.33,1.824,1.824,636723000.0,273799000.0,954339000.0,954339000.0,84060000.0,0.088,0.184,0.402,0.262,17215000.0,353930000.0,1.0,237536867.0,237536867.0,,4.018,1451273000.0,78040000.0,87707000.0,62072000.0,6.11,273414000.0
21,CPWR,MRT,2009-06-30,2009-06-30,2009-06-30,2019-05-20,-625000.0,1852551000.0,1826404250.0,842678000.0,1009873000.0,0.551,3.753,-33551000.0,390680000.0,390680000.0,384298000.0,155962000.0,1.57,1.04,0.0,0.0,0.0,0.0,749630000.0,50044000.0,0.0,0.0,0.0,237644000.0,287688000.0,0.286,287688000.0,237644000.0,237644000.0,0.64,0.62,0.64,908125000.0,866502500.0,908125000.0,1381788953.0,6.0,4.803,225524000.0,0.932,1.0,621957000.0,0.618,377955000.0,0.0,547071000.0,641753750.0,0.0,0.0,0.0,0.0,944426000.0,536845000.0,407581000.0,1659900953.0,174223000.0,64992000.0,-165357000.0,0.0,0.0,-165357000.0,87797000.0,56356000.0,259075000.0,-7292000.0,155962000.0,155962000.0,155962000.0,0.0,0.0,0.155,462444000.0,159513000.0,24101000.0,0.0,1.828,10.643,10.719,349258000.0,0.0,6.86,1.65,1.65,596978000.0,279951000.0,1006255000.0,1006255000.0,85365000.0,0.085,0.18,0.37,0.236,18948000.0,365234000.0,1.0,241968069.0,241968069.0,,4.159,1474596000.0,77517000.0,81682000.0,68288000.0,6.094,305833000.0
22,CPWR,MRT,2009-03-31,2009-03-31,2009-03-31,2019-05-20,-622000.0,1874850000.0,1851018000.0,858764000.0,1016086000.0,0.589,3.571,-33015000.0,278112000.0,278112000.0,434398000.0,139647000.0,1.529,1.129,0.0,0.0,0.0,0.0,787504000.0,53129000.0,0.0,0.0,0.0,212721000.0,265850000.0,0.244,265850000.0,212721000.0,212721000.0,0.56,0.55,0.56,880648000.0,866950250.0,880648000.0,1461460026.0,7.0,5.497,198993000.0,0.807,1.0,656057000.0,0.602,374897000.0,0.0,660314000.0,688438000.0,0.0,0.0,0.0,0.0,994202000.0,561527000.0,432675000.0,1625176026.0,62169000.0,0.0,-191819000.0,0.0,0.0,-191819000.0,37197000.0,70212000.0,232008000.0,-15217000.0,139647000.0,139647000.0,139647000.0,0.0,0.0,0.128,470917000.0,185140000.0,13796000.0,0.0,1.845,11.638,11.768,353182000.0,0.0,6.59,1.49,1.49,696692000.0,249897000.0,1090455000.0,1090455000.0,86453000.0,0.075,0.161,0.309,0.195,15637000.0,374427000.0,1.0,246612447.0,246612447.0,,4.422,1499953000.0,70788000.0,73074000.0,49116000.0,6.082,297237000.0
23,CPWR,MRT,2008-12-31,2008-12-31,2008-12-31,2019-05-20,3959000.0,1812405000.0,1886944750.0,751726000.0,1060679000.0,0.623,3.473,-29479000.0,163716000.0,163716000.0,465130000.0,152441000.0,1.368,1.117,0.0,0.0,0.0,0.0,786028000.0,54105000.0,0.0,0.0,0.0,224271000.0,278376000.0,0.237,278376000.0,224271000.0,224271000.0,0.58,0.57,0.58,856191000.0,878546000.0,856191000.0,1502516043.0,7.0,5.397,175986000.0,0.714,1.0,710886000.0,0.604,402098000.0,0.0,697100000.0,708313000.0,0.0,0.0,0.0,0.0,956214000.0,549491000.0,406723000.0,1663839043.0,-14904000.0,-4649000.0,-265313000.0,0.0,0.0,-265313000.0,52546000.0,86674000.0,205465000.0,-7602000.0,152441000.0,152441000.0,152441000.0,0.0,0.0,0.13,514979000.0,195907000.0,14997000.0,0.0,1.943,10.915,11.638,358660000.0,0.0,6.75,1.415,1.415,761105000.0,217499000.0,1176016000.0,1176016000.0,91901000.0,0.081,0.174,0.317,0.191,15713000.0,413156000.0,1.0,246494673.0,246494673.0,,4.771,1410307000.0,67606000.0,71830000.0,28630000.0,5.721,202235000.0
24,CPWR,MRT,2008-09-30,2008-09-30,2008-09-30,2019-05-20,10718000.0,1765811000.0,1887161750.0,665057000.0,1100754000.0,0.645,3.221,-21289000.0,161323000.0,161323000.0,484480000.0,153103000.0,1.248,1.151,0.0,0.0,0.0,0.0,776842000.0,54685000.0,0.0,0.0,0.0,223834000.0,278519000.0,0.229,278519000.0,223834000.0,223834000.0,0.57,0.56,0.57,821046000.0,905356500.0,821046000.0,2253475618.0,10.0,8.091,227394000.0,0.892,1.0,732204000.0,0.602,409163000.0,0.0,662530000.0,717153000.0,0.0,10813000.0,10813000.0,0.0,944765000.0,532795000.0,411970000.0,2469932618.0,-54331000.0,-4649000.0,-370007000.0,0.0,0.0,-370007000.0,68806000.0,94744000.0,248683000.0,-1813000.0,153103000.0,153103000.0,153103000.0,0.0,0.0,0.126,539093000.0,193111000.0,22499000.0,0.0,3.008,16.132,17.0,355978000.0,0.0,9.69,2.03,2.03,692107000.0,182547000.0,1216684000.0,1216684000.0,93142000.0,0.081,0.169,0.312,0.184,12270000.0,435144000.0,1.0,254895007.0,254895007.0,,4.773,1356648000.0,72616000.0,70731000.0,23137000.0,5.322,132262000.0
25,CPWR,MRT,2008-06-30,2008-06-30,2008-06-30,2019-05-20,20041000.0,1951006000.0,1909741500.0,839898000.0,1111108000.0,0.654,3.478,-21510000.0,216457000.0,216457000.0,486707000.0,168937000.0,1.433,1.144,0.0,0.0,0.0,0.0,851233000.0,54813000.0,0.0,0.0,0.0,230879000.0,285692000.0,0.229,285692000.0,230879000.0,230879000.0,0.61,0.61,0.61,909916000.0,958458000.0,909916000.0,2280242848.0,10.0,7.981,223210000.0,0.853,1.0,762103000.0,0.61,414795000.0,0.0,733808000.0,729928500.0,0.0,56423000.0,56423000.0,0.0,1041090000.0,585946000.0,455144000.0,2496185848.0,-123025000.0,-4649000.0,-431042000.0,0.0,0.0,-431042000.0,51529000.0,77688000.0,244720000.0,11768000.0,168937000.0,168937000.0,168937000.0,0.0,0.0,0.135,564328000.0,197775000.0,17551000.0,0.0,2.743,14.776,15.639,360476000.0,0.0,9.54,1.999,1.999,746370000.0,252430000.0,1248810000.0,1248810000.0,94374000.0,0.088,0.176,0.316,0.185,12306000.0,442647000.0,1.0,261654701.0,261654701.0,,4.773,1536211000.0,85515000.0,61942000.0,45352000.0,5.871,253952000.0
26,CPWR,MRT,2008-03-31,2008-03-31,2008-03-31,2019-05-20,19117000.0,2018557000.0,1914682500.0,918916000.0,1099641000.0,0.642,3.381,-24857000.0,215943000.0,215943000.0,490696000.0,134394000.0,1.425,1.177,0.0,0.0,0.0,0.0,872412000.0,55167000.0,0.0,0.0,0.0,180392000.0,235559000.0,0.192,235559000.0,180392000.0,180392000.0,0.47,0.47,0.47,927031000.0,1018660250.0,927031000.0,1834112654.0,10.0,7.786,209833000.0,0.765,1.0,738915000.0,0.601,417920000.0,0.0,739814000.0,723958750.0,0.0,70474000.0,70474000.0,0.0,1091526000.0,644880000.0,446646000.0,2012732654.0,-44738000.0,-4649000.0,-369744000.0,0.0,0.0,-369744000.0,77211000.0,106717000.0,234690000.0,13105000.0,134394000.0,134394000.0,134394000.0,0.0,0.0,0.109,594065000.0,144850000.0,18772000.0,0.0,2.171,14.976,15.617,365691000.0,0.0,7.34,1.637,1.637,779482000.0,261754000.0,1229611000.0,1229611000.0,101132000.0,0.07,0.132,0.249,0.147,11553000.0,450288000.0,1.0,274214258.0,274214258.0,,4.484,1600637000.0,83971000.0,45998000.0,32561000.0,5.837,274036000.0
27,CPWR,MRT,2007-12-31,2007-12-31,2007-12-31,2019-05-20,18917000.0,1813273000.0,1917396250.0,753185000.0,1060088000.0,0.628,3.366,-28818000.0,178620000.0,178620000.0,492713000.0,140695000.0,1.55,0.882,0.0,0.0,0.0,0.0,658274000.0,55843000.0,0.0,0.0,0.0,153620000.0,209463000.0,0.174,209463000.0,153620000.0,153620000.0,0.46,0.46,0.46,963433000.0,1069939500.0,963433000.0,2325824964.0,15.0,11.104,190680000.0,0.666,1.0,711011000.0,0.591,416269000.0,0.0,732460000.0,742355750.0,0.0,87171000.0,87171000.0,0.0,849840000.0,485924000.0,363916000.0,2541478964.0,-105431000.0,-20084000.0,-502674000.0,0.0,0.0,-502674000.0,168604000.0,217506000.0,219498000.0,9141000.0,140695000.0,140695000.0,140695000.0,0.0,0.0,0.117,602898000.0,108113000.0,19069000.0,0.0,2.638,18.064,19.304,370641000.0,0.0,8.88,2.111,2.111,613709000.0,272430000.0,1203724000.0,1203724000.0,107302000.0,0.073,0.131,0.207,0.128,10994000.0,455951000.0,1.0,286202586.0,286202586.0,,4.206,1397004000.0,80163000.0,12925000.0,21467000.0,4.881,267261000.0
28,CPWR,MRT,2007-09-30,2007-09-30,2007-09-30,2019-05-20,20497000.0,1856130000.0,2008658000.0,807051000.0,1049079000.0,0.602,3.422,-22499000.0,215654000.0,215654000.0,490746000.0,141567000.0,1.591,0.796,0.0,0.0,0.0,0.0,649830000.0,55680000.0,0.0,0.0,0.0,154310000.0,209990000.0,0.174,209990000.0,154310000.0,154310000.0,0.44,0.44,0.44,1033452000.0,1153201500.0,1033452000.0,2082651730.0,13.0,9.918,162286000.0,0.537,1.0,718791000.0,0.594,419676000.0,0.0,713632000.0,801324750.0,0.0,106362000.0,95404000.0,10958000.0,822678000.0,507168000.0,315510000.0,2422133730.0,-254441000.0,-20084000.0,-592535000.0,0.0,0.0,-592535000.0,141719000.0,184302000.0,184785000.0,11590000.0,141567000.0,141567000.0,141567000.0,0.0,0.0,0.117,614350000.0,104441000.0,18632000.0,0.0,2.344,17.109,18.227,375555000.0,0.0,8.02,2.003,2.003,573360000.0,316934000.0,1209537000.0,1209537000.0,110713000.0,0.07,0.123,0.193,0.128,11753000.0,468886000.0,1.0,302011687.0,302011687.0,,4.005,1436454000.0,101292000.0,12743000.0,17437000.0,4.756,299883000.0
29,CPWR,MRT,2007-06-30,2007-06-30,2007-06-30,2019-05-20,14773000.0,1970770000.0,2128189250.0,884939000.0,1085831000.0,0.562,3.821,-26967000.0,339482000.0,339482000.0,492411000.0,128960000.0,1.767,0.713,0.0,0.0,0.0,0.0,669229000.0,55450000.0,0.0,0.0,0.0,152987000.0,208437000.0,0.174,208437000.0,152987000.0,152987000.0,0.38,0.38,0.38,1150725000.0,1259308500.0,1150725000.0,3310989287.0,22.0,15.885,151694000.0,0.504,1.0,703662000.0,0.588,420655000.0,0.0,709929000.0,855652750.0,0.0,135202000.0,78052000.0,57150000.0,820045000.0,500704000.0,319341000.0,3571670287.0,-271408000.0,-20084000.0,-582282000.0,0.0,0.0,-582282000.0,126306000.0,173357000.0,178661000.0,5907000.0,128960000.0,128960000.0,128960000.0,0.0,0.0,0.108,605730000.0,97932000.0,16607000.0,0.0,3.104,27.696,31.211,379743000.0,0.0,11.86,2.986,2.986,542769000.0,405698000.0,1196073000.0,1196073000.0,116287000.0,0.061,0.102,0.179,0.128,8208000.0,473423000.0,1.0,301152638.0,301152638.0,,3.972,1550115000.0,82647000.0,24027000.0,4076000.0,5.147,384235000.0
30,CPWR,MRT,2007-03-31,2007-03-31,2007-03-31,2019-05-20,11299000.0,2029412000.0,2258565000.0,921194000.0,1108218000.0,0.537,3.492,-24581000.0,260681000.0,260681000.0,490843000.0,158092000.0,1.74,0.793,0.0,0.0,0.0,0.0,681569000.0,55026000.0,0.0,0.0,0.0,193057000.0,248083000.0,0.205,248083000.0,193057000.0,193057000.0,0.45,0.45,0.45,1132148000.0,1368080000.0,1132148000.0,2793009319.0,14.0,11.258,180151000.0,0.556,1.0,722159000.0,0.595,425958000.0,0.0,813402000.0,912152750.0,0.0,178453000.0,107062000.0,71391000.0,897264000.0,529371000.0,367893000.0,3077060319.0,-351381000.0,-40568000.0,-617758000.0,0.0,0.0,-617758000.0,53835000.0,118984000.0,204732000.0,7810000.0,158092000.0,158092000.0,158092000.0,0.0,0.0,0.13,589379000.0,132780000.0,27713000.0,0.0,2.718,19.464,21.089,385227000.0,0.0,9.49,2.537,2.537,593029000.0,444159000.0,1213002000.0,1213002000.0,114071000.0,0.07,0.116,0.212,0.159,9432000.0,475308000.0,1.0,324242394.0,324242394.0,,3.741,1603454000.0,107645000.0,34965000.0,34666000.0,4.945,391823000.0
31,CPWR,MRT,2006-12-31,2006-12-31,2006-12-31,2019-05-20,11572000.0,2178320000.0,2378954000.0,1063952000.0,1114368000.0,0.508,3.681,-25861000.0,284051000.0,284051000.0,486269000.0,147063000.0,2.028,0.68,0.0,0.0,0.0,0.0,639901000.0,52871000.0,0.0,0.0,0.0,194452000.0,247323000.0,0.204,247323000.0,194452000.0,194452000.0,0.41,0.41,0.41,1296481000.0,1479917750.0,1296481000.0,2464027398.0,13.0,9.963,182846000.0,0.519,1.0,723186000.0,0.598,401368000.0,0.0,968336000.0,951677000.0,0.0,305857000.0,222397000.0,83460000.0,881839000.0,524565000.0,357274000.0,2934122398.0,-252853000.0,-32463000.0,-424247000.0,0.0,0.0,-424247000.0,-44775000.0,13549000.0,208707000.0,7462000.0,147063000.0,147063000.0,147063000.0,0.0,0.0,0.122,579512000.0,143674000.0,26841000.0,0.0,2.263,19.951,20.317,388891000.0,0.0,8.33,2.426,2.426,612152000.0,597872000.0,1209455000.0,1209455000.0,106803000.0,0.062,0.099,0.204,0.161,7211000.0,472709000.0,1.0,352235582.0,352235582.0,,3.434,1776952000.0,123559000.0,47389000.0,36806000.0,5.045,539387000.0
32,CPWR,MRT,2006-09-30,2006-09-30,2006-09-30,2019-05-20,9802000.0,2334255000.0,2438047750.0,1247077000.0,1087178000.0,0.492,3.914,-34983000.0,470095000.0,470095000.0,484328000.0,148277000.0,2.339,0.601,0.0,0.0,0.0,0.0,662367000.0,51699000.0,0.0,0.0,0.0,198967000.0,250666000.0,0.209,250666000.0,198967000.0,198967000.0,0.4,0.4,0.4,1457880000.0,1542916000.0,1457880000.0,2291047001.0,12.0,9.14,178881000.0,0.48,1.0,715884000.0,0.596,400089000.0,0.0,930944000.0,957938000.0,0.0,291476000.0,242030000.0,49446000.0,876375000.0,533127000.0,343248000.0,2901937001.0,-80808000.0,-32463000.0,-269592000.0,0.0,0.0,-269592000.0,-27568000.0,39878000.0,213864000.0,2488000.0,148277000.0,148277000.0,148277000.0,0.0,0.0,0.124,567917000.0,147967000.0,23040000.0,0.0,1.991,19.571,19.475,391239000.0,0.0,7.79,2.418,2.418,576301000.0,723610000.0,1200212000.0,1200212000.0,104117000.0,0.061,0.096,0.208,0.166,4862000.0,463800000.0,1.0,372520796.0,372520796.0,,3.222,1934166000.0,128304000.0,50690000.0,32750000.0,5.192,713950000.0
33,CPWR,MRT,2006-06-30,2006-06-30,2006-06-30,2019-05-20,10608000.0,2492273000.0,2463201500.0,1431843000.0,1060430000.0,0.489,4.202,-33063000.0,610890000.0,610890000.0,474374000.0,147658000.0,2.633,0.572,0.0,0.0,0.0,0.0,694542000.0,50744000.0,0.0,0.0,0.0,199013000.0,249757000.0,0.207,249757000.0,199013000.0,199013000.0,0.39,0.39,0.39,1585811000.0,1566364250.0,1585811000.0,1916291446.0,10.0,7.673,211906000.0,0.562,1.0,729977000.0,0.606,401577000.0,0.0,935929000.0,968184000.0,0.0,308840000.0,285699000.0,23141000.0,906462000.0,543877000.0,362585000.0,2528353446.0,93607000.0,-32463000.0,-125659000.0,0.0,0.0,-125659000.0,-28898000.0,36628000.0,244969000.0,3195000.0,147658000.0,147658000.0,147658000.0,0.0,0.0,0.123,579203000.0,150774000.0,20724000.0,0.0,1.594,17.123,17.179,404730000.0,0.0,6.7,2.099,2.099,585284000.0,811504000.0,1204351000.0,1204351000.0,108773000.0,0.06,0.094,0.206,0.165,2797000.0,470430000.0,1.0,377366186.0,377366186.0,,3.191,2090696000.0,117413000.0,51355000.0,28380000.0,5.54,887966000.0
34,CPWR,MRT,2006-03-31,2006-03-31,2006-03-31,2019-05-20,6519000.0,2510968000.0,2451867750.0,1445180000.0,1065788000.0,0.492,4.126,-35374000.0,612062000.0,612062000.0,482434000.0,142960000.0,2.65,0.59,0.0,0.0,0.0,0.0,693595000.0,50193000.0,0.0,0.0,0.0,191460000.0,241653000.0,0.2,241653000.0,191460000.0,191460000.0,0.37,0.37,0.37,1579499000.0,1553483000.0,1579499000.0,2460313849.0,13.0,10.181,194351000.0,0.508,1.0,722927000.0,0.6,382000000.0,0.0,971499000.0,982019000.0,0.0,297280000.0,265131000.0,32149000.0,931469000.0,545407000.0,386062000.0,2997217849.0,114375000.0,-42896000.0,-101512000.0,0.0,0.0,-101512000.0,-8327000.0,69943000.0,229725000.0,-5511000.0,142960000.0,142960000.0,142960000.0,0.0,0.0,0.119,575558000.0,147369000.0,24468000.0,0.0,1.898,20.965,21.162,410469000.0,0.0,7.83,2.487,2.487,625709000.0,805781000.0,1205361000.0,1205361000.0,96858000.0,0.058,0.092,0.195,0.159,0.0,478700000.0,1.0,382786443.0,382786443.0,,3.149,2128968000.0,123954000.0,48500000.0,63391000.0,5.562,899773000.0
35,CPWR,MRT,2005-12-31,2005-12-31,2005-12-31,2019-05-20,7411000.0,2414695000.0,2443680250.0,1355650000.0,1059045000.0,0.497,3.997,-34236000.0,536904000.0,536904000.0,495972000.0,113239000.0,2.669,0.559,0.0,0.0,0.0,0.0,649084000.0,50603000.0,0.0,0.0,0.0,165702000.0,216305000.0,0.178,216305000.0,165702000.0,165702000.0,0.29,0.29,0.29,1548474000.0,1537647000.0,1548474000.0,2924510036.0,18.0,13.52,219536000.0,0.567,1.0,718690000.0,0.592,376501000.0,0.0,993380000.0,1002869500.0,0.0,319271000.0,293181000.0,26090000.0,866221000.0,507910000.0,358311000.0,3475413036.0,117337000.0,-30917000.0,-57753000.0,0.0,0.0,-57753000.0,-69313000.0,-4160000.0,253772000.0,-9369000.0,113239000.0,113239000.0,113239000.0,0.0,0.0,0.093,583383000.0,135307000.0,20731000.0,0.0,2.244,30.691,30.931,416434000.0,0.0,8.97,2.861,2.861,628342000.0,784788000.0,1214662000.0,1214662000.0,90085000.0,0.046,0.074,0.165,0.136,-372000.0,493298000.0,1.0,387448499.0,387448499.0,,3.135,2038194000.0,80215000.0,52463000.0,20433000.0,5.261,847740000.0
36,CPWR,MRT,2005-09-30,2005-09-30,2005-09-30,2019-05-20,8230000.0,2434870000.0,2427715750.0,1364696000.0,1070174000.0,0.51,3.998,-39397000.0,550903000.0,550903000.0,489175000.0,117241000.0,2.554,0.569,0.0,0.0,0.0,0.0,691199000.0,51223000.0,0.0,0.0,0.0,167354000.0,218577000.0,0.176,218577000.0,167354000.0,167354000.0,0.3,0.3,0.3,1551673000.0,1521846000.0,1551673000.0,3169339640.0,19.0,14.5,245271000.0,0.632,1.0,750117000.0,0.605,377614000.0,0.0,971928000.0,1022252000.0,0.0,331618000.0,304344000.0,27274000.0,883197000.0,534425000.0,348772000.0,3686622640.0,174622000.0,-38917000.0,-13218000.0,0.0,0.0,-13218000.0,-93995000.0,-15681000.0,284668000.0,-2833000.0,117241000.0,117241000.0,117241000.0,0.0,0.0,0.095,608994000.0,141123000.0,17532000.0,0.0,2.376,31.445,31.667,420275000.0,0.0,9.5,2.975,2.975,614183000.0,782598000.0,1239292000.0,1239292000.0,99631000.0,0.048,0.077,0.164,0.135,-249000.0,509363000.0,1.0,388065541.0,388065541.0,,3.194,2057256000.0,79477000.0,50113000.0,6569000.0,5.301,830271000.0
37,CPWR,MRT,2005-06-30,2005-06-30,2005-06-30,2019-05-20,7711000.0,2446938000.0,2375116500.0,1339507000.0,1107431000.0,0.523,3.95,-49480000.0,517283000.0,517283000.0,499690000.0,100461000.0,2.389,0.595,0.0,0.0,0.0,0.0,730531000.0,54031000.0,0.0,0.0,0.0,141540000.0,195571000.0,0.157,195571000.0,141540000.0,141540000.0,0.26,0.26,0.26,1534286000.0,1492568750.0,1534286000.0,2295374366.0,16.0,11.737,211468000.0,0.544,1.0,742424000.0,0.598,377758000.0,0.0,991269000.0,1040424500.0,0.0,346569000.0,297808000.0,48761000.0,912652000.0,560628000.0,352024000.0,2793061366.0,143605000.0,-38917000.0,371000.0,0.0,0.0,371000.0,-116042000.0,-27645000.0,260948000.0,-1672000.0,100461000.0,100461000.0,100461000.0,0.0,0.0,0.081,623430000.0,118994000.0,22094000.0,0.0,1.82,27.802,27.654,429070000.0,0.0,7.19,2.249,2.249,646206000.0,774434000.0,1242114000.0,1242114000.0,106020000.0,0.042,0.067,0.136,0.114,-227000.0,517410000.0,1.0,388464724.0,388464724.0,,3.197,2069180000.0,67183000.0,41079000.0,2129000.0,5.327,778879000.0
38,CPWR,MRT,2005-03-31,2005-03-31,2005-03-31,2019-05-20,9927000.0,2478218000.0,2319570250.0,1358419000.0,1119799000.0,0.531,3.914,-48001000.0,497687000.0,497687000.0,514417000.0,76482000.0,2.349,0.635,0.0,0.0,0.0,0.0,737427000.0,56388000.0,0.0,0.0,0.0,106225000.0,162613000.0,0.132,162613000.0,106225000.0,106225000.0,0.2,0.2,0.2,1516155000.0,1463716000.0,1516155000.0,2369234963.0,22.0,14.57,194286000.0,0.502,1.0,717422000.0,0.582,347434000.0,0.0,1054901000.0,1047136250.0,0.0,368884000.0,299715000.0,69169000.0,962063000.0,578196000.0,383867000.0,2788801963.0,42771000.0,-104993000.0,10060000.0,0.0,0.0,10060000.0,-212307000.0,-59313000.0,242287000.0,2731000.0,76482000.0,76482000.0,76482000.0,0.0,0.0,0.062,630826000.0,86596000.0,36439000.0,0.0,1.839,36.464,36.0,437943000.0,0.0,7.2,2.264,2.264,697297000.0,757597000.0,1231839000.0,1231839000.0,111258000.0,0.033,0.052,0.101,0.086,0.0,519568000.0,1.0,387333606.0,387333606.0,,3.18,2130784000.0,70139000.0,29743000.0,27646000.0,5.501,780223000.0
39,CPWR,MRT,2004-12-31,2004-12-31,2004-12-31,2019-05-20,12361000.0,2350837000.0,2265693000.0,1148256000.0,1202581000.0,0.552,3.836,-65355000.0,419567000.0,419567000.0,480865000.0,83678000.0,2.262,0.583,0.0,0.0,0.0,0.0,632316000.0,58835000.0,0.0,0.0,0.0,116219000.0,175054000.0,0.14,175054000.0,116219000.0,116219000.0,0.22,0.22,0.22,1485270000.0,1438075000.0,1485270000.0,2105383781.0,18.0,12.027,170268000.0,0.44,1.0,769888000.0,0.616,352823000.0,0.0,1070910000.0,1039052000.0,0.0,317200000.0,194719000.0,122481000.0,865567000.0,507537000.0,358030000.0,2481664781.0,52368000.0,-111932000.0,10838000.0,0.0,0.0,10838000.0,-199139000.0,-27352000.0,235623000.0,5046000.0,83678000.0,83678000.0,83678000.0,0.0,0.0,0.067,670468000.0,99420000.0,25730000.0,0.0,1.671,29.657,29.136,444226000.0,0.0,6.41,1.984,1.984,682674000.0,730871000.0,1250753000.0,1250753000.0,154844000.0,0.037,0.058,0.112,0.093,901000.0,515624000.0,1.0,387155192.0,387155192.0,,3.231,1998014000.0,73487000.0,32541000.0,0.0,5.161,640719000.0
40,CPWR,MRT,2004-09-30,2004-09-30,2004-09-30,2019-05-20,5580000.0,2224473000.0,2212293750.0,1056871000.0,1167602000.0,0.56,3.715,-65788000.0,376281000.0,376281000.0,501780000.0,63801000.0,2.27,0.551,0.0,0.0,0.0,0.0,600588000.0,60398000.0,0.0,0.0,0.0,75418000.0,135816000.0,0.11,135816000.0,75418000.0,75418000.0,0.17,0.17,0.17,1434564000.0,1409919250.0,1434564000.0,1615181291.0,21.0,11.892,139322000.0,0.361,1.0,736623000.0,0.595,338091000.0,0.0,1044618000.0,1035945750.0,0.0,318371000.0,163932000.0,154439000.0,789909000.0,465483000.0,324426000.0,1988859291.0,-6054000.0,-103932000.0,10654000.0,0.0,0.0,10654000.0,-224867000.0,-59313000.0,205110000.0,3049000.0,63801000.0,63801000.0,63801000.0,0.0,0.0,0.052,677922000.0,58701000.0,26058000.0,0.0,1.386,31.173,30.294,443677000.0,0.0,5.15,1.606,1.606,623429000.0,689169000.0,1238403000.0,1238403000.0,162577000.0,0.029,0.045,0.073,0.061,801000.0,515345000.0,1.0,386186270.0,386186270.0,,3.207,1886382000.0,63602000.0,11617000.0,12797000.0,4.885,591388000.0
41,CPWR,MRT,2004-06-30,2004-06-30,2004-06-30,2019-05-20,3264000.0,2224753000.0,2182706000.0,1043763000.0,1180990000.0,0.571,3.674,-66055000.0,373678000.0,373678000.0,524993000.0,47873000.0,2.116,0.568,0.0,0.0,0.0,0.0,615506000.0,59152000.0,0.0,0.0,0.0,53297000.0,112449000.0,0.09,112449000.0,53297000.0,53297000.0,0.13,0.13,0.13,1418875000.0,1386687750.0,1418875000.0,2093867182.0,39.0,18.621,171576000.0,0.444,1.0,720695000.0,0.579,339660000.0,0.0,1018116000.0,1028218750.0,0.0,321375000.0,159886000.0,161489000.0,805878000.0,493299000.0,312579000.0,2548783182.0,12032000.0,-103932000.0,9958000.0,0.0,0.0,9958000.0,-238292000.0,-70921000.0,237631000.0,2735000.0,47873000.0,47873000.0,47873000.0,0.0,0.0,0.038,684586000.0,36109000.0,35436000.0,0.0,1.796,53.241,50.769,447237000.0,0.0,6.6,2.046,2.046,602483000.0,681759000.0,1245688000.0,1245688000.0,164523000.0,0.022,0.035,0.052,0.043,840000.0,520063000.0,1.0,386179270.0,386179270.0,,3.226,1885093000.0,77883000.0,5424000.0,6153000.0,4.881,550464000.0
42,CPWR,MRT,2004-03-31,2004-03-31,2004-03-31,2019-05-20,6417000.0,2262709000.0,2163515000.0,1143009000.0,1119700000.0,0.585,3.677,-85885000.0,454916000.0,454916000.0,545200000.0,49832000.0,2.171,0.601,0.0,0.0,0.0,0.0,603468000.0,55175000.0,0.0,0.0,0.0,56017000.0,111192000.0,0.088,111192000.0,56017000.0,56017000.0,0.13,0.13,0.13,1413591000.0,1367780000.0,1413591000.0,2481189832.0,44.0,22.314,172235000.0,0.448,1.0,719447000.0,0.569,258848000.0,0.0,1022564000.0,1037437250.0,0.0,312138000.0,149654000.0,162484000.0,849118000.0,526381000.0,322737000.0,2848388832.0,135450000.0,-6939000.0,10095000.0,0.0,0.0,10095000.0,-140159000.0,-47335000.0,258120000.0,7394000.0,49832000.0,49832000.0,49832000.0,0.0,0.0,0.039,681911000.0,37536000.0,35298000.0,0.0,2.015,57.16,57.0,444401000.0,0.0,7.41,2.252,2.252,650799000.0,681115000.0,1264647000.0,1264647000.0,163655000.0,0.023,0.036,0.054,0.044,704000.0,518256000.0,1.0,384397953.0,384397953.0,,3.29,2003861000.0,95034000.0,6185000.0,33317000.0,5.213,616628000.0
43,CPWR,MRT,2003-12-31,2003-12-31,2003-12-31,2019-05-20,6541000.0,2137240000.0,2128509000.0,1041964000.0,1095276000.0,0.594,3.574,-130439000.0,367199000.0,367199000.0,577545000.0,37288000.0,2.294,0.557,0.0,0.0,0.0,0.0,555131000.0,54890000.0,0.0,0.0,0.0,41295000.0,96185000.0,0.076,96185000.0,41295000.0,41295000.0,0.1,0.1,0.1,1372647000.0,1347305000.0,1372647000.0,1937496211.0,47.0,20.143,111330000.0,0.29,1.0,687013000.0,0.543,257303000.0,0.0,1058485000.0,1048609250.0,0.0,292429000.0,175043000.0,117386000.0,764593000.0,454253000.0,310340000.0,2319831211.0,107247000.0,0.0,9724000.0,0.0,0.0,9724000.0,-159151000.0,-20938000.0,241769000.0,14905000.0,37288000.0,37288000.0,37288000.0,0.0,0.0,0.029,664292000.0,22721000.0,28194000.0,0.0,1.69,62.214,60.4,427561000.0,0.0,6.04,1.834,1.834,671661000.0,647193000.0,1264558000.0,1264558000.0,159781000.0,0.018,0.028,0.039,0.033,52000.0,504511000.0,1.0,384078015.0,384078015.0,,3.292,1879937000.0,78378000.0,4007000.0,0.0,4.895,587711000.0
44,CPWR,MRT,2003-09-30,2003-09-30,2003-09-30,2019-05-20,-497000.0,2106122000.0,2101483250.0,1023391000.0,1082731000.0,0.609,3.506,-183799000.0,382335000.0,382335000.0,598437000.0,40892000.0,2.274,0.57,0.0,0.0,0.0,0.0,583042000.0,51742000.0,0.0,0.0,0.0,62704000.0,114446000.0,0.089,114446000.0,62704000.0,62704000.0,0.11,0.11,0.11,1341638000.0,1326813000.0,1341638000.0,1689529847.0,27.0,14.763,116216000.0,0.304,1.0,681075000.0,0.532,260115000.0,0.0,1013710000.0,1048181500.0,0.0,261489000.0,173018000.0,88471000.0,764484000.0,449962000.0,314522000.0,2051175847.0,80628000.0,0.0,9271000.0,0.0,0.0,9271000.0,-240527000.0,-48434000.0,300015000.0,11869000.0,40892000.0,40892000.0,40892000.0,0.0,0.0,0.032,638454000.0,42621000.0,27169000.0,0.0,1.529,50.161,48.727,418696000.0,0.0,5.36,1.603,1.603,664938000.0,625368000.0,1279512000.0,1279512000.0,155453000.0,0.019,0.031,0.06,0.049,133000.0,483001000.0,1.0,382682061.0,382682061.0,,3.344,1846007000.0,71404000.0,21812000.0,0.0,4.824,573429000.0
45,CPWR,MRT,2003-06-30,2003-06-30,2003-06-30,2019-05-20,-1999000.0,2147989000.0,2073900500.0,1073647000.0,1074342000.0,0.644,3.511,-211312000.0,361646000.0,361646000.0,614254000.0,83240000.0,2.298,0.599,0.0,0.0,0.0,0.0,631335000.0,52035000.0,0.0,0.0,0.0,125792000.0,177827000.0,0.133,177827000.0,125792000.0,125792000.0,0.22,0.22,0.22,1343244000.0,1305072000.0,1343244000.0,1868783132.0,15.0,10.509,113459000.0,0.297,1.0,720499000.0,0.54,264204000.0,0.0,1054990000.0,1032776500.0,0.0,252739000.0,178097000.0,74642000.0,804745000.0,467149000.0,337596000.0,2188249132.0,91176000.0,0.0,10649000.0,0.0,0.0,10649000.0,-255342000.0,-35805000.0,324771000.0,11098000.0,83240000.0,83240000.0,83240000.0,0.0,0.0,0.062,614012000.0,106487000.0,29132000.0,0.0,1.629,26.288,26.0,408450000.0,0.0,5.72,1.639,1.639,747785000.0,634509000.0,1334753000.0,1334753000.0,151513000.0,0.04,0.064,0.122,0.094,181000.0,462499000.0,1.0,382561037.0,382561037.0,,3.489,1883785000.0,64562000.0,42552000.0,0.0,4.924,606498000.0
46,CPWR,MRT,2003-03-31,2003-03-31,2003-03-31,2019-05-20,-8229000.0,2122685000.0,2033360500.0,1050431000.0,1072254000.0,0.676,3.522,-230440000.0,319466000.0,319466000.0,642384000.0,103102000.0,2.239,0.594,0.0,0.0,0.0,0.0,596077000.0,53808000.0,0.0,0.0,0.0,156215000.0,210023000.0,0.153,210023000.0,156215000.0,156215000.0,0.27,0.27,0.27,1331691000.0,1274474500.0,1331691000.0,1021657145.0,7.0,4.865,139933000.0,0.37,1.0,732956000.0,0.533,266802000.0,0.0,1067252000.0,1001880500.0,0.0,251832000.0,156737000.0,95095000.0,790994000.0,469165000.0,321829000.0,1281609145.0,86161000.0,0.0,11066000.0,0.0,0.0,11066000.0,-302226000.0,-65564000.0,370373000.0,6948000.0,103102000.0,103102000.0,103102000.0,0.0,0.0,0.075,596115000.0,136841000.0,37588000.0,0.0,0.962,12.43,12.556,386678000.0,0.0,3.39,0.932,0.932,776554000.0,631906000.0,1375340000.0,1375340000.0,143289000.0,0.051,0.081,0.156,0.114,152000.0,452826000.0,1.0,378055795.0,378055795.0,,3.638,1855883000.0,61632000.0,53113000.0,0.0,4.909,581266000.0
47,CPWR,MRT,2002-12-31,2002-12-31,2002-12-31,2019-05-20,-11793000.0,2029137000.0,2001173750.0,979809000.0,1049328000.0,0.723,3.415,-193208000.0,259952000.0,259952000.0,700351000.0,-254181000.0,2.218,0.572,0.0,0.0,0.0,0.0,516792000.0,57434000.0,0.0,0.0,0.0,-278391000.0,-220957000.0,-0.153,-220957000.0,-278391000.0,-273233000.0,-0.68,-0.68,-0.68,1290679000.0,1239014500.0,1290679000.0,1512299827.0,-5.0,-6.844,191619000.0,0.507,1.0,745909000.0,0.516,270640000.0,-5158000.0,1056774000.0,965991500.0,0.0,258613000.0,164800000.0,93813000.0,738458000.0,441771000.0,296687000.0,1814006827.0,98635000.0,0.0,16350000.0,0.0,0.0,19175000.0,-305257000.0,-104505000.0,384827000.0,-110000.0,-254181000.0,-254181000.0,-254181000.0,0.0,0.0,-0.176,1040579000.0,-294670000.0,27803000.0,0.0,1.405,-7.137,-7.059,324110000.0,0.0,4.8,1.254,1.254,786202000.0,610528000.0,1446260000.0,1446260000.0,150221000.0,-0.127,-0.205,-0.288,-0.192,2046000.0,455718000.0,1.0,377918089.0,377918089.0,,3.827,1758497000.0,72570000.0,-19052000.0,4971000.0,4.653,538038000.0
48,CPWR,MRT,2002-09-30,2002-09-30,2002-09-30,2019-05-20,-15131000.0,1995791000.0,2055443000.0,1016575000.0,979216000.0,0.762,3.338,-152570000.0,301707000.0,301707000.0,763582000.0,-249821000.0,2.172,0.591,0.0,0.0,0.0,0.0,537488000.0,40950000.0,0.0,0.0,0.0,-267690000.0,-226740000.0,-0.145,-226740000.0,-267690000.0,-263714000.0,-0.67,-0.67,-0.67,1254674000.0,1289482250.0,1254674000.0,876039033.0,-3.0,-3.864,232453000.0,0.618,1.0,803319000.0,0.513,274006000.0,-3976000.0,952090000.0,921099500.0,0.0,200436000.0,127754000.0,72682000.0,741117000.0,467988000.0,273129000.0,1146509033.0,219899000.0,0.0,24079000.0,0.0,0.0,26904000.0,-191918000.0,-32175000.0,385023000.0,-110000.0,-249821000.0,-249821000.0,-249821000.0,0.0,0.0,-0.159,1087971000.0,-284652000.0,24138000.0,0.0,0.914,-4.589,-4.552,263393000.0,0.0,3.05,0.732,0.732,820590000.0,585099000.0,1566901000.0,1566901000.0,152127000.0,-0.122,-0.194,-0.291,-0.171,5763000.0,482177000.0,1.0,375904601.0,375904601.0,,4.168,1721785000.0,77606000.0,-13893000.0,534000.0,4.58,548587000.0
49,CPWR,MRT,2002-06-30,2002-06-30,2002-06-30,2019-05-20,-13005000.0,1985829000.0,2099644000.0,1026108000.0,959721000.0,0.779,3.248,-125568000.0,270470000.0,270470000.0,824498000.0,-257146000.0,2.028,0.627,0.0,0.0,0.0,0.0,569612000.0,51508000.0,0.0,0.0,0.0,-274759000.0,-223251000.0,-0.136,-223251000.0,-274759000.0,-272222000.0,-0.69,-0.69,-0.69,1220854000.0,1338657500.0,1220854000.0,2048351434.0,-7.0,-9.175,271745000.0,0.723,1.0,812170000.0,0.496,277935000.0,-2537000.0,931406000.0,903718250.0,0.0,204511000.0,139372000.0,65139000.0,764975000.0,506018000.0,258957000.0,2281656434.0,214528000.0,0.0,23835000.0,-52000000.0,0.0,-25340000.0,-157335000.0,-24719000.0,397313000.0,-110000.0,-257146000.0,-257146000.0,-257146000.0,0.0,0.0,-0.157,1107259000.0,-295089000.0,19495000.0,0.0,1.869,-8.873,-8.797,226600000.0,0.0,6.07,1.394,1.394,839113000.0,551269000.0,1636668000.0,1636668000.0,154348000.0,-0.122,-0.192,-0.304,-0.168,6983000.0,489441000.0,1.0,375890681.0,375890681.0,,4.354,1707894000.0,105183000.0,-15076000.0,0.0,4.544,520090000.0
50,CPWR,MRT,2002-03-31,2002-03-31,2002-03-31,2019-05-20,-19328000.0,1993938000.0,2156374750.0,1062839000.0,931099000.0,0.807,3.187,-94944000.0,233305000.0,233305000.0,874251000.0,-245255000.0,1.911,0.676,0.0,0.0,0.0,0.0,559648000.0,63619000.0,0.0,0.0,0.0,-250847000.0,-187228000.0,-0.108,-187228000.0,-250847000.0,-250847000.0,-0.66,-0.66,-0.66,1189851000.0,1388221750.0,1189851000.0,4659081104.0,-19.0,-24.885,291955000.0,0.782,1.0,866293000.0,0.498,280790000.0,0.0,923696000.0,913208250.0,0.0,189069000.0,133503000.0,55566000.0,804087000.0,556147000.0,247940000.0,4820398104.0,179965000.0,0.0,23147000.0,-140000000.0,0.0,-114028000.0,-92796000.0,10932000.0,386899000.0,-110000.0,-245255000.0,-245255000.0,-245255000.0,0.0,0.0,-0.141,1139216000.0,-272923000.0,28646000.0,0.0,4.051,-19.655,-19.561,199365000.0,0.0,12.91,2.769,2.769,916330000.0,528804000.0,1740544000.0,1740544000.0,164280000.0,-0.114,-0.177,-0.275,-0.144,8384000.0,501662000.0,1.0,373384826.0,373384826.0,,4.662,1713148000.0,114382000.0,-5592000.0,0.0,4.588,506692000.0
51,CPWR,MRT,2001-12-31,2001-12-31,2001-12-31,2019-05-20,-19739000.0,2246214000.0,2227733750.0,956115000.0,1290099000.0,0.84,4.014,-77342000.0,161317000.0,161317000.0,818156000.0,137250000.0,1.779,0.505,0.0,0.0,0.0,0.0,527832000.0,33020000.0,0.0,0.0,0.0,232592000.0,265612000.0,0.142,265612000.0,232592000.0,221371000.0,0.37,0.36,0.37,1492550000.0,1435102000.0,1492550000.0,4302519316.0,18.0,16.199,318591000.0,0.857,1.0,1053463000.0,0.563,670296000.0,11221000.0,877206000.0,951736750.0,0.0,156653000.0,116095000.0,40558000.0,753664000.0,537395000.0,216269000.0,4384327316.0,132417000.0,4042000.0,31051000.0,-278000000.0,0.0,-246949000.0,-16567000.0,63970000.0,395933000.0,0.0,137250000.0,137250000.0,137250000.0,0.0,0.0,0.073,851067000.0,202396000.0,30652000.0,0.0,2.937,31.944,31.865,163275000.0,0.0,11.79,2.343,2.343,992267000.0,864709000.0,1871619000.0,1871619000.0,235675000.0,0.062,0.096,0.244,0.124,4261000.0,534666000.0,1.0,371868305.0,371868305.0,,5.033,1575918000.0,32287000.0,84121000.0,21292000.0,4.238,418720000.0
52,CPWR,MRT,2001-09-30,2001-09-30,2001-09-30,2019-05-20,-19705000.0,2172595000.0,2247524750.0,910499000.0,1262096000.0,0.851,3.91,-62857000.0,81808000.0,81808000.0,869862000.0,143421000.0,1.765,0.497,0.0,0.0,0.0,0.0,529551000.0,63261000.0,0.0,0.0,0.0,248576000.0,311837000.0,0.163,311837000.0,248576000.0,231324000.0,0.39,0.38,0.39,1451375000.0,1389820500.0,1451375000.0,3088106311.0,12.0,9.903,326651000.0,0.88,1.0,1043333000.0,0.545,692224000.0,17252000.0,882565000.0,1051275750.0,0.0,170379000.0,138424000.0,31955000.0,721220000.0,515998000.0,205222000.0,3092048311.0,54995000.0,-4386000.0,23009000.0,-329000000.0,0.0,-305991000.0,-28522000.0,45202000.0,389508000.0,0.0,143421000.0,143421000.0,143421000.0,0.0,0.0,0.075,825536000.0,217797000.0,36396000.0,0.0,2.13,21.559,21.359,145672000.0,0.0,8.33,1.616,1.616,983525000.0,834920000.0,1913195000.0,1913195000.0,221411000.0,0.064,0.103,0.236,0.13,1246000.0,542426000.0,1.0,371194275.0,371194275.0,,5.154,1480371000.0,29323000.0,87903000.0,16160000.0,3.988,394501000.0
53,CPWR,MRT,2001-06-30,2001-06-30,2001-06-30,2019-05-20,-19974000.0,2212752000.0,2289896000.0,939306000.0,1273446000.0,0.861,3.832,-42164000.0,55942000.0,55942000.0,939077000.0,129807000.0,1.761,0.559,52000000.0,0.0,52000000.0,52000000.0,552934000.0,62627000.0,0.0,0.0,0.0,233756000.0,296383000.0,0.15,296383000.0,233756000.0,209366000.0,0.36,0.34,0.36,1419111000.0,1344403500.0,1419111000.0,5267391780.0,23.0,17.772,333308000.0,0.9,1.0,1032680000.0,0.524,706113000.0,24390000.0,969366000.0,1161391500.0,0.0,181539000.0,171053000.0,10486000.0,793641000.0,533331000.0,260310000.0,5180731780.0,7298000.0,-8689000.0,35254000.0,-367000000.0,0.0,-331746000.0,-36428000.0,31411000.0,375472000.0,0.0,129807000.0,129807000.0,129807000.0,0.0,0.0,0.066,829954000.0,202726000.0,32798000.0,0.0,3.651,39.911,38.861,133561000.0,0.0,13.99,2.627,2.627,1012654000.0,808415000.0,1971757000.0,1971757000.0,204280000.0,0.057,0.097,0.201,0.119,107000.0,573778000.0,1.0,370316782.0,370316782.0,,5.325,1506639000.0,50498000.0,79559000.0,18879000.0,4.069,405975000.0
54,CPWR,MRT,2001-03-31,2001-03-31,2001-03-31,2019-05-20,-21128000.0,2279374000.0,2332568750.0,1003736000.0,1275638000.0,0.872,3.745,-39047000.0,53340000.0,53340000.0,1011739000.0,119083000.0,1.765,0.655,140000000.0,0.0,140000000.0,140000000.0,523408000.0,61571000.0,0.0,0.0,0.0,223324000.0,284895000.0,0.14,284895000.0,223324000.0,192069000.0,0.33,0.32,0.33,1377372000.0,1300691000.0,1377372000.0,3835225290.0,17.0,13.462,297548000.0,0.809,1.0,1023417000.0,0.503,719390000.0,31255000.0,1077810000.0,1278129750.0,0.0,201664000.0,185176000.0,16488000.0,902002000.0,568834000.0,333168000.0,3586125290.0,22860000.0,-17576000.0,36253000.0,-310000000.0,0.0,-273747000.0,-39988000.0,31272000.0,336595000.0,0.0,119083000.0,119083000.0,119083000.0,0.0,0.0,0.059,830785000.0,192632000.0,39846000.0,0.0,2.604,30.115,29.545,125800000.0,0.0,9.75,1.762,1.762,1061977000.0,774059000.0,2035156000.0,2035156000.0,187155000.0,0.051,0.092,0.175,0.11,10283000.0,601538000.0,1.0,367807722.0,367807722.0,,5.533,1559984000.0,42039000.0,72986000.0,20801000.0,4.241,434902000.0
55,CPWR,MRT,2000-12-31,2000-12-31,2000-12-31,2019-05-20,-14019000.0,2325378000.0,2366702000.0,995417000.0,1329961000.0,0.878,3.591,-1472000.0,28900000.0,28900000.0,1167720000.0,119014000.0,1.786,0.773,278000000.0,0.0,278000000.0,278000000.0,473380000.0,97168000.0,0.0,0.0,0.0,227041000.0,324209000.0,0.156,324209000.0,227041000.0,191718000.0,0.34,0.31,0.34,1311424000.0,1257316000.0,1311424000.0,2584441169.0,11.0,7.972,278149000.0,0.762,1.0,909893000.0,0.438,741687000.0,35323000.0,1275362000.0,1379056000.0,0.0,222433000.0,177153000.0,45280000.0,1013954000.0,557429000.0,456525000.0,2282254169.0,-15278000.0,-43583000.0,39406000.0,-245476000.0,0.0,-206070000.0,-88829000.0,3736000.0,279621000.0,0.0,119014000.0,119014000.0,119014000.0,0.0,0.0,0.057,711696000.0,198197000.0,41406000.0,0.0,1.74,19.176,18.382,118789000.0,0.0,6.25,1.098,1.098,1088001000.0,727459000.0,2077613000.0,2077613000.0,96273000.0,0.05,0.095,0.165,0.109,10234000.0,589837000.0,1.0,365160667.0,365160667.0,,5.69,1583691000.0,45689000.0,72704000.0,12692000.0,4.337,437988000.0
56,CPWR,MRT,2000-09-30,2000-09-30,2000-09-30,2019-05-20,-15711000.0,2342080000.0,2368141500.0,978970000.0,1363110000.0,0.937,3.48,-4792000.0,26813000.0,26813000.0,1187332000.0,205990000.0,1.7,0.845,329000000.0,0.0,329000000.0,329000000.0,490616000.0,94230000.0,0.0,0.0,0.0,368790000.0,463020000.0,0.209,463020000.0,368790000.0,331364000.0,0.58,0.53,0.58,1269707000.0,1213327000.0,1269707000.0,3426199234.0,9.0,7.4,202960000.0,0.556,1.0,1032293000.0,0.465,745471000.0,37426000.0,1323028000.0,1445154750.0,0.0,217740000.0,166276000.0,51464000.0,1072373000.0,575768000.0,496605000.0,3055843234.0,-25395000.0,-89814000.0,49327000.0,-186237000.0,0.0,-136910000.0,-96237000.0,41882000.0,207752000.0,0.0,205990000.0,205990000.0,205990000.0,0.0,0.0,0.093,700931000.0,331362000.0,56273000.0,0.0,2.407,14.835,14.44,116893000.0,0.0,8.375,1.377,1.377,1096180000.0,691499000.0,2219625000.0,2219625000.0,93963000.0,0.087,0.17,0.255,0.166,32300000.0,581382000.0,1.0,364876804.0,364876804.0,,6.083,1596609000.0,51112000.0,125374000.0,4862000.0,4.376,403202000.0
57,CPWR,MRT,2000-06-30,2000-06-30,2000-06-30,2019-05-20,-11578000.0,2383443000.0,2323440750.0,985002000.0,1398441000.0,0.991,3.428,-19198000.0,48644000.0,48644000.0,1145421000.0,284881000.0,1.744,0.916,419000000.0,0.0,419000000.0,419000000.0,481176000.0,85000000.0,0.0,0.0,0.0,491853000.0,576853000.0,0.251,576853000.0,491853000.0,458131000.0,0.8,0.74,0.8,1244261000.0,1141819000.0,1244261000.0,4187592366.0,9.0,7.259,147056000.0,0.405,1.0,1156030000.0,0.502,752797000.0,33722000.0,1436319000.0,1458193250.0,0.0,215523000.0,152536000.0,62987000.0,1139182000.0,564683000.0,574499000.0,3768072366.0,-46269000.0,-698150000.0,58478000.0,419000000.0,0.0,477478000.0,-690001000.0,62269000.0,166254000.0,0.0,284881000.0,284881000.0,284881000.0,0.0,0.0,0.124,699680000.0,456350000.0,51496000.0,0.0,3.028,13.227,12.975,117038000.0,0.0,10.38,1.637,1.637,1101346000.0,678608000.0,2301451000.0,2301451000.0,88414000.0,0.123,0.249,0.337,0.214,43275000.0,567780000.0,1.0,363012752.0,363012752.0,,6.34,1630646000.0,51719000.0,173250000.0,6565000.0,4.492,420319000.0
58,CPWR,MRT,2000-03-31,2000-03-31,2000-03-31,2019-05-20,-10870000.0,2415907000.0,2079860000.0,987858000.0,1428049000.0,1.072,3.34,-15698000.0,30480000.0,30480000.0,1022816000.0,351976000.0,1.657,1.007,450000000.0,0.0,450000000.0,450000000.0,482549000.0,71510000.0,0.0,0.0,0.0,586260000.0,657770000.0,0.295,657770000.0,586260000.0,561776000.0,0.98,0.91,0.98,1203872000.0,1043021750.0,1203872000.0,8070838973.0,14.0,12.27,149701000.0,0.415,1.0,1207812000.0,0.541,757855000.0,24484000.0,1481515000.0,1271799750.0,0.0,235974000.0,157030000.0,78944000.0,1212035000.0,596057000.0,615978000.0,7591540973.0,-162648000.0,-700266000.0,-282733000.0,450000000.0,0.0,167267000.0,-495314000.0,255572000.0,165399000.0,0.0,351976000.0,351976000.0,351976000.0,0.0,0.0,0.158,656479000.0,551333000.0,67173000.0,0.0,6.306,21.568,21.49,114409000.0,0.0,21.06,3.403,3.403,1128540000.0,654976000.0,2230628000.0,2230628000.0,81133000.0,0.169,0.337,0.461,0.263,45962000.0,531860000.0,1.0,360472031.0,360472031.0,,6.188,1658052000.0,46471000.0,209800000.0,13031000.0,4.6,391801000.0
59,CPWR,MRT,1999-12-31,1999-12-31,1999-12-31,2019-05-20,-7429000.0,2331136000.0,1895054000.0,931505000.0,1399631000.0,1.134,3.173,-47218000.0,44178000.0,44178000.0,870288000.0,429413000.0,1.76,1.053,523476000.0,0.0,523476000.0,523476000.0,425148000.0,58866000.0,0.0,0.0,0.0,689480000.0,748346000.0,0.348,748346000.0,689480000.0,674796000.0,1.18,1.11,1.18,1135468000.0,1011934250.0,1135468000.0,13792974764.0,20.0,18.431,175506000.0,0.49,1.0,1278415000.0,0.595,741487000.0,14684000.0,1539757000.0,1107981750.0,0.0,229631000.0,145282000.0,84349000.0,1195668000.0,529190000.0,666478000.0,13329945764.0,-112886000.0,-678133000.0,-435020000.0,522391000.0,0.0,87371000.0,-422981000.0,302370000.0,222724000.0,0.0,429413000.0,429413000.0,429413000.0,0.0,0.0,0.2,626306000.0,652109000.0,57465000.0,0.0,11.74,31.042,31.568,112650000.0,0.0,37.25,6.204,6.204,1072087000.0,608444000.0,2148703000.0,2148703000.0,75141000.0,0.227,0.424,0.622,0.321,62344000.0,533265000.0,1.0,357850893.0,357850893.0,,6.004,1589649000.0,25168000.0,245383000.0,4262000.0,4.442,402315000.0
60,CPWR,MRT,1999-09-30,1999-09-30,1999-09-30,2019-05-20,-294000.0,2163277000.0,1689317500.0,875188000.0,1288089000.0,1.151,2.755,-42952000.0,52208000.0,52208000.0,726597000.0,403737000.0,1.613,1.199,515237000.0,0.0,515237000.0,515237000.0,412166000.0,47259000.0,0.0,0.0,0.0,630052000.0,677311000.0,0.348,677311000.0,630052000.0,624514000.0,1.1,1.03,1.1,983675000.0,986843750.0,983675000.0,9211285934.0,15.0,13.6,321213000.0,0.899,1.0,1217856000.0,0.626,708458000.0,5538000.0,1375182000.0,930649250.0,0.0,260890000.0,155683000.0,105207000.0,1179602000.0,542666000.0,636936000.0,9306198934.0,-71511000.0,-635738000.0,-442228000.0,514261000.0,0.0,72033000.0,-507709000.0,171641000.0,364165000.0,0.0,403737000.0,403737000.0,403737000.0,0.0,0.0,0.208,616642000.0,601214000.0,43450000.0,0.0,9.461,23.05,23.691,108397000.0,0.0,26.06,4.786,4.786,910835000.0,485508000.0,1944453000.0,1944453000.0,69300000.0,0.239,0.409,0.677,0.324,71868000.0,527842000.0,1.0,357106636.0,357106636.0,,5.445,1454819000.0,20527000.0,220777000.0,19244000.0,4.074,332522000.0
61,CPWR,MRT,1999-06-30,1999-06-30,1999-06-30,2019-05-20,-6360000.0,1409120000.0,1476318250.0,778091000.0,631029000.0,1.181,2.389,-38669000.0,94913000.0,94913000.0,618328000.0,381743000.0,1.634,0.66,0.0,0.0,0.0,0.0,362344000.0,42198000.0,0.0,0.0,0.0,583990000.0,626188000.0,0.359,626188000.0,583990000.0,583177000.0,1.03,0.96,1.03,849072000.0,966172250.0,849072000.0,11111219502.0,19.0,17.744,382287000.0,1.076,1.0,1124545000.0,0.645,147195000.0,813000.0,690745000.0,769698750.0,0.0,271282000.0,131430000.0,139852000.0,560048000.0,476267000.0,83781000.0,11304347502.0,-82952000.0,-23099000.0,-452382000.0,-1281000.0,0.0,-453663000.0,-50245000.0,11523000.0,420956000.0,0.0,381743000.0,381743000.0,381743000.0,0.0,0.0,0.219,570781000.0,553764000.0,23131000.0,0.0,13.314,29.612,30.883,95711000.0,0.0,31.81,6.486,6.486,701608000.0,393726000.0,1742873000.0,1742873000.0,66967000.0,0.259,0.395,0.759,0.335,80133000.0,499464000.0,1.0,355370874.0,355370874.0,,4.904,1261925000.0,26876000.0,201434000.0,8730000.0,3.551,301824000.0
62,CPWR,MRT,1999-03-31,1999-03-31,1999-03-31,2019-05-20,-6300000.0,1676683000.0,1415317750.0,1072090000.0,604593000.0,1.158,2.937,-38543000.0,193128000.0,193128000.0,572148000.0,349863000.0,2.056,0.553,0.0,0.0,0.0,0.0,330625000.0,41537000.0,0.0,0.0,0.0,530813000.0,572350000.0,0.349,572350000.0,530813000.0,530041000.0,0.95,0.87,0.95,1079522000.0,953331500.0,1079522000.0,8622776129.0,16.0,15.066,440713000.0,1.199,1.0,1066297000.0,0.651,135808000.0,772000.0,826243000.0,739371750.0,0.0,485476000.0,309787000.0,175689000.0,597161000.0,521504000.0,75657000.0,8776121129.0,-13150000.0,-12629000.0,-109413000.0,-3692000.0,0.0,-113105000.0,-379301000.0,-328129000.0,479256000.0,0.0,349863000.0,349863000.0,349863000.0,0.0,0.0,0.214,565659000.0,500638000.0,71129000.0,0.0,8.13,25.084,25.137,94786000.0,0.0,23.88,5.356,5.356,672262000.0,777318000.0,1638445000.0,1638445000.0,64957000.0,0.247,0.367,0.718,0.324,91083000.0,496352000.0,1.0,367509260.0,367509260.0,,4.458,1540875000.0,28074000.0,180178000.0,27153000.0,4.193,550586000.0
63,CPWR,MRT,1998-12-31,1998-12-31,1998-12-31,2019-05-20,-3276000.0,1508190000.0,1264307000.0,981890000.0,526300000.0,1.183,2.817,-38128000.0,157064000.0,157064000.0,530662000.0,302446000.0,2.366,0.457,3719000.0,0.0,3719000.0,3719000.0,276941000.0,40301000.0,0.0,0.0,0.0,458445000.0,498746000.0,0.333,498746000.0,458445000.0,456980000.0,0.82,0.75,0.82,1035106000.0,860525000.0,1035106000.0,14237368242.0,31.0,28.546,407554000.0,1.109,1.0,965472000.0,0.645,109361000.0,1465000.0,830427000.0,645637250.0,0.0,526376000.0,351997000.0,174379000.0,473084000.0,415057000.0,58027000.0,14356749242.0,44995000.0,-17286000.0,31311000.0,-2607000.0,0.0,28704000.0,-429391000.0,-373977000.0,445682000.0,0.0,302446000.0,302446000.0,302446000.0,0.0,0.0,0.202,537899000.0,427573000.0,20737000.0,0.0,13.87,47.469,47.64,92245000.0,0.0,39.065,9.596,9.596,561728000.0,653350000.0,1496134000.0,1496134000.0,60393000.0,0.239,0.351,0.71,0.306,80023000.0,469996000.0,1.0,367509260.0,367509260.0,,4.071,1398829000.0,26593000.0,154534000.0,22474000.0,3.806,566833000.0
64,CPWR,MRT,1998-09-30,1998-09-30,1998-09-30,2019-05-20,-3629000.0,1311280000.0,1121712000.0,814938000.0,496342000.0,1.224,2.463,-36823000.0,123719000.0,123719000.0,496189000.0,259657000.0,2.289,0.455,4338000.0,0.0,4338000.0,4338000.0,254230000.0,38561000.0,0.0,0.0,0.0,392576000.0,431137000.0,0.314,431137000.0,392576000.0,391281000.0,0.72,0.655,0.72,900989000.0,754565000.0,900989000.0,10597825277.0,27.0,24.581,312329000.0,0.854,1.0,876462000.0,0.639,104565000.0,1295000.0,731380000.0,547938750.0,0.0,429809000.0,240756000.0,189053000.0,410291000.0,355954000.0,54337000.0,10771158277.0,25990000.0,-5022000.0,35541000.0,-6606000.0,0.0,28935000.0,-352097000.0,-307642000.0,349152000.0,0.0,259657000.0,259657000.0,259657000.0,0.0,0.0,0.189,510694000.0,365768000.0,21455000.0,0.0,11.955,41.482,40.889,88498000.0,0.0,29.44,7.847,7.847,500306000.0,556090000.0,1372651000.0,1372651000.0,58491000.0,0.231,0.344,0.716,0.286,59179000.0,442687000.0,1.0,365868148.0,365868148.0,,3.752,1206715000.0,24189000.0,131624000.0,9908000.0,3.298,458984000.0
65,CPWR,MRT,1998-06-30,1998-06-30,1998-06-30,2019-05-20,-4060000.0,1165118000.0,,755767000.0,409351000.0,,2.207,-39598000.0,177865000.0,177865000.0,455903000.0,224519000.0,2.39,0.461,4532000.0,0.0,4532000.0,4532000.0,243607000.0,37599000.0,0.0,0.0,0.0,338155000.0,375754000.0,0.3,375754000.0,338155000.0,337008000.0,0.63,0.575,0.63,797709000.0,,797709000.0,9042497184.0,27.0,24.065,245440000.0,0.679,1.0,797560000.0,0.636,106116000.0,1147000.0,569437000.0,,0.0,288200000.0,171447000.0,116753000.0,367409000.0,316232000.0,51177000.0,9241819184.0,64389000.0,-5022000.0,28304000.0,-6301000.0,0.0,22003000.0,-242652000.0,-198032000.0,285038000.0,0.0,224519000.0,224519000.0,224519000.0,0.0,0.0,0.179,481416000.0,316144000.0,23234000.0,0.0,11.585,41.163,40.579,85995000.0,0.0,25.565,7.373,7.373,451117000.0,486302000.0,1253463000.0,1253463000.0,56169000.0,,,,0.27,51567000.0,418481000.0,1.0,361502804.0,361502804.0,,3.467,1059002000.0,25993000.0,112489000.0,0.0,2.929,439535000.0
66,CPWR,MRT,1998-03-31,1998-03-31,1998-03-31,2019-05-20,-3629000.0,1072640000.0,914023500.0,676275000.0,396365000.0,1.246,1.971,-41829000.0,206278000.0,206278000.0,420025000.0,193944000.0,2.154,0.514,6956000.0,0.0,6956000.0,6956000.0,223611000.0,36504000.0,0.0,0.0,0.0,291917000.0,328421000.0,0.288,328421000.0,291917000.0,290770000.0,0.55,0.5,0.55,708296000.0,576966000.0,708296000.0,8765972491.0,30.0,26.691,168776000.0,0.47,1.0,719293000.0,0.631,108062000.0,1147000.0,451305000.0,362040000.0,0.0,162070000.0,54349000.0,107721000.0,364344000.0,313951000.0,50393000.0,8871165491.0,98937000.0,-5198000.0,26432000.0,-3890000.0,0.0,22542000.0,-134210000.0,-87183000.0,210605000.0,0.0,193944000.0,193944000.0,193944000.0,0.0,0.0,0.17,445940000.0,273353000.0,19985000.0,0.0,12.525,45.741,44.891,84494000.0,0.0,24.69,7.786,7.786,452855000.0,427455000.0,1139318000.0,1139318000.0,54416000.0,0.212,0.336,0.806,0.256,30402000.0,384758000.0,1.0,359301964.0,359301964.0,,3.171,964578000.0,29653000.0,96826000.0,0.0,2.685,362324000.0
67,CPWR,MRT,1997-12-31,1997-12-31,1997-12-31,2019-05-20,-3351000.0,937810000.0,,537694000.0,400116000.0,,1.712,-42009000.0,112069000.0,112069000.0,384720000.0,163226000.0,1.896,0.534,6876000.0,0.0,6876000.0,6876000.0,199230000.0,33676000.0,0.0,0.0,0.0,245465000.0,279141000.0,0.27,279141000.0,245465000.0,245465000.0,0.48,0.435,0.48,611266000.0,,611266000.0,,,,104547000.0,0.293,1.0,649353000.0,0.628,109353000.0,0.0,439633000.0,,0.0,156295000.0,38874000.0,117421000.0,326544000.0,283631000.0,42913000.0,5748831424.0,37679000.0,11507000.0,23053000.0,-3890000.0,0.0,19163000.0,-128040000.0,-97538000.0,146556000.0,0.0,163226000.0,163226000.0,163226000.0,0.0,0.0,0.158,414277000.0,235076000.0,17720000.0,0.0,9.405,35.22,33.333,82092000.0,0.0,16.0,5.559,5.525,413447000.0,350905000.0,1034073000.0,1034073000.0,52922000.0,,,,0.237,30519000.0,357749000.0,1.0,359301964.0,357062000.0,,2.896,828457000.0,41230000.0,82239000.0,0.0,2.32,254063000.0
68,CPWR,MRT,1997-09-30,1997-09-30,1997-09-30,2019-05-20,,,,,,,,,,,352427000.0,141001000.0,,,,,,,,,,0.0,0.0,212145000.0,,,,212145000.0,212145000.0,0.415,0.38,0.415,,,,,,,,,1.0,585724000.0,0.624,,0.0,,,,,,,,,,,,,,,,,,,,,141001000.0,141001000.0,141001000.0,0.0,0.0,0.15,381543000.0,204181000.0,,0.0,,,36.446,,0.0,15.125,,,,,938151000.0,938151000.0,49537000.0,,,,0.226,,332006000.0,1.0,,,,,,,71144000.0,,,
69,CPWR,MRT,1997-06-30,1997-06-30,1997-06-30,2019-05-20,,,,,,,,,,,,,,,,,,,,,,0.0,0.0,,,,,,,,,,,,,,,,,,1.0,,,,,,,,,,,,,,,,,,,,,,,,,,,,,,,,,,,,,,,,11.938,,,,,,,,,,,,,,1.0,,,,,,,,,,
70,CPWR,MRT,1997-03-31,1997-03-31,1997-03-31,2019-05-20,-845000.0,755407000.0,,451812000.0,303595000.0,,,-37986000.0,107341000.0,107341000.0,298564000.0,97436000.0,1.659,0.695,6068000.0,0.0,6068000.0,6068000.0,195766000.0,31401000.0,0.0,0.0,0.0,149386000.0,180787000.0,0.222,180787000.0,149386000.0,149386000.0,0.29,0.27,0.29,445636000.0,,445636000.0,,,,74558000.0,,1.0,514332000.0,0.633,109055000.0,0.0,272775000.0,,0.0,71069000.0,26604000.0,44465000.0,309771000.0,272304000.0,37467000.0,,29570000.0,-47293000.0,13840000.0,0.0,0.0,13840000.0,-96814000.0,-11289000.0,112544000.0,0.0,97436000.0,97436000.0,97436000.0,0.0,0.0,0.12,370656000.0,143676000.0,24275000.0,0.0,,,27.047,70578000.0,0.0,7.844,,,345559000.0,232630000.0,812896000.0,812896000.0,44494000.0,,,,0.184,5306000.0,304372000.0,1.0,,,,,646352000.0,30424000.0,51950000.0,0.0,,179508000.0
71,CPWR,MRT,1996-12-31,1996-12-31,1996-12-31,2019-05-20,,,,,,,,,,,,,,,,,,,,,,0.0,0.0,,,,,,,,,,,,,,,,,,1.0,,,,,,,,,,,,,,,,,,,,,,,,,,,,,,,,,,,,,,,,6.265,,,,,,,,,,,,,,1.0,,341342000.0,,,,,,,,
72,CPWR,MRT,1996-03-31,1996-03-31,1996-03-31,2019-05-20,,,,,,,,-29436000.0,,,221228000.0,44242000.0,,,,,,,,21915000.0,,0.0,0.0,78783000.0,100698000.0,0.164,100698000.0,78783000.0,78783000.0,0.13,0.125,0.13,,,,,,,48760000.0,,1.0,393131000.0,0.64,,0.0,,,,,,,,,,,10544000.0,-26113000.0,-66910000.0,0.0,0.0,-66910000.0,-742000.0,66887000.0,78196000.0,0.0,44242000.0,44242000.0,44242000.0,0.0,0.0,0.072,321363000.0,71768000.0,,0.0,,,23.798,,0.0,3.094,,,,,614359000.0,614359000.0,42792000.0,,,,0.128,1467000.0,242940000.0,,,,,,,,34541000.0,,,
