None,ticker,dimension,calendardate,datekey,reportperiod,lastupdated,accoci,assets,assetsavg,assetsc,assetsnc,assetturnover,bvps,capex,cashneq,cashnequsd,cor,consolinc,currentratio,de,debt,debtc,debtnc,debtusd,deferredrev,depamor,deposits,divyield,dps,ebit,ebitda,ebitdamargin,ebitdausd,ebitusd,ebt,eps,epsdil,epsusd,equity,equityavg,equityusd,ev,evebit,evebitda,fcf,fcfps,fxusd,gp,grossmargin,intangibles,intexp,invcap,invcapavg,inventory,investments,investmentsc,investmentsnc,liabilities,liabilitiesc,liabilitiesnc,marketcap,ncf,ncfbus,ncfcommon,ncfdebt,ncfdiv,ncff,ncfi,ncfinv,ncfo,ncfx,netinc,netinccmn,netinccmnusd,netincdis,netincnci,netmargin,opex,opinc,payables,payoutratio,pb,pe,pe1,ppnenet,prefdivis,price,ps,ps1,receivables,retearn,revenue,revenueusd,rnd,roa,roe,roic,ros,sbcomp,sgna,sharefactor,sharesbas,shareswa,shareswadil,sps,tangibles,taxassets,taxexp,taxliabilities,tbvps,workingcapital
0,WHR,MRY,2020-12-31,2020-12-31,2020-12-31,2021-10-22,-2811000000.0,20436000000.0,19716500000.0,9129000000.0,11307000000.0,0.987,61.962,-410000000.0,2924000000.0,2924000000.0,15606000000.0,1071000000.0,1.096,4.026,6207000000.0,310000000.0,5897000000.0,6207000000.0,0.0,568000000.0,0.0,0.027,4.85,1654000000.0,2222000000.0,0.114,2222000000.0,1654000000.0,1465000000.0,17.24,17.07,17.24,3885000000.0,3333500000.0,3885000000.0,15494085649.0,9.0,6.973,1090000000.0,17.384,1.0,3850000000.0,0.198,4690000000.0,189000000.0,10699000000.0,11020750000.0,2301000000.0,0.0,0.0,0.0,15641000000.0,8330000000.0,7311000000.0,11289085649.0,982000000.0,166000000.0,-77000000.0,134000000.0,-311000000.0,-253000000.0,-237000000.0,0.0,1500000000.0,-28000000.0,1081000000.0,1081000000.0,1081000000.0,0.0,-10000000.0,0.056,2227000000.0,1623000000.0,4834000000.0,0.281,2.906,10.443,10.469,4188000000.0,0.0,180.49,0.58,0.582,3109000000.0,8725000000.0,19456000000.0,19456000000.0,0.0,0.055,0.324,0.15,0.085,0.0,1877000000.0,1.0,62546876.0,62700000.0,63300000.0,310.303,15746000000.0,2189000000.0,384000000.0,0.0,251.132,799000000.0
1,WHR,MRY,2019-12-31,2019-12-31,2019-12-31,2021-10-22,-2618000000.0,18881000000.0,19207000000.0,7398000000.0,11483000000.0,1.063,50.157,-532000000.0,1952000000.0,1952000000.0,16886000000.0,1198000000.0,0.884,4.621,5771000000.0,853000000.0,4918000000.0,5771000000.0,0.0,587000000.0,0.0,0.032,4.75,1725000000.0,2312000000.0,0.113,2312000000.0,1725000000.0,1538000000.0,18.6,18.45,18.6,3195000000.0,2943500000.0,3195000000.0,14539862953.0,8.0,6.289,698000000.0,10.958,1.0,3533000000.0,0.173,4665000000.0,187000000.0,9666000000.0,10713000000.0,2438000000.0,0.0,0.0,0.0,14763000000.0,8369000000.0,6394000000.0,9323862953.0,414000000.0,1174000000.0,-140000000.0,-972000000.0,-305000000.0,-1424000000.0,636000000.0,0.0,1230000000.0,-28000000.0,1184000000.0,1184000000.0,1184000000.0,0.0,14000000.0,0.058,1962000000.0,1571000000.0,4547000000.0,0.255,2.918,7.875,7.932,4222000000.0,0.0,147.53,0.457,0.46,2198000000.0,7870000000.0,20419000000.0,20419000000.0,0.0,0.062,0.402,0.161,0.084,0.0,2142000000.0,1.0,63199776.0,63700000.0,64200000.0,320.549,14216000000.0,2238000000.0,354000000.0,0.0,223.171,-971000000.0
2,WHR,MRY,2018-12-31,2018-12-31,2018-12-31,2021-10-22,-2695000000.0,18347000000.0,19212250000.0,7898000000.0,10449000000.0,1.095,34.092,-590000000.0,1498000000.0,1498000000.0,17500000000.0,-159000000.0,0.816,6.609,6027000000.0,1981000000.0,4046000000.0,6027000000.0,0.0,645000000.0,0.0,0.043,4.55,147000000.0,792000000.0,0.038,792000000.0,147000000.0,-45000000.0,-2.72,-2.72,-2.72,2291000000.0,2834500000.0,2291000000.0,12968190349.0,88.0,16.374,639000000.0,9.509,1.0,3537000000.0,0.168,4747000000.0,192000000.0,8451000000.0,10136500000.0,2533000000.0,0.0,0.0,0.0,15142000000.0,9678000000.0,5464000000.0,6819190349.0,245000000.0,135000000.0,-1136000000.0,972000000.0,-306000000.0,-518000000.0,-399000000.0,60000000.0,1229000000.0,-67000000.0,-183000000.0,-183000000.0,-183000000.0,0.0,24000000.0,-0.009,3258000000.0,279000000.0,4487000000.0,-1.673,2.977,-37.263,-39.29,3414000000.0,0.0,106.87,0.324,0.341,2210000000.0,6933000000.0,21037000000.0,21037000000.0,0.0,-0.01,-0.065,0.015,0.007,0.0,2189000000.0,1.0,63808275.0,67200000.0,67200000.0,313.051,13600000000.0,1989000000.0,138000000.0,0.0,202.381,-1780000000.0
3,WHR,MRY,2017-12-31,2017-12-31,2017-12-31,2021-10-22,-2331000000.0,20038000000.0,20140500000.0,7930000000.0,12108000000.0,1.055,57.271,-684000000.0,1196000000.0,1196000000.0,17651000000.0,337000000.0,0.932,3.552,5218000000.0,826000000.0,4392000000.0,5218000000.0,0.0,654000000.0,0.0,0.025,4.3,1062000000.0,1716000000.0,0.081,1716000000.0,1062000000.0,900000000.0,4.78,4.7,4.78,4198000000.0,4624250000.0,4198000000.0,16813940400.0,16.0,9.798,580000000.0,7.913,1.0,3602000000.0,0.169,5709000000.0,162000000.0,9846000000.0,9993250000.0,2988000000.0,0.0,0.0,0.0,14910000000.0,8505000000.0,6405000000.0,12118940400.0,53000000.0,26000000.0,-716000000.0,494000000.0,-312000000.0,-553000000.0,-721000000.0,-60000000.0,1264000000.0,63000000.0,350000000.0,350000000.0,350000000.0,0.0,-13000000.0,0.016,2466000000.0,1136000000.0,4797000000.0,0.9,2.887,34.626,35.28,4033000000.0,0.0,168.64,0.57,0.582,2665000000.0,7352000000.0,21253000000.0,21253000000.0,0.0,0.017,0.076,0.106,0.05,0.0,2112000000.0,1.0,71862787.0,73300000.0,74400000.0,289.945,14329000000.0,2013000000.0,550000000.0,0.0,195.484,-575000000.0
4,WHR,MRY,2016-12-31,2016-12-31,2016-12-31,2021-10-22,-2400000000.0,19153000000.0,19745750000.0,7339000000.0,11814000000.0,1.049,62.72,-660000000.0,1085000000.0,1085000000.0,17026000000.0,928000000.0,0.958,2.813,4470000000.0,594000000.0,3876000000.0,4470000000.0,0.0,655000000.0,0.0,0.021,3.9,1235000000.0,1890000000.0,0.091,1890000000.0,1235000000.0,1074000000.0,11.67,11.5,11.67,4773000000.0,4851750000.0,4773000000.0,18016412606.0,15.0,9.532,543000000.0,7.135,1.0,3692000000.0,0.178,5508000000.0,161000000.0,9368000000.0,9791250000.0,2623000000.0,0.0,0.0,0.0,13425000000.0,7662000000.0,5763000000.0,13652412606.0,277000000.0,51000000.0,-499000000.0,545000000.0,-294000000.0,-278000000.0,-612000000.0,0.0,1203000000.0,-36000000.0,888000000.0,888000000.0,888000000.0,0.0,40000000.0,0.043,2324000000.0,1368000000.0,4416000000.0,0.334,2.86,15.374,15.576,3810000000.0,0.0,181.77,0.659,0.668,2711000000.0,7314000000.0,20718000000.0,20718000000.0,0.0,0.045,0.183,0.126,0.06,0.0,2080000000.0,1.0,75108173.0,76100000.0,77200000.0,272.247,13645000000.0,2154000000.0,186000000.0,0.0,179.304,-323000000.0
5,WHR,MRY,2015-12-31,2015-12-31,2015-12-31,2021-10-22,-2332000000.0,19010000000.0,19338500000.0,6874000000.0,12136000000.0,1.08,60.267,-689000000.0,772000000.0,772000000.0,17231000000.0,822000000.0,0.888,2.812,3998000000.0,528000000.0,3470000000.0,3998000000.0,0.0,668000000.0,0.0,0.023,3.45,1157000000.0,1825000000.0,0.087,1825000000.0,1157000000.0,992000000.0,9.95,9.83,9.95,4743000000.0,4841500000.0,4743000000.0,15598416962.0,13.0,8.547,536000000.0,6.811,1.0,3660000000.0,0.175,5684000000.0,165000000.0,8808000000.0,9796250000.0,2619000000.0,0.0,0.0,0.0,13336000000.0,7744000000.0,5592000000.0,11484416962.0,-254000000.0,-33000000.0,-212000000.0,-217000000.0,-269000000.0,-707000000.0,-681000000.0,0.0,1225000000.0,-91000000.0,783000000.0,783000000.0,783000000.0,0.0,39000000.0,0.037,2418000000.0,1242000000.0,4403000000.0,0.347,2.421,14.667,14.761,3774000000.0,0.0,146.87,0.55,0.553,2530000000.0,6722000000.0,20891000000.0,20891000000.0,0.0,0.04,0.162,0.118,0.055,0.0,2143000000.0,1.0,78194437.0,78700000.0,79700000.0,265.451,13326000000.0,2301000000.0,209000000.0,0.0,169.327,-870000000.0
6,WHR,MRY,2014-12-31,2014-12-31,2014-12-31,2021-10-22,-1840000000.0,20002000000.0,16839500000.0,8098000000.0,11904000000.0,1.18,62.388,-720000000.0,1026000000.0,1026000000.0,16477000000.0,692000000.0,0.964,2.908,4347000000.0,803000000.0,3544000000.0,4347000000.0,0.0,560000000.0,0.0,0.015,2.875,1004000000.0,1564000000.0,0.079,1564000000.0,1004000000.0,839000000.0,8.3,8.17,8.3,4885000000.0,5105500000.0,4885000000.0,17248728121.0,17.0,11.029,759000000.0,9.693,1.0,3395000000.0,0.171,5610000000.0,165000000.0,9310000000.0,8262500000.0,2740000000.0,0.0,0.0,0.0,14206000000.0,8403000000.0,5803000000.0,15086728121.0,-354000000.0,-1804000000.0,13000000.0,940000000.0,-224000000.0,705000000.0,-2456000000.0,0.0,1479000000.0,-82000000.0,650000000.0,650000000.0,650000000.0,0.0,42000000.0,0.033,2207000000.0,1188000000.0,4730000000.0,0.346,3.088,23.21,23.342,3981000000.0,0.0,193.74,0.759,0.763,2768000000.0,6209000000.0,19872000000.0,19872000000.0,0.0,0.039,0.127,0.122,0.051,0.0,2038000000.0,1.0,77871003.0,78300000.0,79600000.0,253.793,14392000000.0,2317000000.0,189000000.0,0.0,183.806,-305000000.0
7,WHR,MRY,2013-12-31,2013-12-31,2013-12-31,2021-10-22,-1298000000.0,15544000000.0,15452250000.0,7022000000.0,8522000000.0,1.215,62.093,-578000000.0,1380000000.0,1380000000.0,15471000000.0,849000000.0,1.034,2.134,2463000000.0,617000000.0,1846000000.0,2463000000.0,0.0,540000000.0,0.0,0.015,2.375,1072000000.0,1612000000.0,0.086,1612000000.0,1072000000.0,895000000.0,10.42,10.24,10.42,4924000000.0,4653500000.0,4924000000.0,13931712210.0,13.0,8.643,684000000.0,8.625,1.0,3298000000.0,0.176,3426000000.0,177000000.0,6407000000.0,7190250000.0,2408000000.0,0.0,0.0,0.0,10510000000.0,6794000000.0,3716000000.0,12312712210.0,212000000.0,0.0,-255000000.0,10000000.0,-187000000.0,-434000000.0,-582000000.0,0.0,1262000000.0,-34000000.0,827000000.0,827000000.0,827000000.0,0.0,22000000.0,0.044,2049000000.0,1249000000.0,3865000000.0,0.228,2.501,14.888,15.054,3041000000.0,0.0,156.86,0.656,0.663,2005000000.0,5784000000.0,18769000000.0,18769000000.0,0.0,0.054,0.178,0.149,0.057,0.0,1828000000.0,1.0,78494914.0,79300000.0,80800000.0,236.683,12118000000.0,2313000000.0,68000000.0,0.0,152.812,228000000.0
8,WHR,MRY,2012-12-31,2012-12-31,2012-12-31,2021-10-22,-1531000000.0,15396000000.0,14997500000.0,6827000000.0,8569000000.0,1.21,54.545,-476000000.0,1168000000.0,1168000000.0,15250000000.0,425000000.0,1.049,2.589,2461000000.0,517000000.0,1944000000.0,2461000000.0,0.0,551000000.0,0.0,0.02,2.0,733000000.0,1284000000.0,0.071,1284000000.0,733000000.0,534000000.0,5.14,5.06,5.14,4260000000.0,4290250000.0,4260000000.0,9853619978.0,13.0,7.674,220000000.0,2.817,1.0,2893000000.0,0.159,3449000000.0,199000000.0,6730000000.0,6959500000.0,2354000000.0,0.0,0.0,0.0,11029000000.0,6510000000.0,4519000000.0,7921619978.0,59000000.0,-18000000.0,43000000.0,-33000000.0,-155000000.0,-148000000.0,-494000000.0,0.0,696000000.0,5000000.0,401000000.0,401000000.0,401000000.0,0.0,24000000.0,0.022,2024000000.0,869000000.0,3698000000.0,0.389,1.86,19.755,19.796,3034000000.0,0.0,101.75,0.437,0.438,2038000000.0,5147000000.0,18143000000.0,18143000000.0,0.0,0.027,0.093,0.105,0.04,0.0,1757000000.0,1.0,77853759.0,78100000.0,79300000.0,232.305,11947000000.0,2390000000.0,133000000.0,0.0,152.971,317000000.0
9,WHR,MRY,2011-12-31,2011-12-31,2011-12-31,2021-10-22,-1226000000.0,15181000000.0,15426750000.0,6422000000.0,8759000000.0,1.21,54.44,-585000000.0,1109000000.0,1109000000.0,16089000000.0,408000000.0,1.02,2.607,2491000000.0,362000000.0,2129000000.0,2491000000.0,0.0,558000000.0,0.0,0.041,1.93,167000000.0,725000000.0,0.039,725000000.0,167000000.0,-46000000.0,5.07,4.99,5.07,4181000000.0,4321250000.0,4181000000.0,5627037573.0,34.0,7.761,-55000000.0,-0.716,1.0,2577000000.0,0.138,3484000000.0,213000000.0,6782000000.0,7224750000.0,2354000000.0,0.0,0.0,0.0,10901000000.0,6297000000.0,4604000000.0,3627037573.0,-259000000.0,-7000000.0,14000000.0,-15000000.0,-148000000.0,-166000000.0,-596000000.0,0.0,530000000.0,-27000000.0,390000000.0,390000000.0,390000000.0,0.0,18000000.0,0.021,1785000000.0,792000000.0,3512000000.0,0.381,0.868,9.3,9.359,3102000000.0,0.0,47.45,0.194,0.195,2105000000.0,4922000000.0,18666000000.0,18666000000.0,0.0,0.025,0.09,0.023,0.009,0.0,1621000000.0,1.0,76439148.0,76800000.0,78100000.0,243.047,11697000000.0,2141000000.0,-436000000.0,0.0,152.305,125000000.0
10,WHR,MRY,2010-12-31,2010-12-31,2010-12-31,2021-10-22,-893000000.0,15584000000.0,15248250000.0,7315000000.0,8269000000.0,1.204,55.459,-576000000.0,1368000000.0,1368000000.0,15652000000.0,650000000.0,1.19,2.665,2509000000.0,314000000.0,2195000000.0,2509000000.0,0.0,555000000.0,0.0,0.019,1.72,780000000.0,1335000000.0,0.073,1335000000.0,780000000.0,555000000.0,8.12,7.97,8.12,4226000000.0,3912000000.0,4226000000.0,8373817071.0,11.0,6.273,502000000.0,6.588,1.0,2714000000.0,0.148,3520000000.0,225000000.0,7056000000.0,7188250000.0,2792000000.0,0.0,0.0,0.0,11264000000.0,6149000000.0,5115000000.0,6752817071.0,-12000000.0,-30000000.0,72000000.0,-397000000.0,-132000000.0,-495000000.0,-606000000.0,0.0,1078000000.0,11000000.0,619000000.0,619000000.0,619000000.0,0.0,31000000.0,0.034,1706000000.0,1008000000.0,3660000000.0,0.212,1.598,10.909,10.94,3134000000.0,0.0,88.83,0.368,0.369,2278000000.0,4680000000.0,18366000000.0,18366000000.0,0.0,0.041,0.158,0.109,0.042,0.0,1604000000.0,1.0,76019555.0,76200000.0,77600000.0,241.024,12064000000.0,1509000000.0,-64000000.0,0.0,158.32,1166000000.0
11,WHR,MRY,2009-12-31,2009-12-31,2009-12-31,2021-10-22,-868000000.0,15094000000.0,14223000000.0,7025000000.0,8069000000.0,1.202,49.115,-464000000.0,1380000000.0,1380000000.0,14713000000.0,354000000.0,1.182,3.093,2903000000.0,401000000.0,2502000000.0,2903000000.0,0.0,525000000.0,0.0,0.021,1.72,486000000.0,1011000000.0,0.059,1011000000.0,486000000.0,267000000.0,4.39,4.34,4.39,3664000000.0,3404000000.0,3664000000.0,8185263157.0,17.0,8.096,1086000000.0,14.558,1.0,2386000000.0,0.14,3525000000.0,219000000.0,7151000000.0,7473250000.0,2197000000.0,0.0,0.0,0.0,11334000000.0,5941000000.0,5393000000.0,5991263157.0,1234000000.0,-35000000.0,21000000.0,300000000.0,-128000000.0,144000000.0,-499000000.0,0.0,1550000000.0,39000000.0,328000000.0,328000000.0,328000000.0,0.0,26000000.0,0.019,1698000000.0,688000000.0,3308000000.0,0.392,1.635,18.266,18.374,3117000000.0,0.0,80.66,0.35,0.352,2500000000.0,4193000000.0,17099000000.0,17099000000.0,0.0,0.023,0.096,0.065,0.028,0.0,1544000000.0,1.0,74277996.0,74600000.0,75600000.0,229.209,11569000000.0,1399000000.0,-61000000.0,0.0,155.08,1084000000.0
12,WHR,MRY,2008-12-31,2008-12-31,2008-12-31,2021-10-22,-1259000000.0,13532000000.0,14336000000.0,6044000000.0,7488000000.0,1.319,40.027,-428000000.0,146000000.0,146000000.0,16383000000.0,447000000.0,1.086,3.479,2597000000.0,595000000.0,2002000000.0,2597000000.0,0.0,597000000.0,0.0,0.042,1.72,420000000.0,1017000000.0,0.054,1017000000.0,420000000.0,217000000.0,5.57,5.5,5.57,3006000000.0,3815500000.0,3006000000.0,5634335239.0,13.0,5.54,-101000000.0,-1.345,1.0,2524000000.0,0.133,3549000000.0,203000000.0,6871000000.0,7240750000.0,2591000000.0,0.0,0.0,0.0,10459000000.0,5563000000.0,4896000000.0,3039335239.0,-55000000.0,-5000000.0,-226000000.0,515000000.0,-128000000.0,141000000.0,-433000000.0,0.0,327000000.0,-90000000.0,418000000.0,418000000.0,418000000.0,0.0,29000000.0,0.022,1975000000.0,549000000.0,2805000000.0,0.309,1.011,7.271,7.424,2985000000.0,0.0,41.35,0.161,0.164,2103000000.0,3993000000.0,18907000000.0,18907000000.0,0.0,0.029,0.11,0.058,0.022,0.0,1798000000.0,1.0,73502666.0,75100000.0,76000000.0,251.758,9983000000.0,580000000.0,-201000000.0,0.0,132.929,481000000.0
13,WHR,MRY,2007-12-31,2007-12-31,2007-12-31,2021-10-22,-270000000.0,14009000000.0,14161500000.0,6555000000.0,7454000000.0,1.37,49.822,-406000000.0,201000000.0,201000000.0,16517000000.0,662000000.0,1.112,2.582,2093000000.0,425000000.0,1668000000.0,2093000000.0,0.0,593000000.0,0.0,0.021,1.72,960000000.0,1553000000.0,0.08,1553000000.0,960000000.0,757000000.0,8.24,8.1,8.24,3911000000.0,3673250000.0,3911000000.0,8630544239.0,9.0,5.557,527000000.0,6.713,1.0,2891000000.0,0.149,3614000000.0,203000000.0,6394000000.0,6627750000.0,2665000000.0,0.0,0.0,0.0,10098000000.0,5893000000.0,4205000000.0,6309544239.0,-61000000.0,75000000.0,-300000000.0,-257000000.0,-134000000.0,-696000000.0,-331000000.0,0.0,933000000.0,33000000.0,640000000.0,640000000.0,640000000.0,7000000.0,22000000.0,0.033,1828000000.0,1063000000.0,3260000000.0,0.209,1.613,9.859,9.907,3212000000.0,0.0,81.63,0.325,0.33,2604000000.0,3703000000.0,19408000000.0,19408000000.0,0.0,0.045,0.174,0.145,0.049,0.0,1736000000.0,1.0,77294429.0,78500000.0,79900000.0,247.236,10395000000.0,324000000.0,117000000.0,0.0,132.42,662000000.0
14,WHR,MRY,2006-12-31,2006-12-31,2006-12-31,2021-10-22,-643000000.0,13759000000.0,13904250000.0,6517000000.0,7242000000.0,1.3,43.715,-490000000.0,262000000.0,262000000.0,15420000000.0,433000000.0,1.078,3.191,2336000000.0,538000000.0,1798000000.0,2336000000.0,0.0,550000000.0,0.0,0.021,1.72,761000000.0,1311000000.0,0.073,1311000000.0,761000000.0,559000000.0,5.76,5.67,5.76,3283000000.0,3061250000.0,3283000000.0,9035209050.0,12.0,6.892,398000000.0,5.3,1.0,2660000000.0,0.147,3534000000.0,202000000.0,6256000000.0,6623500000.0,2348000000.0,0.0,0.0,0.0,10476000000.0,6043000000.0,4433000000.0,6507209050.0,-262000000.0,-651000000.0,54000000.0,92000000.0,-130000000.0,29000000.0,-1197000000.0,-53000000.0,888000000.0,18000000.0,433000000.0,433000000.0,433000000.0,53000000.0,0.0,0.024,1837000000.0,823000000.0,2945000000.0,0.299,1.982,15.028,14.413,3157000000.0,0.0,83.02,0.36,0.345,2676000000.0,3205000000.0,18080000000.0,18080000000.0,0.0,0.031,0.141,0.115,0.042,0.0,1752000000.0,1.0,78381222.0,75100000.0,76500000.0,240.746,10225000000.0,372000000.0,126000000.0,0.0,136.152,474000000.0
15,WHR,MRY,2005-12-31,2005-12-31,2005-12-31,2021-10-22,-862000000.0,8301000000.0,8237750000.0,4763000000.0,3538000000.0,1.738,26.006,-401000000.0,524000000.0,524000000.0,12123000000.0,422000000.0,1.094,3.757,1241000000.0,496000000.0,745000000.0,1241000000.0,0.0,442000000.0,0.0,0.021,1.72,723000000.0,1165000000.0,0.081,1165000000.0,723000000.0,593000000.0,6.3,6.19,6.3,1745000000.0,1746250000.0,1745000000.0,6823917483.0,9.0,5.857,483000000.0,7.198,1.0,2194000000.0,0.153,284000000.0,130000000.0,4380000000.0,5050750000.0,1591000000.0,28000000.0,0.0,28000000.0,6556000000.0,4354000000.0,2202000000.0,5650917483.0,281000000.0,-29000000.0,68000000.0,-131000000.0,-116000000.0,-170000000.0,-430000000.0,0.0,884000000.0,-3000000.0,422000000.0,422000000.0,422000000.0,0.0,0.0,0.029,1402000000.0,792000000.0,2330000000.0,0.273,3.238,13.391,13.295,2511000000.0,0.0,83.76,0.395,0.393,2081000000.0,2902000000.0,14317000000.0,14317000000.0,0.0,0.051,0.242,0.143,0.05,0.0,1343000000.0,1.0,67465586.0,67100000.0,68300000.0,213.368,8017000000.0,606000000.0,171000000.0,246000000.0,119.478,409000000.0
16,WHR,MRY,2004-12-31,2004-12-31,2004-12-31,2021-10-22,-601000000.0,8181000000.0,7748750000.0,4514000000.0,3667000000.0,1.706,23.828,-437000000.0,243000000.0,243000000.0,11081000000.0,406000000.0,1.133,4.094,1411000000.0,251000000.0,1160000000.0,1411000000.0,0.0,445000000.0,0.0,0.025,1.72,743000000.0,1188000000.0,0.09,1188000000.0,743000000.0,615000000.0,6.02,5.9,6.02,1606000000.0,1399000000.0,1606000000.0,5931279994.0,8.0,4.993,357000000.0,5.297,1.0,2139000000.0,0.162,276000000.0,128000000.0,5088000000.0,4994000000.0,1701000000.0,16000000.0,0.0,16000000.0,6575000000.0,3985000000.0,2590000000.0,4597279994.0,-6000000.0,-2000000.0,-187000000.0,-58000000.0,-116000000.0,-358000000.0,-439000000.0,0.0,794000000.0,-3000000.0,406000000.0,406000000.0,406000000.0,0.0,0.0,0.031,1381000000.0,758000000.0,2297000000.0,0.286,2.863,11.323,11.497,2583000000.0,0.0,69.21,0.348,0.353,2032000000.0,2596000000.0,13220000000.0,13220000000.0,0.0,0.052,0.29,0.149,0.056,0.0,1364000000.0,1.0,66425083.0,67400000.0,68900000.0,196.142,7905000000.0,512000000.0,209000000.0,407000000.0,117.285,529000000.0
17,WHR,MRY,2003-12-31,2003-12-31,2003-12-31,2021-10-22,-757000000.0,7361000000.0,7127250000.0,3865000000.0,3496000000.0,1.708,18.937,-348000000.0,249000000.0,249000000.0,9423000000.0,414000000.0,1.077,4.658,1413000000.0,279000000.0,1134000000.0,1413000000.0,0.0,427000000.0,0.0,0.019,1.36,779000000.0,1206000000.0,0.099,1206000000.0,779000000.0,642000000.0,6.03,5.91,6.03,1301000000.0,1064750000.0,1301000000.0,6440558093.0,8.0,5.34,396000000.0,5.764,1.0,2753000000.0,0.226,250000000.0,137000000.0,4686000000.0,4646500000.0,1340000000.0,11000000.0,0.0,11000000.0,6060000000.0,3589000000.0,2471000000.0,5060558093.0,57000000.0,-4000000.0,0.0,-208000000.0,-94000000.0,-345000000.0,-352000000.0,0.0,744000000.0,10000000.0,414000000.0,414000000.0,414000000.0,0.0,0.0,0.034,1923000000.0,830000000.0,1944000000.0,0.226,3.89,12.224,12.048,2456000000.0,0.0,72.65,0.416,0.41,1913000000.0,2276000000.0,12176000000.0,12176000000.0,0.0,0.058,0.389,0.168,0.064,0.0,1920000000.0,1.0,69656684.0,68700000.0,70100000.0,177.234,7111000000.0,397000000.0,228000000.0,379000000.0,103.508,276000000.0
18,WHR,MRY,2002-12-31,2002-12-31,2002-12-31,2021-10-22,-999000000.0,6631000000.0,6595250000.0,3327000000.0,3304000000.0,1.67,10.884,-403000000.0,192000000.0,192000000.0,8473000000.0,-394000000.0,0.949,7.973,1524000000.0,432000000.0,1092000000.0,1524000000.0,0.0,405000000.0,0.0,0.026,1.36,-58000000.0,347000000.0,0.031,347000000.0,-58000000.0,-201000000.0,-5.79,-5.68,-5.79,739000000.0,1002500000.0,739000000.0,5190310213.0,-89.0,14.958,382000000.0,5.626,1.0,2543000000.0,0.231,348000000.0,143000000.0,4110000000.0,4513000000.0,1089000000.0,7000000.0,0.0,7000000.0,5892000000.0,3505000000.0,2387000000.0,3561310213.0,-124000000.0,-179000000.0,34000000.0,-236000000.0,-91000000.0,-323000000.0,-582000000.0,0.0,785000000.0,-4000000.0,-394000000.0,-394000000.0,-394000000.0,43000000.0,0.0,-0.036,1851000000.0,692000000.0,1631000000.0,-0.235,4.819,-9.039,-9.019,2338000000.0,0.0,52.22,0.323,0.322,1781000000.0,1985000000.0,11016000000.0,11016000000.0,0.0,-0.06,-0.393,-0.013,-0.005,0.0,1736000000.0,1.0,68198204.0,67900000.0,69300000.0,162.239,6283000000.0,520000000.0,193000000.0,217000000.0,92.533,-178000000.0
19,WHR,MRY,2001-12-31,2001-12-31,2001-12-31,2021-10-22,-697000000.0,6967000000.0,6886500000.0,3311000000.0,3656000000.0,1.502,21.859,-347000000.0,316000000.0,316000000.0,7925000000.0,21000000.0,1.074,3.778,1462000000.0,167000000.0,1295000000.0,1462000000.0,0.0,396000000.0,0.0,0.019,1.36,226000000.0,622000000.0,0.06,622000000.0,226000000.0,64000000.0,0.31,0.31,0.31,1458000000.0,1513750000.0,1458000000.0,6415278138.0,28.0,10.314,646000000.0,9.685,1.0,2418000000.0,0.234,708000000.0,162000000.0,4323000000.0,4576750000.0,1110000000.0,117000000.0,0.0,117000000.0,5509000000.0,3082000000.0,2427000000.0,4907278138.0,202000000.0,0.0,38000000.0,-579000000.0,-113000000.0,-653000000.0,-138000000.0,209000000.0,993000000.0,0.0,21000000.0,21000000.0,21000000.0,21000000.0,0.0,0.002,2112000000.0,306000000.0,1427000000.0,4.387,3.366,233.68,236.548,2052000000.0,0.0,73.33,0.474,0.473,1515000000.0,2470000000.0,10343000000.0,10343000000.0,0.0,0.003,0.014,0.049,0.022,0.0,1639000000.0,1.0,66920471.0,66700000.0,68000000.0,155.067,6259000000.0,530000000.0,43000000.0,279000000.0,93.838,229000000.0
20,WHR,MRY,2000-12-31,2000-12-31,2000-12-31,2021-10-22,-495000000.0,6902000000.0,6946500000.0,3237000000.0,3665000000.0,1.486,23.989,-375000000.0,114000000.0,114000000.0,7838000000.0,367000000.0,0.98,3.099,1785000000.0,990000000.0,795000000.0,1785000000.0,0.0,400000000.0,0.0,0.029,1.36,747000000.0,1147000000.0,0.111,1147000000.0,747000000.0,567000000.0,5.24,5.2,5.24,1684000000.0,1775000000.0,1684000000.0,4877115336.0,7.0,4.252,70000000.0,0.997,1.0,2487000000.0,0.241,762000000.0,180000000.0,4508000000.0,4475750000.0,1119000000.0,113000000.0,0.0,113000000.0,5218000000.0,3303000000.0,1915000000.0,3173115336.0,-147000000.0,-283000000.0,-427000000.0,546000000.0,-70000000.0,76000000.0,-658000000.0,0.0,445000000.0,-10000000.0,367000000.0,367000000.0,367000000.0,0.0,0.0,0.036,1680000000.0,807000000.0,1257000000.0,0.26,1.884,8.646,9.101,2134000000.0,0.0,47.69,0.307,0.324,1748000000.0,2539000000.0,10325000000.0,10325000000.0,0.0,0.053,0.207,0.167,0.072,0.0,1651000000.0,1.0,66536283.0,70200000.0,70600000.0,147.08,6140000000.0,303000000.0,200000000.0,278000000.0,87.464,-66000000.0
21,WHR,MRY,1999-12-31,1999-12-31,1999-12-31,2021-10-22,-443000000.0,6826000000.0,7038250000.0,3177000000.0,3649000000.0,1.493,24.827,-437000000.0,261000000.0,261000000.0,7852000000.0,347000000.0,1.099,2.656,1383000000.0,669000000.0,714000000.0,1383000000.0,65000000.0,417000000.0,0.0,0.021,1.36,710000000.0,1127000000.0,0.107,1127000000.0,710000000.0,544000000.0,4.61,4.56,4.61,1867000000.0,1794500000.0,1867000000.0,6311284249.0,9.0,5.6,364000000.0,4.84,1.0,2659000000.0,0.253,795000000.0,166000000.0,4261000000.0,4588000000.0,1065000000.0,112000000.0,0.0,112000000.0,4959000000.0,2892000000.0,2067000000.0,4842284249.0,-375000000.0,0.0,-167000000.0,-385000000.0,-103000000.0,-596000000.0,-437000000.0,0.0,801000000.0,-143000000.0,347000000.0,347000000.0,347000000.0,0.0,0.0,0.033,1784000000.0,875000000.0,1081000000.0,0.295,2.594,13.955,14.113,2178000000.0,0.0,65.06,0.461,0.465,1477000000.0,2268000000.0,10511000000.0,10511000000.0,0.0,0.049,0.193,0.155,0.068,0.0,1753000000.0,1.0,74427978.0,75200000.0,76000000.0,139.774,6031000000.0,335000000.0,197000000.0,217000000.0,80.199,285000000.0
22,WHR,MRY,1998-12-31,1998-12-31,1998-12-31,2021-10-22,-183000000.0,7935000000.0,8001500000.0,3882000000.0,4053000000.0,1.29,26.398,-523000000.0,636000000.0,636000000.0,7805000000.0,325000000.0,1.188,2.966,2017000000.0,930000000.0,1087000000.0,2017000000.0,0.0,438000000.0,0.0,0.025,1.36,794000000.0,1232000000.0,0.119,1232000000.0,794000000.0,534000000.0,4.29,4.25,4.29,2001000000.0,1919000000.0,2001000000.0,5793228721.0,7.0,4.702,240000000.0,3.166,1.0,2518000000.0,0.244,936000000.0,260000000.0,5113000000.0,5361250000.0,1100000000.0,108000000.0,0.0,108000000.0,5934000000.0,3267000000.0,2667000000.0,4211228721.0,58000000.0,466000000.0,0.0,-394000000.0,-102000000.0,-619000000.0,-57000000.0,0.0,763000000.0,-29000000.0,325000000.0,325000000.0,325000000.0,0.0,0.0,0.031,1830000000.0,688000000.0,1079000000.0,0.317,2.105,12.958,12.909,2418000000.0,0.0,55.38,0.408,0.407,1711000000.0,2024000000.0,10323000000.0,10323000000.0,0.0,0.041,0.169,0.148,0.077,0.0,1791000000.0,1.0,76042411.0,75800000.0,76500000.0,136.187,6999000000.0,429000000.0,209000000.0,152000000.0,92.335,615000000.0
23,WHR,MRY,1997-12-31,1997-12-31,1997-12-31,2021-10-22,-149000000.0,8270000000.0,7934250000.0,4281000000.0,3989000000.0,1.086,23.61,-523000000.0,578000000.0,578000000.0,6604000000.0,-15000000.0,1.165,3.67,2428000000.0,1354000000.0,1074000000.0,2428000000.0,0.0,438000000.0,0.0,0.025,1.36,144000000.0,582000000.0,0.068,582000000.0,144000000.0,-24000000.0,-0.2,-0.2,-0.2,1771000000.0,1835250000.0,1771000000.0,6990593120.0,49.0,12.011,240000000.0,3.2,1.0,2013000000.0,0.234,916000000.0,168000000.0,5528000000.0,5888500000.0,1170000000.0,100000000.0,0.0,100000000.0,6499000000.0,3676000000.0,2823000000.0,4125593120.0,58000000.0,466000000.0,0.0,-394000000.0,-102000000.0,-619000000.0,-57000000.0,0.0,763000000.0,-29000000.0,-15000000.0,-15000000.0,-15000000.0,11000000.0,0.0,-0.002,2002000000.0,11000000.0,987000000.0,-6.8,2.33,-275.04,-275.0,2375000000.0,0.0,55.0,0.479,0.479,1565000000.0,1801000000.0,8617000000.0,8617000000.0,0.0,-0.002,-0.008,0.024,0.017,0.0,1625000000.0,1.0,75010784.0,75010784.0,,114.877,7354000000.0,435000000.0,-9000000.0,190000000.0,98.039,605000000.0
24,WHR,MRY,1996-12-31,1996-12-31,1996-12-31,2021-10-22,-76000000.0,8015000000.0,8030750000.0,3812000000.0,4203000000.0,1.061,25.646,-336000000.0,129000000.0,129000000.0,6623000000.0,156000000.0,0.948,3.161,3112000000.0,2157000000.0,955000000.0,3112000000.0,0.0,353000000.0,0.0,0.029,1.36,381000000.0,734000000.0,0.086,734000000.0,381000000.0,226000000.0,2.1,2.08,2.1,1926000000.0,1908750000.0,1926000000.0,6486977886.0,17.0,8.838,209000000.0,2.783,1.0,1900000000.0,0.223,870000000.0,155000000.0,6106000000.0,6186000000.0,1034000000.0,513000000.0,0.0,513000000.0,6089000000.0,4022000000.0,2067000000.0,3465977886.0,-20000000.0,-12000000.0,0.0,158000000.0,-101000000.0,80000000.0,-645000000.0,-265000000.0,545000000.0,0.0,156000000.0,156000000.0,156000000.0,-15000000.0,0.0,0.018,1622000000.0,278000000.0,983000000.0,0.648,1.8,22.218,22.2,1798000000.0,0.0,46.62,0.407,0.411,3071000000.0,1918000000.0,8523000000.0,8523000000.0,0.0,0.019,0.082,0.062,0.045,0.0,1557000000.0,1.0,74345300.0,75100000.0,75100000.0,113.489,7145000000.0,247000000.0,70000000.0,206000000.0,95.14,-210000000.0
25,WHR,MRY,1995-12-31,1995-12-31,1995-12-31,2021-10-22,-53000000.0,7800000000.0,7570250000.0,3541000000.0,4259000000.0,1.078,25.094,-483000000.0,149000000.0,149000000.0,6245000000.0,209000000.0,0.925,3.156,2981000000.0,1998000000.0,983000000.0,2981000000.0,0.0,312000000.0,0.0,0.026,1.36,428000000.0,740000000.0,0.091,740000000.0,428000000.0,299000000.0,2.83,2.78,2.83,1877000000.0,1854500000.0,1877000000.0,6697856722.0,16.0,9.051,-106000000.0,-1.417,1.0,1918000000.0,0.235,931000000.0,129000000.0,5872000000.0,5808000000.0,1029000000.0,425000000.0,0.0,425000000.0,5923000000.0,3829000000.0,2094000000.0,3940856722.0,77000000.0,-171000000.0,-35000000.0,748000000.0,-100000000.0,635000000.0,-935000000.0,256000000.0,377000000.0,0.0,209000000.0,209000000.0,209000000.0,-14000000.0,0.0,0.026,1552000000.0,366000000.0,977000000.0,0.481,2.1,18.856,18.816,1779000000.0,0.0,53.25,0.483,0.488,2889000000.0,1863000000.0,8163000000.0,8163000000.0,0.0,0.028,0.113,0.074,0.052,0.0,1521000000.0,1.0,74006699.0,74800000.0,74800000.0,109.131,6869000000.0,247000000.0,90000000.0,234000000.0,91.832,-288000000.0
26,WHR,MRY,1994-12-31,1994-12-31,1994-12-31,2021-10-22,-93000000.0,6655000000.0,6351000000.0,3078000000.0,3577000000.0,1.276,22.821,-333000000.0,72000000.0,72000000.0,6003000000.0,158000000.0,1.03,2.862,2086000000.0,1201000000.0,885000000.0,2086000000.0,0.0,292000000.0,0.0,0.024,1.22,448000000.0,740000000.0,0.091,740000000.0,448000000.0,334000000.0,2.1,2.1,2.1,1723000000.0,1685500000.0,1723000000.0,,,,116000000.0,1.536,1.0,2101000000.0,0.259,730000000.0,114000000.0,4951000000.0,4711000000.0,838000000.0,370000000.0,0.0,370000000.0,4932000000.0,2988000000.0,1944000000.0,3763798234.0,-23000000.0,-22000000.0,0.0,-12000000.0,-101000000.0,-117000000.0,-355000000.0,0.0,449000000.0,0.0,158000000.0,158000000.0,158000000.0,0.0,0.0,0.019,1704000000.0,397000000.0,843000000.0,0.581,2.184,23.822,24.167,1440000000.0,0.0,50.75,0.464,0.473,2584000000.0,1754000000.0,8104000000.0,8104000000.0,0.0,0.025,0.094,0.095,0.055,0.0,1490000000.0,1.0,74163512.0,75500000.0,75500000.0,107.338,5925000000.0,275000000.0,176000000.0,221000000.0,78.477,90000000.0
27,WHR,MRY,1993-12-31,1993-12-31,1993-12-31,2021-10-22,-77000000.0,6047000000.0,,2708000000.0,3339000000.0,,22.794,-309000000.0,88000000.0,88000000.0,5562000000.0,51000000.0,0.98,2.669,2000000000.0,1160000000.0,840000000.0,2000000000.0,0.0,291000000.0,0.0,0.018,1.19,312000000.0,603000000.0,0.08,603000000.0,312000000.0,199000000.0,0.67,0.67,0.67,1648000000.0,,1648000000.0,,,,320000000.0,4.426,1.0,1971000000.0,0.262,725000000.0,113000000.0,4471000000.0,,760000000.0,320000000.0,0.0,320000000.0,4399000000.0,2763000000.0,1636000000.0,,22000000.0,-15000000.0,0.0,-583000000.0,-85000000.0,-511000000.0,-96000000.0,285000000.0,629000000.0,0.0,51000000.0,51000000.0,51000000.0,0.0,0.0,0.007,1489000000.0,482000000.0,742000000.0,1.776,,,99.254,1319000000.0,0.0,66.5,,0.638,2473000000.0,1686000000.0,7533000000.0,7533000000.0,0.0,,,,0.041,0.0,1433000000.0,1.0,,72300000.0,72300000.0,104.191,5322000000.0,205000000.0,148000000.0,167000000.0,73.61,-55000000.0
28,WHR,MRY,1992-12-31,1992-12-31,1992-12-31,2021-10-22,,,,,,,,-416000000.0,,,5447000000.0,205000000.0,,,,,,,,302000000.0,,0.025,1.1,504000000.0,806000000.0,0.11,806000000.0,504000000.0,359000000.0,2.9,2.79,2.9,,,,,,,162000000.0,2.295,1.0,1854000000.0,0.254,,145000000.0,,,,,,,,,,,-30000000.0,115000000.0,-16000000.0,12000000.0,-90000000.0,-81000000.0,-329000000.0,0.0,578000000.0,0.0,205000000.0,205000000.0,205000000.0,0.0,0.0,0.028,1375000000.0,479000000.0,,0.379,,,15.39,,0.0,44.63,,0.432,,,7301000000.0,7301000000.0,0.0,,,,0.069,0.0,1323000000.0,1.0,,70600000.0,70600000.0,103.414,,,154000000.0,,,
0,WHR,MRQ,2021-09-30,2021-09-30,2021-09-30,2021-10-22,-2412000000.0,20394000000.0,,9726000000.0,10668000000.0,,79.807,-122000000.0,2875000000.0,2875000000.0,4380000000.0,486000000.0,1.173,3.075,6084000000.0,310000000.0,5774000000.0,6084000000.0,0.0,119000000.0,0.0,0.026,1.4,615000000.0,734000000.0,0.134,734000000.0,615000000.0,571000000.0,7.56,7.51,7.56,4964000000.0,,4964000000.0,15948734491.0,6.0,4.986,526000000.0,8.457,1.0,1108000000.0,0.202,4485000000.0,44000000.0,10827000000.0,,2876000000.0,0.0,0.0,0.0,15265000000.0,8291000000.0,6974000000.0,12782734491.0,-93000000.0,-45000000.0,-440000000.0,3000000.0,-86000000.0,-524000000.0,-167000000.0,0.0,648000000.0,-50000000.0,471000000.0,471000000.0,471000000.0,0.0,15000000.0,0.086,556000000.0,552000000.0,5127000000.0,0.185,2.575,6.449,6.457,3686000000.0,0.0,203.86,0.582,0.577,3187000000.0,9957000000.0,5488000000.0,5488000000.0,0.0,,,,,0.0,524000000.0,1.0,62703495.0,62200000.0,62700000.0,88.232,15909000000.0,2061000000.0,100000000.0,0.0,255.772,1435000000.0
1,WHR,MRQ,2021-06-30,2021-06-30,2021-06-30,2021-10-22,-2459000000.0,20081000000.0,,9403000000.0,10678000000.0,,78.712,-111000000.0,2968000000.0,2968000000.0,4234000000.0,580000000.0,1.201,3.029,6134000000.0,308000000.0,5826000000.0,6134000000.0,0.0,118000000.0,0.0,0.023,1.4,720000000.0,838000000.0,0.157,838000000.0,720000000.0,675000000.0,9.23,9.15,9.23,4951000000.0,,4951000000.0,17331447995.0,7.0,5.425,353000000.0,5.612,1.0,1090000000.0,0.205,4376000000.0,45000000.0,11039000000.0,,2652000000.0,0.0,0.0,0.0,14996000000.0,7832000000.0,7164000000.0,13653447995.0,204000000.0,-108000000.0,-6000000.0,-2000000.0,-88000000.0,-98000000.0,-219000000.0,0.0,464000000.0,57000000.0,581000000.0,581000000.0,581000000.0,0.0,-1000000.0,0.109,407000000.0,683000000.0,4874000000.0,0.152,2.758,7.175,7.2,3718000000.0,0.0,218.02,0.627,0.63,3052000000.0,9572000000.0,5324000000.0,5324000000.0,0.0,,,,,0.0,509000000.0,1.0,62624750.0,62900000.0,63500000.0,84.642,15705000000.0,2072000000.0,94000000.0,0.0,249.682,1571000000.0
2,WHR,MRQ,2021-03-31,2021-03-31,2021-03-31,2021-10-22,-2687000000.0,20338000000.0,,9838000000.0,10500000000.0,,67.016,-73000000.0,2447000000.0,2447000000.0,4210000000.0,440000000.0,1.228,3.6,6125000000.0,308000000.0,5817000000.0,6125000000.0,0.0,141000000.0,0.0,0.022,1.25,637000000.0,778000000.0,0.145,778000000.0,637000000.0,592000000.0,6.87,6.81,6.87,4222000000.0,,4222000000.0,17160538334.0,9.0,6.636,109000000.0,1.73,1.0,1148000000.0,0.214,4383000000.0,45000000.0,11622000000.0,,2470000000.0,0.0,0.0,0.0,15199000000.0,8011000000.0,7188000000.0,13877538334.0,-170000000.0,13000000.0,-119000000.0,0.0,-79000000.0,-234000000.0,-60000000.0,0.0,182000000.0,-58000000.0,433000000.0,433000000.0,433000000.0,0.0,7000000.0,0.081,530000000.0,618000000.0,4673000000.0,0.182,3.287,10.264,10.239,3778000000.0,0.0,220.35,0.677,0.678,2997000000.0,9079000000.0,5358000000.0,5358000000.0,0.0,,,,,0.0,493000000.0,1.0,62979525.0,63000000.0,63600000.0,85.048,15955000000.0,2053000000.0,159000000.0,0.0,253.254,1827000000.0
3,WHR,MRQ,2020-12-31,2020-12-31,2020-12-31,2021-10-22,-2811000000.0,20436000000.0,,9129000000.0,11307000000.0,,61.667,-159000000.0,2924000000.0,2924000000.0,4434000000.0,501000000.0,1.096,4.026,6207000000.0,310000000.0,5897000000.0,6207000000.0,0.0,154000000.0,0.0,0.027,1.25,695000000.0,849000000.0,0.146,849000000.0,695000000.0,648000000.0,7.91,7.81,7.91,3885000000.0,,3885000000.0,15494085649.0,9.0,6.973,934000000.0,14.825,1.0,1364000000.0,0.235,4690000000.0,47000000.0,10699000000.0,,2301000000.0,0.0,0.0,0.0,15641000000.0,8330000000.0,7311000000.0,11289085649.0,-607000000.0,139000000.0,28000000.0,-1734000000.0,-79000000.0,-1784000000.0,-13000000.0,0.0,1093000000.0,97000000.0,497000000.0,497000000.0,497000000.0,0.0,4000000.0,0.086,648000000.0,716000000.0,4834000000.0,0.158,2.906,10.443,10.469,4188000000.0,0.0,180.49,0.58,0.582,3109000000.0,8725000000.0,5798000000.0,5798000000.0,0.0,,,,,0.0,523000000.0,1.0,62546876.0,63000000.0,63900000.0,92.032,15746000000.0,2189000000.0,151000000.0,0.0,249.937,799000000.0
4,WHR,MRQ,2020-09-30,2020-09-30,2020-09-30,2021-10-22,-2754000000.0,20359000000.0,,9307000000.0,11052000000.0,,53.85,-96000000.0,3528000000.0,3528000000.0,4143000000.0,393000000.0,1.022,4.77,7733000000.0,2033000000.0,5700000000.0,7733000000.0,0.0,146000000.0,0.0,0.026,1.2,584000000.0,730000000.0,0.138,730000000.0,584000000.0,533000000.0,6.27,6.19,6.27,3371000000.0,,3371000000.0,16546210928.0,13.0,8.815,1056000000.0,16.869,1.0,1148000000.0,0.217,4653000000.0,51000000.0,10806000000.0,,2216000000.0,0.0,0.0,0.0,16081000000.0,9105000000.0,6976000000.0,11455210928.0,995000000.0,0.0,13000000.0,-10000000.0,-77000000.0,-74000000.0,-96000000.0,0.0,1152000000.0,13000000.0,392000000.0,392000000.0,392000000.0,0.0,1000000.0,0.074,585000000.0,563000000.0,4179000000.0,0.191,3.398,13.258,13.364,4040000000.0,0.0,183.89,0.602,0.605,2716000000.0,8223000000.0,5291000000.0,5291000000.0,0.0,,,,,0.0,513000000.0,1.0,62293822.0,62600000.0,63300000.0,84.521,15706000000.0,2146000000.0,141000000.0,0.0,250.895,202000000.0
5,WHR,MRQ,2020-06-30,2020-06-30,2020-06-30,2021-10-22,-2731000000.0,18676000000.0,,7579000000.0,11097000000.0,,48.365,-73000000.0,2546000000.0,2546000000.0,3417000000.0,20000000.0,0.981,4.888,7637000000.0,2010000000.0,5627000000.0,7637000000.0,0.0,133000000.0,0.0,0.037,1.2,96000000.0,229000000.0,0.057,229000000.0,96000000.0,47000000.0,0.47,0.47,0.47,3018000000.0,,3018000000.0,12988981939.0,9.0,6.482,-4000000.0,-0.064,1.0,625000000.0,0.155,4611000000.0,49000000.0,11431000000.0,,2129000000.0,0.0,0.0,0.0,14751000000.0,7725000000.0,7026000000.0,8051981939.0,-291000000.0,1000000.0,0.0,-208000000.0,-80000000.0,-288000000.0,-72000000.0,0.0,69000000.0,0.0,30000000.0,30000000.0,30000000.0,0.0,-10000000.0,0.007,554000000.0,71000000.0,3328000000.0,2.553,2.668,9.701,9.88,4037000000.0,0.0,129.53,0.427,0.429,1998000000.0,7902000000.0,4042000000.0,4042000000.0,0.0,,,,,0.0,421000000.0,1.0,62163066.0,62400000.0,62700000.0,64.776,14065000000.0,2172000000.0,17000000.0,0.0,225.401,-146000000.0
6,WHR,MRQ,2020-03-31,2020-03-31,2020-03-31,2021-10-22,-2715000000.0,19395000000.0,,8162000000.0,11233000000.0,,48.726,-82000000.0,2837000000.0,2837000000.0,3622000000.0,149000000.0,0.952,5.038,7774000000.0,2392000000.0,5382000000.0,7774000000.0,0.0,135000000.0,0.0,0.056,1.2,269000000.0,404000000.0,0.093,404000000.0,269000000.0,227000000.0,2.46,2.45,2.46,3060000000.0,,3060000000.0,9205568015.0,6.0,4.215,-896000000.0,-14.268,1.0,703000000.0,0.163,4609000000.0,42000000.0,11147000000.0,,2543000000.0,0.0,0.0,0.0,15415000000.0,8576000000.0,6839000000.0,5386568015.0,885000000.0,26000000.0,-118000000.0,2086000000.0,-75000000.0,1893000000.0,-56000000.0,0.0,-814000000.0,-138000000.0,154000000.0,154000000.0,154000000.0,0.0,-5000000.0,0.036,440000000.0,263000000.0,4065000000.0,0.488,1.76,6.213,6.272,4042000000.0,0.0,85.8,0.27,0.27,1931000000.0,7947000000.0,4325000000.0,4325000000.0,0.0,,,,,0.0,420000000.0,1.0,62780513.0,62800000.0,63300000.0,68.869,14786000000.0,2132000000.0,73000000.0,0.0,235.446,-414000000.0
7,WHR,MRQ,2019-12-31,2019-12-31,2019-12-31,2021-10-22,-2618000000.0,18881000000.0,,7398000000.0,11483000000.0,,50.394,-226000000.0,1952000000.0,1952000000.0,4334000000.0,288000000.0,0.884,4.621,5771000000.0,853000000.0,4918000000.0,5771000000.0,0.0,144000000.0,0.0,0.032,1.2,370000000.0,514000000.0,0.096,514000000.0,370000000.0,331000000.0,4.56,4.52,4.56,3195000000.0,,3195000000.0,14539862953.0,8.0,6.289,1570000000.0,24.763,1.0,1048000000.0,0.195,4665000000.0,39000000.0,9666000000.0,,2438000000.0,0.0,0.0,0.0,14763000000.0,8369000000.0,6394000000.0,9323862953.0,953000000.0,140000000.0,-45000000.0,-662000000.0,-76000000.0,-783000000.0,-87000000.0,0.0,1796000000.0,27000000.0,288000000.0,288000000.0,288000000.0,0.0,0.0,0.054,624000000.0,424000000.0,4547000000.0,0.263,2.918,7.875,7.932,4222000000.0,0.0,147.53,0.457,0.46,2198000000.0,7870000000.0,5382000000.0,5382000000.0,0.0,,,,,0.0,562000000.0,1.0,63199776.0,63400000.0,63900000.0,84.89,14216000000.0,2238000000.0,43000000.0,0.0,224.227,-971000000.0
8,WHR,MRQ,2019-09-30,2019-09-30,2019-09-30,2021-10-22,-2603000000.0,18406000000.0,,7375000000.0,11031000000.0,,47.61,-109000000.0,993000000.0,993000000.0,4350000000.0,364000000.0,0.868,4.774,6209000000.0,1487000000.0,4722000000.0,6209000000.0,0.0,141000000.0,0.0,0.03,1.2,716000000.0,857000000.0,0.168,857000000.0,716000000.0,671000000.0,5.62,5.57,5.62,3028000000.0,,3028000000.0,16427200489.0,10.0,7.272,146000000.0,2.296,1.0,741000000.0,0.146,4637000000.0,45000000.0,10485000000.0,,2883000000.0,0.0,0.0,0.0,14457000000.0,8500000000.0,5957000000.0,10060200489.0,-210000000.0,1029000000.0,-49000000.0,-1183000000.0,-80000000.0,-1319000000.0,918000000.0,0.0,255000000.0,-64000000.0,358000000.0,358000000.0,358000000.0,0.0,6000000.0,0.07,48000000.0,693000000.0,4229000000.0,0.214,3.322,9.437,9.609,3949000000.0,0.0,158.36,0.486,0.487,2588000000.0,7659000000.0,5091000000.0,5091000000.0,0.0,,,,,0.0,491000000.0,1.0,63527409.0,63600000.0,64200000.0,80.047,13769000000.0,2031000000.0,313000000.0,0.0,216.494,-1125000000.0
9,WHR,MRQ,2019-06-30,2019-06-30,2019-06-30,2021-10-22,-2657000000.0,19855000000.0,,8503000000.0,11352000000.0,,43.088,-112000000.0,1178000000.0,1178000000.0,4254000000.0,72000000.0,0.842,5.889,7545000000.0,2730000000.0,4815000000.0,7545000000.0,0.0,160000000.0,0.0,0.033,1.2,249000000.0,409000000.0,0.079,409000000.0,249000000.0,197000000.0,1.04,1.04,1.04,2749000000.0,,2749000000.0,15226977338.0,13.0,8.353,-38000000.0,-0.596,1.0,932000000.0,0.18,4710000000.0,52000000.0,11418000000.0,,3008000000.0,0.0,0.0,0.0,16188000000.0,10094000000.0,6094000000.0,9016977338.0,14000000.0,3000000.0,1000000.0,126000000.0,-76000000.0,51000000.0,-109000000.0,0.0,74000000.0,-2000000.0,67000000.0,67000000.0,67000000.0,0.0,5000000.0,0.013,741000000.0,191000000.0,4270000000.0,1.154,3.28,9.822,10.089,4106000000.0,0.0,142.36,0.431,0.434,2387000000.0,7380000000.0,5186000000.0,5186000000.0,0.0,,,,,0.0,584000000.0,1.0,63339262.0,63800000.0,64300000.0,81.285,15145000000.0,2147000000.0,130000000.0,0.0,237.382,-1591000000.0
10,WHR,MRQ,2019-03-31,2019-03-31,2019-03-31,2021-10-22,-2602000000.0,19686000000.0,,8236000000.0,11450000000.0,,43.781,-85000000.0,1163000000.0,1163000000.0,3948000000.0,474000000.0,0.834,5.698,7373000000.0,2587000000.0,4786000000.0,7373000000.0,0.0,142000000.0,0.0,0.035,1.15,390000000.0,532000000.0,0.112,532000000.0,390000000.0,339000000.0,7.36,7.31,7.36,2802000000.0,,2802000000.0,12976775838.0,34.0,13.029,-980000000.0,-15.312,1.0,812000000.0,0.171,4735000000.0,51000000.0,11283000000.0,,2960000000.0,0.0,0.0,0.0,15967000000.0,9878000000.0,6089000000.0,8447775838.0,-343000000.0,2000000.0,-47000000.0,747000000.0,-73000000.0,627000000.0,-86000000.0,0.0,-895000000.0,11000000.0,471000000.0,471000000.0,471000000.0,0.0,3000000.0,0.099,549000000.0,263000000.0,4310000000.0,0.156,3.015,43.545,37.224,4136000000.0,0.0,132.89,0.404,0.407,2222000000.0,7391000000.0,4760000000.0,4760000000.0,0.0,,,,,0.0,505000000.0,1.0,63569688.0,64000000.0,64500000.0,74.375,14951000000.0,2213000000.0,-132000000.0,0.0,233.609,-1642000000.0
11,WHR,MRQ,2018-12-31,2018-12-31,2018-12-31,2021-10-22,-2695000000.0,18347000000.0,,7898000000.0,10449000000.0,,35.685,-260000000.0,1498000000.0,1498000000.0,4710000000.0,170000000.0,0.816,6.609,6027000000.0,1981000000.0,4046000000.0,6027000000.0,0.0,154000000.0,0.0,0.043,1.15,307000000.0,461000000.0,0.081,461000000.0,307000000.0,256000000.0,2.46,2.46,2.46,2291000000.0,,2291000000.0,12968190349.0,88.0,16.374,1584000000.0,24.673,1.0,950000000.0,0.168,4747000000.0,51000000.0,8451000000.0,,2533000000.0,0.0,0.0,0.0,15142000000.0,9678000000.0,5464000000.0,6819190349.0,456000000.0,133000000.0,-41000000.0,-1111000000.0,-74000000.0,-1268000000.0,-127000000.0,0.0,1844000000.0,7000000.0,170000000.0,170000000.0,170000000.0,0.0,0.0,0.03,641000000.0,309000000.0,4487000000.0,0.467,2.977,-37.263,-39.29,3414000000.0,0.0,106.87,0.324,0.341,2210000000.0,6933000000.0,5660000000.0,5660000000.0,0.0,,,,,0.0,593000000.0,1.0,63808275.0,64200000.0,64200000.0,88.162,13600000000.0,1989000000.0,86000000.0,0.0,211.838,-1780000000.0
12,WHR,MRQ,2018-09-30,2018-09-30,2018-09-30,2021-10-22,-2590000000.0,19093000000.0,,8461000000.0,10632000000.0,,36.589,-136000000.0,1032000000.0,1032000000.0,4431000000.0,216000000.0,0.875,6.689,7181000000.0,2413000000.0,4768000000.0,7181000000.0,0.0,152000000.0,0.0,0.038,1.15,269000000.0,421000000.0,0.079,421000000.0,269000000.0,217000000.0,3.25,3.22,3.25,2360000000.0,,2360000000.0,13448885819.0,145.0,17.908,-167000000.0,-2.589,1.0,895000000.0,0.168,4803000000.0,52000000.0,10765000000.0,,2873000000.0,0.0,0.0,0.0,15785000000.0,9674000000.0,6111000000.0,7666885819.0,-45000000.0,-23000000.0,-101000000.0,361000000.0,-73000000.0,181000000.0,-163000000.0,0.0,-31000000.0,-32000000.0,210000000.0,210000000.0,210000000.0,0.0,6000000.0,0.039,596000000.0,299000000.0,4200000000.0,0.354,3.249,-12.346,-13.938,3396000000.0,0.0,118.75,0.364,0.363,2881000000.0,6837000000.0,5326000000.0,5326000000.0,0.0,,,,,0.0,550000000.0,1.0,64563249.0,64500000.0,65300000.0,82.574,14290000000.0,2103000000.0,7000000.0,0.0,221.55,-1213000000.0
13,WHR,MRQ,2018-06-30,2018-06-30,2018-06-30,2021-10-22,-2506000000.0,19070000000.0,,8383000000.0,10687000000.0,,34.703,-128000000.0,1057000000.0,1057000000.0,4260000000.0,-639000000.0,0.917,6.558,6839000000.0,2058000000.0,4781000000.0,6839000000.0,0.0,162000000.0,0.0,0.03,1.15,-580000000.0,-418000000.0,-0.081,-418000000.0,-580000000.0,-627000000.0,-9.5,-9.5,-9.5,2398000000.0,,2398000000.0,15193293334.0,110.0,18.711,1000000.0,0.014,1.0,880000000.0,0.171,4853000000.0,47000000.0,10854000000.0,,3032000000.0,0.0,0.0,0.0,15726000000.0,9145000000.0,6581000000.0,10352293334.0,3000000.0,21000000.0,-999000000.0,1127000000.0,-81000000.0,47000000.0,-106000000.0,0.0,129000000.0,-67000000.0,-657000000.0,-657000000.0,-657000000.0,0.0,18000000.0,-0.128,1352000000.0,-472000000.0,4051000000.0,-0.121,4.317,-18.653,-18.302,3427000000.0,0.0,146.23,0.489,0.477,2464000000.0,6701000000.0,5140000000.0,5140000000.0,0.0,,,,,0.0,541000000.0,1.0,70794593.0,69100000.0,69100000.0,74.385,14217000000.0,2072000000.0,30000000.0,0.0,205.745,-762000000.0
14,WHR,MRQ,2018-03-31,2018-03-31,2018-03-31,2021-10-22,-2344000000.0,20339000000.0,,8091000000.0,12248000000.0,,60.239,-66000000.0,1041000000.0,1041000000.0,4099000000.0,94000000.0,0.905,3.525,5882000000.0,1692000000.0,4190000000.0,5882000000.0,0.0,177000000.0,0.0,0.029,1.1,151000000.0,328000000.0,0.067,328000000.0,151000000.0,109000000.0,1.31,1.3,1.31,4289000000.0,,4289000000.0,14845060197.0,15.0,9.013,-779000000.0,-10.941,1.0,812000000.0,0.165,5761000000.0,42000000.0,10476000000.0,,3346000000.0,0.0,0.0,0.0,15119000000.0,8943000000.0,6176000000.0,10823060197.0,-169000000.0,4000000.0,5000000.0,595000000.0,-78000000.0,522000000.0,-3000000.0,60000000.0,-713000000.0,25000000.0,94000000.0,94000000.0,94000000.0,0.0,0.0,0.019,669000000.0,143000000.0,4643000000.0,0.84,2.523,37.193,37.712,3970000000.0,0.0,153.11,0.506,0.51,2657000000.0,7440000000.0,4911000000.0,4911000000.0,0.0,,,,,0.0,505000000.0,1.0,70688134.0,71200000.0,72100000.0,68.975,14578000000.0,2170000000.0,15000000.0,0.0,204.747,-852000000.0
15,WHR,MRQ,2017-12-31,2017-12-31,2017-12-31,2021-10-22,-2331000000.0,20038000000.0,,7930000000.0,12108000000.0,,58.713,-313000000.0,1196000000.0,1196000000.0,4717000000.0,-272000000.0,0.932,3.552,5218000000.0,826000000.0,4392000000.0,5218000000.0,0.0,167000000.0,0.0,0.025,1.1,253000000.0,420000000.0,0.074,420000000.0,253000000.0,213000000.0,-3.58,-3.53,-3.58,4198000000.0,,4198000000.0,16813940400.0,16.0,9.798,984000000.0,13.762,1.0,985000000.0,0.173,5709000000.0,40000000.0,9846000000.0,,2988000000.0,0.0,0.0,0.0,14910000000.0,8505000000.0,6405000000.0,12118940400.0,96000000.0,56000000.0,-199000000.0,-610000000.0,-77000000.0,-888000000.0,-321000000.0,-60000000.0,1297000000.0,8000000.0,-268000000.0,-268000000.0,-268000000.0,0.0,-4000000.0,-0.047,718000000.0,267000000.0,4797000000.0,-0.307,2.887,34.626,35.28,4033000000.0,0.0,168.64,0.57,0.582,2665000000.0,7352000000.0,5702000000.0,5702000000.0,0.0,,,,,0.0,566000000.0,1.0,71862787.0,71500000.0,72300000.0,79.748,14329000000.0,2013000000.0,481000000.0,0.0,200.406,-575000000.0
16,WHR,MRQ,2017-09-30,2017-09-30,2017-09-30,2021-10-22,-2316000000.0,20838000000.0,,8649000000.0,12189000000.0,,65.185,-161000000.0,1087000000.0,1087000000.0,4503000000.0,272000000.0,0.898,3.188,5782000000.0,2113000000.0,3669000000.0,5782000000.0,0.0,168000000.0,0.0,0.023,1.1,314000000.0,482000000.0,0.089,482000000.0,314000000.0,272000000.0,3.78,3.72,3.78,4752000000.0,,4752000000.0,17820330311.0,15.0,9.9,-3000000.0,-0.041,1.0,915000000.0,0.169,5697000000.0,42000000.0,10200000000.0,,3345000000.0,0.0,0.0,0.0,15151000000.0,9636000000.0,5515000000.0,13460330311.0,39000000.0,-2000000.0,-199000000.0,312000000.0,-80000000.0,22000000.0,-157000000.0,0.0,158000000.0,16000000.0,276000000.0,276000000.0,276000000.0,0.0,-4000000.0,0.051,584000000.0,331000000.0,4728000000.0,0.291,2.833,16.868,17.094,3865000000.0,0.0,184.44,0.635,0.634,3102000000.0,7697000000.0,5418000000.0,5418000000.0,0.0,,,,,0.0,521000000.0,1.0,72979453.0,72900000.0,74000000.0,74.321,15141000000.0,2322000000.0,-4000000.0,0.0,207.695,-987000000.0
17,WHR,MRQ,2017-06-30,2017-06-30,2017-06-30,2021-10-22,-2328000000.0,20206000000.0,,8229000000.0,11977000000.0,,63.932,-122000000.0,1041000000.0,1041000000.0,4471000000.0,179000000.0,0.909,3.07,5401000000.0,1770000000.0,3631000000.0,5401000000.0,0.0,156000000.0,0.0,0.021,1.1,261000000.0,417000000.0,0.078,417000000.0,261000000.0,222000000.0,2.55,2.52,2.55,4731000000.0,,4731000000.0,18256198084.0,15.0,10.031,122000000.0,1.649,1.0,876000000.0,0.164,5655000000.0,39000000.0,9855000000.0,,3230000000.0,0.0,0.0,0.0,14526000000.0,9056000000.0,5470000000.0,14174198084.0,74000000.0,-31000000.0,-191000000.0,247000000.0,-82000000.0,-26000000.0,-157000000.0,0.0,244000000.0,13000000.0,189000000.0,189000000.0,189000000.0,0.0,-10000000.0,0.035,602000000.0,274000000.0,4733000000.0,0.431,2.996,18.65,18.879,3811000000.0,0.0,191.62,0.674,0.674,2974000000.0,7501000000.0,5347000000.0,5347000000.0,0.0,,,,,0.0,526000000.0,1.0,73970348.0,74000000.0,75100000.0,72.257,14551000000.0,2214000000.0,33000000.0,0.0,196.635,-827000000.0
18,WHR,MRQ,2017-03-31,2017-03-31,2017-03-31,2021-10-22,-2319000000.0,19480000000.0,,7704000000.0,11776000000.0,,64.385,-88000000.0,951000000.0,951000000.0,3960000000.0,158000000.0,0.966,2.846,5033000000.0,1143000000.0,3890000000.0,5033000000.0,0.0,163000000.0,0.0,0.023,1.0,234000000.0,397000000.0,0.083,397000000.0,234000000.0,193000000.0,2.05,2.01,2.05,4816000000.0,,4816000000.0,16143566461.0,13.0,8.624,-523000000.0,-6.992,1.0,826000000.0,0.173,5518000000.0,41000000.0,10072000000.0,,3076000000.0,0.0,0.0,0.0,13705000000.0,7972000000.0,5733000000.0,12758566461.0,-156000000.0,3000000.0,-127000000.0,545000000.0,-73000000.0,339000000.0,-86000000.0,0.0,-435000000.0,26000000.0,153000000.0,153000000.0,153000000.0,0.0,5000000.0,0.032,562000000.0,264000000.0,4334000000.0,0.488,2.649,14.319,14.519,3792000000.0,0.0,171.33,0.611,0.614,2735000000.0,7394000000.0,4786000000.0,4786000000.0,0.0,,,,,0.0,499000000.0,1.0,74467790.0,74800000.0,76000000.0,63.984,13962000000.0,2132000000.0,40000000.0,0.0,186.658,-268000000.0
19,WHR,MRQ,2016-12-31,2016-12-31,2016-12-31,2021-10-22,-2400000000.0,19153000000.0,,7339000000.0,11814000000.0,,63.471,-300000000.0,1085000000.0,1085000000.0,4696000000.0,186000000.0,0.958,2.813,4470000000.0,594000000.0,3876000000.0,4470000000.0,0.0,159000000.0,0.0,0.021,1.0,345000000.0,504000000.0,0.089,504000000.0,345000000.0,302000000.0,2.41,2.34,2.41,4773000000.0,,4773000000.0,18016412606.0,15.0,9.532,1078000000.0,14.335,1.0,960000000.0,0.17,5508000000.0,43000000.0,9368000000.0,,2623000000.0,0.0,0.0,0.0,13425000000.0,7662000000.0,5763000000.0,13652412606.0,24000000.0,6000000.0,-98000000.0,-808000000.0,-73000000.0,-1007000000.0,-309000000.0,0.0,1378000000.0,-38000000.0,180000000.0,180000000.0,180000000.0,0.0,6000000.0,0.032,619000000.0,341000000.0,4416000000.0,0.415,2.86,15.374,15.576,3810000000.0,0.0,181.77,0.659,0.668,2711000000.0,7314000000.0,5656000000.0,5656000000.0,0.0,,,,,0.0,545000000.0,1.0,75108173.0,75200000.0,76300000.0,75.213,13645000000.0,2154000000.0,122000000.0,0.0,181.449,-323000000.0
20,WHR,MRQ,2016-09-30,2016-09-30,2016-09-30,2021-10-22,-2176000000.0,20190000000.0,,8587000000.0,11603000000.0,,66.103,-154000000.0,1025000000.0,1025000000.0,4308000000.0,244000000.0,0.987,2.842,5389000000.0,1671000000.0,3718000000.0,5389000000.0,0.0,164000000.0,0.0,0.023,1.0,338000000.0,502000000.0,0.096,502000000.0,338000000.0,299000000.0,3.14,3.1,3.14,5004000000.0,,5004000000.0,16494043472.0,14.0,8.811,75000000.0,0.991,1.0,940000000.0,0.179,5649000000.0,39000000.0,10204000000.0,,3208000000.0,0.0,0.0,0.0,14223000000.0,8701000000.0,5522000000.0,12234043472.0,66000000.0,2000000.0,-86000000.0,151000000.0,-76000000.0,-13000000.0,-151000000.0,0.0,229000000.0,1000000.0,238000000.0,238000000.0,238000000.0,0.0,6000000.0,0.045,566000000.0,374000000.0,4312000000.0,0.318,2.445,13.777,13.991,3768000000.0,0.0,162.16,0.593,0.595,2982000000.0,7209000000.0,5248000000.0,5248000000.0,0.0,,,,,0.0,519000000.0,1.0,75444274.0,75700000.0,76900000.0,69.326,14541000000.0,2251000000.0,61000000.0,0.0,192.087,-114000000.0
21,WHR,MRQ,2016-06-30,2016-06-30,2016-06-30,2021-10-22,-2221000000.0,19968000000.0,,8373000000.0,11595000000.0,,63.937,-121000000.0,959000000.0,959000000.0,4229000000.0,342000000.0,0.982,2.901,5219000000.0,1507000000.0,3712000000.0,5219000000.0,0.0,164000000.0,0.0,0.022,1.0,305000000.0,469000000.0,0.09,469000000.0,305000000.0,264000000.0,4.2,4.15,4.2,4872000000.0,,4872000000.0,16969116884.0,15.0,9.283,136000000.0,1.785,1.0,969000000.0,0.186,5653000000.0,41000000.0,10049000000.0,,3204000000.0,0.0,0.0,0.0,14135000000.0,8526000000.0,5609000000.0,12659116884.0,260000000.0,39000000.0,-93000000.0,241000000.0,-76000000.0,72000000.0,-59000000.0,0.0,257000000.0,-10000000.0,320000000.0,320000000.0,320000000.0,0.0,22000000.0,0.062,601000000.0,368000000.0,4391000000.0,0.238,2.598,14.304,14.579,3742000000.0,0.0,166.64,0.613,0.615,2797000000.0,7047000000.0,5198000000.0,5198000000.0,0.0,,,,,0.0,543000000.0,1.0,75966856.0,76200000.0,77400000.0,68.215,14315000000.0,2264000000.0,-56000000.0,0.0,187.861,-153000000.0
22,WHR,MRQ,2016-03-31,2016-03-31,2016-03-31,2021-10-22,-2177000000.0,19672000000.0,,7894000000.0,11778000000.0,,61.552,-85000000.0,699000000.0,699000000.0,3793000000.0,156000000.0,0.909,2.937,5009000000.0,1758000000.0,3251000000.0,5009000000.0,0.0,168000000.0,0.0,0.02,0.9,247000000.0,415000000.0,0.09,415000000.0,247000000.0,209000000.0,1.94,1.92,1.94,4758000000.0,,4758000000.0,17154271717.0,15.0,9.343,-746000000.0,-9.651,1.0,823000000.0,0.178,5751000000.0,38000000.0,9544000000.0,,3096000000.0,0.0,0.0,0.0,13976000000.0,8687000000.0,5289000000.0,13928271717.0,-73000000.0,4000000.0,-222000000.0,961000000.0,-69000000.0,670000000.0,-93000000.0,0.0,-661000000.0,11000000.0,150000000.0,150000000.0,150000000.0,0.0,6000000.0,0.032,538000000.0,285000000.0,4286000000.0,0.464,2.927,18.771,19.043,3800000000.0,0.0,180.34,0.674,0.675,2695000000.0,6803000000.0,4616000000.0,4616000000.0,0.0,,,,,0.0,473000000.0,1.0,77233402.0,77300000.0,78300000.0,59.715,13921000000.0,2299000000.0,59000000.0,0.0,180.091,-793000000.0
23,WHR,MRQ,2015-12-31,2015-12-31,2015-12-31,2021-10-22,-2332000000.0,19010000000.0,,6874000000.0,12136000000.0,,60.73,-298000000.0,772000000.0,772000000.0,4588000000.0,189000000.0,0.888,2.812,3998000000.0,528000000.0,3470000000.0,3998000000.0,0.0,172000000.0,0.0,0.023,0.9,314000000.0,486000000.0,0.087,486000000.0,314000000.0,273000000.0,2.31,2.29,2.31,4743000000.0,,4743000000.0,15598416962.0,13.0,8.547,1084000000.0,13.88,1.0,972000000.0,0.175,5684000000.0,41000000.0,8808000000.0,,2619000000.0,0.0,0.0,0.0,13336000000.0,7744000000.0,5592000000.0,11484416962.0,74000000.0,4000000.0,-153000000.0,-777000000.0,-69000000.0,-1003000000.0,-274000000.0,0.0,1382000000.0,-31000000.0,180000000.0,180000000.0,180000000.0,0.0,9000000.0,0.032,635000000.0,337000000.0,4403000000.0,0.39,2.421,14.667,14.761,3774000000.0,0.0,146.87,0.55,0.553,2530000000.0,6722000000.0,5560000000.0,5560000000.0,0.0,,,,,0.0,560000000.0,1.0,78194437.0,78100000.0,79100000.0,71.191,13326000000.0,2301000000.0,93000000.0,0.0,170.627,-870000000.0
24,WHR,MRQ,2015-09-30,2015-09-30,2015-09-30,2021-10-22,-2211000000.0,19623000000.0,,7879000000.0,11744000000.0,,61.713,-123000000.0,698000000.0,698000000.0,4347000000.0,250000000.0,0.96,2.845,4812000000.0,1310000000.0,3502000000.0,4812000000.0,0.0,165000000.0,0.0,0.022,0.9,293000000.0,458000000.0,0.087,458000000.0,293000000.0,252000000.0,2.98,2.95,2.98,4863000000.0,,4863000000.0,15613831735.0,15.0,9.228,117000000.0,1.485,1.0,930000000.0,0.176,5744000000.0,41000000.0,9782000000.0,,2943000000.0,0.0,0.0,0.0,13834000000.0,8211000000.0,5623000000.0,11547831735.0,7000000.0,-50000000.0,-45000000.0,71000000.0,-70000000.0,-46000000.0,-164000000.0,0.0,240000000.0,-23000000.0,235000000.0,235000000.0,235000000.0,0.0,15000000.0,0.045,601000000.0,329000000.0,4162000000.0,0.302,2.375,16.883,16.965,3684000000.0,0.0,147.26,0.541,0.544,2914000000.0,6611000000.0,5277000000.0,5277000000.0,0.0,,,,,0.0,529000000.0,1.0,78417980.0,78800000.0,79700000.0,66.967,13879000000.0,2258000000.0,17000000.0,0.0,176.129,-332000000.0
25,WHR,MRQ,2015-06-30,2015-06-30,2015-06-30,2021-10-22,-2012000000.0,19513000000.0,,7873000000.0,11640000000.0,,62.339,-142000000.0,691000000.0,691000000.0,4303000000.0,185000000.0,1.01,2.771,4757000000.0,1007000000.0,3750000000.0,4757000000.0,0.0,170000000.0,0.0,0.018,0.9,307000000.0,477000000.0,0.092,477000000.0,307000000.0,267000000.0,2.24,2.21,2.24,4931000000.0,,4931000000.0,17536418958.0,17.0,10.558,30000000.0,0.379,1.0,905000000.0,0.174,5499000000.0,40000000.0,10284000000.0,,3086000000.0,0.0,0.0,0.0,13665000000.0,7796000000.0,5869000000.0,13609418958.0,-13000000.0,-5000000.0,-48000000.0,76000000.0,-70000000.0,-45000000.0,-146000000.0,0.0,172000000.0,6000000.0,177000000.0,177000000.0,177000000.0,0.0,8000000.0,0.034,632000000.0,273000000.0,4179000000.0,0.402,2.76,20.043,20.075,3813000000.0,0.0,173.05,0.652,0.656,2702000000.0,6446000000.0,5208000000.0,5208000000.0,0.0,,,,,0.0,556000000.0,1.0,78644432.0,79100000.0,80000000.0,65.841,14014000000.0,2234000000.0,90000000.0,0.0,177.168,77000000.0
26,WHR,MRQ,2015-03-31,2015-03-31,2015-03-31,2021-10-22,-2048000000.0,19208000000.0,,7714000000.0,11494000000.0,,61.282,-126000000.0,704000000.0,704000000.0,3993000000.0,198000000.0,1.044,2.788,4631000000.0,654000000.0,3977000000.0,4631000000.0,0.0,161000000.0,0.0,0.015,0.75,243000000.0,404000000.0,0.083,404000000.0,243000000.0,200000000.0,2.42,2.38,2.42,4829000000.0,,4829000000.0,19102425298.0,19.0,12.037,-695000000.0,-8.82,1.0,853000000.0,0.176,5434000000.0,43000000.0,10311000000.0,,3002000000.0,0.0,0.0,0.0,13464000000.0,7390000000.0,6074000000.0,15781425298.0,-322000000.0,18000000.0,34000000.0,413000000.0,-60000000.0,387000000.0,-97000000.0,0.0,-569000000.0,-43000000.0,191000000.0,191000000.0,191000000.0,0.0,7000000.0,0.039,550000000.0,303000000.0,4173000000.0,0.31,3.268,23.174,23.306,3779000000.0,0.0,202.06,0.775,0.782,2518000000.0,6340000000.0,4846000000.0,4846000000.0,0.0,,,,,0.0,498000000.0,1.0,78102669.0,78800000.0,80000000.0,61.497,13774000000.0,2232000000.0,9000000.0,0.0,174.797,324000000.0
27,WHR,MRQ,2014-12-31,2014-12-31,2014-12-31,2021-10-22,-1840000000.0,20002000000.0,,8098000000.0,11904000000.0,,62.388,-298000000.0,1026000000.0,1026000000.0,4977000000.0,108000000.0,0.964,2.908,4347000000.0,803000000.0,3544000000.0,4347000000.0,0.0,163000000.0,0.0,0.015,0.75,190000000.0,353000000.0,0.059,353000000.0,190000000.0,144000000.0,1.04,1.01,1.04,4885000000.0,,4885000000.0,17248728121.0,17.0,11.029,1309000000.0,16.718,1.0,1026000000.0,0.171,5610000000.0,46000000.0,9310000000.0,,2740000000.0,0.0,0.0,0.0,14206000000.0,8403000000.0,5803000000.0,15086728121.0,39000000.0,-1481000000.0,7000000.0,252000000.0,-59000000.0,194000000.0,-1708000000.0,0.0,1607000000.0,-54000000.0,81000000.0,81000000.0,81000000.0,0.0,27000000.0,0.013,745000000.0,281000000.0,4730000000.0,0.721,3.088,23.21,23.342,3981000000.0,0.0,193.74,0.759,0.763,2768000000.0,6209000000.0,6003000000.0,6003000000.0,0.0,,,,,0.0,694000000.0,1.0,77871003.0,78300000.0,80200000.0,76.667,14392000000.0,2317000000.0,63000000.0,0.0,183.806,-305000000.0
28,WHR,MRQ,2014-09-30,2014-09-30,2014-09-30,2021-10-22,-1451000000.0,15708000000.0,,6959000000.0,8749000000.0,,66.301,-157000000.0,987000000.0,987000000.0,3997000000.0,235000000.0,1.087,2.0,3149000000.0,699000000.0,2450000000.0,3149000000.0,0.0,136000000.0,0.0,0.019,0.75,291000000.0,427000000.0,0.089,427000000.0,291000000.0,256000000.0,2.92,2.88,2.92,5198000000.0,,5198000000.0,13190591749.0,12.0,8.142,83000000.0,1.059,1.0,827000000.0,0.171,3403000000.0,35000000.0,8065000000.0,,2720000000.0,0.0,0.0,0.0,10397000000.0,6402000000.0,3995000000.0,11359591749.0,42000000.0,-298000000.0,-22000000.0,380000000.0,-58000000.0,296000000.0,-458000000.0,0.0,240000000.0,-36000000.0,230000000.0,230000000.0,230000000.0,0.0,5000000.0,0.048,492000000.0,335000000.0,3789000000.0,0.257,2.185,15.146,15.204,2986000000.0,0.0,145.65,0.599,0.602,2213000000.0,6186000000.0,4824000000.0,4824000000.0,0.0,,,,,0.0,448000000.0,1.0,77992391.0,78400000.0,79600000.0,61.531,12305000000.0,2072000000.0,26000000.0,0.0,156.952,557000000.0
29,WHR,MRQ,2014-06-30,2014-06-30,2014-06-30,2021-10-22,-1258000000.0,15608000000.0,,7045000000.0,8563000000.0,,66.922,-142000000.0,945000000.0,945000000.0,3895000000.0,185000000.0,1.152,1.957,2776000000.0,315000000.0,2461000000.0,2776000000.0,0.0,134000000.0,0.0,0.019,0.75,269000000.0,403000000.0,0.086,403000000.0,269000000.0,229000000.0,2.29,2.25,2.29,5240000000.0,,5240000000.0,12425200588.0,11.0,7.628,-171000000.0,-2.184,1.0,787000000.0,0.168,3415000000.0,40000000.0,7906000000.0,,2812000000.0,0.0,0.0,0.0,10257000000.0,6118000000.0,4139000000.0,10823200588.0,-727000000.0,-10000000.0,17000000.0,-499000000.0,-59000000.0,-555000000.0,-152000000.0,0.0,-29000000.0,9000000.0,179000000.0,179000000.0,179000000.0,0.0,6000000.0,0.038,496000000.0,291000000.0,3876000000.0,0.328,2.065,15.116,15.265,3069000000.0,0.0,139.22,0.575,0.579,2222000000.0,6015000000.0,4682000000.0,4682000000.0,0.0,,,,,0.0,457000000.0,1.0,77741708.0,78300000.0,79600000.0,59.796,12193000000.0,2093000000.0,50000000.0,0.0,155.722,927000000.0
30,WHR,MRQ,2014-03-31,2014-03-31,2014-03-31,2021-10-22,-1256000000.0,16040000000.0,,7583000000.0,8457000000.0,,65.288,-123000000.0,1672000000.0,1672000000.0,3608000000.0,164000000.0,1.175,2.123,3274000000.0,612000000.0,2662000000.0,3274000000.0,0.0,127000000.0,0.0,0.017,0.625,254000000.0,381000000.0,0.087,381000000.0,254000000.0,210000000.0,2.06,2.02,2.06,5099000000.0,,5099000000.0,12660312391.0,12.0,7.753,-462000000.0,-5.915,1.0,755000000.0,0.173,3419000000.0,44000000.0,7769000000.0,,2666000000.0,0.0,0.0,0.0,10827000000.0,6454000000.0,4373000000.0,11577312391.0,292000000.0,-15000000.0,11000000.0,807000000.0,-48000000.0,770000000.0,-138000000.0,0.0,-339000000.0,-1000000.0,160000000.0,160000000.0,160000000.0,0.0,4000000.0,0.037,474000000.0,281000000.0,3721000000.0,0.303,2.271,15.751,16.054,3054000000.0,0.0,149.46,0.613,0.618,2080000000.0,5896000000.0,4363000000.0,4363000000.0,0.0,,,,,0.0,439000000.0,1.0,77460942.0,78100000.0,79400000.0,55.864,12621000000.0,2110000000.0,50000000.0,0.0,161.601,1129000000.0
31,WHR,MRQ,2013-12-31,2013-12-31,2013-12-31,2021-10-22,-1298000000.0,15544000000.0,,7022000000.0,8522000000.0,,62.806,-264000000.0,1380000000.0,1380000000.0,4181000000.0,187000000.0,1.034,2.134,2463000000.0,617000000.0,1846000000.0,2463000000.0,0.0,143000000.0,0.0,0.015,0.625,266000000.0,409000000.0,0.08,409000000.0,266000000.0,222000000.0,2.31,2.27,2.31,4924000000.0,,4924000000.0,13931712210.0,13.0,8.643,756000000.0,9.643,1.0,909000000.0,0.179,3426000000.0,44000000.0,6407000000.0,,2408000000.0,0.0,0.0,0.0,10510000000.0,6794000000.0,3716000000.0,12312712210.0,554000000.0,0.0,-195000000.0,21000000.0,-48000000.0,-215000000.0,-229000000.0,0.0,1020000000.0,-22000000.0,181000000.0,181000000.0,181000000.0,0.0,6000000.0,0.036,555000000.0,354000000.0,3865000000.0,0.271,2.501,14.888,15.054,3041000000.0,0.0,156.86,0.656,0.663,2005000000.0,5784000000.0,5090000000.0,5090000000.0,0.0,,,,,0.0,494000000.0,1.0,78494914.0,78400000.0,80200000.0,64.923,12118000000.0,2313000000.0,41000000.0,0.0,154.566,228000000.0
32,WHR,MRQ,2013-09-30,2013-09-30,2013-09-30,2021-10-22,-1580000000.0,15660000000.0,,7003000000.0,8657000000.0,,58.582,-137000000.0,826000000.0,826000000.0,3837000000.0,199000000.0,1.049,2.329,2445000000.0,611000000.0,1834000000.0,2445000000.0,0.0,142000000.0,0.0,0.015,0.625,294000000.0,436000000.0,0.093,436000000.0,294000000.0,251000000.0,2.46,2.42,2.46,4669000000.0,,4669000000.0,13389219430.0,13.0,8.661,301000000.0,3.777,1.0,846000000.0,0.181,3431000000.0,43000000.0,7169000000.0,,2667000000.0,0.0,0.0,0.0,10874000000.0,6679000000.0,4195000000.0,11608219430.0,156000000.0,0.0,-93000000.0,-6000000.0,-50000000.0,-150000000.0,-138000000.0,0.0,438000000.0,6000000.0,196000000.0,196000000.0,196000000.0,0.0,3000000.0,0.042,533000000.0,313000000.0,3782000000.0,0.254,2.486,15.115,15.128,2936000000.0,0.0,146.44,0.628,0.632,2226000000.0,5653000000.0,4683000000.0,4683000000.0,0.0,,,,,0.0,460000000.0,1.0,79269458.0,79700000.0,81000000.0,58.758,12229000000.0,2471000000.0,55000000.0,0.0,153.438,324000000.0
33,WHR,MRQ,2013-06-30,2013-06-30,2013-06-30,2021-10-22,-1650000000.0,15274000000.0,,6608000000.0,8666000000.0,,56.967,-106000000.0,670000000.0,670000000.0,3931000000.0,206000000.0,1.061,2.335,2451000000.0,515000000.0,1936000000.0,2451000000.0,0.0,126000000.0,0.0,0.019,0.625,281000000.0,407000000.0,0.086,407000000.0,281000000.0,237000000.0,2.48,2.44,2.48,4546000000.0,,4546000000.0,10755453837.0,12.0,7.644,3000000.0,0.038,1.0,817000000.0,0.172,3432000000.0,44000000.0,7392000000.0,,2505000000.0,0.0,0.0,0.0,10616000000.0,6231000000.0,4385000000.0,9053453837.0,-80000000.0,2000000.0,-4000000.0,2000000.0,-50000000.0,-55000000.0,-118000000.0,0.0,109000000.0,-16000000.0,198000000.0,198000000.0,198000000.0,0.0,8000000.0,0.042,489000000.0,328000000.0,3620000000.0,0.252,1.992,14.015,13.998,2907000000.0,0.0,114.36,0.495,0.499,2216000000.0,5507000000.0,4748000000.0,4748000000.0,0.0,,,,,0.0,453000000.0,1.0,79166263.0,79800000.0,81100000.0,59.499,11842000000.0,2468000000.0,39000000.0,0.0,148.396,377000000.0
34,WHR,MRQ,2013-03-31,2013-03-31,2013-03-31,2021-10-22,-1563000000.0,15331000000.0,,6715000000.0,8616000000.0,,56.431,-71000000.0,750000000.0,750000000.0,3522000000.0,257000000.0,1.158,2.401,2452000000.0,11000000.0,2441000000.0,2452000000.0,0.0,129000000.0,0.0,0.017,0.5,231000000.0,360000000.0,0.085,360000000.0,231000000.0,185000000.0,3.18,3.12,3.18,4475000000.0,,4475000000.0,10597187669.0,14.0,8.083,-376000000.0,-4.741,1.0,726000000.0,0.171,3439000000.0,46000000.0,7793000000.0,,2569000000.0,0.0,0.0,0.0,10745000000.0,5801000000.0,4944000000.0,9304187669.0,-418000000.0,-2000000.0,37000000.0,-7000000.0,-39000000.0,-14000000.0,-97000000.0,0.0,-305000000.0,-2000000.0,252000000.0,252000000.0,252000000.0,0.0,5000000.0,0.059,472000000.0,254000000.0,3556000000.0,0.157,2.079,16.585,16.591,2961000000.0,0.0,118.46,0.516,0.521,2080000000.0,5360000000.0,4248000000.0,4248000000.0,0.0,,,,,0.0,421000000.0,1.0,78542864.0,79300000.0,80700000.0,53.569,11892000000.0,2485000000.0,-67000000.0,0.0,149.962,914000000.0
35,WHR,MRQ,2012-12-31,2012-12-31,2012-12-31,2021-10-22,-1531000000.0,15396000000.0,,6827000000.0,8569000000.0,,54.13,-202000000.0,1168000000.0,1168000000.0,3979000000.0,128000000.0,1.049,2.589,2461000000.0,517000000.0,1944000000.0,2461000000.0,0.0,126000000.0,0.0,0.02,0.5,217000000.0,343000000.0,0.072,343000000.0,217000000.0,168000000.0,1.56,1.53,1.56,4260000000.0,,4260000000.0,9853619978.0,13.0,7.674,655000000.0,8.323,1.0,812000000.0,0.169,3449000000.0,49000000.0,6730000000.0,,2354000000.0,0.0,0.0,0.0,11029000000.0,6510000000.0,4519000000.0,7921619978.0,650000000.0,-18000000.0,29000000.0,7000000.0,-39000000.0,13000000.0,-220000000.0,0.0,857000000.0,0.0,122000000.0,122000000.0,122000000.0,0.0,6000000.0,0.025,554000000.0,258000000.0,3698000000.0,0.321,1.86,19.755,19.796,3034000000.0,0.0,101.75,0.437,0.438,2038000000.0,5147000000.0,4791000000.0,4791000000.0,0.0,,,,,0.0,485000000.0,1.0,77853759.0,78700000.0,80200000.0,60.877,11947000000.0,2390000000.0,46000000.0,0.0,151.804,317000000.0
36,WHR,MRQ,2012-09-30,2012-09-30,2012-09-30,2021-10-22,-1318000000.0,14972000000.0,,6604000000.0,8368000000.0,,55.338,-89000000.0,518000000.0,518000000.0,3791000000.0,80000000.0,1.038,2.43,2450000000.0,530000000.0,1920000000.0,2450000000.0,0.0,128000000.0,0.0,0.024,0.5,169000000.0,297000000.0,0.066,297000000.0,169000000.0,121000000.0,0.95,0.94,0.95,4333000000.0,,4333000000.0,8438299312.0,12.0,6.74,105000000.0,1.341,1.0,703000000.0,0.156,3460000000.0,48000000.0,7084000000.0,,2598000000.0,0.0,0.0,0.0,10531000000.0,6360000000.0,4171000000.0,6429299312.0,92000000.0,0.0,3000000.0,14000000.0,-39000000.0,-24000000.0,-89000000.0,0.0,194000000.0,11000000.0,74000000.0,74000000.0,74000000.0,0.0,6000000.0,0.016,490000000.0,213000000.0,3588000000.0,0.526,1.484,13.284,13.266,2947000000.0,0.0,82.91,0.352,0.355,2266000000.0,5083000000.0,4494000000.0,4494000000.0,0.0,,,,,0.0,420000000.0,1.0,77545523.0,78300000.0,79300000.0,57.395,11512000000.0,2224000000.0,47000000.0,0.0,147.024,244000000.0
37,WHR,MRQ,2012-06-30,2012-06-30,2012-06-30,2021-10-22,-1376000000.0,14607000000.0,,6277000000.0,8330000000.0,,54.013,-93000000.0,426000000.0,426000000.0,3782000000.0,120000000.0,1.036,2.442,2435000000.0,513000000.0,1922000000.0,2435000000.0,0.0,146000000.0,0.0,0.033,0.5,165000000.0,311000000.0,0.069,311000000.0,165000000.0,117000000.0,1.45,1.43,1.45,4213000000.0,,4213000000.0,6631057936.0,11.0,5.544,-25000000.0,-0.321,1.0,728000000.0,0.161,3465000000.0,48000000.0,7091000000.0,,2583000000.0,0.0,0.0,0.0,10289000000.0,6060000000.0,4229000000.0,4725057936.0,-157000000.0,0.0,0.0,-50000000.0,-38000000.0,-103000000.0,-93000000.0,0.0,68000000.0,-29000000.0,113000000.0,113000000.0,113000000.0,0.0,7000000.0,0.025,534000000.0,194000000.0,3517000000.0,0.345,1.122,8.05,8.037,2955000000.0,0.0,61.16,0.257,0.259,2125000000.0,5049000000.0,4510000000.0,4510000000.0,0.0,,,,,0.0,447000000.0,1.0,77257324.0,78000000.0,78800000.0,57.821,11142000000.0,2145000000.0,4000000.0,0.0,142.846,217000000.0
38,WHR,MRQ,2012-03-31,2012-03-31,2012-03-31,2021-10-22,-1131000000.0,15015000000.0,,6277000000.0,8738000000.0,,56.339,-92000000.0,583000000.0,583000000.0,3698000000.0,97000000.0,0.964,2.424,2489000000.0,861000000.0,1628000000.0,2489000000.0,0.0,151000000.0,0.0,0.026,0.5,182000000.0,333000000.0,0.077,333000000.0,182000000.0,128000000.0,1.19,1.17,1.19,4355000000.0,,4355000000.0,7270214548.0,48.0,10.126,-515000000.0,-6.662,1.0,650000000.0,0.149,3479000000.0,54000000.0,6933000000.0,,2608000000.0,0.0,0.0,0.0,10557000000.0,6509000000.0,4048000000.0,5888214548.0,-526000000.0,0.0,11000000.0,-4000000.0,-39000000.0,-34000000.0,-92000000.0,0.0,-423000000.0,23000000.0,92000000.0,92000000.0,92000000.0,0.0,5000000.0,0.021,446000000.0,204000000.0,3581000000.0,0.42,1.352,18.812,18.931,3097000000.0,0.0,76.86,0.316,0.319,2143000000.0,4975000000.0,4348000000.0,4348000000.0,0.0,,,,,0.0,405000000.0,1.0,76609609.0,77300000.0,78500000.0,56.248,11536000000.0,2160000000.0,36000000.0,0.0,149.237,-232000000.0
39,WHR,MRQ,2011-12-31,2011-12-31,2011-12-31,2021-10-22,-1226000000.0,15181000000.0,,6422000000.0,8759000000.0,,54.44,-188000000.0,1109000000.0,1109000000.0,4198000000.0,213000000.0,1.02,2.607,2491000000.0,362000000.0,2129000000.0,2491000000.0,0.0,136000000.0,0.0,0.041,0.5,175000000.0,311000000.0,0.063,311000000.0,175000000.0,122000000.0,2.66,2.62,2.66,4181000000.0,,4181000000.0,5627037573.0,34.0,7.761,684000000.0,8.906,1.0,713000000.0,0.145,3484000000.0,53000000.0,6782000000.0,,2354000000.0,0.0,0.0,0.0,10901000000.0,6297000000.0,4604000000.0,3627037573.0,598000000.0,0.0,0.0,-19000000.0,-38000000.0,-62000000.0,-188000000.0,0.0,872000000.0,-24000000.0,205000000.0,205000000.0,205000000.0,0.0,8000000.0,0.042,507000000.0,206000000.0,3512000000.0,0.188,0.868,9.3,9.359,3102000000.0,0.0,47.45,0.194,0.195,2105000000.0,4922000000.0,4911000000.0,4911000000.0,0.0,,,,,0.0,422000000.0,1.0,76439148.0,76800000.0,78100000.0,63.945,11697000000.0,2141000000.0,-83000000.0,0.0,152.305,125000000.0
40,WHR,MRQ,2011-09-30,2011-09-30,2011-09-30,2021-10-22,-990000000.0,15003000000.0,,6460000000.0,8543000000.0,,55.124,-158000000.0,511000000.0,511000000.0,4052000000.0,181000000.0,1.035,2.516,2511000000.0,378000000.0,2133000000.0,2511000000.0,0.0,136000000.0,0.0,0.037,0.5,105000000.0,241000000.0,0.052,241000000.0,105000000.0,54000000.0,2.31,2.27,2.31,4239000000.0,,4239000000.0,5489057570.0,31.0,7.438,-266000000.0,-3.459,1.0,573000000.0,0.124,3491000000.0,51000000.0,7269000000.0,,2864000000.0,0.0,0.0,0.0,10666000000.0,6243000000.0,4423000000.0,3813057570.0,-334000000.0,0.0,0.0,-3000000.0,-39000000.0,-46000000.0,-131000000.0,0.0,-108000000.0,-49000000.0,177000000.0,177000000.0,177000000.0,0.0,4000000.0,0.038,437000000.0,136000000.0,3536000000.0,0.216,0.9,10.711,10.756,3081000000.0,0.0,49.91,0.203,0.204,2261000000.0,4755000000.0,4625000000.0,4625000000.0,0.0,,,,,0.0,394000000.0,1.0,76398669.0,76900000.0,78100000.0,60.143,11512000000.0,1928000000.0,-123000000.0,0.0,149.701,217000000.0
41,WHR,MRQ,2011-06-30,2011-06-30,2011-06-30,2021-10-22,-687000000.0,15914000000.0,,7215000000.0,8699000000.0,,57.266,-127000000.0,845000000.0,845000000.0,4061000000.0,-164000000.0,1.05,2.595,2521000000.0,378000000.0,2143000000.0,2521000000.0,0.0,145000000.0,0.0,0.022,0.5,-312000000.0,-167000000.0,-0.035,-167000000.0,-312000000.0,-367000000.0,-2.1,-2.1,-2.1,4398000000.0,,4398000000.0,7680581707.0,39.0,10.053,-137000000.0,-1.784,1.0,669000000.0,0.141,3509000000.0,55000000.0,7212000000.0,,3071000000.0,0.0,0.0,0.0,11415000000.0,6869000000.0,4546000000.0,6198581707.0,-181000000.0,0.0,6000000.0,11000000.0,-38000000.0,-29000000.0,-158000000.0,0.0,-10000000.0,16000000.0,-161000000.0,-161000000.0,-161000000.0,0.0,-3000000.0,-0.034,446000000.0,223000000.0,3827000000.0,-0.238,1.409,24.026,24.131,3213000000.0,0.0,81.32,0.332,0.334,2455000000.0,4617000000.0,4730000000.0,4730000000.0,0.0,,,,,0.0,425000000.0,1.0,76224566.0,76800000.0,76800000.0,61.589,12405000000.0,1815000000.0,-206000000.0,0.0,161.523,346000000.0
42,WHR,MRQ,2011-03-31,2011-03-31,2011-03-31,2021-10-22,-803000000.0,15609000000.0,,7201000000.0,8408000000.0,,58.24,-112000000.0,1026000000.0,1026000000.0,3778000000.0,178000000.0,1.213,2.471,2508000000.0,315000000.0,2193000000.0,2508000000.0,0.0,141000000.0,0.0,0.02,0.43,199000000.0,340000000.0,0.077,340000000.0,199000000.0,145000000.0,2.21,2.17,2.21,4467000000.0,,4467000000.0,7631937864.0,10.0,5.773,-336000000.0,-4.381,1.0,623000000.0,0.142,3518000000.0,54000000.0,7636000000.0,,2938000000.0,0.0,0.0,0.0,11037000000.0,5937000000.0,5100000000.0,6490937864.0,-342000000.0,-7000000.0,8000000.0,-4000000.0,-33000000.0,-29000000.0,-119000000.0,0.0,-224000000.0,30000000.0,169000000.0,169000000.0,169000000.0,0.0,9000000.0,0.038,395000000.0,228000000.0,3572000000.0,0.195,1.453,10.402,10.461,3174000000.0,0.0,85.36,0.351,0.354,2347000000.0,4816000000.0,4401000000.0,4401000000.0,0.0,,,,,0.0,380000000.0,1.0,76041915.0,76700000.0,77900000.0,57.379,12091000000.0,1612000000.0,-24000000.0,0.0,157.64,1264000000.0
43,WHR,MRQ,2010-12-31,2010-12-31,2010-12-31,2021-10-22,-893000000.0,15584000000.0,,7315000000.0,8269000000.0,,55.242,-198000000.0,1368000000.0,1368000000.0,4375000000.0,178000000.0,1.19,2.665,2509000000.0,314000000.0,2195000000.0,2509000000.0,0.0,141000000.0,0.0,0.019,0.43,183000000.0,324000000.0,0.064,324000000.0,183000000.0,125000000.0,2.22,2.18,2.22,4226000000.0,,4226000000.0,8373817071.0,11.0,6.273,503000000.0,6.575,1.0,666000000.0,0.132,3520000000.0,58000000.0,7056000000.0,,2792000000.0,0.0,0.0,0.0,11264000000.0,6149000000.0,5115000000.0,6752817071.0,467000000.0,15000000.0,0.0,-17000000.0,-33000000.0,-64000000.0,-183000000.0,0.0,701000000.0,13000000.0,171000000.0,171000000.0,171000000.0,0.0,7000000.0,0.034,464000000.0,202000000.0,3660000000.0,0.194,1.598,10.909,10.94,3134000000.0,0.0,88.83,0.368,0.369,2278000000.0,4680000000.0,5041000000.0,5041000000.0,0.0,,,,,0.0,441000000.0,1.0,76019555.0,76500000.0,78200000.0,65.895,12064000000.0,1509000000.0,-46000000.0,0.0,157.699,1166000000.0
44,WHR,MRQ,2010-09-30,2010-09-30,2010-09-30,2021-10-22,-944000000.0,15599000000.0,,7458000000.0,8141000000.0,,52.654,-120000000.0,901000000.0,901000000.0,3871000000.0,83000000.0,1.18,2.848,2522000000.0,325000000.0,2197000000.0,2522000000.0,0.0,141000000.0,0.0,0.021,0.43,126000000.0,267000000.0,0.059,267000000.0,126000000.0,72000000.0,1.04,1.02,1.04,4028000000.0,,4028000000.0,7830721348.0,11.0,6.147,87000000.0,1.137,1.0,648000000.0,0.143,3533000000.0,54000000.0,7366000000.0,,3084000000.0,0.0,0.0,0.0,11470000000.0,6321000000.0,5149000000.0,6153721348.0,51000000.0,-27000000.0,0.0,-10000000.0,-33000000.0,-51000000.0,-147000000.0,0.0,207000000.0,42000000.0,79000000.0,79000000.0,79000000.0,0.0,4000000.0,0.017,414000000.0,234000000.0,3700000000.0,0.413,1.528,11.333,11.307,3077000000.0,0.0,80.96,0.338,0.341,2552000000.0,4542000000.0,4519000000.0,4519000000.0,0.0,,,,,0.0,391000000.0,1.0,76009404.0,76500000.0,77700000.0,59.072,12066000000.0,224000000.0,-7000000.0,0.0,157.725,1137000000.0
45,WHR,MRQ,2010-06-30,2010-06-30,2010-06-30,2021-10-22,-1224000000.0,14732000000.0,,6861000000.0,7871000000.0,,48.543,-113000000.0,850000000.0,850000000.0,3773000000.0,215000000.0,1.162,2.958,2527000000.0,332000000.0,2195000000.0,2527000000.0,0.0,139000000.0,0.0,0.02,0.43,252000000.0,391000000.0,0.086,391000000.0,252000000.0,197000000.0,2.69,2.64,2.69,3699000000.0,,3699000000.0,8254475825.0,11.0,6.505,-14000000.0,-0.184,1.0,761000000.0,0.168,3506000000.0,55000000.0,6998000000.0,,2676000000.0,0.0,0.0,0.0,10941000000.0,5905000000.0,5036000000.0,6596475825.0,-341000000.0,-13000000.0,65000000.0,-318000000.0,-33000000.0,-290000000.0,-126000000.0,0.0,99000000.0,-24000000.0,205000000.0,205000000.0,205000000.0,0.0,10000000.0,0.045,430000000.0,331000000.0,3499000000.0,0.16,1.783,11.972,12.047,2970000000.0,0.0,87.82,0.363,0.368,2382000000.0,4496000000.0,4534000000.0,4534000000.0,0.0,,,,,0.0,401000000.0,1.0,75113594.0,76200000.0,77700000.0,59.501,11226000000.0,253000000.0,-8000000.0,0.0,147.323,956000000.0
46,WHR,MRQ,2010-03-31,2010-03-31,2010-03-31,2021-10-22,-980000000.0,15078000000.0,,7040000000.0,8038000000.0,,49.005,-145000000.0,1191000000.0,1191000000.0,3633000000.0,174000000.0,1.196,3.055,2849000000.0,351000000.0,2498000000.0,2849000000.0,0.0,134000000.0,0.0,0.02,0.43,219000000.0,353000000.0,0.083,353000000.0,219000000.0,161000000.0,2.17,2.13,2.17,3695000000.0,,3695000000.0,8049760418.0,14.0,7.092,-74000000.0,-0.981,1.0,639000000.0,0.15,3517000000.0,58000000.0,7333000000.0,,2437000000.0,0.0,0.0,0.0,11287000000.0,5886000000.0,5401000000.0,6526760418.0,-189000000.0,-5000000.0,7000000.0,-52000000.0,-33000000.0,-90000000.0,-150000000.0,0.0,71000000.0,-20000000.0,164000000.0,164000000.0,164000000.0,0.0,10000000.0,0.038,398000000.0,241000000.0,3323000000.0,0.198,1.766,15.393,15.442,3079000000.0,0.0,87.25,0.367,0.37,2440000000.0,4324000000.0,4272000000.0,4272000000.0,0.0,,,,,0.0,371000000.0,1.0,74805277.0,75400000.0,76800000.0,56.658,11561000000.0,331000000.0,-3000000.0,0.0,153.329,1154000000.0
47,WHR,MRQ,2009-12-31,2009-12-31,2009-12-31,2021-10-22,-868000000.0,15094000000.0,,7025000000.0,8069000000.0,,48.723,-185000000.0,1380000000.0,1380000000.0,4176000000.0,102000000.0,1.182,3.093,2903000000.0,401000000.0,2502000000.0,2903000000.0,0.0,137000000.0,0.0,0.021,0.43,126000000.0,263000000.0,0.054,263000000.0,126000000.0,85000000.0,1.26,1.24,1.26,3664000000.0,,3664000000.0,8185263157.0,17.0,8.096,713000000.0,9.481,1.0,688000000.0,0.141,3525000000.0,41000000.0,7151000000.0,,2197000000.0,0.0,0.0,0.0,11334000000.0,5941000000.0,5393000000.0,5991263157.0,655000000.0,-20000000.0,21000000.0,-17000000.0,-32000000.0,-40000000.0,-205000000.0,0.0,898000000.0,2000000.0,95000000.0,95000000.0,95000000.0,0.0,7000000.0,0.02,489000000.0,199000000.0,3308000000.0,0.341,1.635,18.266,18.374,3117000000.0,0.0,80.66,0.35,0.352,2500000000.0,4193000000.0,4864000000.0,4864000000.0,0.0,,,,,0.0,427000000.0,1.0,74277996.0,75200000.0,76800000.0,64.681,11569000000.0,1399000000.0,-10000000.0,0.0,153.843,1084000000.0
48,WHR,MRQ,2009-09-30,2009-09-30,2009-09-30,2021-10-22,-845000000.0,14857000000.0,,6922000000.0,7935000000.0,,48.059,-86000000.0,725000000.0,725000000.0,3877000000.0,93000000.0,1.202,3.11,2919000000.0,416000000.0,2503000000.0,2919000000.0,0.0,130000000.0,0.0,0.025,0.43,132000000.0,262000000.0,0.058,262000000.0,132000000.0,74000000.0,1.17,1.15,1.17,3590000000.0,,3590000000.0,7882046243.0,27.0,9.671,570000000.0,7.631,1.0,620000000.0,0.138,3530000000.0,58000000.0,7764000000.0,,2418000000.0,0.0,0.0,0.0,11165000000.0,5757000000.0,5408000000.0,5179046243.0,478000000.0,-3000000.0,0.0,-37000000.0,-33000000.0,-107000000.0,-89000000.0,0.0,656000000.0,18000000.0,87000000.0,87000000.0,87000000.0,0.0,6000000.0,0.019,431000000.0,189000000.0,3067000000.0,0.368,1.443,18.697,18.656,3066000000.0,0.0,69.96,0.313,0.316,2742000000.0,4130000000.0,4497000000.0,4497000000.0,0.0,,,,,0.0,400000000.0,1.0,74028677.0,74700000.0,75700000.0,60.201,11327000000.0,388000000.0,-13000000.0,0.0,151.633,1165000000.0
49,WHR,MRQ,2009-06-30,2009-06-30,2009-06-30,2021-10-22,-995000000.0,13739000000.0,,6039000000.0,7700000000.0,,45.302,-94000000.0,247000000.0,247000000.0,3615000000.0,86000000.0,1.2,3.044,2950000000.0,463000000.0,2487000000.0,2950000000.0,0.0,143000000.0,0.0,0.04,0.43,114000000.0,257000000.0,0.062,257000000.0,114000000.0,56000000.0,1.05,1.04,1.05,3375000000.0,,3375000000.0,5982028559.0,18.0,6.805,174000000.0,2.336,1.0,554000000.0,0.133,3537000000.0,58000000.0,7873000000.0,,2472000000.0,0.0,0.0,0.0,10274000000.0,5032000000.0,5242000000.0,3142028559.0,54000000.0,-12000000.0,0.0,-103000000.0,-31000000.0,-129000000.0,-106000000.0,0.0,268000000.0,21000000.0,78000000.0,78000000.0,78000000.0,0.0,8000000.0,0.019,420000000.0,134000000.0,2649000000.0,0.41,0.931,8.901,8.941,3021000000.0,0.0,42.56,0.185,0.187,2326000000.0,4076000000.0,4169000000.0,4169000000.0,0.0,,,,,0.0,390000000.0,1.0,73825859.0,74500000.0,75000000.0,55.96,10202000000.0,432000000.0,-22000000.0,0.0,136.94,1007000000.0
50,WHR,MRQ,2009-03-31,2009-03-31,2009-03-31,2021-10-22,-1323000000.0,13202000000.0,,5820000000.0,7382000000.0,,40.256,-99000000.0,193000000.0,193000000.0,3045000000.0,73000000.0,1.078,3.395,3033000000.0,1077000000.0,1956000000.0,3033000000.0,0.0,115000000.0,0.0,0.058,0.43,114000000.0,229000000.0,0.064,229000000.0,114000000.0,52000000.0,0.92,0.91,0.92,2987000000.0,,2987000000.0,4627369326.0,12.0,4.886,-371000000.0,-5.0,1.0,524000000.0,0.147,3536000000.0,62000000.0,7105000000.0,,2573000000.0,0.0,0.0,0.0,10141000000.0,5401000000.0,4740000000.0,2176369326.0,47000000.0,0.0,0.0,457000000.0,-32000000.0,420000000.0,-99000000.0,0.0,-272000000.0,-2000000.0,68000000.0,68000000.0,68000000.0,0.0,5000000.0,0.019,358000000.0,166000000.0,2392000000.0,0.467,0.729,5.552,5.625,2913000000.0,0.0,29.59,0.122,0.123,1936000000.0,4029000000.0,3569000000.0,3569000000.0,0.0,,,,,0.0,327000000.0,1.0,73550839.0,74200000.0,74700000.0,48.1,9666000000.0,563000000.0,-16000000.0,0.0,130.27,419000000.0
51,WHR,MRQ,2008-12-31,2008-12-31,2008-12-31,2021-10-22,-1259000000.0,13532000000.0,,6044000000.0,7488000000.0,,40.512,-85000000.0,146000000.0,146000000.0,3842000000.0,51000000.0,1.086,3.479,2597000000.0,595000000.0,2002000000.0,2597000000.0,0.0,130000000.0,0.0,0.042,0.43,-63000000.0,67000000.0,0.016,67000000.0,-63000000.0,-116000000.0,0.61,0.61,0.61,3006000000.0,,3006000000.0,5634335239.0,13.0,5.54,248000000.0,3.342,1.0,473000000.0,0.11,3549000000.0,53000000.0,6871000000.0,,2591000000.0,0.0,0.0,0.0,10459000000.0,5563000000.0,4896000000.0,3039335239.0,-279000000.0,-5000000.0,0.0,-417000000.0,-30000000.0,-466000000.0,-90000000.0,0.0,333000000.0,-56000000.0,44000000.0,44000000.0,44000000.0,0.0,7000000.0,0.01,463000000.0,10000000.0,2805000000.0,0.705,1.011,7.271,7.424,2985000000.0,0.0,41.35,0.161,0.164,2103000000.0,3993000000.0,4315000000.0,4315000000.0,0.0,,,,,0.0,379000000.0,1.0,73502666.0,74200000.0,74800000.0,58.154,9983000000.0,580000000.0,-160000000.0,0.0,134.542,481000000.0
52,WHR,MRQ,2008-09-30,2008-09-30,2008-09-30,2021-10-22,-275000000.0,14470000000.0,,7167000000.0,7303000000.0,,53.244,-126000000.0,425000000.0,425000000.0,4217000000.0,168000000.0,1.12,2.643,3020000000.0,1056000000.0,1964000000.0,3020000000.0,0.0,157000000.0,0.0,0.022,0.43,169000000.0,326000000.0,0.067,326000000.0,169000000.0,117000000.0,2.18,2.15,2.18,3972000000.0,,3972000000.0,8173230885.0,11.0,5.897,-167000000.0,-2.239,1.0,685000000.0,0.14,3581000000.0,52000000.0,7083000000.0,,3053000000.0,0.0,0.0,0.0,10498000000.0,6401000000.0,4097000000.0,5902230885.0,-36000000.0,0.0,-82000000.0,304000000.0,-33000000.0,186000000.0,-126000000.0,0.0,-41000000.0,-55000000.0,163000000.0,163000000.0,163000000.0,0.0,5000000.0,0.033,508000000.0,177000000.0,3282000000.0,0.197,1.486,10.521,10.629,3089000000.0,0.0,79.29,0.296,0.297,2603000000.0,3979000000.0,4902000000.0,4902000000.0,0.0,,,,,0.0,477000000.0,1.0,74438528.0,74600000.0,75500000.0,65.71,10889000000.0,340000000.0,-46000000.0,0.0,145.965,766000000.0
53,WHR,MRQ,2008-06-30,2008-06-30,2008-06-30,2021-10-22,21000000.0,14839000000.0,,7326000000.0,7513000000.0,,55.95,-111000000.0,461000000.0,461000000.0,4324000000.0,128000000.0,1.186,2.522,2732000000.0,765000000.0,1967000000.0,2732000000.0,0.0,157000000.0,0.0,0.028,0.43,168000000.0,325000000.0,0.064,325000000.0,168000000.0,119000000.0,1.55,1.53,1.55,4213000000.0,,4213000000.0,7124612241.0,9.0,4.955,262000000.0,3.479,1.0,752000000.0,0.148,3598000000.0,49000000.0,7333000000.0,,2996000000.0,0.0,0.0,0.0,10626000000.0,6179000000.0,4447000000.0,4637612241.0,140000000.0,0.0,-51000000.0,-60000000.0,-32000000.0,-136000000.0,-111000000.0,0.0,373000000.0,14000000.0,117000000.0,117000000.0,117000000.0,0.0,11000000.0,0.023,549000000.0,203000000.0,3399000000.0,0.277,1.101,8.094,8.209,3287000000.0,0.0,61.73,0.234,0.234,2628000000.0,3849000000.0,5076000000.0,5076000000.0,0.0,,,,,0.0,502000000.0,1.0,75127365.0,75300000.0,76300000.0,67.41,11241000000.0,307000000.0,2000000.0,0.0,149.283,1147000000.0
54,WHR,MRQ,2008-03-31,2008-03-31,2008-03-31,2021-10-22,-81000000.0,14503000000.0,,7002000000.0,7501000000.0,,53.355,-106000000.0,321000000.0,321000000.0,4000000000.0,100000000.0,1.226,2.563,2808000000.0,642000000.0,2166000000.0,2808000000.0,0.0,153000000.0,0.0,0.02,0.43,146000000.0,299000000.0,0.065,299000000.0,146000000.0,97000000.0,1.23,1.22,1.23,4071000000.0,,4071000000.0,8472611403.0,9.0,5.645,-444000000.0,-5.819,1.0,614000000.0,0.133,3603000000.0,49000000.0,7676000000.0,,2912000000.0,0.0,0.0,0.0,10432000000.0,5711000000.0,4721000000.0,6580611403.0,120000000.0,0.0,-93000000.0,688000000.0,-33000000.0,557000000.0,-106000000.0,0.0,-338000000.0,7000000.0,94000000.0,94000000.0,94000000.0,0.0,6000000.0,0.02,455000000.0,159000000.0,3165000000.0,0.35,1.616,10.665,10.834,3272000000.0,0.0,86.78,0.335,0.337,2564000000.0,3764000000.0,4614000000.0,4614000000.0,0.0,,,,,0.0,440000000.0,1.0,75830968.0,76300000.0,77300000.0,60.472,10900000000.0,306000000.0,3000000.0,0.0,142.857,1291000000.0
55,WHR,MRQ,2007-12-31,2007-12-31,2007-12-31,2021-10-22,-270000000.0,14009000000.0,,6555000000.0,7454000000.0,,50.595,-195000000.0,201000000.0,201000000.0,4487000000.0,209000000.0,1.112,2.582,2093000000.0,425000000.0,1668000000.0,2093000000.0,0.0,158000000.0,0.0,0.021,0.43,278000000.0,436000000.0,0.082,436000000.0,278000000.0,226000000.0,2.5,2.47,2.5,3911000000.0,,3911000000.0,8630544239.0,9.0,5.557,604000000.0,7.814,1.0,838000000.0,0.157,3614000000.0,52000000.0,6394000000.0,,2665000000.0,0.0,0.0,0.0,10098000000.0,5893000000.0,4205000000.0,6309544239.0,-57000000.0,-25000000.0,-112000000.0,-494000000.0,-33000000.0,-645000000.0,-220000000.0,0.0,799000000.0,9000000.0,187000000.0,187000000.0,187000000.0,0.0,22000000.0,0.035,506000000.0,332000000.0,3260000000.0,0.172,1.613,9.859,9.907,3212000000.0,0.0,81.63,0.325,0.33,2604000000.0,3703000000.0,5325000000.0,5325000000.0,0.0,,,,,0.0,484000000.0,1.0,77294429.0,77300000.0,78400000.0,68.887,10395000000.0,324000000.0,39000000.0,0.0,134.476,662000000.0
56,WHR,MRQ,2007-09-30,2007-09-30,2007-09-30,2021-10-22,-347000000.0,14478000000.0,,7010000000.0,7468000000.0,,48.148,-29000000.0,258000000.0,258000000.0,4148000000.0,175000000.0,1.104,2.84,2579000000.0,911000000.0,1668000000.0,2579000000.0,0.0,143000000.0,0.0,0.019,0.43,235000000.0,378000000.0,0.078,378000000.0,235000000.0,183000000.0,2.24,2.2,2.24,3770000000.0,,3770000000.0,9260498404.0,11.0,6.453,105000000.0,1.341,1.0,692000000.0,0.143,3635000000.0,52000000.0,6817000000.0,,2934000000.0,16000000.0,0.0,16000000.0,10708000000.0,6347000000.0,4361000000.0,7001498404.0,-85000000.0,0.0,-138000000.0,-19000000.0,-33000000.0,-199000000.0,-29000000.0,0.0,134000000.0,9000000.0,175000000.0,175000000.0,175000000.0,0.0,0.0,0.036,434000000.0,258000000.0,3217000000.0,0.192,1.857,12.458,12.462,3099000000.0,0.0,89.1,0.368,0.366,2755000000.0,3549000000.0,4840000000.0,4840000000.0,0.0,,,,,0.0,414000000.0,1.0,78580229.0,78300000.0,79800000.0,61.814,10843000000.0,848000000.0,8000000.0,386000000.0,138.48,663000000.0
57,WHR,MRQ,2007-06-30,2007-06-30,2007-06-30,2021-10-22,-543000000.0,14289000000.0,,6866000000.0,7423000000.0,,45.266,-91000000.0,343000000.0,343000000.0,4121000000.0,161000000.0,1.104,3.006,2602000000.0,925000000.0,1677000000.0,2602000000.0,0.0,149000000.0,0.0,0.015,0.43,239000000.0,388000000.0,0.08,388000000.0,239000000.0,190000000.0,2.04,2.0,2.04,3567000000.0,,3567000000.0,11012738201.0,13.0,7.653,62000000.0,0.787,1.0,733000000.0,0.151,3615000000.0,49000000.0,6711000000.0,,2810000000.0,18000000.0,0.0,18000000.0,10722000000.0,6222000000.0,4500000000.0,8775738201.0,102000000.0,8000000.0,-72000000.0,120000000.0,-34000000.0,20000000.0,-83000000.0,0.0,153000000.0,12000000.0,161000000.0,161000000.0,161000000.0,0.0,0.0,0.033,486000000.0,247000000.0,3191000000.0,0.211,2.46,17.412,17.375,3080000000.0,0.0,111.2,0.461,0.46,2683000000.0,3407000000.0,4854000000.0,4854000000.0,0.0,,,,,0.0,463000000.0,1.0,78918509.0,78800000.0,80500000.0,61.599,10674000000.0,908000000.0,29000000.0,413000000.0,135.457,644000000.0
58,WHR,MRQ,2007-03-31,2007-03-31,2007-03-31,2021-10-22,-593000000.0,13870000000.0,,6453000000.0,7417000000.0,,43.774,-91000000.0,241000000.0,241000000.0,3761000000.0,117000000.0,1.094,3.026,2478000000.0,804000000.0,1674000000.0,2478000000.0,0.0,143000000.0,0.0,0.02,0.43,208000000.0,351000000.0,0.08,351000000.0,208000000.0,158000000.0,1.48,1.46,1.48,3445000000.0,,3445000000.0,8756229094.0,11.0,6.373,-244000000.0,-3.1,1.0,628000000.0,0.143,3621000000.0,50000000.0,6589000000.0,,2656000000.0,22000000.0,0.0,22000000.0,10425000000.0,5897000000.0,4528000000.0,6682229094.0,-21000000.0,92000000.0,22000000.0,136000000.0,-34000000.0,128000000.0,1000000.0,0.0,-153000000.0,3000000.0,117000000.0,117000000.0,117000000.0,7000000.0,0.0,0.027,402000000.0,226000000.0,3005000000.0,0.291,1.94,15.397,15.382,3089000000.0,0.0,84.91,0.353,0.353,2525000000.0,3280000000.0,4389000000.0,4389000000.0,0.0,,,,,0.0,375000000.0,1.0,78697787.0,78700000.0,79900000.0,55.769,10249000000.0,895000000.0,41000000.0,395000000.0,130.229,556000000.0
59,WHR,MRQ,2006-12-31,2006-12-31,2006-12-31,2021-10-22,-643000000.0,13759000000.0,,6517000000.0,7242000000.0,,42.036,-155000000.0,262000000.0,262000000.0,4259000000.0,109000000.0,1.078,3.191,2336000000.0,538000000.0,1798000000.0,2336000000.0,0.0,161000000.0,0.0,0.021,0.43,157000000.0,318000000.0,0.064,318000000.0,157000000.0,107000000.0,1.39,1.37,1.39,3283000000.0,,3283000000.0,9035209050.0,12.0,6.892,442000000.0,5.659,1.0,695000000.0,0.14,3534000000.0,50000000.0,6256000000.0,,2348000000.0,0.0,0.0,0.0,10476000000.0,6043000000.0,4433000000.0,6507209050.0,153000000.0,60000000.0,7000000.0,-304000000.0,-34000000.0,-349000000.0,-95000000.0,0.0,597000000.0,0.0,109000000.0,109000000.0,109000000.0,24000000.0,0.0,0.022,505000000.0,190000000.0,2945000000.0,0.309,1.982,15.028,14.413,3157000000.0,0.0,83.02,0.36,0.345,2676000000.0,3205000000.0,4954000000.0,4954000000.0,0.0,,,,,0.0,480000000.0,1.0,78381222.0,78100000.0,79500000.0,63.431,10225000000.0,372000000.0,-2000000.0,0.0,130.922,474000000.0
60,WHR,MRQ,2006-09-30,2006-09-30,2006-09-30,2021-10-22,-713000000.0,13946000000.0,,6811000000.0,7135000000.0,,39.693,-108000000.0,109000000.0,109000000.0,4139000000.0,117000000.0,1.078,3.487,2637000000.0,838000000.0,1799000000.0,2637000000.0,0.0,152000000.0,0.0,0.02,0.43,230000000.0,382000000.0,0.079,382000000.0,230000000.0,163000000.0,1.49,1.47,1.49,3108000000.0,,3108000000.0,9276303643.0,12.0,7.208,90000000.0,1.149,1.0,704000000.0,0.145,3279000000.0,67000000.0,6877000000.0,,2585000000.0,26000000.0,0.0,26000000.0,10838000000.0,6318000000.0,4520000000.0,6579303643.0,-192000000.0,84000000.0,7000000.0,-360000000.0,-34000000.0,-367000000.0,-25000000.0,0.0,198000000.0,2000000.0,117000000.0,117000000.0,117000000.0,17000000.0,0.0,0.024,479000000.0,225000000.0,2913000000.0,0.289,2.117,14.556,13.436,3128000000.0,0.0,84.11,0.385,0.386,2669000000.0,3130000000.0,4843000000.0,4843000000.0,0.0,,,,,0.0,462000000.0,1.0,78222609.0,78300000.0,79600000.0,61.852,10667000000.0,750000000.0,46000000.0,561000000.0,136.232,493000000.0
61,WHR,MRQ,2006-06-30,2006-06-30,2006-06-30,2021-10-22,-727000000.0,14178000000.0,,6941000000.0,7237000000.0,,38.397,-133000000.0,301000000.0,301000000.0,4034000000.0,91000000.0,1.047,3.734,2998000000.0,1196000000.0,1802000000.0,2998000000.0,0.0,141000000.0,0.0,0.021,0.43,182000000.0,323000000.0,0.068,323000000.0,182000000.0,126000000.0,1.16,1.14,1.16,2995000000.0,,2995000000.0,9201174529.0,12.0,7.561,162000000.0,2.077,1.0,700000000.0,0.148,3411000000.0,56000000.0,6837000000.0,,2544000000.0,27000000.0,0.0,27000000.0,11183000000.0,6627000000.0,4556000000.0,6445174529.0,57000000.0,-33000000.0,27000000.0,-16000000.0,-33000000.0,-22000000.0,-221000000.0,-53000000.0,295000000.0,5000000.0,91000000.0,91000000.0,91000000.0,9000000.0,0.0,0.019,495000000.0,205000000.0,2887000000.0,0.371,2.152,14.355,12.774,3127000000.0,0.0,82.65,0.407,0.407,2571000000.0,3049000000.0,4734000000.0,4734000000.0,0.0,,,,,0.0,465000000.0,1.0,77981543.0,78000000.0,79400000.0,60.692,10767000000.0,679000000.0,35000000.0,514000000.0,138.038,314000000.0
62,WHR,MRQ,2006-03-31,2006-03-31,2006-03-31,2021-10-22,-764000000.0,13734000000.0,,6250000000.0,7484000000.0,,41.982,-94000000.0,244000000.0,244000000.0,2979000000.0,118000000.0,0.973,3.804,3000000000.0,1692000000.0,1308000000.0,3000000000.0,0.0,96000000.0,0.0,0.019,0.43,194000000.0,290000000.0,0.082,290000000.0,194000000.0,165000000.0,1.73,1.7,1.73,2859000000.0,,2859000000.0,6940226943.0,9.0,5.907,-296000000.0,-4.347,1.0,557000000.0,0.158,3540000000.0,29000000.0,6524000000.0,,2548000000.0,26000000.0,0.0,26000000.0,10875000000.0,6426000000.0,4449000000.0,6223226943.0,-280000000.0,-762000000.0,13000000.0,772000000.0,-29000000.0,767000000.0,-856000000.0,0.0,-202000000.0,11000000.0,118000000.0,118000000.0,118000000.0,0.0,0.0,0.033,356000000.0,201000000.0,2837000000.0,0.249,2.177,13.708,13.551,3208000000.0,0.0,91.47,0.425,0.425,2692000000.0,2991000000.0,3536000000.0,3536000000.0,0.0,,,,,0.0,344000000.0,1.0,68035716.0,68100000.0,69500000.0,51.924,10194000000.0,774000000.0,47000000.0,485000000.0,149.692,-176000000.0
63,WHR,MRQ,2005-12-31,2005-12-31,2005-12-31,2021-10-22,-862000000.0,8301000000.0,,4763000000.0,3538000000.0,,25.775,-128000000.0,524000000.0,524000000.0,3317000000.0,126000000.0,1.094,3.757,1241000000.0,496000000.0,745000000.0,1241000000.0,0.0,108000000.0,0.0,0.021,0.43,184000000.0,292000000.0,0.074,292000000.0,184000000.0,155000000.0,1.88,1.84,1.88,1745000000.0,,1745000000.0,6823917483.0,9.0,5.857,487000000.0,7.194,1.0,637000000.0,0.161,284000000.0,29000000.0,4380000000.0,,1591000000.0,28000000.0,0.0,28000000.0,6556000000.0,4354000000.0,2202000000.0,5650917483.0,296000000.0,-32000000.0,34000000.0,-154000000.0,-30000000.0,-158000000.0,-430000000.0,0.0,615000000.0,-1000000.0,126000000.0,126000000.0,126000000.0,0.0,0.0,0.032,419000000.0,218000000.0,2330000000.0,0.229,3.238,13.391,13.295,2511000000.0,0.0,83.76,0.395,0.393,2081000000.0,2902000000.0,3954000000.0,3954000000.0,0.0,,,,,0.0,387000000.0,1.0,67465586.0,67700000.0,68900000.0,58.405,8017000000.0,606000000.0,29000000.0,246000000.0,118.419,409000000.0
64,WHR,MRQ,2005-09-30,2005-09-30,2005-09-30,2021-10-22,-566000000.0,8269000000.0,,4627000000.0,3642000000.0,,28.254,-273000000.0,228000000.0,228000000.0,3046000000.0,114000000.0,1.103,3.368,1401000000.0,655000000.0,746000000.0,1401000000.0,0.0,110000000.0,0.0,0.023,0.43,202000000.0,312000000.0,0.087,312000000.0,202000000.0,170000000.0,1.7,1.66,1.7,1893000000.0,,1893000000.0,6509274155.0,9.0,5.66,-4000000.0,-0.06,1.0,553000000.0,0.154,271000000.0,32000000.0,4977000000.0,,1758000000.0,28000000.0,0.0,28000000.0,6376000000.0,4194000000.0,2182000000.0,5061274155.0,40000000.0,3000000.0,34000000.0,23000000.0,-86000000.0,-243000000.0,171000000.0,0.0,269000000.0,4000000.0,114000000.0,114000000.0,114000000.0,0.0,0.0,0.032,351000000.0,202000000.0,2108000000.0,0.253,2.674,12.879,12.886,2466000000.0,0.0,75.77,0.362,0.363,2065000000.0,2806000000.0,3599000000.0,3599000000.0,0.0,,,,,0.0,339000000.0,1.0,66797864.0,67000000.0,68300000.0,53.716,7998000000.0,478000000.0,56000000.0,345000000.0,119.373,433000000.0
65,WHR,MRQ,2005-06-30,2005-06-30,2005-06-30,2021-10-22,-619000000.0,8198000000.0,,4626000000.0,3572000000.0,,25.734,68000000.0,188000000.0,188000000.0,3036000000.0,96000000.0,1.173,3.769,1636000000.0,523000000.0,1113000000.0,1636000000.0,0.0,110000000.0,0.0,0.025,0.43,171000000.0,281000000.0,0.079,281000000.0,171000000.0,137000000.0,1.44,1.42,1.44,1719000000.0,,1719000000.0,6200046309.0,9.0,5.492,353000000.0,5.284,1.0,520000000.0,0.146,272000000.0,34000000.0,5430000000.0,,1772000000.0,19000000.0,0.0,19000000.0,6479000000.0,3944000000.0,2535000000.0,4690046309.0,4000000.0,0.0,-18000000.0,-308000000.0,29000000.0,-67000000.0,-103000000.0,0.0,285000000.0,-2000000.0,96000000.0,96000000.0,96000000.0,0.0,0.0,0.027,329000000.0,191000000.0,2047000000.0,0.299,2.728,12.342,12.278,2473000000.0,0.0,70.11,0.342,0.342,2123000000.0,2721000000.0,3556000000.0,3556000000.0,0.0,,,,,0.0,322000000.0,1.0,66895540.0,66800000.0,67900000.0,53.234,7926000000.0,479000000.0,41000000.0,360000000.0,118.653,682000000.0
66,WHR,MRQ,2005-03-31,2005-03-31,2005-03-31,2021-10-22,-658000000.0,8183000000.0,,4620000000.0,3563000000.0,,24.371,-68000000.0,184000000.0,184000000.0,2724000000.0,86000000.0,1.154,4.026,1694000000.0,559000000.0,1135000000.0,1694000000.0,0.0,114000000.0,0.0,0.025,0.43,166000000.0,280000000.0,0.087,280000000.0,166000000.0,131000000.0,1.28,1.26,1.28,1628000000.0,,1628000000.0,5696136087.0,8.0,4.91,-353000000.0,-5.284,1.0,484000000.0,0.151,273000000.0,35000000.0,5416000000.0,,1911000000.0,20000000.0,0.0,20000000.0,6555000000.0,4004000000.0,2551000000.0,4528136087.0,-59000000.0,0.0,18000000.0,308000000.0,-29000000.0,298000000.0,-68000000.0,0.0,-285000000.0,-4000000.0,86000000.0,86000000.0,86000000.0,0.0,0.0,0.027,304000000.0,180000000.0,2094000000.0,0.336,2.781,11.611,11.617,2485000000.0,0.0,67.73,0.337,0.337,1992000000.0,2653000000.0,3208000000.0,3208000000.0,0.0,,,,,0.0,297000000.0,1.0,66855693.0,66800000.0,67900000.0,48.024,7910000000.0,498000000.0,45000000.0,406000000.0,118.413,616000000.0
67,WHR,MRQ,2004-12-31,2004-12-31,2004-12-31,2021-10-22,-601000000.0,8181000000.0,,4514000000.0,3667000000.0,,24.15,-245000000.0,243000000.0,243000000.0,3619000000.0,97000000.0,1.133,4.094,1411000000.0,251000000.0,1160000000.0,1411000000.0,0.0,109000000.0,0.0,0.025,0.43,168000000.0,277000000.0,0.076,277000000.0,168000000.0,135000000.0,1.46,1.44,1.46,1606000000.0,,1606000000.0,5931279994.0,8.0,4.993,244000000.0,3.669,1.0,13000000.0,0.004,276000000.0,33000000.0,5088000000.0,,1701000000.0,16000000.0,0.0,16000000.0,6575000000.0,3985000000.0,2590000000.0,4597279994.0,24000000.0,0.0,9000000.0,-194000000.0,-29000000.0,-218000000.0,-245000000.0,0.0,489000000.0,-2000000.0,97000000.0,97000000.0,97000000.0,0.0,0.0,0.027,-150000000.0,163000000.0,2297000000.0,0.295,2.863,11.323,11.497,2583000000.0,0.0,69.21,0.348,0.353,2032000000.0,2596000000.0,3632000000.0,3632000000.0,0.0,,,,,0.0,-161000000.0,1.0,66425083.0,66500000.0,67700000.0,54.617,7905000000.0,512000000.0,38000000.0,407000000.0,118.872,529000000.0
68,WHR,MRQ,2004-09-30,2004-09-30,2004-09-30,2021-10-22,-747000000.0,7847000000.0,,4401000000.0,3446000000.0,,20.783,-84000000.0,219000000.0,219000000.0,2604000000.0,101000000.0,1.119,4.686,1553000000.0,426000000.0,1127000000.0,1553000000.0,0.0,110000000.0,0.0,0.027,0.43,181000000.0,291000000.0,0.088,291000000.0,181000000.0,149000000.0,1.53,1.5,1.53,1380000000.0,,1380000000.0,5442137084.0,7.0,4.417,139000000.0,2.093,1.0,714000000.0,0.215,269000000.0,32000000.0,4979000000.0,,1688000000.0,15000000.0,0.0,15000000.0,6467000000.0,3933000000.0,2534000000.0,3989137084.0,26000000.0,0.0,1000000.0,-113000000.0,-28000000.0,-117000000.0,-84000000.0,0.0,223000000.0,4000000.0,101000000.0,101000000.0,101000000.0,0.0,0.0,0.03,531000000.0,183000000.0,2090000000.0,0.281,2.891,9.234,9.418,2326000000.0,0.0,60.09,0.308,0.308,2060000000.0,2527000000.0,3318000000.0,3318000000.0,0.0,,,,,0.0,526000000.0,1.0,66386039.0,66400000.0,67600000.0,49.97,7578000000.0,437000000.0,48000000.0,432000000.0,114.127,468000000.0
69,WHR,MRQ,2004-06-30,2004-06-30,2004-06-30,2021-10-22,-797000000.0,7569000000.0,,4194000000.0,3375000000.0,,18.441,-73000000.0,193000000.0,193000000.0,2539000000.0,106000000.0,1.096,5.036,1646000000.0,522000000.0,1124000000.0,1646000000.0,0.0,114000000.0,0.0,0.022,0.43,198000000.0,312000000.0,0.096,312000000.0,198000000.0,168000000.0,1.56,1.53,1.56,1254000000.0,,1254000000.0,6131748163.0,8.0,4.909,150000000.0,2.206,1.0,725000000.0,0.222,273000000.0,30000000.0,4921000000.0,,1554000000.0,14000000.0,0.0,14000000.0,6315000000.0,3828000000.0,2487000000.0,4732748163.0,5000000.0,0.0,-173000000.0,59000000.0,-29000000.0,-142000000.0,-73000000.0,0.0,223000000.0,-3000000.0,106000000.0,106000000.0,106000000.0,0.0,0.0,0.032,516000000.0,209000000.0,1963000000.0,0.276,3.774,10.855,10.786,2309000000.0,0.0,68.6,0.371,0.366,2059000000.0,2454000000.0,3264000000.0,3264000000.0,0.0,,,,,0.0,516000000.0,1.0,68990498.0,68000000.0,69500000.0,48.0,7296000000.0,418000000.0,62000000.0,463000000.0,107.294,366000000.0
70,WHR,MRQ,2004-03-31,2004-03-31,2004-03-31,2021-10-22,-789000000.0,7398000000.0,,3934000000.0,3464000000.0,,19.709,-35000000.0,188000000.0,188000000.0,2320000000.0,101000000.0,1.113,4.456,1587000000.0,462000000.0,1125000000.0,1587000000.0,0.0,112000000.0,0.0,0.021,0.43,195000000.0,307000000.0,0.102,307000000.0,195000000.0,162000000.0,1.47,1.43,1.47,1356000000.0,,1356000000.0,5887721400.0,7.0,4.798,-176000000.0,-2.558,1.0,687000000.0,0.228,275000000.0,33000000.0,4988000000.0,,1506000000.0,12000000.0,0.0,12000000.0,6042000000.0,3534000000.0,2508000000.0,4723721400.0,-61000000.0,-2000000.0,-24000000.0,190000000.0,-30000000.0,119000000.0,-37000000.0,0.0,-141000000.0,-2000000.0,101000000.0,101000000.0,101000000.0,0.0,0.0,0.034,484000000.0,203000000.0,1846000000.0,0.293,3.484,11.141,11.162,2364000000.0,0.0,68.87,0.379,0.38,1866000000.0,2377000000.0,3007000000.0,3007000000.0,0.0,,,,,0.0,483000000.0,1.0,68588956.0,68800000.0,70700000.0,43.706,7123000000.0,411000000.0,61000000.0,278000000.0,103.532,400000000.0
71,WHR,MRQ,2003-12-31,2003-12-31,2003-12-31,2021-10-22,-757000000.0,7361000000.0,,3865000000.0,3496000000.0,,18.937,-157000000.0,249000000.0,249000000.0,2579000000.0,124000000.0,1.077,4.658,1413000000.0,279000000.0,1134000000.0,1413000000.0,0.0,97000000.0,0.0,0.019,0.34,225000000.0,322000000.0,0.096,322000000.0,225000000.0,192000000.0,1.82,1.77,1.82,1301000000.0,,1301000000.0,6440558093.0,8.0,5.34,349000000.0,5.08,1.0,780000000.0,0.232,250000000.0,33000000.0,4686000000.0,,1340000000.0,11000000.0,0.0,11000000.0,6060000000.0,3589000000.0,2471000000.0,5060558093.0,18000000.0,0.0,-55000000.0,-244000000.0,-23000000.0,-336000000.0,-157000000.0,0.0,506000000.0,5000000.0,124000000.0,124000000.0,124000000.0,0.0,0.0,0.037,538000000.0,242000000.0,1944000000.0,0.187,3.89,12.224,12.048,2456000000.0,0.0,72.65,0.416,0.41,1913000000.0,2276000000.0,3359000000.0,3359000000.0,0.0,,,,,0.0,535000000.0,1.0,69656684.0,68700000.0,70700000.0,48.894,7111000000.0,397000000.0,68000000.0,379000000.0,103.508,276000000.0
72,WHR,MRQ,2003-09-30,2003-09-30,2003-09-30,2021-10-22,-913000000.0,7176000000.0,,3875000000.0,3301000000.0,,16.228,-69000000.0,231000000.0,231000000.0,2418000000.0,105000000.0,1.079,5.39,1611000000.0,498000000.0,1113000000.0,1611000000.0,0.0,112000000.0,0.0,0.02,0.34,196000000.0,308000000.0,0.099,308000000.0,196000000.0,162000000.0,1.51,1.48,1.51,1123000000.0,,1123000000.0,6235940142.0,10.0,5.967,210000000.0,3.035,1.0,695000000.0,0.223,346000000.0,34000000.0,4618000000.0,,1368000000.0,10000000.0,0.0,10000000.0,6053000000.0,3592000000.0,2461000000.0,4663940142.0,41000000.0,-4000000.0,44000000.0,-146000000.0,-24000000.0,-165000000.0,-73000000.0,0.0,279000000.0,0.0,105000000.0,105000000.0,105000000.0,0.0,0.0,0.034,491000000.0,204000000.0,1709000000.0,0.225,4.153,17.938,17.881,2316000000.0,0.0,67.77,0.396,0.399,1876000000.0,2204000000.0,3113000000.0,3113000000.0,0.0,,,,,0.0,491000000.0,1.0,68820129.0,69200000.0,70900000.0,44.986,6830000000.0,428000000.0,57000000.0,198000000.0,98.699,283000000.0
73,WHR,MRQ,2003-06-30,2003-06-30,2003-06-30,2021-10-22,-915000000.0,7178000000.0,,3906000000.0,3272000000.0,,14.469,-71000000.0,190000000.0,190000000.0,2332000000.0,94000000.0,1.056,6.221,1762000000.0,645000000.0,1117000000.0,1762000000.0,0.0,110000000.0,0.0,0.021,0.34,180000000.0,290000000.0,0.097,290000000.0,180000000.0,144000000.0,1.37,1.35,1.37,994000000.0,,994000000.0,6013793628.0,10.0,5.805,124000000.0,1.805,1.0,656000000.0,0.22,342000000.0,36000000.0,4708000000.0,,1352000000.0,7000000.0,0.0,7000000.0,6184000000.0,3700000000.0,2484000000.0,4369793628.0,33000000.0,0.0,11000000.0,-97000000.0,-24000000.0,-94000000.0,-71000000.0,0.0,195000000.0,3000000.0,94000000.0,94000000.0,94000000.0,0.0,0.0,0.031,461000000.0,195000000.0,1653000000.0,0.248,4.396,17.07,16.941,2371000000.0,0.0,63.7,0.383,0.384,1951000000.0,2123000000.0,2988000000.0,2988000000.0,0.0,,,,,0.0,461000000.0,1.0,68599586.0,68700000.0,69700000.0,43.493,6836000000.0,513000000.0,50000000.0,195000000.0,99.505,206000000.0
74,WHR,MRQ,2003-03-31,2003-03-31,2003-03-31,2021-10-22,-986000000.0,6794000000.0,,3611000000.0,3183000000.0,,12.313,-51000000.0,157000000.0,157000000.0,2094000000.0,91000000.0,1.025,7.078,1801000000.0,710000000.0,1091000000.0,1801000000.0,0.0,108000000.0,0.0,0.028,0.34,178000000.0,286000000.0,0.105,286000000.0,178000000.0,143000000.0,1.33,1.32,1.33,841000000.0,,841000000.0,4678643750.0,8.0,4.726,-287000000.0,-4.202,1.0,622000000.0,0.229,342000000.0,35000000.0,4574000000.0,,1302000000.0,7000000.0,0.0,7000000.0,5953000000.0,3522000000.0,2431000000.0,3346643750.0,-35000000.0,0.0,0.0,279000000.0,-23000000.0,250000000.0,-51000000.0,0.0,-236000000.0,2000000.0,91000000.0,91000000.0,91000000.0,0.0,0.0,0.034,433000000.0,189000000.0,1600000000.0,0.256,3.979,14.874,14.768,2312000000.0,0.0,49.03,0.3,0.3,1813000000.0,2053000000.0,2716000000.0,2716000000.0,0.0,,,,,0.0,433000000.0,1.0,68257062.0,68300000.0,69000000.0,39.766,6452000000.0,480000000.0,52000000.0,203000000.0,94.466,89000000.0
75,WHR,MRQ,2002-12-31,2002-12-31,2002-12-31,2021-10-22,-999000000.0,6631000000.0,,3327000000.0,3304000000.0,,10.836,-198000000.0,192000000.0,192000000.0,2275000000.0,-30000000.0,0.949,7.973,1524000000.0,432000000.0,1092000000.0,1524000000.0,0.0,114000000.0,0.0,0.026,0.34,47000000.0,161000000.0,0.055,161000000.0,47000000.0,12000000.0,-0.42,-0.43,-0.42,739000000.0,,739000000.0,5190310213.0,-89.0,14.958,352000000.0,5.161,1.0,671000000.0,0.228,348000000.0,35000000.0,4110000000.0,,1089000000.0,7000000.0,0.0,7000000.0,5892000000.0,3505000000.0,2387000000.0,3561310213.0,9000000.0,-4000000.0,-2000000.0,-373000000.0,-22000000.0,-326000000.0,-202000000.0,0.0,550000000.0,-13000000.0,-30000000.0,-30000000.0,-30000000.0,43000000.0,0.0,-0.01,550000000.0,121000000.0,1631000000.0,-0.81,4.819,-9.039,-9.019,2338000000.0,0.0,52.22,0.323,0.322,1781000000.0,1985000000.0,2946000000.0,2946000000.0,0.0,,,,,0.0,452000000.0,1.0,68198204.0,68200000.0,69000000.0,43.196,6283000000.0,520000000.0,42000000.0,217000000.0,92.126,-178000000.0
76,WHR,MRQ,2002-09-30,2002-09-30,2002-09-30,2021-10-22,-898000000.0,6488000000.0,,3368000000.0,3120000000.0,,12.83,-88000000.0,183000000.0,183000000.0,2114000000.0,101000000.0,1.012,6.415,1812000000.0,727000000.0,1085000000.0,1812000000.0,0.0,103000000.0,0.0,0.03,0.34,196000000.0,299000000.0,0.108,299000000.0,196000000.0,157000000.0,1.48,1.46,1.48,875000000.0,,875000000.0,4708879259.0,-1177.0,12.199,303000000.0,4.443,1.0,645000000.0,0.234,129000000.0,39000000.0,4660000000.0,,1137000000.0,11000000.0,0.0,11000000.0,5613000000.0,3328000000.0,2285000000.0,3126879259.0,44000000.0,-148000000.0,-2000000.0,-51000000.0,-23000000.0,-124000000.0,-236000000.0,0.0,391000000.0,13000000.0,101000000.0,101000000.0,101000000.0,0.0,0.0,0.037,446000000.0,199000000.0,1391000000.0,0.23,3.574,-9.09,-9.135,2185000000.0,0.0,45.86,0.292,0.292,1772000000.0,2037000000.0,2759000000.0,2759000000.0,0.0,,,,,0.0,443000000.0,1.0,68183150.0,68200000.0,69000000.0,40.455,6359000000.0,372000000.0,56000000.0,323000000.0,93.24,40000000.0
77,WHR,MRQ,2002-06-30,2002-06-30,2002-06-30,2021-10-22,-816000000.0,6361000000.0,,3385000000.0,2976000000.0,,12.878,-63000000.0,139000000.0,139000000.0,2103000000.0,63000000.0,1.049,6.253,1721000000.0,634000000.0,1087000000.0,1721000000.0,0.0,95000000.0,0.0,0.021,0.34,149000000.0,244000000.0,0.089,244000000.0,149000000.0,114000000.0,0.93,0.91,0.93,877000000.0,,877000000.0,6041019842.0,-19.0,88.839,131000000.0,1.924,1.0,634000000.0,0.232,72000000.0,35000000.0,4644000000.0,,1166000000.0,93000000.0,0.0,93000000.0,5484000000.0,3227000000.0,2257000000.0,4441019842.0,1000000.0,-27000000.0,84000000.0,-88000000.0,-23000000.0,-105000000.0,-90000000.0,0.0,194000000.0,2000000.0,63000000.0,63000000.0,63000000.0,0.0,0.0,0.023,446000000.0,188000000.0,1382000000.0,0.366,5.064,-8.239,-8.273,2015000000.0,0.0,65.36,0.421,0.422,1760000000.0,1959000000.0,2737000000.0,2737000000.0,0.0,,,,,0.0,433000000.0,1.0,67947060.0,68100000.0,70100000.0,40.191,6289000000.0,437000000.0,51000000.0,306000000.0,92.349,158000000.0
78,WHR,MRQ,2002-03-31,2002-03-31,2002-03-31,2021-10-22,-730000000.0,6901000000.0,,3303000000.0,3598000000.0,,22.571,-54000000.0,138000000.0,138000000.0,1982000000.0,-529000000.0,1.037,3.543,1738000000.0,683000000.0,1055000000.0,1738000000.0,0.0,93000000.0,0.0,0.018,0.34,-450000000.0,-357000000.0,-0.139,-357000000.0,-450000000.0,-484000000.0,-7.86,-7.63,-7.86,1519000000.0,,1519000000.0,6181717708.0,-19.0,103.029,-404000000.0,-6.003,1.0,592000000.0,0.23,678000000.0,34000000.0,4638000000.0,,1205000000.0,117000000.0,0.0,117000000.0,5382000000.0,3185000000.0,2197000000.0,5035717708.0,-178000000.0,0.0,-46000000.0,276000000.0,-23000000.0,232000000.0,-54000000.0,0.0,-350000000.0,-6000000.0,-529000000.0,-529000000.0,-529000000.0,0.0,0.0,-0.206,408000000.0,184000000.0,1351000000.0,-0.043,3.315,-9.173,-9.408,2000000000.0,0.0,75.55,0.484,0.489,1620000000.0,2531000000.0,2574000000.0,2574000000.0,0.0,,,,,0.0,407000000.0,1.0,66654106.0,67300000.0,69300000.0,38.247,6223000000.0,471000000.0,45000000.0,288000000.0,92.467,118000000.0
79,WHR,MRQ,2001-12-31,2001-12-31,2001-12-31,2021-10-22,-697000000.0,6967000000.0,,3311000000.0,3656000000.0,,21.761,-151000000.0,316000000.0,316000000.0,1989000000.0,21000000.0,1.074,3.778,1462000000.0,167000000.0,1295000000.0,1462000000.0,0.0,99000000.0,0.0,0.019,0.34,101000000.0,200000000.0,0.076,200000000.0,101000000.0,67000000.0,0.43,0.11,0.43,1458000000.0,,1458000000.0,6415278138.0,28.0,10.314,195000000.0,2.91,1.0,659000000.0,0.249,708000000.0,34000000.0,4323000000.0,,1110000000.0,117000000.0,0.0,117000000.0,5509000000.0,3082000000.0,2427000000.0,4907278138.0,159000000.0,0.0,-6000000.0,-258000000.0,-23000000.0,-246000000.0,58000000.0,209000000.0,346000000.0,1000000.0,21000000.0,21000000.0,21000000.0,0.0,0.0,0.008,522000000.0,137000000.0,1427000000.0,0.791,3.366,233.68,236.548,2052000000.0,0.0,73.33,0.474,0.473,1515000000.0,2470000000.0,2648000000.0,2648000000.0,0.0,,,,,0.0,436000000.0,1.0,66920471.0,67000000.0,68600000.0,39.522,6259000000.0,530000000.0,46000000.0,279000000.0,93.418,229000000.0
80,WHR,MRQ,2001-09-30,2001-09-30,2001-09-30,2021-10-22,-698000000.0,6921000000.0,,3318000000.0,3603000000.0,,21.537,-78000000.0,157000000.0,157000000.0,1988000000.0,-94000000.0,1.051,3.796,1665000000.0,395000000.0,1270000000.0,1665000000.0,0.0,98000000.0,0.0,0.025,0.34,-117000000.0,-19000000.0,-0.007,-19000000.0,-117000000.0,-158000000.0,-1.4,-1.4,-1.4,1443000000.0,,1443000000.0,5395181510.0,21.0,8.365,228000000.0,3.403,1.0,606000000.0,0.234,729000000.0,41000000.0,4543000000.0,,1081000000.0,125000000.0,0.0,125000000.0,5478000000.0,3157000000.0,2321000000.0,3703181510.0,4000000.0,0.0,20000000.0,-187000000.0,-22000000.0,-226000000.0,-78000000.0,0.0,306000000.0,2000000.0,-94000000.0,-94000000.0,-94000000.0,0.0,0.0,-0.036,704000000.0,-98000000.0,1276000000.0,-0.243,2.566,56.109,52.714,1910000000.0,0.0,55.35,0.36,0.361,1700000000.0,2471000000.0,2594000000.0,2594000000.0,0.0,,,,,0.0,392000000.0,1.0,66904815.0,67000000.0,67000000.0,38.716,6192000000.0,370000000.0,-64000000.0,157000000.0,92.418,161000000.0
81,WHR,MRQ,2001-06-30,2001-06-30,2001-06-30,2021-10-22,-684000000.0,6761000000.0,,3156000000.0,3605000000.0,,23.579,-60000000.0,153000000.0,153000000.0,1989000000.0,53000000.0,1.01,3.312,1845000000.0,845000000.0,1000000000.0,1845000000.0,0.0,97000000.0,0.0,0.022,0.34,139000000.0,236000000.0,0.091,236000000.0,139000000.0,96000000.0,0.8,0.78,0.8,1568000000.0,,1568000000.0,6058486188.0,11.0,6.614,207000000.0,3.113,1.0,596000000.0,0.231,710000000.0,43000000.0,4618000000.0,,1099000000.0,114000000.0,0.0,114000000.0,5193000000.0,3125000000.0,2068000000.0,4162486188.0,-24000000.0,0.0,18000000.0,-225000000.0,-23000000.0,-228000000.0,-60000000.0,0.0,267000000.0,-3000000.0,53000000.0,53000000.0,53000000.0,21000000.0,0.0,0.021,426000000.0,170000000.0,1174000000.0,0.425,2.655,18.337,18.222,1940000000.0,0.0,62.5,0.406,0.405,1648000000.0,2588000000.0,2585000000.0,2585000000.0,0.0,,,,,0.0,405000000.0,1.0,66599779.0,66500000.0,67700000.0,38.872,6051000000.0,250000000.0,43000000.0,156000000.0,90.992,31000000.0
82,WHR,MRQ,2001-03-31,2001-03-31,2001-03-31,2021-10-22,-618000000.0,6897000000.0,,3172000000.0,3725000000.0,,23.922,-58000000.0,177000000.0,177000000.0,1959000000.0,41000000.0,0.979,3.349,2073000000.0,1068000000.0,1005000000.0,2073000000.0,0.0,102000000.0,0.0,0.027,0.34,102000000.0,204000000.0,0.081,204000000.0,102000000.0,58000000.0,0.62,0.61,0.62,1586000000.0,,1586000000.0,4999257965.0,8.0,4.873,16000000.0,0.241,1.0,558000000.0,0.222,731000000.0,44000000.0,4823000000.0,,1127000000.0,113000000.0,0.0,113000000.0,5311000000.0,3239000000.0,2072000000.0,3328257965.0,63000000.0,0.0,6000000.0,91000000.0,-45000000.0,47000000.0,-58000000.0,0.0,74000000.0,0.0,41000000.0,41000000.0,41000000.0,0.0,0.0,0.016,461000000.0,97000000.0,1121000000.0,0.548,2.099,11.282,11.599,2005000000.0,0.0,49.99,0.325,0.323,1640000000.0,2558000000.0,2517000000.0,2517000000.0,0.0,,,,,0.0,406000000.0,1.0,66578475.0,66300000.0,66900000.0,37.964,6166000000.0,253000000.0,17000000.0,157000000.0,93.002,-67000000.0
83,WHR,MRQ,2000-12-31,2000-12-31,2000-12-31,2021-10-22,-495000000.0,6902000000.0,,3237000000.0,3665000000.0,,25.285,-144000000.0,114000000.0,114000000.0,1965000000.0,66000000.0,0.98,3.099,1785000000.0,990000000.0,795000000.0,1785000000.0,0.0,87000000.0,0.0,0.029,0.34,137000000.0,224000000.0,0.087,224000000.0,137000000.0,89000000.0,1.03,1.02,1.03,1684000000.0,,1684000000.0,4877115336.0,7.0,4.252,66000000.0,0.991,1.0,614000000.0,0.238,762000000.0,48000000.0,4508000000.0,,1119000000.0,113000000.0,0.0,113000000.0,5218000000.0,3303000000.0,1915000000.0,3173115336.0,-152000000.0,0.0,-11000000.0,-211000000.0,4000000.0,-208000000.0,-144000000.0,0.0,210000000.0,-10000000.0,66000000.0,66000000.0,66000000.0,0.0,0.0,0.026,447000000.0,167000000.0,1257000000.0,0.33,1.884,8.646,9.101,2134000000.0,0.0,47.69,0.307,0.324,1748000000.0,2539000000.0,2579000000.0,2579000000.0,0.0,,,,,0.0,440000000.0,1.0,66536283.0,66600000.0,66700000.0,38.724,6140000000.0,303000000.0,23000000.0,278000000.0,92.192,-66000000.0
84,WHR,MRQ,2000-09-30,2000-09-30,2000-09-30,2021-10-22,-470000000.0,6888000000.0,,3314000000.0,3574000000.0,,24.221,-69000000.0,266000000.0,266000000.0,1973000000.0,67000000.0,0.988,3.139,1970000000.0,1185000000.0,785000000.0,1970000000.0,0.0,95000000.0,0.0,0.035,0.34,157000000.0,252000000.0,0.098,252000000.0,157000000.0,108000000.0,0.98,0.98,0.98,1664000000.0,,1664000000.0,4516210206.0,5.0,3.645,247000000.0,3.595,1.0,597000000.0,0.232,776000000.0,49000000.0,4463000000.0,,1147000000.0,117000000.0,0.0,117000000.0,5224000000.0,3353000000.0,1871000000.0,2773210206.0,107000000.0,0.0,-188000000.0,89000000.0,-24000000.0,-140000000.0,-69000000.0,0.0,316000000.0,0.0,67000000.0,67000000.0,67000000.0,0.0,0.0,0.026,424000000.0,173000000.0,1045000000.0,0.347,1.667,6.715,6.821,2052000000.0,0.0,38.88,0.266,0.256,1590000000.0,2495000000.0,2570000000.0,2570000000.0,0.0,,,,,0.0,417000000.0,1.0,71327423.0,68700000.0,69000000.0,37.409,6112000000.0,318000000.0,41000000.0,142000000.0,88.967,-39000000.0
85,WHR,MRQ,2000-06-30,2000-06-30,2000-06-30,2021-10-22,-437000000.0,7032000000.0,,3413000000.0,3619000000.0,,25.7,-85000000.0,159000000.0,159000000.0,1958000000.0,121000000.0,1.031,2.795,1902000000.0,1121000000.0,781000000.0,1902000000.0,0.0,116000000.0,0.0,0.029,0.34,230000000.0,346000000.0,0.134,346000000.0,230000000.0,184000000.0,1.68,1.66,1.68,1853000000.0,,1853000000.0,4954937968.0,6.0,3.823,-83000000.0,-1.151,1.0,628000000.0,0.243,787000000.0,46000000.0,4678000000.0,,1297000000.0,116000000.0,0.0,116000000.0,5179000000.0,3310000000.0,1869000000.0,3405937968.0,-16000000.0,0.0,-130000000.0,208000000.0,-24000000.0,67000000.0,-85000000.0,0.0,2000000.0,0.0,121000000.0,121000000.0,121000000.0,0.0,0.0,0.047,396000000.0,232000000.0,1110000000.0,0.202,1.838,7.519,7.594,2111000000.0,0.0,46.63,0.322,0.318,1620000000.0,2451000000.0,2586000000.0,2586000000.0,0.0,,,,,0.0,389000000.0,1.0,73041775.0,72100000.0,72900000.0,35.867,6245000000.0,330000000.0,63000000.0,147000000.0,86.616,103000000.0
86,WHR,MRQ,2000-03-31,2000-03-31,2000-03-31,2021-10-22,-418000000.0,6964000000.0,,3321000000.0,3643000000.0,,25.837,-77000000.0,175000000.0,175000000.0,1942000000.0,112000000.0,0.959,2.667,1724000000.0,1204000000.0,520000000.0,1724000000.0,0.0,102000000.0,0.0,0.023,0.34,221000000.0,323000000.0,0.125,323000000.0,221000000.0,183000000.0,1.53,1.52,1.53,1899000000.0,,1899000000.0,5416280300.0,6.0,4.282,-160000000.0,-2.177,1.0,648000000.0,0.25,797000000.0,38000000.0,4254000000.0,,1237000000.0,114000000.0,0.0,114000000.0,5065000000.0,3462000000.0,1603000000.0,4294280300.0,-86000000.0,-283000000.0,-98000000.0,460000000.0,-26000000.0,357000000.0,-360000000.0,0.0,-83000000.0,0.0,112000000.0,112000000.0,112000000.0,0.0,0.0,0.043,413000000.0,235000000.0,1174000000.0,0.222,2.261,9.964,10.144,2148000000.0,0.0,58.63,0.405,0.406,1598000000.0,2354000000.0,2590000000.0,2590000000.0,0.0,,,,,0.0,405000000.0,1.0,73243737.0,73500000.0,74100000.0,35.238,6167000000.0,339000000.0,71000000.0,148000000.0,83.905,-141000000.0
87,WHR,MRQ,1999-12-31,1999-12-31,1999-12-31,2021-10-22,-443000000.0,6826000000.0,,3177000000.0,3649000000.0,,24.827,-156000000.0,261000000.0,261000000.0,1983000000.0,113000000.0,1.099,2.656,1383000000.0,669000000.0,714000000.0,1383000000.0,65000000.0,102000000.0,0.0,0.021,0.34,216000000.0,318000000.0,0.118,318000000.0,216000000.0,176000000.0,1.51,1.5,1.51,1867000000.0,,1867000000.0,6311284249.0,9.0,5.6,454000000.0,6.037,1.0,706000000.0,0.263,795000000.0,40000000.0,4261000000.0,,1065000000.0,112000000.0,0.0,112000000.0,4959000000.0,2892000000.0,2067000000.0,4842284249.0,31000000.0,0.0,0.0,-263000000.0,-25000000.0,-280000000.0,-156000000.0,0.0,610000000.0,-143000000.0,113000000.0,113000000.0,113000000.0,0.0,0.0,0.042,465000000.0,241000000.0,1081000000.0,0.225,2.594,13.955,14.113,2178000000.0,0.0,65.06,0.461,0.465,1477000000.0,2268000000.0,2689000000.0,2689000000.0,0.0,,,,,0.0,457000000.0,1.0,74427978.0,75200000.0,,35.758,6031000000.0,335000000.0,63000000.0,217000000.0,80.199,285000000.0
88,WHR,MRQ,1999-09-30,1999-09-30,1999-09-30,2021-10-22,-456000000.0,6999000000.0,,3389000000.0,3610000000.0,,23.406,-109000000.0,230000000.0,230000000.0,2036000000.0,107000000.0,1.083,2.965,1699000000.0,927000000.0,772000000.0,1699000000.0,0.0,96000000.0,0.0,0.021,0.34,213000000.0,309000000.0,0.114,309000000.0,213000000.0,172000000.0,1.42,1.4,1.42,1765000000.0,,1765000000.0,6501801127.0,9.0,5.9,197000000.0,2.613,1.0,683000000.0,0.251,820000000.0,41000000.0,4518000000.0,,1079000000.0,111000000.0,0.0,111000000.0,5234000000.0,3130000000.0,2104000000.0,4924801127.0,-35000000.0,0.0,-100000000.0,-138000000.0,-25000000.0,-232000000.0,-109000000.0,0.0,306000000.0,0.0,107000000.0,107000000.0,107000000.0,0.0,0.0,0.039,445000000.0,238000000.0,1017000000.0,0.239,2.79,15.536,15.513,2113000000.0,0.0,65.31,0.466,0.466,1708000000.0,2180000000.0,2719000000.0,2719000000.0,0.0,,,,,0.0,437000000.0,1.0,75406540.0,75406540.0,,36.058,6179000000.0,414000000.0,65000000.0,154000000.0,81.942,259000000.0
89,WHR,MRQ,1999-06-30,1999-06-30,1999-06-30,2021-10-22,-433000000.0,7092000000.0,,3514000000.0,3578000000.0,,23.692,-107000000.0,265000000.0,265000000.0,1967000000.0,99000000.0,1.102,2.975,1842000000.0,1077000000.0,765000000.0,1842000000.0,0.0,110000000.0,0.0,0.018,0.34,205000000.0,315000000.0,0.12,315000000.0,205000000.0,161000000.0,1.32,1.3,1.32,1784000000.0,,1784000000.0,7203235076.0,11.0,6.507,27000000.0,0.359,1.0,650000000.0,0.248,811000000.0,44000000.0,4668000000.0,,1172000000.0,115000000.0,0.0,115000000.0,5308000000.0,3190000000.0,2118000000.0,5572235076.0,-145000000.0,0.0,-26000000.0,-160000000.0,-26000000.0,-172000000.0,-107000000.0,0.0,134000000.0,0.0,99000000.0,99000000.0,99000000.0,0.0,0.0,0.038,445000000.0,205000000.0,994000000.0,0.258,3.123,19.348,19.372,2121000000.0,0.0,74.0,0.537,0.537,1710000000.0,2098000000.0,2617000000.0,2617000000.0,0.0,,,,,0.0,437000000.0,1.0,75300474.0,75300474.0,,34.754,6281000000.0,229000000.0,62000000.0,155000000.0,83.412,324000000.0
90,WHR,MRQ,1999-03-31,1999-03-31,1999-03-31,2021-10-22,-386000000.0,7236000000.0,,3566000000.0,3670000000.0,,23.034,-65000000.0,410000000.0,410000000.0,1867000000.0,28000000.0,1.159,3.107,2041000000.0,1010000000.0,1031000000.0,2041000000.0,0.0,109000000.0,0.0,0.025,0.34,77000000.0,186000000.0,0.075,186000000.0,77000000.0,36000000.0,0.37,0.36,0.37,1762000000.0,,1762000000.0,5540743883.0,8.0,5.014,-314000000.0,-4.105,1.0,619000000.0,0.249,884000000.0,41000000.0,4905000000.0,,1171000000.0,109000000.0,0.0,109000000.0,5474000000.0,3078000000.0,2396000000.0,4159743883.0,-226000000.0,0.0,-41000000.0,176000000.0,-27000000.0,88000000.0,-65000000.0,0.0,-249000000.0,0.0,28000000.0,28000000.0,28000000.0,0.0,0.0,0.011,430000000.0,189000000.0,964000000.0,0.919,2.361,15.237,15.064,2147000000.0,0.0,54.38,0.402,0.402,1614000000.0,2025000000.0,2486000000.0,2486000000.0,0.0,,,,,0.0,421000000.0,1.0,76494003.0,76494003.0,,32.499,6352000000.0,401000000.0,8000000.0,146000000.0,83.039,488000000.0
91,WHR,MRQ,1998-12-31,1998-12-31,1998-12-31,2021-10-22,-183000000.0,7935000000.0,,3882000000.0,4053000000.0,,26.398,-183000000.0,636000000.0,636000000.0,2045000000.0,83000000.0,1.188,2.966,2017000000.0,930000000.0,1087000000.0,2017000000.0,0.0,98000000.0,0.0,0.025,0.34,194000000.0,292000000.0,0.107,292000000.0,194000000.0,131000000.0,1.1,1.09,1.1,2001000000.0,,2001000000.0,5793228721.0,7.0,4.702,266000000.0,3.509,1.0,690000000.0,0.252,936000000.0,63000000.0,5113000000.0,,1100000000.0,108000000.0,0.0,108000000.0,5934000000.0,3267000000.0,2667000000.0,4211228721.0,35000000.0,-16000000.0,0.0,-148000000.0,-25000000.0,-186000000.0,-199000000.0,0.0,449000000.0,-29000000.0,83000000.0,83000000.0,83000000.0,15000000.0,0.0,0.03,509000000.0,181000000.0,1079000000.0,0.309,2.105,12.958,12.909,2418000000.0,0.0,55.38,0.408,0.407,1711000000.0,2024000000.0,2735000000.0,2735000000.0,0.0,,,,,0.0,498000000.0,1.0,76042411.0,75800000.0,,36.082,6999000000.0,429000000.0,48000000.0,152000000.0,92.335,615000000.0
92,WHR,MRQ,1998-09-30,1998-09-30,1998-09-30,2021-10-22,-171000000.0,8106000000.0,,4037000000.0,4069000000.0,,25.687,-122000000.0,601000000.0,601000000.0,1929000000.0,78000000.0,1.254,3.153,2183000000.0,965000000.0,1218000000.0,2183000000.0,0.0,110000000.0,0.0,0.029,0.34,204000000.0,314000000.0,0.124,314000000.0,204000000.0,134000000.0,1.03,1.02,1.03,1952000000.0,,1952000000.0,5178658216.0,7.0,4.046,268000000.0,3.527,1.0,610000000.0,0.24,999000000.0,70000000.0,5470000000.0,,1217000000.0,108000000.0,0.0,108000000.0,6154000000.0,3219000000.0,2935000000.0,3571658216.0,-5000000.0,-87000000.0,0.0,-79000000.0,-26000000.0,-186000000.0,-209000000.0,0.0,390000000.0,0.0,78000000.0,78000000.0,78000000.0,0.0,0.0,0.031,430000000.0,180000000.0,1007000000.0,0.33,1.83,10.694,10.562,2382000000.0,0.0,47.0,0.354,0.354,1770000000.0,1966000000.0,2539000000.0,2539000000.0,0.0,,,,,0.0,421000000.0,1.0,75992728.0,75992728.0,,33.411,7107000000.0,435000000.0,56000000.0,197000000.0,93.522,818000000.0
93,WHR,MRQ,1998-06-30,1998-06-30,1998-06-30,2021-10-22,-172000000.0,8072000000.0,,4138000000.0,3934000000.0,,25.084,-124000000.0,606000000.0,606000000.0,1962000000.0,84000000.0,1.27,3.26,2213000000.0,1061000000.0,1152000000.0,2213000000.0,0.0,115000000.0,0.0,0.02,0.34,198000000.0,313000000.0,0.121,313000000.0,198000000.0,133000000.0,1.11,1.1,1.11,1895000000.0,,1895000000.0,6707717650.0,21.0,8.395,-135000000.0,-1.787,1.0,623000000.0,0.241,916000000.0,65000000.0,5504000000.0,,1224000000.0,107000000.0,0.0,107000000.0,6177000000.0,3259000000.0,2918000000.0,5193717650.0,-12000000.0,65000000.0,0.0,110000000.0,-25000000.0,58000000.0,-59000000.0,0.0,-11000000.0,0.0,84000000.0,84000000.0,84000000.0,-3000000.0,0.0,0.032,465000000.0,158000000.0,970000000.0,0.306,2.741,136.677,140.306,2343000000.0,0.0,68.75,0.541,0.541,1831000000.0,1913000000.0,2585000000.0,2585000000.0,0.0,,,,,0.0,456000000.0,1.0,75544984.0,75544984.0,,34.218,7156000000.0,452000000.0,49000000.0,192000000.0,94.725,879000000.0
94,WHR,MRQ,1998-03-31,1998-03-31,1998-03-31,2021-10-22,-159000000.0,7893000000.0,,3937000000.0,3956000000.0,,24.135,-94000000.0,618000000.0,618000000.0,1870000000.0,80000000.0,1.258,3.318,2132000000.0,981000000.0,1151000000.0,2132000000.0,0.0,115000000.0,0.0,0.02,0.34,199000000.0,314000000.0,0.127,314000000.0,199000000.0,136000000.0,1.06,1.05,1.06,1828000000.0,,1828000000.0,7052600383.0,29.0,9.961,-159000000.0,-2.099,1.0,594000000.0,0.241,919000000.0,63000000.0,5358000000.0,,1174000000.0,103000000.0,0.0,103000000.0,6065000000.0,3130000000.0,2935000000.0,5202600383.0,40000000.0,504000000.0,0.0,-277000000.0,-26000000.0,-305000000.0,410000000.0,0.0,-65000000.0,0.0,80000000.0,80000000.0,80000000.0,-12000000.0,0.0,0.032,425000000.0,169000000.0,931000000.0,0.321,2.846,273.821,274.76,2370000000.0,0.0,68.69,0.572,0.572,1662000000.0,1855000000.0,2464000000.0,2464000000.0,0.0,,,,,0.0,416000000.0,1.0,75740288.0,75740288.0,,32.532,6974000000.0,450000000.0,56000000.0,194000000.0,92.078,807000000.0
95,WHR,MRQ,1997-12-31,1997-12-31,1997-12-31,2021-10-22,-149000000.0,8270000000.0,,4281000000.0,3989000000.0,,23.61,-356000000.0,578000000.0,578000000.0,1887000000.0,92000000.0,1.165,3.67,2428000000.0,1354000000.0,1074000000.0,2428000000.0,0.0,172000000.0,0.0,0.025,0.34,167000000.0,339000000.0,0.135,339000000.0,167000000.0,109000000.0,1.25,1.25,1.25,1771000000.0,,1771000000.0,6990593120.0,49.0,12.011,232000000.0,3.093,1.0,623000000.0,0.248,916000000.0,58000000.0,5528000000.0,,1170000000.0,100000000.0,0.0,100000000.0,6499000000.0,3676000000.0,2823000000.0,4125593120.0,97000000.0,466000000.0,0.0,-377000000.0,-26000000.0,-584000000.0,122000000.0,13000000.0,588000000.0,-29000000.0,92000000.0,92000000.0,92000000.0,0.0,0.0,0.037,517000000.0,106000000.0,987000000.0,0.272,2.33,-275.04,-275.0,2375000000.0,0.0,55.0,0.479,0.479,1565000000.0,1801000000.0,2510000000.0,2510000000.0,0.0,,,,,0.0,473000000.0,1.0,75010784.0,75010784.0,,33.462,7354000000.0,435000000.0,17000000.0,190000000.0,98.039,605000000.0
96,WHR,MRQ,1997-09-30,1997-09-30,1997-09-30,2021-10-22,-134000000.0,7634000000.0,,4287000000.0,3347000000.0,,22.95,-62000000.0,90000000.0,90000000.0,1593000000.0,-218000000.0,1.074,3.462,2955000000.0,2055000000.0,900000000.0,2955000000.0,0.0,85000000.0,0.0,0.02,0.34,-252000000.0,-167000000.0,-0.082,-167000000.0,-252000000.0,-289000000.0,-2.93,-2.93,-2.93,1711000000.0,,1711000000.0,7975772978.0,101.0,17.763,177000000.0,2.374,1.0,450000000.0,0.22,757000000.0,37000000.0,5749000000.0,,911000000.0,1026000000.0,0.0,1026000000.0,5923000000.0,3993000000.0,1930000000.0,4948772978.0,-82000000.0,0.0,0.0,-213000000.0,-25000000.0,-186000000.0,-135000000.0,-71000000.0,239000000.0,0.0,-218000000.0,-218000000.0,-218000000.0,18000000.0,0.0,-0.107,714000000.0,-264000000.0,810000000.0,-0.116,2.892,-79.819,-80.951,1564000000.0,0.0,66.38,0.601,0.601,1312000000.0,1735000000.0,2043000000.0,2043000000.0,0.0,,,,,0.0,398000000.0,1.0,74552169.0,74552169.0,,27.404,6877000000.0,0.0,-71000000.0,0.0,92.244,294000000.0
97,WHR,MRQ,1997-06-30,1997-06-30,1997-06-30,2021-10-22,-122000000.0,7959000000.0,,3950000000.0,4009000000.0,,26.146,-64000000.0,172000000.0,172000000.0,1588000000.0,65000000.0,0.984,3.088,3199000000.0,2299000000.0,900000000.0,3199000000.0,0.0,90000000.0,0.0,0.025,0.34,132000000.0,222000000.0,0.107,222000000.0,132000000.0,94000000.0,0.87,0.86,0.87,1947000000.0,,1947000000.0,7089033548.0,17.0,9.315,-95000000.0,-1.276,1.0,486000000.0,0.234,795000000.0,38000000.0,6176000000.0,,1097000000.0,822000000.0,0.0,822000000.0,6012000000.0,4015000000.0,1997000000.0,4068033548.0,21000000.0,0.0,0.0,44000000.0,-26000000.0,30000000.0,21000000.0,71000000.0,-31000000.0,0.0,65000000.0,65000000.0,65000000.0,-3000000.0,0.0,0.031,390000000.0,96000000.0,863000000.0,0.391,2.089,22.983,22.858,1682000000.0,0.0,54.63,0.487,0.487,3116000000.0,1978000000.0,2074000000.0,2074000000.0,0.0,,,,,0.0,381000000.0,1.0,74465194.0,74465194.0,,27.852,7164000000.0,0.0,29000000.0,0.0,96.206,-65000000.0
98,WHR,MRQ,1997-03-31,1997-03-31,1997-03-31,2021-10-22,-112000000.0,7874000000.0,,3850000000.0,4024000000.0,,25.547,-41000000.0,152000000.0,152000000.0,1536000000.0,46000000.0,0.967,3.118,3173000000.0,2292000000.0,881000000.0,3173000000.0,0.0,91000000.0,0.0,0.029,0.34,97000000.0,188000000.0,0.094,188000000.0,97000000.0,62000000.0,0.62,0.62,0.62,1912000000.0,,1912000000.0,6547759182.0,17.0,8.742,-74000000.0,-0.989,1.0,454000000.0,0.228,814000000.0,35000000.0,6101000000.0,,1044000000.0,806000000.0,0.0,806000000.0,5962000000.0,3980000000.0,1982000000.0,3564759182.0,22000000.0,0.0,0.0,152000000.0,-25000000.0,121000000.0,-65000000.0,-13000000.0,-33000000.0,0.0,46000000.0,46000000.0,46000000.0,-3000000.0,0.0,0.023,381000000.0,73000000.0,869000000.0,0.548,1.864,21.736,21.455,1710000000.0,0.0,47.63,0.417,0.417,3092000000.0,1939000000.0,1990000000.0,1990000000.0,0.0,,,,,0.0,373000000.0,1.0,74842729.0,74842729.0,,26.589,7060000000.0,0.0,16000000.0,0.0,94.331,-130000000.0
99,WHR,MRQ,1996-12-31,1996-12-31,1996-12-31,2021-10-22,-76000000.0,8015000000.0,,3812000000.0,4203000000.0,,25.646,-127000000.0,129000000.0,129000000.0,1644000000.0,45000000.0,0.948,3.161,3112000000.0,2157000000.0,955000000.0,3112000000.0,0.0,104000000.0,0.0,0.029,0.34,102000000.0,206000000.0,0.097,206000000.0,102000000.0,64000000.0,0.62,,0.62,1926000000.0,,1926000000.0,6486977886.0,17.0,8.838,157000000.0,2.091,1.0,482000000.0,0.227,870000000.0,38000000.0,6106000000.0,,1034000000.0,513000000.0,0.0,513000000.0,6089000000.0,4022000000.0,2067000000.0,3465977886.0,-29000000.0,2000000.0,1000000.0,101000000.0,-25000000.0,124000000.0,-437000000.0,-265000000.0,284000000.0,0.0,45000000.0,45000000.0,45000000.0,-5000000.0,0.0,0.021,411000000.0,71000000.0,983000000.0,0.548,1.8,22.218,22.2,1798000000.0,0.0,46.62,0.407,0.411,3071000000.0,1918000000.0,2126000000.0,2126000000.0,0.0,,,,,0.0,403000000.0,1.0,74345300.0,75100000.0,,28.309,7145000000.0,247000000.0,19000000.0,206000000.0,95.14,-210000000.0
100,WHR,MRQ,1996-09-30,1996-09-30,1996-09-30,2021-10-22,-67000000.0,8129000000.0,,3953000000.0,4176000000.0,,25.643,-73000000.0,172000000.0,172000000.0,1679000000.0,21000000.0,1.005,3.267,3193000000.0,2085000000.0,1108000000.0,3193000000.0,0.0,67000000.0,0.0,0.027,0.34,78000000.0,145000000.0,0.067,145000000.0,78000000.0,39000000.0,0.28,,0.28,1905000000.0,,1905000000.0,6783585616.0,21.0,10.599,173000000.0,2.329,1.0,476000000.0,0.221,882000000.0,39000000.0,6336000000.0,,1027000000.0,817000000.0,0.0,817000000.0,6224000000.0,3932000000.0,2292000000.0,3760585616.0,17000000.0,-2000000.0,-1000000.0,-153000000.0,-25000000.0,-177000000.0,-52000000.0,-24000000.0,246000000.0,0.0,21000000.0,21000000.0,21000000.0,-1000000.0,0.0,0.01,422000000.0,54000000.0,1004000000.0,1.214,1.974,29.152,28.761,1750000000.0,0.0,50.62,0.448,0.448,3183000000.0,1898000000.0,2155000000.0,2155000000.0,0.0,,,,,0.0,383000000.0,1.0,74290510.0,74290510.0,,29.008,7247000000.0,0.0,18000000.0,0.0,97.549,21000000.0
101,WHR,MRQ,1996-06-30,1996-06-30,1996-06-30,2021-10-22,-65000000.0,7989000000.0,,3797000000.0,4192000000.0,,25.758,-75000000.0,141000000.0,141000000.0,1753000000.0,52000000.0,0.958,3.181,3164000000.0,2232000000.0,932000000.0,3164000000.0,0.0,93000000.0,0.0,0.027,0.34,117000000.0,210000000.0,0.092,210000000.0,117000000.0,73000000.0,0.7,,0.7,1911000000.0,,1911000000.0,6732280963.0,17.0,9.416,59000000.0,0.795,1.0,519000000.0,0.228,894000000.0,44000000.0,6154000000.0,,1074000000.0,807000000.0,0.0,807000000.0,6078000000.0,3964000000.0,2114000000.0,3700280963.0,-6000000.0,-12000000.0,0.0,-7000000.0,-26000000.0,-36000000.0,-104000000.0,22000000.0,134000000.0,0.0,52000000.0,52000000.0,52000000.0,0.0,0.0,0.023,427000000.0,92000000.0,937000000.0,0.486,1.936,21.513,21.406,1755000000.0,0.0,49.875,0.441,0.441,3021000000.0,1903000000.0,2272000000.0,2272000000.0,0.0,,,,,0.0,418000000.0,1.0,74191097.0,74191097.0,,30.624,7095000000.0,0.0,21000000.0,0.0,95.631,-167000000.0
102,WHR,MRQ,1996-03-31,1996-03-31,1996-03-31,2021-10-22,-52000000.0,7990000000.0,,3766000000.0,4224000000.0,,25.386,-61000000.0,147000000.0,147000000.0,1579000000.0,38000000.0,0.95,3.221,3179000000.0,2222000000.0,957000000.0,3179000000.0,0.0,89000000.0,0.0,0.024,0.34,96000000.0,185000000.0,0.09,185000000.0,96000000.0,56000000.0,0.5,,0.5,1893000000.0,,1893000000.0,7073139004.0,19.0,10.133,-180000000.0,-2.414,1.0,480000000.0,0.233,908000000.0,40000000.0,6148000000.0,,1156000000.0,822000000.0,0.0,822000000.0,6097000000.0,3966000000.0,2131000000.0,4241139004.0,-2000000.0,0.0,0.0,217000000.0,-25000000.0,169000000.0,-52000000.0,2000000.0,-119000000.0,0.0,38000000.0,38000000.0,38000000.0,0.0,0.0,0.018,402000000.0,78000000.0,943000000.0,0.68,2.24,24.658,24.41,1761000000.0,0.0,56.875,0.515,0.515,2927000000.0,1875000000.0,2059000000.0,2059000000.0,0.0,,,,,0.0,393000000.0,1.0,74569477.0,74569477.0,,27.612,7082000000.0,0.0,18000000.0,0.0,94.972,-200000000.0
103,WHR,MRQ,1995-12-31,1995-12-31,1995-12-31,2021-10-22,-53000000.0,7800000000.0,,3541000000.0,4259000000.0,,25.094,-220000000.0,149000000.0,149000000.0,1542000000.0,18000000.0,0.925,3.156,2981000000.0,1998000000.0,983000000.0,2981000000.0,0.0,63000000.0,0.0,0.026,0.34,37000000.0,100000000.0,0.052,100000000.0,37000000.0,12000000.0,0.28,0.27,0.28,1877000000.0,,1877000000.0,6697856722.0,16.0,9.051,31000000.0,0.414,1.0,367000000.0,0.192,931000000.0,25000000.0,5872000000.0,,1029000000.0,425000000.0,0.0,425000000.0,5923000000.0,3829000000.0,2094000000.0,3940856722.0,5000000.0,-46000000.0,0.0,103000000.0,-25000000.0,104000000.0,-350000000.0,430000000.0,251000000.0,0.0,18000000.0,18000000.0,18000000.0,-14000000.0,0.0,0.009,350000000.0,17000000.0,977000000.0,1.214,2.1,18.856,18.816,1779000000.0,0.0,53.25,0.483,0.488,2889000000.0,1863000000.0,1909000000.0,1909000000.0,0.0,,,,,0.0,341000000.0,1.0,74006699.0,74800000.0,,25.521,6869000000.0,247000000.0,-6000000.0,234000000.0,91.832,-288000000.0
104,WHR,MRQ,1995-09-30,1995-09-30,1995-09-30,2021-10-22,-29000000.0,7614000000.0,,3551000000.0,4063000000.0,,25.792,-91000000.0,144000000.0,144000000.0,1642000000.0,64000000.0,0.984,2.997,2901000000.0,1923000000.0,978000000.0,2901000000.0,0.0,85000000.0,0.0,0.023,0.34,135000000.0,220000000.0,0.102,220000000.0,135000000.0,94000000.0,0.85,0.83,0.85,1905000000.0,,1905000000.0,7130363602.0,22.0,11.124,247000000.0,3.344,1.0,512000000.0,0.238,931000000.0,41000000.0,5832000000.0,,995000000.0,803000000.0,0.0,803000000.0,5709000000.0,3608000000.0,2101000000.0,4265363602.0,16000000.0,-27000000.0,0.0,-80000000.0,-25000000.0,-102000000.0,-220000000.0,-95000000.0,338000000.0,0.0,64000000.0,64000000.0,64000000.0,0.0,0.0,0.03,388000000.0,124000000.0,846000000.0,0.4,2.239,42.654,42.778,1586000000.0,0.0,57.75,0.511,0.511,2873000000.0,1870000000.0,2154000000.0,2154000000.0,0.0,,,,,0.0,380000000.0,1.0,73859110.0,73859110.0,,29.164,6683000000.0,0.0,30000000.0,0.0,90.483,-57000000.0
105,WHR,MRQ,1995-06-30,1995-06-30,1995-06-30,2021-10-22,-28000000.0,7702000000.0,,3732000000.0,3970000000.0,,25.232,-102000000.0,128000000.0,128000000.0,1607000000.0,52000000.0,1.012,3.139,2993000000.0,1977000000.0,1016000000.0,2993000000.0,0.0,80000000.0,0.0,0.023,0.34,113000000.0,193000000.0,0.091,193000000.0,113000000.0,79000000.0,0.7,0.7,0.7,1861000000.0,,1861000000.0,6581497775.0,18.0,9.693,-180000000.0,-2.441,1.0,508000000.0,0.24,930000000.0,34000000.0,5949000000.0,,1131000000.0,765000000.0,0.0,765000000.0,5841000000.0,3688000000.0,2153000000.0,4056497775.0,41000000.0,-9000000.0,-1000000.0,317000000.0,-25000000.0,281000000.0,-162000000.0,-32000000.0,-78000000.0,0.0,52000000.0,52000000.0,52000000.0,0.0,0.0,0.025,412000000.0,96000000.0,871000000.0,0.486,2.18,30.272,30.556,1558000000.0,0.0,55.0,0.49,0.49,2884000000.0,1831000000.0,2115000000.0,2115000000.0,0.0,,,,,0.0,404000000.0,1.0,73754505.0,73754505.0,,28.676,6772000000.0,0.0,27000000.0,0.0,91.818,44000000.0
106,WHR,MRQ,1995-03-31,1995-03-31,1995-03-31,2021-10-22,-84000000.0,7165000000.0,,3399000000.0,3766000000.0,,23.934,-70000000.0,87000000.0,87000000.0,1454000000.0,75000000.0,1.025,3.037,2612000000.0,1588000000.0,1024000000.0,2612000000.0,0.0,84000000.0,0.0,0.023,0.34,143000000.0,227000000.0,0.114,227000000.0,143000000.0,114000000.0,1.0,0.98,1.0,1775000000.0,,1775000000.0,6074452282.0,13.0,8.056,-204000000.0,-2.751,1.0,531000000.0,0.268,794000000.0,29000000.0,5579000000.0,,1079000000.0,826000000.0,0.0,826000000.0,5390000000.0,3317000000.0,2073000000.0,4060452282.0,15000000.0,-89000000.0,-34000000.0,408000000.0,-25000000.0,352000000.0,-203000000.0,-47000000.0,-134000000.0,0.0,75000000.0,75000000.0,75000000.0,0.0,0.0,0.038,402000000.0,129000000.0,830000000.0,0.34,2.288,24.461,24.886,1454000000.0,0.0,54.75,0.494,0.494,2644000000.0,1804000000.0,1985000000.0,1985000000.0,0.0,,,,,0.0,396000000.0,1.0,74163512.0,74163512.0,,26.765,6371000000.0,0.0,39000000.0,0.0,85.905,82000000.0
107,WHR,MRQ,1994-12-31,1994-12-31,1994-12-31,2021-10-22,-93000000.0,6655000000.0,,3078000000.0,3577000000.0,,22.821,-110000000.0,72000000.0,72000000.0,1548000000.0,-91000000.0,1.03,2.862,2086000000.0,1201000000.0,885000000.0,2086000000.0,0.0,68000000.0,0.0,0.024,0.305,-67000000.0,1000000.0,0.0,1000000.0,-67000000.0,-99000000.0,-1.2,-1.14,-1.2,1723000000.0,,1723000000.0,,,,188000000.0,2.49,1.0,551000000.0,0.263,730000000.0,32000000.0,4951000000.0,,838000000.0,370000000.0,0.0,370000000.0,4932000000.0,2988000000.0,1944000000.0,3763798234.0,-36000000.0,-102000000.0,0.0,-1000000.0,-33000000.0,-49000000.0,-285000000.0,-93000000.0,298000000.0,0.0,-91000000.0,-91000000.0,-91000000.0,0.0,0.0,-0.043,583000000.0,-32000000.0,843000000.0,-0.254,2.184,23.822,24.167,1440000000.0,0.0,50.75,0.464,0.473,2584000000.0,1754000000.0,2099000000.0,2099000000.0,0.0,,,,,0.0,396000000.0,1.0,74163512.0,75500000.0,,27.801,5925000000.0,275000000.0,-8000000.0,221000000.0,78.477,90000000.0
108,WHR,MRQ,1994-09-30,1994-09-30,1994-09-30,2021-10-22,,,,,,,,-91000000.0,,,1550000000.0,98000000.0,,,,,,,,74000000.0,,0.024,0.305,184000000.0,258000000.0,0.124,258000000.0,184000000.0,155000000.0,1.3,1.27,1.3,,,,,,,142000000.0,,1.0,535000000.0,0.257,,29000000.0,,,,,,,,,,,41000000.0,0.0,0.0,-36000000.0,-23000000.0,-59000000.0,-133000000.0,-26000000.0,233000000.0,0.0,98000000.0,98000000.0,98000000.0,0.0,0.0,0.047,386000000.0,149000000.0,,0.235,,,,,0.0,51.38,,,,,2085000000.0,2085000000.0,0.0,,,,,0.0,374000000.0,1.0,,,,,,,57000000.0,,,
109,WHR,MRQ,1994-06-30,1994-06-30,1994-06-30,2021-10-22,,,,,,,,-71000000.0,,,1527000000.0,84000000.0,,,,,,,,77000000.0,,0.023,0.305,191000000.0,268000000.0,0.131,268000000.0,191000000.0,165000000.0,1.1,1.09,1.1,,,,,,,-2000000.0,,1.0,523000000.0,0.255,,26000000.0,,,,,,,,,,,31000000.0,80000000.0,0.0,-70000000.0,-22000000.0,-91000000.0,53000000.0,38000000.0,69000000.0,0.0,84000000.0,84000000.0,84000000.0,0.0,0.0,0.041,383000000.0,140000000.0,,0.277,,,,,0.0,52.5,,,,,2050000000.0,2050000000.0,0.0,,,,,0.0,373000000.0,1.0,,,,,,,81000000.0,,,
110,WHR,MRQ,1994-03-31,1994-03-31,1994-03-31,2021-10-22,,,,,,,,-61000000.0,,,1378000000.0,67000000.0,,,,,,,,73000000.0,,0.02,0.305,140000000.0,213000000.0,0.114,213000000.0,140000000.0,113000000.0,0.9,0.88,0.9,,,,,,,-212000000.0,,1.0,492000000.0,0.263,,27000000.0,,,,,,,,,,,-59000000.0,0.0,0.0,95000000.0,-23000000.0,82000000.0,10000000.0,81000000.0,-151000000.0,0.0,67000000.0,67000000.0,67000000.0,0.0,0.0,0.036,352000000.0,140000000.0,,0.339,,,,,0.0,60.88,,,,,1870000000.0,1870000000.0,0.0,,,,,0.0,347000000.0,1.0,,,,,,,46000000.0,,,
111,WHR,MRQ,1993-12-31,1993-12-31,1993-12-31,2021-10-22,-77000000.0,6047000000.0,,2708000000.0,3339000000.0,,22.794,,88000000.0,88000000.0,,,0.98,2.669,2000000000.0,1160000000.0,840000000.0,2000000000.0,0.0,,0.0,0.018,0.305,,,,,,,,,,1648000000.0,,1648000000.0,,,,,,1.0,,,725000000.0,,4471000000.0,,760000000.0,320000000.0,0.0,320000000.0,4399000000.0,2763000000.0,1636000000.0,,,,,,,,,,,,,,,,,,,,742000000.0,,,,99.254,1319000000.0,,66.5,,0.638,2473000000.0,1686000000.0,,,,,,,,,,1.0,,72300000.0,,,5322000000.0,205000000.0,,167000000.0,73.61,-55000000.0
0,WHR,MRT,2021-09-30,2021-09-30,2021-09-30,2021-10-22,-2412000000.0,20394000000.0,20312250000.0,9726000000.0,10668000000.0,1.082,79.807,-465000000.0,2875000000.0,2875000000.0,17258000000.0,2007000000.0,1.173,3.075,6084000000.0,310000000.0,5774000000.0,6084000000.0,0.0,532000000.0,0.0,0.026,5.3,2667000000.0,3199000000.0,0.146,3199000000.0,2667000000.0,2486000000.0,31.57,31.28,31.57,4964000000.0,4505500000.0,4964000000.0,15948734491.0,6.0,4.986,1922000000.0,30.9,1.0,4710000000.0,0.214,4485000000.0,181000000.0,10827000000.0,11046750000.0,2876000000.0,0.0,0.0,0.0,15265000000.0,8291000000.0,6974000000.0,12782734491.0,-666000000.0,-1000000.0,-537000000.0,-1733000000.0,-332000000.0,-2640000000.0,-459000000.0,0.0,2387000000.0,46000000.0,1982000000.0,1982000000.0,1982000000.0,0.0,25000000.0,0.09,2141000000.0,2569000000.0,5127000000.0,0.168,2.575,6.449,6.457,3686000000.0,0.0,203.86,0.582,0.577,3187000000.0,9957000000.0,21968000000.0,21968000000.0,0.0,0.098,0.44,0.241,0.121,0.0,2049000000.0,1.0,62703495.0,62200000.0,62700000.0,353.183,15909000000.0,2061000000.0,504000000.0,0.0,255.772,1435000000.0
1,WHR,MRT,2021-06-30,2021-06-30,2021-06-30,2021-10-22,-2459000000.0,20081000000.0,20303500000.0,9403000000.0,10678000000.0,1.072,78.712,-439000000.0,2968000000.0,2968000000.0,17021000000.0,1914000000.0,1.201,3.029,6134000000.0,308000000.0,5826000000.0,6134000000.0,0.0,559000000.0,0.0,0.023,5.1,2636000000.0,3195000000.0,0.147,3195000000.0,2636000000.0,2448000000.0,30.28,29.96,30.28,4951000000.0,4107250000.0,4951000000.0,17331447995.0,7.0,5.425,2452000000.0,38.983,1.0,4750000000.0,0.218,4376000000.0,188000000.0,11039000000.0,11041500000.0,2652000000.0,0.0,0.0,0.0,14996000000.0,7832000000.0,7164000000.0,13653447995.0,422000000.0,44000000.0,-84000000.0,-1746000000.0,-323000000.0,-2190000000.0,-388000000.0,0.0,2891000000.0,109000000.0,1903000000.0,1903000000.0,1903000000.0,0.0,11000000.0,0.087,2170000000.0,2580000000.0,4874000000.0,0.168,2.758,7.175,7.2,3718000000.0,0.0,218.02,0.627,0.63,3052000000.0,9572000000.0,21771000000.0,21771000000.0,0.0,0.094,0.463,0.239,0.121,0.0,2038000000.0,1.0,62624750.0,62900000.0,63500000.0,346.121,15705000000.0,2072000000.0,545000000.0,0.0,249.682,1571000000.0
2,WHR,MRT,2021-03-31,2021-03-31,2021-03-31,2021-10-22,-2687000000.0,20338000000.0,19952250000.0,9838000000.0,10500000000.0,1.027,67.016,-401000000.0,2447000000.0,2447000000.0,16204000000.0,1354000000.0,1.228,3.6,6125000000.0,308000000.0,5817000000.0,6125000000.0,0.0,574000000.0,0.0,0.022,4.9,2012000000.0,2586000000.0,0.126,2586000000.0,2012000000.0,1820000000.0,21.52,21.28,21.52,4222000000.0,3624000000.0,4222000000.0,17160538334.0,9.0,6.636,2095000000.0,33.254,1.0,4285000000.0,0.209,4383000000.0,192000000.0,11622000000.0,11139500000.0,2470000000.0,0.0,0.0,0.0,15199000000.0,8011000000.0,7188000000.0,13877538334.0,-73000000.0,153000000.0,-78000000.0,-1952000000.0,-315000000.0,-2380000000.0,-241000000.0,0.0,2496000000.0,52000000.0,1352000000.0,1352000000.0,1352000000.0,0.0,2000000.0,0.066,2317000000.0,1968000000.0,4673000000.0,0.228,3.287,10.264,10.239,3778000000.0,0.0,220.35,0.677,0.678,2997000000.0,9079000000.0,20489000000.0,20489000000.0,0.0,0.068,0.373,0.181,0.098,0.0,1950000000.0,1.0,62979525.0,63000000.0,63600000.0,325.222,15955000000.0,2053000000.0,468000000.0,0.0,253.254,1827000000.0
3,WHR,MRT,2020-12-31,2020-12-31,2020-12-31,2021-10-22,-2811000000.0,20436000000.0,19716500000.0,9129000000.0,11307000000.0,0.987,61.962,-410000000.0,2924000000.0,2924000000.0,15606000000.0,1071000000.0,1.096,4.026,6207000000.0,310000000.0,5897000000.0,6207000000.0,0.0,568000000.0,0.0,0.027,4.85,1654000000.0,2222000000.0,0.114,2222000000.0,1654000000.0,1465000000.0,17.24,17.07,17.24,3885000000.0,3333500000.0,3885000000.0,15494085649.0,9.0,6.973,1090000000.0,17.384,1.0,3850000000.0,0.198,4690000000.0,189000000.0,10699000000.0,11020750000.0,2301000000.0,0.0,0.0,0.0,15641000000.0,8330000000.0,7311000000.0,11289085649.0,982000000.0,166000000.0,-77000000.0,134000000.0,-311000000.0,-253000000.0,-237000000.0,0.0,1500000000.0,-28000000.0,1081000000.0,1081000000.0,1081000000.0,0.0,-10000000.0,0.056,2227000000.0,1623000000.0,4834000000.0,0.281,2.906,10.443,10.469,4188000000.0,0.0,180.49,0.58,0.582,3109000000.0,8725000000.0,19456000000.0,19456000000.0,0.0,0.055,0.324,0.15,0.085,0.0,1877000000.0,1.0,62546876.0,62700000.0,63300000.0,310.303,15746000000.0,2189000000.0,384000000.0,0.0,251.132,799000000.0
4,WHR,MRT,2020-09-30,2020-09-30,2020-09-30,2021-10-22,-2754000000.0,20359000000.0,19327750000.0,9307000000.0,11052000000.0,0.985,53.85,-477000000.0,3528000000.0,3528000000.0,15516000000.0,850000000.0,1.022,4.77,7733000000.0,2033000000.0,5700000000.0,7733000000.0,0.0,558000000.0,0.0,0.026,4.8,1319000000.0,1877000000.0,0.099,1877000000.0,1319000000.0,1138000000.0,13.76,13.63,13.76,3371000000.0,3161000000.0,3371000000.0,16546210928.0,13.0,8.815,1726000000.0,27.572,1.0,3524000000.0,0.185,4653000000.0,181000000.0,10806000000.0,10762500000.0,2216000000.0,0.0,0.0,0.0,16081000000.0,9105000000.0,6976000000.0,11455210928.0,2542000000.0,167000000.0,-150000000.0,1206000000.0,-308000000.0,748000000.0,-311000000.0,0.0,2203000000.0,-98000000.0,864000000.0,864000000.0,864000000.0,0.0,-14000000.0,0.045,2203000000.0,1321000000.0,4179000000.0,0.349,3.398,13.258,13.364,4040000000.0,0.0,183.89,0.602,0.605,2716000000.0,8223000000.0,19040000000.0,19040000000.0,0.0,0.045,0.273,0.123,0.069,0.0,1916000000.0,1.0,62293822.0,62600000.0,63300000.0,304.153,15706000000.0,2146000000.0,274000000.0,0.0,250.895,202000000.0
5,WHR,MRT,2020-06-30,2020-06-30,2020-06-30,2021-10-22,-2731000000.0,18676000000.0,18839500000.0,7579000000.0,11097000000.0,1.0,48.365,-490000000.0,2546000000.0,2546000000.0,15723000000.0,821000000.0,0.981,4.888,7637000000.0,2010000000.0,5627000000.0,7637000000.0,0.0,553000000.0,0.0,0.037,4.8,1451000000.0,2004000000.0,0.106,2004000000.0,1451000000.0,1276000000.0,13.11,13.01,13.11,3018000000.0,3075250000.0,3018000000.0,12988981939.0,9.0,6.482,816000000.0,13.077,1.0,3117000000.0,0.165,4611000000.0,175000000.0,11431000000.0,10682250000.0,2129000000.0,0.0,0.0,0.0,14751000000.0,7725000000.0,7026000000.0,8051981939.0,1337000000.0,1196000000.0,-212000000.0,33000000.0,-311000000.0,-497000000.0,703000000.0,0.0,1306000000.0,-175000000.0,830000000.0,830000000.0,830000000.0,0.0,-9000000.0,0.044,1666000000.0,1451000000.0,3328000000.0,0.366,2.668,9.701,9.88,4037000000.0,0.0,129.53,0.427,0.429,1998000000.0,7902000000.0,18840000000.0,18840000000.0,0.0,0.044,0.27,0.136,0.077,0.0,1894000000.0,1.0,62163066.0,62400000.0,62700000.0,301.923,14065000000.0,2172000000.0,446000000.0,0.0,225.401,-146000000.0
6,WHR,MRT,2020-03-31,2020-03-31,2020-03-31,2021-10-22,-2715000000.0,19395000000.0,19134250000.0,8162000000.0,11233000000.0,1.044,48.726,-529000000.0,2837000000.0,2837000000.0,16560000000.0,873000000.0,0.952,5.038,7774000000.0,2392000000.0,5382000000.0,7774000000.0,0.0,580000000.0,0.0,0.056,4.8,1604000000.0,2184000000.0,0.109,2184000000.0,1604000000.0,1426000000.0,13.68,13.58,13.68,3060000000.0,3008000000.0,3060000000.0,9205568015.0,6.0,4.215,782000000.0,12.452,1.0,3424000000.0,0.171,4609000000.0,178000000.0,11147000000.0,10679000000.0,2543000000.0,0.0,0.0,0.0,15415000000.0,8576000000.0,6839000000.0,5386568015.0,1642000000.0,1198000000.0,-211000000.0,367000000.0,-307000000.0,-158000000.0,666000000.0,0.0,1311000000.0,-177000000.0,867000000.0,867000000.0,867000000.0,0.0,6000000.0,0.043,1853000000.0,1571000000.0,4065000000.0,0.351,1.76,6.213,6.272,4042000000.0,0.0,85.8,0.27,0.27,1931000000.0,7947000000.0,19984000000.0,19984000000.0,0.0,0.045,0.288,0.15,0.08,0.0,2057000000.0,1.0,62780513.0,62800000.0,63300000.0,318.217,14786000000.0,2132000000.0,559000000.0,0.0,235.446,-414000000.0
7,WHR,MRT,2019-12-31,2019-12-31,2019-12-31,2021-10-22,-2618000000.0,18881000000.0,19207000000.0,7398000000.0,11483000000.0,1.063,50.157,-532000000.0,1952000000.0,1952000000.0,16886000000.0,1198000000.0,0.884,4.621,5771000000.0,853000000.0,4918000000.0,5771000000.0,0.0,587000000.0,0.0,0.032,4.75,1725000000.0,2312000000.0,0.113,2312000000.0,1725000000.0,1538000000.0,18.6,18.45,18.6,3195000000.0,2943500000.0,3195000000.0,14539862953.0,8.0,6.289,698000000.0,10.958,1.0,3533000000.0,0.173,4665000000.0,187000000.0,9666000000.0,10713000000.0,2438000000.0,0.0,0.0,0.0,14763000000.0,8369000000.0,6394000000.0,9323862953.0,414000000.0,1174000000.0,-140000000.0,-972000000.0,-305000000.0,-1424000000.0,636000000.0,0.0,1230000000.0,-28000000.0,1184000000.0,1184000000.0,1184000000.0,0.0,14000000.0,0.058,1962000000.0,1571000000.0,4547000000.0,0.255,2.918,7.875,7.932,4222000000.0,0.0,147.53,0.457,0.46,2198000000.0,7870000000.0,20419000000.0,20419000000.0,0.0,0.062,0.402,0.161,0.084,0.0,2142000000.0,1.0,63199776.0,63700000.0,64200000.0,320.549,14216000000.0,2238000000.0,354000000.0,0.0,223.171,-971000000.0
8,WHR,MRT,2019-09-30,2019-09-30,2019-09-30,2021-10-22,-2603000000.0,18406000000.0,19073500000.0,7375000000.0,11031000000.0,1.085,47.61,-566000000.0,993000000.0,993000000.0,17262000000.0,1080000000.0,0.868,4.774,6209000000.0,1487000000.0,4722000000.0,6209000000.0,0.0,597000000.0,0.0,0.03,4.7,1662000000.0,2259000000.0,0.109,2259000000.0,1662000000.0,1463000000.0,16.48,16.38,16.48,3028000000.0,2717500000.0,3028000000.0,16427200489.0,10.0,7.272,712000000.0,11.195,1.0,3435000000.0,0.166,4637000000.0,199000000.0,10485000000.0,10409250000.0,2883000000.0,0.0,0.0,0.0,14457000000.0,8500000000.0,5957000000.0,10060200489.0,-83000000.0,1167000000.0,-136000000.0,-1421000000.0,-303000000.0,-1909000000.0,596000000.0,0.0,1278000000.0,-48000000.0,1066000000.0,1066000000.0,1066000000.0,0.0,14000000.0,0.052,1979000000.0,1456000000.0,4229000000.0,0.285,3.322,9.437,9.609,3949000000.0,0.0,158.36,0.486,0.487,2588000000.0,7659000000.0,20697000000.0,20697000000.0,0.0,0.056,0.392,0.16,0.08,0.0,2173000000.0,1.0,63527409.0,63600000.0,64200000.0,325.425,13769000000.0,2031000000.0,397000000.0,0.0,216.494,-1125000000.0
9,WHR,MRT,2019-06-30,2019-06-30,2019-06-30,2021-10-22,-2657000000.0,19855000000.0,19245250000.0,8503000000.0,11352000000.0,1.088,43.088,-593000000.0,1178000000.0,1178000000.0,17343000000.0,932000000.0,0.842,5.889,7545000000.0,2730000000.0,4815000000.0,7545000000.0,0.0,608000000.0,0.0,0.033,4.65,1215000000.0,1823000000.0,0.087,1823000000.0,1215000000.0,1009000000.0,14.11,14.03,14.11,2749000000.0,2550500000.0,2749000000.0,15226977338.0,13.0,8.353,399000000.0,6.254,1.0,3589000000.0,0.171,4710000000.0,206000000.0,11418000000.0,10479250000.0,3008000000.0,0.0,0.0,0.0,16188000000.0,10094000000.0,6094000000.0,9016977338.0,82000000.0,115000000.0,-188000000.0,123000000.0,-296000000.0,-409000000.0,-485000000.0,0.0,992000000.0,-16000000.0,918000000.0,918000000.0,918000000.0,0.0,14000000.0,0.044,2527000000.0,1062000000.0,4270000000.0,0.33,3.28,9.822,10.089,4106000000.0,0.0,142.36,0.431,0.434,2387000000.0,7380000000.0,20932000000.0,20932000000.0,0.0,0.048,0.36,0.116,0.058,0.0,2232000000.0,1.0,63339262.0,63800000.0,64300000.0,328.088,15145000000.0,2147000000.0,91000000.0,0.0,237.382,-1591000000.0
10,WHR,MRT,2019-03-31,2019-03-31,2019-03-31,2021-10-22,-2602000000.0,19686000000.0,19049000000.0,8236000000.0,11450000000.0,1.096,43.781,-609000000.0,1163000000.0,1163000000.0,17349000000.0,221000000.0,0.834,5.698,7373000000.0,2587000000.0,4786000000.0,7373000000.0,0.0,610000000.0,0.0,0.035,4.6,386000000.0,996000000.0,0.048,996000000.0,386000000.0,185000000.0,3.57,3.49,3.57,2802000000.0,2462750000.0,2802000000.0,12976775838.0,34.0,13.029,438000000.0,6.844,1.0,3537000000.0,0.169,4735000000.0,201000000.0,11283000000.0,10338250000.0,2960000000.0,0.0,0.0,0.0,15967000000.0,9878000000.0,6089000000.0,8447775838.0,71000000.0,133000000.0,-1188000000.0,1124000000.0,-301000000.0,-413000000.0,-482000000.0,0.0,1047000000.0,-81000000.0,194000000.0,194000000.0,194000000.0,0.0,27000000.0,0.009,3138000000.0,399000000.0,4310000000.0,1.289,3.015,43.545,37.224,4136000000.0,0.0,132.89,0.404,0.407,2222000000.0,7391000000.0,20886000000.0,20886000000.0,0.0,0.01,0.079,0.037,0.018,0.0,2189000000.0,1.0,63569688.0,64000000.0,64500000.0,326.344,14951000000.0,2213000000.0,-9000000.0,0.0,233.609,-1642000000.0
11,WHR,MRT,2018-12-31,2018-12-31,2018-12-31,2021-10-22,-2695000000.0,18347000000.0,19212250000.0,7898000000.0,10449000000.0,1.095,34.092,-590000000.0,1498000000.0,1498000000.0,17500000000.0,-159000000.0,0.816,6.609,6027000000.0,1981000000.0,4046000000.0,6027000000.0,0.0,645000000.0,0.0,0.043,4.55,147000000.0,792000000.0,0.038,792000000.0,147000000.0,-45000000.0,-2.72,-2.72,-2.72,2291000000.0,2834500000.0,2291000000.0,12968190349.0,88.0,16.374,639000000.0,9.509,1.0,3537000000.0,0.168,4747000000.0,192000000.0,8451000000.0,10136500000.0,2533000000.0,0.0,0.0,0.0,15142000000.0,9678000000.0,5464000000.0,6819190349.0,245000000.0,135000000.0,-1136000000.0,972000000.0,-306000000.0,-518000000.0,-399000000.0,60000000.0,1229000000.0,-67000000.0,-183000000.0,-183000000.0,-183000000.0,0.0,24000000.0,-0.009,3258000000.0,279000000.0,4487000000.0,-1.673,2.977,-37.263,-39.29,3414000000.0,0.0,106.87,0.324,0.341,2210000000.0,6933000000.0,21037000000.0,21037000000.0,0.0,-0.01,-0.065,0.015,0.007,0.0,2189000000.0,1.0,63808275.0,67200000.0,67200000.0,313.051,13600000000.0,1989000000.0,138000000.0,0.0,202.381,-1780000000.0
12,WHR,MRT,2018-09-30,2018-09-30,2018-09-30,2021-10-22,-2590000000.0,19093000000.0,19635000000.0,8461000000.0,10632000000.0,1.074,36.589,-643000000.0,1032000000.0,1032000000.0,17507000000.0,-601000000.0,0.875,6.689,7181000000.0,2413000000.0,4768000000.0,7181000000.0,0.0,658000000.0,0.0,0.038,4.5,93000000.0,751000000.0,0.036,751000000.0,93000000.0,-88000000.0,-8.52,-8.51,-8.52,2360000000.0,3311250000.0,2360000000.0,13448885819.0,145.0,17.908,39000000.0,0.605,1.0,3572000000.0,0.169,4803000000.0,181000000.0,10765000000.0,10485250000.0,2873000000.0,0.0,0.0,0.0,15785000000.0,9674000000.0,6111000000.0,7666885819.0,-115000000.0,58000000.0,-1294000000.0,1473000000.0,-309000000.0,-138000000.0,-593000000.0,0.0,682000000.0,-66000000.0,-621000000.0,-621000000.0,-621000000.0,0.0,20000000.0,-0.029,3335000000.0,237000000.0,4200000000.0,-0.528,3.249,-12.346,-13.938,3396000000.0,0.0,118.75,0.364,0.363,2881000000.0,6837000000.0,21079000000.0,21079000000.0,0.0,-0.032,-0.188,0.009,0.004,0.0,2162000000.0,1.0,64563249.0,64500000.0,65300000.0,326.806,14290000000.0,2103000000.0,533000000.0,0.0,221.55,-1213000000.0
13,WHR,MRT,2018-06-30,2018-06-30,2018-06-30,2021-10-22,-2506000000.0,19070000000.0,20071250000.0,8383000000.0,10687000000.0,1.055,34.703,-668000000.0,1057000000.0,1057000000.0,17579000000.0,-545000000.0,0.917,6.558,6839000000.0,2058000000.0,4781000000.0,6839000000.0,0.0,674000000.0,0.0,0.03,4.45,138000000.0,812000000.0,0.038,812000000.0,138000000.0,-33000000.0,-7.99,-8.01,-7.99,2398000000.0,3909250000.0,2398000000.0,15193293334.0,110.0,18.711,203000000.0,2.938,1.0,3592000000.0,0.17,4853000000.0,171000000.0,10854000000.0,10344000000.0,3032000000.0,0.0,0.0,0.0,15726000000.0,9145000000.0,6581000000.0,10352293334.0,-31000000.0,79000000.0,-1392000000.0,1424000000.0,-316000000.0,-297000000.0,-587000000.0,0.0,871000000.0,-18000000.0,-555000000.0,-555000000.0,-555000000.0,0.0,10000000.0,-0.026,3323000000.0,269000000.0,4051000000.0,-0.557,4.317,-18.653,-18.302,3427000000.0,0.0,146.23,0.489,0.477,2464000000.0,6701000000.0,21171000000.0,21171000000.0,0.0,-0.028,-0.142,0.013,0.007,0.0,2133000000.0,1.0,70794593.0,69100000.0,69100000.0,306.382,14217000000.0,2072000000.0,522000000.0,0.0,205.745,-762000000.0
14,WHR,MRT,2018-03-31,2018-03-31,2018-03-31,2021-10-22,-2344000000.0,20339000000.0,20355250000.0,8091000000.0,12248000000.0,1.05,60.239,-662000000.0,1041000000.0,1041000000.0,17790000000.0,273000000.0,0.905,3.525,5882000000.0,1692000000.0,4190000000.0,5882000000.0,0.0,668000000.0,0.0,0.029,4.4,979000000.0,1647000000.0,0.077,1647000000.0,979000000.0,816000000.0,4.06,4.01,4.06,4289000000.0,4492500000.0,4289000000.0,14845060197.0,15.0,9.013,324000000.0,4.551,1.0,3588000000.0,0.168,5761000000.0,163000000.0,10476000000.0,10094250000.0,3346000000.0,0.0,0.0,0.0,15119000000.0,8943000000.0,6176000000.0,10823060197.0,40000000.0,27000000.0,-584000000.0,544000000.0,-317000000.0,-370000000.0,-638000000.0,0.0,986000000.0,62000000.0,291000000.0,291000000.0,291000000.0,0.0,-18000000.0,0.014,2573000000.0,1015000000.0,4643000000.0,1.084,2.523,37.193,37.712,3970000000.0,0.0,153.11,0.506,0.51,2657000000.0,7440000000.0,21378000000.0,21378000000.0,0.0,0.014,0.065,0.097,0.046,0.0,2118000000.0,1.0,70688134.0,71200000.0,72100000.0,300.253,14578000000.0,2170000000.0,525000000.0,0.0,204.747,-852000000.0
15,WHR,MRT,2017-12-31,2017-12-31,2017-12-31,2021-10-22,-2331000000.0,20038000000.0,20140500000.0,7930000000.0,12108000000.0,1.055,57.271,-684000000.0,1196000000.0,1196000000.0,17651000000.0,337000000.0,0.932,3.552,5218000000.0,826000000.0,4392000000.0,5218000000.0,0.0,654000000.0,0.0,0.025,4.3,1062000000.0,1716000000.0,0.081,1716000000.0,1062000000.0,900000000.0,4.78,4.7,4.78,4198000000.0,4624250000.0,4198000000.0,16813940400.0,16.0,9.798,580000000.0,7.913,1.0,3602000000.0,0.169,5709000000.0,162000000.0,9846000000.0,9993250000.0,2988000000.0,0.0,0.0,0.0,14910000000.0,8505000000.0,6405000000.0,12118940400.0,53000000.0,26000000.0,-716000000.0,494000000.0,-312000000.0,-553000000.0,-721000000.0,-60000000.0,1264000000.0,63000000.0,350000000.0,350000000.0,350000000.0,0.0,-13000000.0,0.016,2466000000.0,1136000000.0,4797000000.0,0.9,2.887,34.626,35.28,4033000000.0,0.0,168.64,0.57,0.582,2665000000.0,7352000000.0,21253000000.0,21253000000.0,0.0,0.017,0.076,0.106,0.05,0.0,2112000000.0,1.0,71862787.0,73300000.0,74400000.0,289.945,14329000000.0,2013000000.0,550000000.0,0.0,195.484,-575000000.0
16,WHR,MRT,2017-09-30,2017-09-30,2017-09-30,2021-10-22,-2316000000.0,20838000000.0,19919250000.0,8649000000.0,12189000000.0,1.065,65.185,-671000000.0,1087000000.0,1087000000.0,17630000000.0,795000000.0,0.898,3.188,5782000000.0,2113000000.0,3669000000.0,5782000000.0,0.0,646000000.0,0.0,0.023,4.2,1154000000.0,1800000000.0,0.085,1800000000.0,1154000000.0,989000000.0,10.79,10.59,10.79,4752000000.0,4768000000.0,4752000000.0,17820330311.0,15.0,9.9,674000000.0,9.246,1.0,3577000000.0,0.169,5697000000.0,165000000.0,10200000000.0,9873750000.0,3345000000.0,0.0,0.0,0.0,15151000000.0,9636000000.0,5515000000.0,13460330311.0,-19000000.0,-24000000.0,-615000000.0,296000000.0,-308000000.0,-672000000.0,-709000000.0,0.0,1345000000.0,17000000.0,798000000.0,798000000.0,798000000.0,0.0,-3000000.0,0.038,2367000000.0,1210000000.0,4728000000.0,0.389,2.833,16.868,17.094,3865000000.0,0.0,184.44,0.635,0.634,3102000000.0,7697000000.0,21207000000.0,21207000000.0,0.0,0.04,0.167,0.117,0.054,0.0,2091000000.0,1.0,72979453.0,72900000.0,74000000.0,290.905,15141000000.0,2322000000.0,191000000.0,0.0,207.695,-987000000.0
17,WHR,MRT,2017-06-30,2017-06-30,2017-06-30,2021-10-22,-2328000000.0,20206000000.0,19757250000.0,8229000000.0,11977000000.0,1.065,63.932,-664000000.0,1041000000.0,1041000000.0,17435000000.0,767000000.0,0.909,3.07,5401000000.0,1770000000.0,3631000000.0,5401000000.0,0.0,642000000.0,0.0,0.021,4.1,1178000000.0,1820000000.0,0.087,1820000000.0,1178000000.0,1016000000.0,10.15,9.97,10.15,4731000000.0,4831000000.0,4731000000.0,18256198084.0,15.0,10.031,752000000.0,10.162,1.0,3602000000.0,0.171,5655000000.0,162000000.0,9855000000.0,9874750000.0,3230000000.0,0.0,0.0,0.0,14526000000.0,9056000000.0,5470000000.0,14174198084.0,8000000.0,-20000000.0,-502000000.0,135000000.0,-304000000.0,-707000000.0,-703000000.0,0.0,1416000000.0,2000000.0,760000000.0,760000000.0,760000000.0,0.0,7000000.0,0.036,2349000000.0,1253000000.0,4733000000.0,0.404,2.996,18.65,18.879,3811000000.0,0.0,191.62,0.674,0.674,2974000000.0,7501000000.0,21037000000.0,21037000000.0,0.0,0.038,0.157,0.119,0.056,0.0,2089000000.0,1.0,73970348.0,74000000.0,75100000.0,284.284,14551000000.0,2214000000.0,256000000.0,0.0,196.635,-827000000.0
18,WHR,MRT,2017-03-31,2017-03-31,2017-03-31,2021-10-22,-2319000000.0,19480000000.0,19697750000.0,7704000000.0,11776000000.0,1.06,64.385,-663000000.0,951000000.0,951000000.0,17193000000.0,930000000.0,0.966,2.846,5033000000.0,1143000000.0,3890000000.0,5033000000.0,0.0,650000000.0,0.0,0.023,4.0,1222000000.0,1872000000.0,0.09,1872000000.0,1222000000.0,1058000000.0,11.8,11.6,11.8,4816000000.0,4866250000.0,4816000000.0,16143566461.0,13.0,8.624,766000000.0,10.241,1.0,3695000000.0,0.177,5518000000.0,164000000.0,10072000000.0,9923250000.0,3076000000.0,0.0,0.0,0.0,13705000000.0,7972000000.0,5733000000.0,12758566461.0,194000000.0,50000000.0,-404000000.0,129000000.0,-298000000.0,-609000000.0,-605000000.0,0.0,1429000000.0,-21000000.0,891000000.0,891000000.0,891000000.0,0.0,39000000.0,0.043,2348000000.0,1347000000.0,4334000000.0,0.339,2.649,14.319,14.519,3792000000.0,0.0,171.33,0.611,0.614,2735000000.0,7394000000.0,20888000000.0,20888000000.0,0.0,0.045,0.183,0.123,0.059,0.0,2106000000.0,1.0,74467790.0,74800000.0,76000000.0,279.251,13962000000.0,2132000000.0,167000000.0,0.0,186.658,-268000000.0
19,WHR,MRT,2016-12-31,2016-12-31,2016-12-31,2021-10-22,-2400000000.0,19153000000.0,19745750000.0,7339000000.0,11814000000.0,1.049,62.72,-660000000.0,1085000000.0,1085000000.0,17026000000.0,928000000.0,0.958,2.813,4470000000.0,594000000.0,3876000000.0,4470000000.0,0.0,655000000.0,0.0,0.021,3.9,1235000000.0,1890000000.0,0.091,1890000000.0,1235000000.0,1074000000.0,11.67,11.5,11.67,4773000000.0,4851750000.0,4773000000.0,18016412606.0,15.0,9.532,543000000.0,7.135,1.0,3692000000.0,0.178,5508000000.0,161000000.0,9368000000.0,9791250000.0,2623000000.0,0.0,0.0,0.0,13425000000.0,7662000000.0,5763000000.0,13652412606.0,277000000.0,51000000.0,-499000000.0,545000000.0,-294000000.0,-278000000.0,-612000000.0,0.0,1203000000.0,-36000000.0,888000000.0,888000000.0,888000000.0,0.0,40000000.0,0.043,2324000000.0,1368000000.0,4416000000.0,0.334,2.86,15.374,15.576,3810000000.0,0.0,181.77,0.659,0.668,2711000000.0,7314000000.0,20718000000.0,20718000000.0,0.0,0.045,0.183,0.126,0.06,0.0,2080000000.0,1.0,75108173.0,76100000.0,77200000.0,272.247,13645000000.0,2154000000.0,186000000.0,0.0,179.304,-323000000.0
20,WHR,MRT,2016-09-30,2016-09-30,2016-09-30,2021-10-22,-2176000000.0,20190000000.0,19710000000.0,8587000000.0,11603000000.0,1.046,66.103,-658000000.0,1025000000.0,1025000000.0,16918000000.0,931000000.0,0.987,2.842,5389000000.0,1671000000.0,3718000000.0,5389000000.0,0.0,668000000.0,0.0,0.023,3.8,1204000000.0,1872000000.0,0.091,1872000000.0,1204000000.0,1045000000.0,11.59,11.46,11.59,5004000000.0,4844250000.0,5004000000.0,16494043472.0,14.0,8.811,549000000.0,7.252,1.0,3704000000.0,0.18,5649000000.0,159000000.0,10204000000.0,9651250000.0,3208000000.0,0.0,0.0,0.0,14223000000.0,8701000000.0,5522000000.0,12234043472.0,327000000.0,49000000.0,-554000000.0,576000000.0,-290000000.0,-274000000.0,-577000000.0,0.0,1207000000.0,-29000000.0,888000000.0,888000000.0,888000000.0,0.0,43000000.0,0.043,2340000000.0,1364000000.0,4312000000.0,0.328,2.445,13.777,13.991,3768000000.0,0.0,162.16,0.593,0.595,2982000000.0,7209000000.0,20622000000.0,20622000000.0,0.0,0.045,0.183,0.125,0.058,0.0,2095000000.0,1.0,75444274.0,75700000.0,76900000.0,272.417,14541000000.0,2251000000.0,157000000.0,0.0,192.087,-114000000.0
21,WHR,MRT,2016-06-30,2016-06-30,2016-06-30,2021-10-22,-2221000000.0,19968000000.0,19568250000.0,8373000000.0,11595000000.0,1.055,63.937,-627000000.0,959000000.0,959000000.0,16957000000.0,937000000.0,0.982,2.901,5219000000.0,1507000000.0,3712000000.0,5219000000.0,0.0,669000000.0,0.0,0.022,3.7,1159000000.0,1828000000.0,0.089,1828000000.0,1159000000.0,998000000.0,11.43,11.31,11.43,4872000000.0,4809000000.0,4872000000.0,16969116884.0,15.0,9.283,591000000.0,7.756,1.0,3694000000.0,0.179,5653000000.0,161000000.0,10049000000.0,9545750000.0,3204000000.0,0.0,0.0,0.0,14135000000.0,8526000000.0,5609000000.0,12659116884.0,268000000.0,-3000000.0,-513000000.0,496000000.0,-284000000.0,-307000000.0,-590000000.0,0.0,1218000000.0,-53000000.0,885000000.0,885000000.0,885000000.0,0.0,52000000.0,0.043,2375000000.0,1319000000.0,4391000000.0,0.324,2.598,14.304,14.579,3742000000.0,0.0,166.64,0.613,0.615,2797000000.0,7047000000.0,20651000000.0,20651000000.0,0.0,0.045,0.184,0.121,0.056,0.0,2105000000.0,1.0,75966856.0,76200000.0,77400000.0,271.01,14315000000.0,2264000000.0,113000000.0,0.0,187.861,-153000000.0
22,WHR,MRT,2016-03-31,2016-03-31,2016-03-31,2021-10-22,-2177000000.0,19672000000.0,19454500000.0,7894000000.0,11778000000.0,1.062,61.552,-648000000.0,699000000.0,699000000.0,17031000000.0,780000000.0,0.909,2.937,5009000000.0,1758000000.0,3251000000.0,5009000000.0,0.0,675000000.0,0.0,0.02,3.6,1161000000.0,1836000000.0,0.089,1836000000.0,1161000000.0,1001000000.0,9.47,9.37,9.47,4758000000.0,4823750000.0,4758000000.0,17154271717.0,15.0,9.343,485000000.0,6.274,1.0,3630000000.0,0.176,5751000000.0,160000000.0,9544000000.0,9604500000.0,3096000000.0,0.0,0.0,0.0,13976000000.0,8687000000.0,5289000000.0,13928271717.0,-5000000.0,-47000000.0,-468000000.0,331000000.0,-278000000.0,-424000000.0,-677000000.0,0.0,1133000000.0,-37000000.0,742000000.0,742000000.0,742000000.0,0.0,38000000.0,0.036,2406000000.0,1224000000.0,4286000000.0,0.38,2.927,18.771,19.043,3800000000.0,0.0,180.34,0.674,0.675,2695000000.0,6803000000.0,20661000000.0,20661000000.0,0.0,0.038,0.154,0.121,0.056,0.0,2118000000.0,1.0,77233402.0,77300000.0,78300000.0,267.283,13921000000.0,2299000000.0,259000000.0,0.0,180.091,-793000000.0
23,WHR,MRT,2015-12-31,2015-12-31,2015-12-31,2021-10-22,-2332000000.0,19010000000.0,19338500000.0,6874000000.0,12136000000.0,1.08,60.267,-689000000.0,772000000.0,772000000.0,17231000000.0,822000000.0,0.888,2.812,3998000000.0,528000000.0,3470000000.0,3998000000.0,0.0,668000000.0,0.0,0.023,3.45,1157000000.0,1825000000.0,0.087,1825000000.0,1157000000.0,992000000.0,9.95,9.83,9.95,4743000000.0,4841500000.0,4743000000.0,15598416962.0,13.0,8.547,536000000.0,6.811,1.0,3660000000.0,0.175,5684000000.0,165000000.0,8808000000.0,9796250000.0,2619000000.0,0.0,0.0,0.0,13336000000.0,7744000000.0,5592000000.0,11484416962.0,-254000000.0,-33000000.0,-212000000.0,-217000000.0,-269000000.0,-707000000.0,-681000000.0,0.0,1225000000.0,-91000000.0,783000000.0,783000000.0,783000000.0,0.0,39000000.0,0.037,2418000000.0,1242000000.0,4403000000.0,0.347,2.421,14.667,14.761,3774000000.0,0.0,146.87,0.55,0.553,2530000000.0,6722000000.0,20891000000.0,20891000000.0,0.0,0.04,0.162,0.118,0.055,0.0,2143000000.0,1.0,78194437.0,78700000.0,79700000.0,265.451,13326000000.0,2301000000.0,209000000.0,0.0,169.327,-870000000.0
24,WHR,MRT,2015-09-30,2015-09-30,2015-09-30,2021-10-22,-2211000000.0,19623000000.0,19586500000.0,7879000000.0,11744000000.0,1.089,61.713,-689000000.0,698000000.0,698000000.0,17620000000.0,741000000.0,0.96,2.845,4812000000.0,1310000000.0,3502000000.0,4812000000.0,0.0,659000000.0,0.0,0.022,3.3,1033000000.0,1692000000.0,0.079,1692000000.0,1033000000.0,863000000.0,8.68,8.55,8.68,4863000000.0,4877000000.0,4863000000.0,15613831735.0,15.0,9.228,761000000.0,9.657,1.0,3714000000.0,0.174,5744000000.0,170000000.0,9782000000.0,9921750000.0,2943000000.0,0.0,0.0,0.0,13834000000.0,8211000000.0,5623000000.0,11547831735.0,-289000000.0,-1518000000.0,-52000000.0,812000000.0,-259000000.0,490000000.0,-2115000000.0,0.0,1450000000.0,-114000000.0,684000000.0,684000000.0,684000000.0,0.0,57000000.0,0.032,2528000000.0,1186000000.0,4162000000.0,0.38,2.375,16.883,16.965,3684000000.0,0.0,147.26,0.541,0.544,2914000000.0,6611000000.0,21334000000.0,21334000000.0,0.0,0.035,0.14,0.104,0.048,0.0,2277000000.0,1.0,78417980.0,78800000.0,79700000.0,270.736,13879000000.0,2258000000.0,179000000.0,0.0,176.129,-332000000.0
25,WHR,MRT,2015-06-30,2015-06-30,2015-06-30,2021-10-22,-2012000000.0,19513000000.0,18607750000.0,7873000000.0,11640000000.0,1.122,62.339,-723000000.0,691000000.0,691000000.0,17270000000.0,726000000.0,1.01,2.771,4757000000.0,1007000000.0,3750000000.0,4757000000.0,0.0,630000000.0,0.0,0.018,3.15,1031000000.0,1661000000.0,0.08,1661000000.0,1031000000.0,867000000.0,8.62,8.48,8.62,4931000000.0,4960750000.0,4931000000.0,17536418958.0,17.0,10.558,727000000.0,9.191,1.0,3611000000.0,0.173,5499000000.0,164000000.0,10284000000.0,9492500000.0,3086000000.0,0.0,0.0,0.0,13665000000.0,7796000000.0,5869000000.0,13609418958.0,-254000000.0,-1766000000.0,-29000000.0,1121000000.0,-247000000.0,832000000.0,-2409000000.0,0.0,1450000000.0,-127000000.0,679000000.0,679000000.0,679000000.0,0.0,47000000.0,0.033,2419000000.0,1192000000.0,4179000000.0,0.365,2.76,20.043,20.075,3813000000.0,0.0,173.05,0.652,0.656,2702000000.0,6446000000.0,20881000000.0,20881000000.0,0.0,0.036,0.137,0.109,0.049,0.0,2196000000.0,1.0,78644432.0,79100000.0,80000000.0,263.982,14014000000.0,2234000000.0,188000000.0,0.0,177.168,77000000.0
26,WHR,MRT,2015-03-31,2015-03-31,2015-03-31,2021-10-22,-2048000000.0,19208000000.0,17631500000.0,7714000000.0,11494000000.0,1.154,61.282,-723000000.0,704000000.0,704000000.0,16862000000.0,726000000.0,1.044,2.788,4631000000.0,654000000.0,3977000000.0,4631000000.0,0.0,594000000.0,0.0,0.015,3.0,993000000.0,1587000000.0,0.078,1587000000.0,993000000.0,829000000.0,8.67,8.52,8.67,4829000000.0,5038000000.0,4829000000.0,19102425298.0,19.0,12.037,526000000.0,6.675,1.0,3493000000.0,0.172,5434000000.0,164000000.0,10311000000.0,8898000000.0,3002000000.0,0.0,0.0,0.0,13464000000.0,7390000000.0,6074000000.0,15781425298.0,-968000000.0,-1771000000.0,36000000.0,546000000.0,-236000000.0,322000000.0,-2415000000.0,0.0,1249000000.0,-124000000.0,681000000.0,681000000.0,681000000.0,0.0,45000000.0,0.033,2283000000.0,1210000000.0,4173000000.0,0.346,3.268,23.174,23.306,3779000000.0,0.0,202.06,0.775,0.782,2518000000.0,6340000000.0,20355000000.0,20355000000.0,0.0,0.039,0.135,0.112,0.049,0.0,2097000000.0,1.0,78102669.0,78800000.0,80000000.0,258.312,13774000000.0,2232000000.0,148000000.0,0.0,174.797,324000000.0
27,WHR,MRT,2014-12-31,2014-12-31,2014-12-31,2021-10-22,-1840000000.0,20002000000.0,16839500000.0,8098000000.0,11904000000.0,1.18,62.388,-720000000.0,1026000000.0,1026000000.0,16477000000.0,692000000.0,0.964,2.908,4347000000.0,803000000.0,3544000000.0,4347000000.0,0.0,560000000.0,0.0,0.015,2.875,1004000000.0,1564000000.0,0.079,1564000000.0,1004000000.0,839000000.0,8.3,8.17,8.3,4885000000.0,5105500000.0,4885000000.0,17248728121.0,17.0,11.029,759000000.0,9.693,1.0,3395000000.0,0.171,5610000000.0,165000000.0,9310000000.0,8262500000.0,2740000000.0,0.0,0.0,0.0,14206000000.0,8403000000.0,5803000000.0,15086728121.0,-354000000.0,-1804000000.0,13000000.0,940000000.0,-224000000.0,705000000.0,-2456000000.0,0.0,1479000000.0,-82000000.0,650000000.0,650000000.0,650000000.0,0.0,42000000.0,0.033,2207000000.0,1188000000.0,4730000000.0,0.346,3.088,23.21,23.342,3981000000.0,0.0,193.74,0.759,0.763,2768000000.0,6209000000.0,19872000000.0,19872000000.0,0.0,0.039,0.127,0.122,0.051,0.0,2038000000.0,1.0,77871003.0,78300000.0,79600000.0,253.793,14392000000.0,2317000000.0,189000000.0,0.0,183.806,-305000000.0
28,WHR,MRT,2014-09-30,2014-09-30,2014-09-30,2021-10-22,-1451000000.0,15708000000.0,15725000000.0,6959000000.0,8749000000.0,1.206,66.301,-686000000.0,987000000.0,987000000.0,15681000000.0,771000000.0,1.087,2.0,3149000000.0,699000000.0,2450000000.0,3149000000.0,0.0,540000000.0,0.0,0.019,2.75,1080000000.0,1620000000.0,0.085,1620000000.0,1080000000.0,917000000.0,9.58,9.42,9.58,5198000000.0,5115250000.0,5198000000.0,13190591749.0,12.0,8.142,206000000.0,2.628,1.0,3278000000.0,0.173,3403000000.0,163000000.0,8065000000.0,7536750000.0,2720000000.0,0.0,0.0,0.0,10397000000.0,6402000000.0,3995000000.0,11359591749.0,161000000.0,-323000000.0,-189000000.0,709000000.0,-213000000.0,296000000.0,-977000000.0,0.0,892000000.0,-50000000.0,750000000.0,750000000.0,750000000.0,0.0,21000000.0,0.04,2017000000.0,1261000000.0,3789000000.0,0.287,2.185,15.146,15.204,2986000000.0,0.0,145.65,0.599,0.602,2213000000.0,6186000000.0,18959000000.0,18959000000.0,0.0,0.048,0.147,0.143,0.057,0.0,1838000000.0,1.0,77992391.0,78400000.0,79600000.0,241.824,12305000000.0,2072000000.0,167000000.0,0.0,156.952,557000000.0
29,WHR,MRT,2014-06-30,2014-06-30,2014-06-30,2021-10-22,-1258000000.0,15608000000.0,15713000000.0,7045000000.0,8563000000.0,1.198,66.922,-666000000.0,945000000.0,945000000.0,15521000000.0,735000000.0,1.152,1.957,2776000000.0,315000000.0,2461000000.0,2776000000.0,0.0,546000000.0,0.0,0.019,2.625,1083000000.0,1629000000.0,0.087,1629000000.0,1083000000.0,912000000.0,9.12,8.96,9.12,5240000000.0,4983000000.0,5240000000.0,12425200588.0,11.0,7.628,424000000.0,5.415,1.0,3297000000.0,0.175,3415000000.0,171000000.0,7906000000.0,7312750000.0,2812000000.0,0.0,0.0,0.0,10257000000.0,6118000000.0,4139000000.0,10823200588.0,275000000.0,-25000000.0,-260000000.0,323000000.0,-205000000.0,-150000000.0,-657000000.0,0.0,1090000000.0,-8000000.0,716000000.0,716000000.0,716000000.0,0.0,19000000.0,0.038,2058000000.0,1239000000.0,3876000000.0,0.288,2.065,15.116,15.265,3069000000.0,0.0,139.22,0.575,0.579,2222000000.0,6015000000.0,18818000000.0,18818000000.0,0.0,0.046,0.144,0.148,0.058,0.0,1850000000.0,1.0,77741708.0,78300000.0,79600000.0,240.332,12193000000.0,2093000000.0,196000000.0,0.0,155.722,927000000.0
30,WHR,MRT,2014-03-31,2014-03-31,2014-03-31,2021-10-22,-1256000000.0,16040000000.0,15629500000.0,7583000000.0,8457000000.0,1.208,65.288,-630000000.0,1672000000.0,1672000000.0,15557000000.0,756000000.0,1.175,2.123,3274000000.0,612000000.0,2662000000.0,3274000000.0,0.0,538000000.0,0.0,0.017,2.5,1095000000.0,1633000000.0,0.086,1633000000.0,1095000000.0,920000000.0,9.31,9.15,9.31,5099000000.0,4809500000.0,5099000000.0,12660312391.0,12.0,7.753,598000000.0,7.657,1.0,3327000000.0,0.176,3419000000.0,175000000.0,7769000000.0,7184250000.0,2666000000.0,0.0,0.0,0.0,10827000000.0,6454000000.0,4373000000.0,11577312391.0,922000000.0,-13000000.0,-281000000.0,824000000.0,-196000000.0,350000000.0,-623000000.0,0.0,1228000000.0,-33000000.0,735000000.0,735000000.0,735000000.0,0.0,21000000.0,0.039,2051000000.0,1276000000.0,3721000000.0,0.269,2.271,15.751,16.054,3054000000.0,0.0,149.46,0.613,0.618,2080000000.0,5896000000.0,18884000000.0,18884000000.0,0.0,0.047,0.153,0.152,0.058,0.0,1846000000.0,1.0,77460942.0,78100000.0,79400000.0,241.793,12621000000.0,2110000000.0,185000000.0,0.0,161.601,1129000000.0
31,WHR,MRT,2013-12-31,2013-12-31,2013-12-31,2021-10-22,-1298000000.0,15544000000.0,15452250000.0,7022000000.0,8522000000.0,1.215,62.093,-578000000.0,1380000000.0,1380000000.0,15471000000.0,849000000.0,1.034,2.134,2463000000.0,617000000.0,1846000000.0,2463000000.0,0.0,540000000.0,0.0,0.015,2.375,1072000000.0,1612000000.0,0.086,1612000000.0,1072000000.0,895000000.0,10.42,10.24,10.42,4924000000.0,4653500000.0,4924000000.0,13931712210.0,13.0,8.643,684000000.0,8.625,1.0,3298000000.0,0.176,3426000000.0,177000000.0,6407000000.0,7190250000.0,2408000000.0,0.0,0.0,0.0,10510000000.0,6794000000.0,3716000000.0,12312712210.0,212000000.0,0.0,-255000000.0,10000000.0,-187000000.0,-434000000.0,-582000000.0,0.0,1262000000.0,-34000000.0,827000000.0,827000000.0,827000000.0,0.0,22000000.0,0.044,2049000000.0,1249000000.0,3865000000.0,0.228,2.501,14.888,15.054,3041000000.0,0.0,156.86,0.656,0.663,2005000000.0,5784000000.0,18769000000.0,18769000000.0,0.0,0.054,0.178,0.149,0.057,0.0,1828000000.0,1.0,78494914.0,79300000.0,80800000.0,236.683,12118000000.0,2313000000.0,68000000.0,0.0,152.812,228000000.0
32,WHR,MRT,2013-09-30,2013-09-30,2013-09-30,2021-10-22,-1580000000.0,15660000000.0,15415250000.0,7003000000.0,8657000000.0,1.198,58.582,-516000000.0,826000000.0,826000000.0,15269000000.0,790000000.0,1.049,2.329,2445000000.0,611000000.0,1834000000.0,2445000000.0,0.0,523000000.0,0.0,0.015,2.25,1023000000.0,1546000000.0,0.084,1546000000.0,1023000000.0,841000000.0,9.68,9.51,9.68,4669000000.0,4487500000.0,4669000000.0,13389219430.0,13.0,8.661,583000000.0,7.315,1.0,3201000000.0,0.173,3431000000.0,182000000.0,7169000000.0,7271000000.0,2667000000.0,0.0,0.0,0.0,10874000000.0,6679000000.0,4195000000.0,11608219430.0,308000000.0,-18000000.0,-31000000.0,-4000000.0,-178000000.0,-206000000.0,-573000000.0,0.0,1099000000.0,-12000000.0,768000000.0,768000000.0,768000000.0,0.0,22000000.0,0.042,2048000000.0,1153000000.0,3782000000.0,0.232,2.486,15.115,15.128,2936000000.0,0.0,146.44,0.628,0.632,2226000000.0,5653000000.0,18470000000.0,18470000000.0,0.0,0.05,0.171,0.141,0.055,0.0,1819000000.0,1.0,79269458.0,79700000.0,81000000.0,231.744,12229000000.0,2471000000.0,73000000.0,0.0,153.438,324000000.0
33,WHR,MRT,2013-06-30,2013-06-30,2013-06-30,2021-10-22,-1650000000.0,15274000000.0,15243250000.0,6608000000.0,8666000000.0,1.199,56.967,-468000000.0,670000000.0,670000000.0,15223000000.0,671000000.0,1.061,2.335,2451000000.0,515000000.0,1936000000.0,2451000000.0,0.0,509000000.0,0.0,0.019,2.125,898000000.0,1407000000.0,0.077,1407000000.0,898000000.0,711000000.0,8.17,8.03,8.17,4546000000.0,4403500000.0,4546000000.0,10755453837.0,12.0,7.644,387000000.0,4.85,1.0,3058000000.0,0.167,3432000000.0,187000000.0,7392000000.0,7249750000.0,2505000000.0,0.0,0.0,0.0,10616000000.0,6231000000.0,4385000000.0,9053453837.0,244000000.0,-18000000.0,65000000.0,16000000.0,-167000000.0,-80000000.0,-524000000.0,0.0,855000000.0,-7000000.0,646000000.0,646000000.0,646000000.0,0.0,25000000.0,0.035,2005000000.0,1053000000.0,3620000000.0,0.26,1.992,14.015,13.998,2907000000.0,0.0,114.36,0.495,0.499,2216000000.0,5507000000.0,18281000000.0,18281000000.0,0.0,0.042,0.147,0.124,0.049,0.0,1779000000.0,1.0,79166263.0,79800000.0,81100000.0,229.085,11842000000.0,2468000000.0,65000000.0,0.0,148.396,377000000.0
34,WHR,MRT,2013-03-31,2013-03-31,2013-03-31,2021-10-22,-1563000000.0,15331000000.0,15076500000.0,6715000000.0,8616000000.0,1.197,56.431,-455000000.0,750000000.0,750000000.0,15074000000.0,585000000.0,1.158,2.401,2452000000.0,11000000.0,2441000000.0,2452000000.0,0.0,529000000.0,0.0,0.017,2.0,782000000.0,1311000000.0,0.073,1311000000.0,782000000.0,591000000.0,7.14,7.02,7.14,4475000000.0,4320250000.0,4475000000.0,10597187669.0,14.0,8.083,359000000.0,4.527,1.0,2969000000.0,0.165,3439000000.0,191000000.0,7793000000.0,7174500000.0,2569000000.0,0.0,0.0,0.0,10745000000.0,5801000000.0,4944000000.0,9304187669.0,167000000.0,-20000000.0,69000000.0,-36000000.0,-155000000.0,-128000000.0,-499000000.0,0.0,814000000.0,-20000000.0,561000000.0,561000000.0,561000000.0,0.0,24000000.0,0.031,2050000000.0,919000000.0,3556000000.0,0.28,2.079,16.585,16.591,2961000000.0,0.0,118.46,0.516,0.521,2080000000.0,5360000000.0,18043000000.0,18043000000.0,0.0,0.037,0.13,0.109,0.043,0.0,1773000000.0,1.0,78542864.0,79300000.0,80700000.0,227.528,11892000000.0,2485000000.0,30000000.0,0.0,149.962,914000000.0
35,WHR,MRT,2012-12-31,2012-12-31,2012-12-31,2021-10-22,-1531000000.0,15396000000.0,14997500000.0,6827000000.0,8569000000.0,1.21,54.545,-476000000.0,1168000000.0,1168000000.0,15250000000.0,425000000.0,1.049,2.589,2461000000.0,517000000.0,1944000000.0,2461000000.0,0.0,551000000.0,0.0,0.02,2.0,733000000.0,1284000000.0,0.071,1284000000.0,733000000.0,534000000.0,5.14,5.06,5.14,4260000000.0,4290250000.0,4260000000.0,9853619978.0,13.0,7.674,220000000.0,2.817,1.0,2893000000.0,0.159,3449000000.0,199000000.0,6730000000.0,6959500000.0,2354000000.0,0.0,0.0,0.0,11029000000.0,6510000000.0,4519000000.0,7921619978.0,59000000.0,-18000000.0,43000000.0,-33000000.0,-155000000.0,-148000000.0,-494000000.0,0.0,696000000.0,5000000.0,401000000.0,401000000.0,401000000.0,0.0,24000000.0,0.022,2024000000.0,869000000.0,3698000000.0,0.389,1.86,19.755,19.796,3034000000.0,0.0,101.75,0.437,0.438,2038000000.0,5147000000.0,18143000000.0,18143000000.0,0.0,0.027,0.093,0.105,0.04,0.0,1757000000.0,1.0,77853759.0,78100000.0,79300000.0,232.305,11947000000.0,2390000000.0,133000000.0,0.0,152.971,317000000.0
36,WHR,MRT,2012-09-30,2012-09-30,2012-09-30,2021-10-22,-1318000000.0,14972000000.0,14943750000.0,6604000000.0,8368000000.0,1.222,55.338,-462000000.0,518000000.0,518000000.0,15469000000.0,510000000.0,1.038,2.43,2450000000.0,530000000.0,1920000000.0,2450000000.0,0.0,561000000.0,0.0,0.024,2.0,691000000.0,1252000000.0,0.069,1252000000.0,691000000.0,488000000.0,6.25,6.16,6.25,4333000000.0,4270500000.0,4333000000.0,8438299312.0,12.0,6.74,249000000.0,3.18,1.0,2794000000.0,0.153,3460000000.0,203000000.0,7084000000.0,6972500000.0,2598000000.0,0.0,0.0,0.0,10531000000.0,6360000000.0,4171000000.0,6429299312.0,7000000.0,0.0,14000000.0,-59000000.0,-154000000.0,-223000000.0,-462000000.0,0.0,711000000.0,-19000000.0,484000000.0,484000000.0,484000000.0,0.0,26000000.0,0.027,1977000000.0,817000000.0,3588000000.0,0.32,1.484,13.284,13.266,2947000000.0,0.0,82.91,0.352,0.355,2266000000.0,5083000000.0,18263000000.0,18263000000.0,0.0,0.032,0.113,0.099,0.038,0.0,1694000000.0,1.0,77545523.0,78300000.0,79300000.0,233.244,11512000000.0,2224000000.0,4000000.0,0.0,147.024,244000000.0
37,WHR,MRT,2012-06-30,2012-06-30,2012-06-30,2021-10-22,-1376000000.0,14607000000.0,14951500000.0,6277000000.0,8330000000.0,1.23,54.013,-531000000.0,426000000.0,426000000.0,15730000000.0,611000000.0,1.036,2.442,2435000000.0,513000000.0,1922000000.0,2435000000.0,0.0,569000000.0,0.0,0.033,2.0,627000000.0,1196000000.0,0.065,1196000000.0,627000000.0,421000000.0,7.61,7.49,7.61,4213000000.0,4247000000.0,4213000000.0,6631057936.0,11.0,5.544,-122000000.0,-1.564,1.0,2664000000.0,0.145,3465000000.0,206000000.0,7091000000.0,7018750000.0,2583000000.0,0.0,0.0,0.0,10289000000.0,6060000000.0,4229000000.0,4725057936.0,-419000000.0,0.0,11000000.0,-76000000.0,-154000000.0,-245000000.0,-504000000.0,0.0,409000000.0,-79000000.0,587000000.0,587000000.0,587000000.0,0.0,24000000.0,0.032,1924000000.0,740000000.0,3517000000.0,0.263,1.122,8.05,8.037,2955000000.0,0.0,61.16,0.257,0.259,2125000000.0,5049000000.0,18394000000.0,18394000000.0,0.0,0.039,0.138,0.089,0.034,0.0,1668000000.0,1.0,77257324.0,78000000.0,78800000.0,235.821,11142000000.0,2145000000.0,-166000000.0,0.0,142.846,217000000.0
38,WHR,MRT,2012-03-31,2012-03-31,2012-03-31,2021-10-22,-1131000000.0,15015000000.0,15278250000.0,6277000000.0,8738000000.0,1.218,56.339,-565000000.0,583000000.0,583000000.0,16009000000.0,327000000.0,0.964,2.424,2489000000.0,861000000.0,1628000000.0,2489000000.0,0.0,568000000.0,0.0,0.026,2.0,150000000.0,718000000.0,0.039,718000000.0,150000000.0,-63000000.0,4.06,3.96,4.06,4355000000.0,4293250000.0,4355000000.0,7270214548.0,48.0,10.126,-234000000.0,-3.027,1.0,2605000000.0,0.14,3479000000.0,213000000.0,6933000000.0,7049000000.0,2608000000.0,0.0,0.0,0.0,10557000000.0,6509000000.0,4048000000.0,5888214548.0,-443000000.0,0.0,17000000.0,-15000000.0,-154000000.0,-171000000.0,-569000000.0,0.0,331000000.0,-34000000.0,313000000.0,313000000.0,313000000.0,0.0,14000000.0,0.017,1836000000.0,769000000.0,3581000000.0,0.493,1.352,18.812,18.931,3097000000.0,0.0,76.86,0.316,0.319,2143000000.0,4975000000.0,18614000000.0,18614000000.0,0.0,0.02,0.073,0.021,0.008,0.0,1646000000.0,1.0,76609609.0,77300000.0,78500000.0,240.802,11536000000.0,2160000000.0,-376000000.0,0.0,149.237,-232000000.0
39,WHR,MRT,2011-12-31,2011-12-31,2011-12-31,2021-10-22,-1226000000.0,15181000000.0,15426750000.0,6422000000.0,8759000000.0,1.21,54.44,-585000000.0,1109000000.0,1109000000.0,16089000000.0,408000000.0,1.02,2.607,2491000000.0,362000000.0,2129000000.0,2491000000.0,0.0,558000000.0,0.0,0.041,1.93,167000000.0,725000000.0,0.039,725000000.0,167000000.0,-46000000.0,5.07,4.99,5.07,4181000000.0,4321250000.0,4181000000.0,5627037573.0,34.0,7.761,-55000000.0,-0.716,1.0,2577000000.0,0.138,3484000000.0,213000000.0,6782000000.0,7224750000.0,2354000000.0,0.0,0.0,0.0,10901000000.0,6297000000.0,4604000000.0,3627037573.0,-259000000.0,-7000000.0,14000000.0,-15000000.0,-148000000.0,-166000000.0,-596000000.0,0.0,530000000.0,-27000000.0,390000000.0,390000000.0,390000000.0,0.0,18000000.0,0.021,1785000000.0,792000000.0,3512000000.0,0.381,0.868,9.3,9.359,3102000000.0,0.0,47.45,0.194,0.195,2105000000.0,4922000000.0,18666000000.0,18666000000.0,0.0,0.025,0.09,0.023,0.009,0.0,1621000000.0,1.0,76439148.0,76800000.0,78100000.0,243.047,11697000000.0,2141000000.0,-436000000.0,0.0,152.305,125000000.0
40,WHR,MRT,2011-09-30,2011-09-30,2011-09-30,2021-10-22,-990000000.0,15003000000.0,15527500000.0,6460000000.0,8543000000.0,1.211,55.124,-595000000.0,511000000.0,511000000.0,16266000000.0,373000000.0,1.035,2.516,2511000000.0,378000000.0,2133000000.0,2511000000.0,0.0,563000000.0,0.0,0.037,1.86,175000000.0,738000000.0,0.039,738000000.0,175000000.0,-43000000.0,4.64,4.52,4.64,4239000000.0,4332500000.0,4239000000.0,5489057570.0,31.0,7.438,-236000000.0,-3.069,1.0,2531000000.0,0.135,3491000000.0,218000000.0,7269000000.0,7293250000.0,2864000000.0,0.0,0.0,0.0,10666000000.0,6243000000.0,4423000000.0,3813057570.0,-390000000.0,8000000.0,14000000.0,-13000000.0,-143000000.0,-168000000.0,-591000000.0,0.0,359000000.0,10000000.0,356000000.0,356000000.0,356000000.0,0.0,17000000.0,0.019,1742000000.0,789000000.0,3536000000.0,0.401,0.9,10.711,10.756,3081000000.0,0.0,49.91,0.203,0.204,2261000000.0,4755000000.0,18797000000.0,18797000000.0,0.0,0.023,0.082,0.024,0.009,0.0,1640000000.0,1.0,76398669.0,76900000.0,78100000.0,244.434,11512000000.0,1928000000.0,-399000000.0,0.0,149.701,217000000.0
41,WHR,MRT,2011-06-30,2011-06-30,2011-06-30,2021-10-22,-687000000.0,15914000000.0,15676500000.0,7215000000.0,8699000000.0,1.192,57.266,-557000000.0,845000000.0,845000000.0,16085000000.0,275000000.0,1.05,2.595,2521000000.0,378000000.0,2143000000.0,2521000000.0,0.0,568000000.0,0.0,0.022,1.79,196000000.0,764000000.0,0.041,764000000.0,196000000.0,-25000000.0,3.37,3.27,3.37,4398000000.0,4279750000.0,4398000000.0,7680581707.0,39.0,10.053,117000000.0,1.523,1.0,2606000000.0,0.139,3509000000.0,221000000.0,7212000000.0,7317500000.0,3071000000.0,0.0,0.0,0.0,11415000000.0,6869000000.0,4546000000.0,6198581707.0,-5000000.0,-19000000.0,14000000.0,-20000000.0,-137000000.0,-173000000.0,-607000000.0,0.0,674000000.0,101000000.0,258000000.0,258000000.0,258000000.0,0.0,17000000.0,0.014,1719000000.0,887000000.0,3827000000.0,0.531,1.409,24.026,24.131,3213000000.0,0.0,81.32,0.332,0.334,2455000000.0,4617000000.0,18691000000.0,18691000000.0,0.0,0.016,0.06,0.027,0.01,0.0,1637000000.0,1.0,76224566.0,76800000.0,76800000.0,243.372,12405000000.0,1815000000.0,-283000000.0,0.0,161.523,346000000.0
42,WHR,MRT,2011-03-31,2011-03-31,2011-03-31,2021-10-22,-803000000.0,15609000000.0,15381000000.0,7201000000.0,8408000000.0,1.202,58.24,-543000000.0,1026000000.0,1026000000.0,15797000000.0,654000000.0,1.213,2.471,2508000000.0,315000000.0,2193000000.0,2508000000.0,0.0,562000000.0,0.0,0.02,1.72,760000000.0,1322000000.0,0.071,1322000000.0,760000000.0,539000000.0,8.16,8.01,8.16,4467000000.0,4105000000.0,4467000000.0,7631937864.0,10.0,5.773,240000000.0,3.129,1.0,2698000000.0,0.146,3518000000.0,221000000.0,7636000000.0,7264000000.0,2938000000.0,0.0,0.0,0.0,11037000000.0,5937000000.0,5100000000.0,6490937864.0,-165000000.0,-32000000.0,73000000.0,-349000000.0,-132000000.0,-434000000.0,-575000000.0,0.0,783000000.0,61000000.0,624000000.0,624000000.0,624000000.0,0.0,30000000.0,0.034,1703000000.0,995000000.0,3572000000.0,0.211,1.453,10.402,10.461,3174000000.0,0.0,85.36,0.351,0.354,2347000000.0,4816000000.0,18495000000.0,18495000000.0,0.0,0.041,0.152,0.105,0.041,0.0,1613000000.0,1.0,76041915.0,76700000.0,77900000.0,241.134,12091000000.0,1612000000.0,-85000000.0,0.0,157.64,1264000000.0
43,WHR,MRT,2010-12-31,2010-12-31,2010-12-31,2021-10-22,-893000000.0,15584000000.0,15248250000.0,7315000000.0,8269000000.0,1.204,55.459,-576000000.0,1368000000.0,1368000000.0,15652000000.0,650000000.0,1.19,2.665,2509000000.0,314000000.0,2195000000.0,2509000000.0,0.0,555000000.0,0.0,0.019,1.72,780000000.0,1335000000.0,0.073,1335000000.0,780000000.0,555000000.0,8.12,7.97,8.12,4226000000.0,3912000000.0,4226000000.0,8373817071.0,11.0,6.273,502000000.0,6.588,1.0,2714000000.0,0.148,3520000000.0,225000000.0,7056000000.0,7188250000.0,2792000000.0,0.0,0.0,0.0,11264000000.0,6149000000.0,5115000000.0,6752817071.0,-12000000.0,-30000000.0,72000000.0,-397000000.0,-132000000.0,-495000000.0,-606000000.0,0.0,1078000000.0,11000000.0,619000000.0,619000000.0,619000000.0,0.0,31000000.0,0.034,1706000000.0,1008000000.0,3660000000.0,0.212,1.598,10.909,10.94,3134000000.0,0.0,88.83,0.368,0.369,2278000000.0,4680000000.0,18366000000.0,18366000000.0,0.0,0.041,0.158,0.109,0.042,0.0,1604000000.0,1.0,76019555.0,76200000.0,77600000.0,241.024,12064000000.0,1509000000.0,-64000000.0,0.0,158.32,1166000000.0
44,WHR,MRT,2010-09-30,2010-09-30,2010-09-30,2021-10-22,-944000000.0,15599000000.0,15125750000.0,7458000000.0,8141000000.0,1.203,52.654,-563000000.0,901000000.0,901000000.0,15453000000.0,574000000.0,1.18,2.848,2522000000.0,325000000.0,2197000000.0,2522000000.0,0.0,551000000.0,0.0,0.021,1.72,723000000.0,1274000000.0,0.07,1274000000.0,723000000.0,515000000.0,7.16,7.03,7.16,4028000000.0,3771500000.0,4028000000.0,7830721348.0,11.0,6.147,712000000.0,9.307,1.0,2736000000.0,0.15,3533000000.0,208000000.0,7366000000.0,7212000000.0,3084000000.0,0.0,0.0,0.0,11470000000.0,6321000000.0,5149000000.0,6153721348.0,176000000.0,-65000000.0,93000000.0,-397000000.0,-131000000.0,-471000000.0,-628000000.0,0.0,1275000000.0,0.0,543000000.0,543000000.0,543000000.0,0.0,31000000.0,0.03,1731000000.0,1005000000.0,3700000000.0,0.24,1.528,11.333,11.307,3077000000.0,0.0,80.96,0.338,0.341,2552000000.0,4542000000.0,18189000000.0,18189000000.0,0.0,0.036,0.144,0.1,0.04,0.0,1590000000.0,1.0,76009404.0,76500000.0,77700000.0,237.765,12066000000.0,224000000.0,-28000000.0,0.0,157.725,1137000000.0
45,WHR,MRT,2010-06-30,2010-06-30,2010-06-30,2021-10-22,-1224000000.0,14732000000.0,14940250000.0,6861000000.0,7871000000.0,1.216,48.543,-529000000.0,850000000.0,850000000.0,15459000000.0,584000000.0,1.162,2.958,2527000000.0,332000000.0,2195000000.0,2527000000.0,0.0,540000000.0,0.0,0.02,1.72,729000000.0,1269000000.0,0.07,1269000000.0,729000000.0,517000000.0,7.29,7.16,7.29,3699000000.0,3662000000.0,3699000000.0,8254475825.0,11.0,6.505,1195000000.0,15.682,1.0,2708000000.0,0.149,3506000000.0,212000000.0,6998000000.0,7311500000.0,2676000000.0,0.0,0.0,0.0,10941000000.0,5905000000.0,5036000000.0,6596475825.0,603000000.0,-41000000.0,93000000.0,-424000000.0,-131000000.0,-527000000.0,-570000000.0,0.0,1724000000.0,-24000000.0,551000000.0,551000000.0,551000000.0,0.0,33000000.0,0.03,1748000000.0,960000000.0,3499000000.0,0.236,1.783,11.972,12.047,2970000000.0,0.0,87.82,0.363,0.368,2382000000.0,4496000000.0,18167000000.0,18167000000.0,0.0,0.037,0.15,0.1,0.04,0.0,1599000000.0,1.0,75113594.0,76200000.0,77700000.0,238.412,11226000000.0,253000000.0,-34000000.0,0.0,147.323,956000000.0
46,WHR,MRT,2010-03-31,2010-03-31,2010-03-31,2021-10-22,-980000000.0,15078000000.0,14692000000.0,7040000000.0,8038000000.0,1.212,49.005,-510000000.0,1191000000.0,1191000000.0,15301000000.0,455000000.0,1.196,3.055,2849000000.0,351000000.0,2498000000.0,2849000000.0,0.0,544000000.0,0.0,0.02,1.72,591000000.0,1135000000.0,0.064,1135000000.0,591000000.0,376000000.0,5.65,5.56,5.65,3695000000.0,3581000000.0,3695000000.0,8049760418.0,14.0,7.092,1383000000.0,18.342,1.0,2501000000.0,0.14,3517000000.0,215000000.0,7333000000.0,7530250000.0,2437000000.0,0.0,0.0,0.0,11287000000.0,5886000000.0,5401000000.0,6526760418.0,998000000.0,-40000000.0,28000000.0,-209000000.0,-129000000.0,-366000000.0,-550000000.0,0.0,1893000000.0,21000000.0,424000000.0,424000000.0,424000000.0,0.0,31000000.0,0.024,1738000000.0,763000000.0,3323000000.0,0.304,1.766,15.393,15.442,3079000000.0,0.0,87.25,0.367,0.37,2440000000.0,4324000000.0,17802000000.0,17802000000.0,0.0,0.029,0.118,0.078,0.033,0.0,1588000000.0,1.0,74805277.0,75400000.0,76800000.0,236.101,11561000000.0,331000000.0,-48000000.0,0.0,153.329,1154000000.0
47,WHR,MRT,2009-12-31,2009-12-31,2009-12-31,2021-10-22,-868000000.0,15094000000.0,14223000000.0,7025000000.0,8069000000.0,1.202,49.115,-464000000.0,1380000000.0,1380000000.0,14713000000.0,354000000.0,1.182,3.093,2903000000.0,401000000.0,2502000000.0,2903000000.0,0.0,525000000.0,0.0,0.021,1.72,486000000.0,1011000000.0,0.059,1011000000.0,486000000.0,267000000.0,4.39,4.34,4.39,3664000000.0,3404000000.0,3664000000.0,8185263157.0,17.0,8.096,1086000000.0,14.558,1.0,2386000000.0,0.14,3525000000.0,219000000.0,7151000000.0,7473250000.0,2197000000.0,0.0,0.0,0.0,11334000000.0,5941000000.0,5393000000.0,5991263157.0,1234000000.0,-35000000.0,21000000.0,300000000.0,-128000000.0,144000000.0,-499000000.0,0.0,1550000000.0,39000000.0,328000000.0,328000000.0,328000000.0,0.0,26000000.0,0.019,1698000000.0,688000000.0,3308000000.0,0.392,1.635,18.266,18.374,3117000000.0,0.0,80.66,0.35,0.352,2500000000.0,4193000000.0,17099000000.0,17099000000.0,0.0,0.023,0.096,0.065,0.028,0.0,1544000000.0,1.0,74277996.0,74600000.0,75600000.0,229.209,11569000000.0,1399000000.0,-61000000.0,0.0,155.08,1084000000.0
48,WHR,MRT,2009-09-30,2009-09-30,2009-09-30,2021-10-22,-845000000.0,14857000000.0,13832500000.0,6922000000.0,7935000000.0,1.196,48.059,-364000000.0,725000000.0,725000000.0,14379000000.0,303000000.0,1.202,3.11,2919000000.0,416000000.0,2503000000.0,2919000000.0,0.0,518000000.0,0.0,0.025,1.72,297000000.0,815000000.0,0.049,815000000.0,297000000.0,66000000.0,3.75,3.71,3.75,3590000000.0,3239500000.0,3590000000.0,7882046243.0,27.0,9.671,621000000.0,8.313,1.0,2171000000.0,0.131,3530000000.0,231000000.0,7764000000.0,7403250000.0,2418000000.0,0.0,0.0,0.0,11165000000.0,5757000000.0,5408000000.0,5179046243.0,300000000.0,-20000000.0,0.0,-100000000.0,-126000000.0,-282000000.0,-384000000.0,0.0,985000000.0,-19000000.0,277000000.0,277000000.0,277000000.0,0.0,26000000.0,0.017,1672000000.0,499000000.0,3067000000.0,0.459,1.443,18.697,18.656,3066000000.0,0.0,69.96,0.313,0.316,2742000000.0,4130000000.0,16550000000.0,16550000000.0,0.0,0.02,0.086,0.04,0.018,0.0,1496000000.0,1.0,74028677.0,74700000.0,75700000.0,221.553,11327000000.0,388000000.0,-211000000.0,0.0,151.633,1165000000.0
49,WHR,MRT,2009-06-30,2009-06-30,2009-06-30,2021-10-22,-995000000.0,13739000000.0,13735750000.0,6039000000.0,7700000000.0,1.234,45.302,-404000000.0,247000000.0,247000000.0,14719000000.0,378000000.0,1.2,3.044,2950000000.0,463000000.0,2487000000.0,2950000000.0,0.0,545000000.0,0.0,0.04,1.72,334000000.0,879000000.0,0.052,879000000.0,334000000.0,109000000.0,4.76,4.71,4.76,3375000000.0,3335000000.0,3375000000.0,5982028559.0,18.0,6.805,-116000000.0,-1.557,1.0,2236000000.0,0.132,3537000000.0,225000000.0,7873000000.0,7233000000.0,2472000000.0,0.0,0.0,0.0,10274000000.0,5032000000.0,5242000000.0,3142028559.0,-214000000.0,-17000000.0,-82000000.0,241000000.0,-126000000.0,11000000.0,-421000000.0,0.0,288000000.0,-92000000.0,353000000.0,353000000.0,353000000.0,0.0,25000000.0,0.021,1749000000.0,487000000.0,2649000000.0,0.361,0.931,8.901,8.941,3021000000.0,0.0,42.56,0.185,0.187,2326000000.0,4076000000.0,16955000000.0,16955000000.0,0.0,0.026,0.106,0.046,0.02,0.0,1573000000.0,1.0,73825859.0,74500000.0,75000000.0,227.584,10202000000.0,432000000.0,-244000000.0,0.0,136.94,1007000000.0
50,WHR,MRT,2009-03-31,2009-03-31,2009-03-31,2021-10-22,-1323000000.0,13202000000.0,14010750000.0,5820000000.0,7382000000.0,1.275,40.256,-421000000.0,193000000.0,193000000.0,15428000000.0,420000000.0,1.078,3.395,3033000000.0,1077000000.0,1956000000.0,3033000000.0,0.0,559000000.0,0.0,0.058,1.72,388000000.0,947000000.0,0.053,947000000.0,388000000.0,172000000.0,5.26,5.2,5.26,2987000000.0,3544500000.0,2987000000.0,4627369326.0,12.0,4.886,-28000000.0,-0.377,1.0,2434000000.0,0.136,3536000000.0,216000000.0,7105000000.0,7098000000.0,2573000000.0,0.0,0.0,0.0,10141000000.0,5401000000.0,4740000000.0,2176369326.0,-128000000.0,-5000000.0,-133000000.0,284000000.0,-127000000.0,4000000.0,-426000000.0,0.0,393000000.0,-99000000.0,392000000.0,392000000.0,392000000.0,0.0,28000000.0,0.022,1878000000.0,556000000.0,2392000000.0,0.327,0.729,5.552,5.625,2913000000.0,0.0,29.59,0.122,0.123,1936000000.0,4029000000.0,17862000000.0,17862000000.0,0.0,0.028,0.111,0.055,0.022,0.0,1685000000.0,1.0,73550839.0,74200000.0,74700000.0,240.728,9666000000.0,563000000.0,-220000000.0,0.0,130.27,419000000.0
51,WHR,MRT,2008-12-31,2008-12-31,2008-12-31,2021-10-22,-1259000000.0,13532000000.0,14336000000.0,6044000000.0,7488000000.0,1.319,40.027,-428000000.0,146000000.0,146000000.0,16383000000.0,447000000.0,1.086,3.479,2597000000.0,595000000.0,2002000000.0,2597000000.0,0.0,597000000.0,0.0,0.042,1.72,420000000.0,1017000000.0,0.054,1017000000.0,420000000.0,217000000.0,5.57,5.5,5.57,3006000000.0,3815500000.0,3006000000.0,5634335239.0,13.0,5.54,-101000000.0,-1.345,1.0,2524000000.0,0.133,3549000000.0,203000000.0,6871000000.0,7240750000.0,2591000000.0,0.0,0.0,0.0,10459000000.0,5563000000.0,4896000000.0,3039335239.0,-55000000.0,-5000000.0,-226000000.0,515000000.0,-128000000.0,141000000.0,-433000000.0,0.0,327000000.0,-90000000.0,418000000.0,418000000.0,418000000.0,0.0,29000000.0,0.022,1975000000.0,549000000.0,2805000000.0,0.309,1.011,7.271,7.424,2985000000.0,0.0,41.35,0.161,0.164,2103000000.0,3993000000.0,18907000000.0,18907000000.0,0.0,0.029,0.11,0.058,0.022,0.0,1798000000.0,1.0,73502666.0,75100000.0,76000000.0,251.758,9983000000.0,580000000.0,-201000000.0,0.0,132.929,481000000.0
52,WHR,MRT,2008-09-30,2008-09-30,2008-09-30,2021-10-22,-275000000.0,14470000000.0,14455250000.0,7167000000.0,7303000000.0,1.378,53.244,-538000000.0,425000000.0,425000000.0,17028000000.0,605000000.0,1.12,2.643,3020000000.0,1056000000.0,1964000000.0,3020000000.0,0.0,625000000.0,0.0,0.022,1.72,761000000.0,1386000000.0,0.07,1386000000.0,761000000.0,559000000.0,7.46,7.37,7.46,3972000000.0,4041750000.0,3972000000.0,8173230885.0,11.0,5.897,255000000.0,3.418,1.0,2889000000.0,0.145,3581000000.0,202000000.0,7083000000.0,7121500000.0,3053000000.0,0.0,0.0,0.0,10498000000.0,6401000000.0,4097000000.0,5902230885.0,167000000.0,-25000000.0,-338000000.0,438000000.0,-131000000.0,-38000000.0,-563000000.0,0.0,793000000.0,-25000000.0,561000000.0,561000000.0,561000000.0,0.0,44000000.0,0.028,2018000000.0,871000000.0,3282000000.0,0.231,1.486,10.521,10.629,3089000000.0,0.0,79.29,0.296,0.297,2603000000.0,3979000000.0,19917000000.0,19917000000.0,0.0,0.039,0.139,0.107,0.038,0.0,1903000000.0,1.0,74438528.0,74600000.0,75500000.0,266.984,10889000000.0,340000000.0,-2000000.0,0.0,145.965,766000000.0
53,WHR,MRT,2008-06-30,2008-06-30,2008-06-30,2021-10-22,21000000.0,14839000000.0,14457250000.0,7326000000.0,7513000000.0,1.373,55.95,-441000000.0,461000000.0,461000000.0,16959000000.0,612000000.0,1.186,2.522,2732000000.0,765000000.0,1967000000.0,2732000000.0,0.0,611000000.0,0.0,0.028,1.72,827000000.0,1438000000.0,0.072,1438000000.0,827000000.0,625000000.0,7.52,7.42,7.52,4213000000.0,3991250000.0,4213000000.0,7124612241.0,9.0,4.955,527000000.0,6.999,1.0,2896000000.0,0.146,3598000000.0,202000000.0,7333000000.0,7055000000.0,2996000000.0,0.0,0.0,0.0,10626000000.0,6179000000.0,4447000000.0,4637612241.0,118000000.0,-25000000.0,-394000000.0,115000000.0,-131000000.0,-423000000.0,-466000000.0,0.0,968000000.0,39000000.0,573000000.0,573000000.0,573000000.0,0.0,39000000.0,0.029,1944000000.0,952000000.0,3399000000.0,0.229,1.101,8.094,8.209,3287000000.0,0.0,61.73,0.234,0.234,2628000000.0,3849000000.0,19855000000.0,19855000000.0,0.0,0.04,0.144,0.117,0.042,0.0,1840000000.0,1.0,75127365.0,75300000.0,76300000.0,263.679,11241000000.0,307000000.0,52000000.0,0.0,149.283,1147000000.0
54,WHR,MRT,2008-03-31,2008-03-31,2008-03-31,2021-10-22,-81000000.0,14503000000.0,14319750000.0,7002000000.0,7501000000.0,1.371,53.355,-421000000.0,321000000.0,321000000.0,16756000000.0,645000000.0,1.226,2.563,2808000000.0,642000000.0,2166000000.0,2808000000.0,0.0,603000000.0,0.0,0.02,1.72,898000000.0,1501000000.0,0.076,1501000000.0,898000000.0,696000000.0,8.01,7.89,8.01,4071000000.0,3829750000.0,4071000000.0,8472611403.0,9.0,5.645,327000000.0,4.286,1.0,2877000000.0,0.147,3603000000.0,202000000.0,7676000000.0,6899500000.0,2912000000.0,0.0,0.0,0.0,10432000000.0,5711000000.0,4721000000.0,6580611403.0,80000000.0,-17000000.0,-415000000.0,295000000.0,-133000000.0,-267000000.0,-438000000.0,0.0,748000000.0,37000000.0,617000000.0,617000000.0,617000000.0,0.0,28000000.0,0.031,1881000000.0,996000000.0,3165000000.0,0.215,1.616,10.665,10.834,3272000000.0,0.0,86.78,0.335,0.337,2564000000.0,3764000000.0,19633000000.0,19633000000.0,0.0,0.043,0.161,0.13,0.046,0.0,1801000000.0,1.0,75830968.0,76300000.0,77300000.0,257.313,10900000000.0,306000000.0,79000000.0,0.0,142.857,1291000000.0
55,WHR,MRT,2007-12-31,2007-12-31,2007-12-31,2021-10-22,-270000000.0,14009000000.0,14161500000.0,6555000000.0,7454000000.0,1.37,49.822,-406000000.0,201000000.0,201000000.0,16517000000.0,662000000.0,1.112,2.582,2093000000.0,425000000.0,1668000000.0,2093000000.0,0.0,593000000.0,0.0,0.021,1.72,960000000.0,1553000000.0,0.08,1553000000.0,960000000.0,757000000.0,8.24,8.1,8.24,3911000000.0,3673250000.0,3911000000.0,8630544239.0,9.0,5.557,527000000.0,6.713,1.0,2891000000.0,0.149,3614000000.0,203000000.0,6394000000.0,6627750000.0,2665000000.0,0.0,0.0,0.0,10098000000.0,5893000000.0,4205000000.0,6309544239.0,-61000000.0,75000000.0,-300000000.0,-257000000.0,-134000000.0,-696000000.0,-331000000.0,0.0,933000000.0,33000000.0,640000000.0,640000000.0,640000000.0,7000000.0,22000000.0,0.033,1828000000.0,1063000000.0,3260000000.0,0.209,1.613,9.859,9.907,3212000000.0,0.0,81.63,0.325,0.33,2604000000.0,3703000000.0,19408000000.0,19408000000.0,0.0,0.045,0.174,0.145,0.049,0.0,1736000000.0,1.0,77294429.0,78500000.0,79900000.0,247.236,10395000000.0,324000000.0,117000000.0,0.0,132.42,662000000.0
56,WHR,MRT,2007-09-30,2007-09-30,2007-09-30,2021-10-22,-347000000.0,14478000000.0,14099000000.0,7010000000.0,7468000000.0,1.35,48.148,-366000000.0,258000000.0,258000000.0,16289000000.0,562000000.0,1.104,2.84,2579000000.0,911000000.0,1668000000.0,2579000000.0,0.0,596000000.0,0.0,0.019,1.72,839000000.0,1435000000.0,0.075,1435000000.0,839000000.0,638000000.0,7.15,7.03,7.15,3770000000.0,3516250000.0,3770000000.0,9260498404.0,11.0,6.453,365000000.0,4.662,1.0,2748000000.0,0.144,3635000000.0,201000000.0,6817000000.0,6593250000.0,2934000000.0,16000000.0,0.0,16000000.0,10708000000.0,6347000000.0,4361000000.0,7001498404.0,149000000.0,160000000.0,-181000000.0,-67000000.0,-135000000.0,-400000000.0,-206000000.0,0.0,731000000.0,24000000.0,562000000.0,562000000.0,562000000.0,31000000.0,0.0,0.03,1827000000.0,921000000.0,3217000000.0,0.241,1.857,12.458,12.462,3099000000.0,0.0,89.1,0.368,0.366,2755000000.0,3549000000.0,19037000000.0,19037000000.0,0.0,0.04,0.16,0.127,0.044,0.0,1732000000.0,1.0,78580229.0,78300000.0,79800000.0,243.129,10843000000.0,848000000.0,76000000.0,386000000.0,138.48,663000000.0
57,WHR,MRT,2007-06-30,2007-06-30,2007-06-30,2021-10-22,-543000000.0,14289000000.0,13966000000.0,6866000000.0,7423000000.0,1.363,45.266,-445000000.0,343000000.0,343000000.0,16280000000.0,504000000.0,1.104,3.006,2602000000.0,925000000.0,1677000000.0,2602000000.0,0.0,605000000.0,0.0,0.015,1.72,834000000.0,1439000000.0,0.076,1439000000.0,834000000.0,618000000.0,6.4,6.3,6.4,3567000000.0,3350750000.0,3567000000.0,11012738201.0,13.0,7.653,350000000.0,4.442,1.0,2760000000.0,0.145,3615000000.0,216000000.0,6711000000.0,6608250000.0,2810000000.0,18000000.0,0.0,18000000.0,10722000000.0,6222000000.0,4500000000.0,8775738201.0,42000000.0,244000000.0,-36000000.0,-408000000.0,-136000000.0,-568000000.0,-202000000.0,0.0,795000000.0,17000000.0,504000000.0,504000000.0,504000000.0,48000000.0,0.0,0.026,1872000000.0,888000000.0,3191000000.0,0.269,2.46,17.412,17.375,3080000000.0,0.0,111.2,0.461,0.46,2683000000.0,3407000000.0,19040000000.0,19040000000.0,0.0,0.036,0.15,0.126,0.044,0.0,1780000000.0,1.0,78918509.0,78800000.0,80500000.0,241.624,10674000000.0,908000000.0,114000000.0,413000000.0,135.457,644000000.0
58,WHR,MRT,2007-03-31,2007-03-31,2007-03-31,2021-10-22,-593000000.0,13870000000.0,13938250000.0,6453000000.0,7417000000.0,1.357,43.774,-487000000.0,241000000.0,241000000.0,16193000000.0,434000000.0,1.094,3.026,2478000000.0,804000000.0,1674000000.0,2478000000.0,0.0,597000000.0,0.0,0.02,1.72,777000000.0,1374000000.0,0.073,1374000000.0,777000000.0,554000000.0,5.52,5.44,5.52,3445000000.0,3207750000.0,3445000000.0,8756229094.0,11.0,6.373,450000000.0,5.718,1.0,2727000000.0,0.144,3621000000.0,223000000.0,6589000000.0,6639750000.0,2656000000.0,22000000.0,0.0,22000000.0,10425000000.0,5897000000.0,4528000000.0,6682229094.0,-3000000.0,203000000.0,63000000.0,-544000000.0,-135000000.0,-610000000.0,-340000000.0,-53000000.0,937000000.0,10000000.0,434000000.0,434000000.0,434000000.0,57000000.0,0.0,0.023,1881000000.0,846000000.0,3005000000.0,0.312,1.94,15.397,15.382,3089000000.0,0.0,84.91,0.353,0.353,2525000000.0,3280000000.0,18920000000.0,18920000000.0,0.0,0.031,0.135,0.117,0.041,0.0,1782000000.0,1.0,78697787.0,78700000.0,79900000.0,240.407,10249000000.0,895000000.0,120000000.0,395000000.0,130.229,556000000.0
59,WHR,MRT,2006-12-31,2006-12-31,2006-12-31,2021-10-22,-643000000.0,13759000000.0,13904250000.0,6517000000.0,7242000000.0,1.3,43.715,-490000000.0,262000000.0,262000000.0,15420000000.0,433000000.0,1.078,3.191,2336000000.0,538000000.0,1798000000.0,2336000000.0,0.0,550000000.0,0.0,0.021,1.72,761000000.0,1311000000.0,0.073,1311000000.0,761000000.0,559000000.0,5.76,5.67,5.76,3283000000.0,3061250000.0,3283000000.0,9035209050.0,12.0,6.892,398000000.0,5.3,1.0,2660000000.0,0.147,3534000000.0,202000000.0,6256000000.0,6623500000.0,2348000000.0,0.0,0.0,0.0,10476000000.0,6043000000.0,4433000000.0,6507209050.0,-262000000.0,-651000000.0,54000000.0,92000000.0,-130000000.0,29000000.0,-1197000000.0,-53000000.0,888000000.0,18000000.0,433000000.0,433000000.0,433000000.0,53000000.0,0.0,0.024,1837000000.0,823000000.0,2945000000.0,0.299,1.982,15.028,14.413,3157000000.0,0.0,83.02,0.36,0.345,2676000000.0,3205000000.0,18080000000.0,18080000000.0,0.0,0.031,0.141,0.115,0.042,0.0,1752000000.0,1.0,78381222.0,75100000.0,76500000.0,240.746,10225000000.0,372000000.0,126000000.0,0.0,136.152,474000000.0
60,WHR,MRT,2006-09-30,2006-09-30,2006-09-30,2021-10-22,-713000000.0,13946000000.0,12539750000.0,6811000000.0,7135000000.0,1.361,39.693,-463000000.0,109000000.0,109000000.0,14469000000.0,452000000.0,1.078,3.487,2637000000.0,838000000.0,1799000000.0,2637000000.0,0.0,497000000.0,0.0,0.02,1.72,790000000.0,1287000000.0,0.075,1287000000.0,790000000.0,609000000.0,6.26,6.15,6.26,3108000000.0,2676750000.0,3108000000.0,9276303643.0,12.0,7.208,443000000.0,5.658,1.0,2598000000.0,0.152,3279000000.0,181000000.0,6877000000.0,6154500000.0,2585000000.0,26000000.0,0.0,26000000.0,10838000000.0,6318000000.0,4520000000.0,6579303643.0,-119000000.0,-743000000.0,81000000.0,242000000.0,-126000000.0,220000000.0,-1532000000.0,-53000000.0,906000000.0,17000000.0,452000000.0,452000000.0,452000000.0,26000000.0,0.0,0.026,1749000000.0,849000000.0,2913000000.0,0.275,2.117,14.556,13.436,3128000000.0,0.0,84.11,0.385,0.386,2669000000.0,3130000000.0,17067000000.0,17067000000.0,0.0,0.036,0.169,0.128,0.046,0.0,1658000000.0,1.0,78222609.0,78300000.0,79600000.0,217.969,10667000000.0,750000000.0,157000000.0,561000000.0,136.232,493000000.0
61,WHR,MRT,2006-06-30,2006-06-30,2006-06-30,2021-10-22,-727000000.0,14178000000.0,11120500000.0,6941000000.0,7237000000.0,1.423,38.397,-628000000.0,301000000.0,301000000.0,13376000000.0,449000000.0,1.047,3.734,2998000000.0,1196000000.0,1802000000.0,2998000000.0,0.0,455000000.0,0.0,0.021,1.72,762000000.0,1217000000.0,0.077,1217000000.0,762000000.0,616000000.0,6.47,6.34,6.47,2995000000.0,2373000000.0,2995000000.0,9201174529.0,12.0,7.561,349000000.0,4.474,1.0,2447000000.0,0.155,3411000000.0,146000000.0,6837000000.0,5679500000.0,2544000000.0,27000000.0,0.0,27000000.0,11183000000.0,6627000000.0,4556000000.0,6445174529.0,113000000.0,-824000000.0,108000000.0,625000000.0,-178000000.0,344000000.0,-1336000000.0,-53000000.0,977000000.0,19000000.0,449000000.0,449000000.0,449000000.0,9000000.0,0.0,0.028,1621000000.0,826000000.0,2887000000.0,0.266,2.152,14.355,12.774,3127000000.0,0.0,82.65,0.407,0.407,2571000000.0,3049000000.0,15823000000.0,15823000000.0,0.0,0.04,0.189,0.134,0.048,0.0,1535000000.0,1.0,77981543.0,78000000.0,79400000.0,202.859,10767000000.0,679000000.0,167000000.0,514000000.0,138.038,314000000.0
62,WHR,MRT,2006-03-31,2006-03-31,2006-03-31,2021-10-22,-764000000.0,13734000000.0,9625500000.0,6250000000.0,7484000000.0,1.521,41.982,-427000000.0,244000000.0,244000000.0,12378000000.0,454000000.0,0.973,3.804,3000000000.0,1692000000.0,1308000000.0,3000000000.0,0.0,424000000.0,0.0,0.019,1.72,751000000.0,1175000000.0,0.08,1175000000.0,751000000.0,627000000.0,6.75,6.62,6.75,2859000000.0,2054000000.0,2859000000.0,6940226943.0,9.0,5.907,540000000.0,7.93,1.0,2267000000.0,0.155,3540000000.0,124000000.0,6524000000.0,5327750000.0,2548000000.0,26000000.0,0.0,26000000.0,10875000000.0,6426000000.0,4449000000.0,6223226943.0,60000000.0,-791000000.0,63000000.0,333000000.0,-116000000.0,299000000.0,-1218000000.0,0.0,967000000.0,12000000.0,454000000.0,454000000.0,454000000.0,0.0,0.0,0.031,1455000000.0,812000000.0,2837000000.0,0.255,2.177,13.708,13.551,3208000000.0,0.0,91.47,0.425,0.425,2692000000.0,2991000000.0,14645000000.0,14645000000.0,0.0,0.047,0.221,0.141,0.051,0.0,1392000000.0,1.0,68035716.0,68100000.0,69500000.0,215.051,10194000000.0,774000000.0,173000000.0,485000000.0,149.692,-176000000.0
63,WHR,MRT,2005-12-31,2005-12-31,2005-12-31,2021-10-22,-862000000.0,8301000000.0,8237750000.0,4763000000.0,3538000000.0,1.738,26.006,-401000000.0,524000000.0,524000000.0,12123000000.0,422000000.0,1.094,3.757,1241000000.0,496000000.0,745000000.0,1241000000.0,0.0,442000000.0,0.0,0.021,1.72,723000000.0,1165000000.0,0.081,1165000000.0,723000000.0,593000000.0,6.3,6.19,6.3,1745000000.0,1746250000.0,1745000000.0,6823917483.0,9.0,5.857,483000000.0,7.198,1.0,2194000000.0,0.153,284000000.0,130000000.0,4380000000.0,5050750000.0,1591000000.0,28000000.0,0.0,28000000.0,6556000000.0,4354000000.0,2202000000.0,5650917483.0,281000000.0,-29000000.0,68000000.0,-131000000.0,-116000000.0,-170000000.0,-430000000.0,0.0,884000000.0,-3000000.0,422000000.0,422000000.0,422000000.0,0.0,0.0,0.029,1402000000.0,792000000.0,2330000000.0,0.273,3.238,13.391,13.295,2511000000.0,0.0,83.76,0.395,0.393,2081000000.0,2902000000.0,14317000000.0,14317000000.0,0.0,0.051,0.242,0.143,0.05,0.0,1343000000.0,1.0,67465586.0,67100000.0,68300000.0,213.368,8017000000.0,606000000.0,171000000.0,246000000.0,119.478,409000000.0
64,WHR,MRT,2005-09-30,2005-09-30,2005-09-30,2021-10-22,-566000000.0,8269000000.0,8207750000.0,4627000000.0,3642000000.0,1.705,28.254,-518000000.0,228000000.0,228000000.0,12425000000.0,393000000.0,1.103,3.368,1401000000.0,655000000.0,746000000.0,1401000000.0,0.0,443000000.0,0.0,0.023,1.72,707000000.0,1150000000.0,0.082,1150000000.0,707000000.0,573000000.0,5.88,5.78,5.88,1893000000.0,1711500000.0,1893000000.0,6509274155.0,9.0,5.66,240000000.0,3.582,1.0,1570000000.0,0.112,271000000.0,134000000.0,4977000000.0,5227750000.0,1758000000.0,28000000.0,0.0,28000000.0,6376000000.0,4194000000.0,2182000000.0,5061274155.0,9000000.0,3000000.0,43000000.0,-171000000.0,-115000000.0,-230000000.0,-245000000.0,0.0,758000000.0,-4000000.0,393000000.0,393000000.0,393000000.0,0.0,0.0,0.028,834000000.0,736000000.0,2108000000.0,0.293,2.674,12.879,12.886,2466000000.0,0.0,75.77,0.362,0.363,2065000000.0,2806000000.0,13995000000.0,13995000000.0,0.0,0.048,0.23,0.135,0.051,0.0,797000000.0,1.0,66797864.0,67000000.0,68300000.0,208.881,7998000000.0,478000000.0,180000000.0,345000000.0,119.373,433000000.0
65,WHR,MRT,2005-06-30,2005-06-30,2005-06-30,2021-10-22,-619000000.0,8198000000.0,8102250000.0,4626000000.0,3572000000.0,1.693,25.734,-329000000.0,188000000.0,188000000.0,11983000000.0,380000000.0,1.173,3.769,1636000000.0,523000000.0,1113000000.0,1636000000.0,0.0,443000000.0,0.0,0.025,1.72,686000000.0,1129000000.0,0.082,1129000000.0,686000000.0,552000000.0,5.71,5.62,5.71,1719000000.0,1583250000.0,1719000000.0,6200046309.0,9.0,5.492,383000000.0,5.734,1.0,1731000000.0,0.126,272000000.0,134000000.0,5430000000.0,5228250000.0,1772000000.0,19000000.0,0.0,19000000.0,6479000000.0,3944000000.0,2535000000.0,4690046309.0,-5000000.0,0.0,10000000.0,-307000000.0,-57000000.0,-104000000.0,-500000000.0,0.0,712000000.0,-4000000.0,380000000.0,380000000.0,380000000.0,0.0,0.0,0.028,1014000000.0,717000000.0,2047000000.0,0.301,2.728,12.342,12.278,2473000000.0,0.0,70.11,0.342,0.342,2123000000.0,2721000000.0,13714000000.0,13714000000.0,0.0,0.047,0.24,0.131,0.05,0.0,984000000.0,1.0,66895540.0,66800000.0,67900000.0,205.299,7926000000.0,479000000.0,172000000.0,360000000.0,118.653,682000000.0
66,WHR,MRT,2005-03-31,2005-03-31,2005-03-31,2021-10-22,-658000000.0,8183000000.0,7945000000.0,4620000000.0,3563000000.0,1.689,24.371,-470000000.0,184000000.0,184000000.0,11486000000.0,390000000.0,1.154,4.026,1694000000.0,559000000.0,1135000000.0,1694000000.0,0.0,447000000.0,0.0,0.025,1.72,713000000.0,1160000000.0,0.086,1160000000.0,713000000.0,583000000.0,5.83,5.73,5.83,1628000000.0,1467000000.0,1628000000.0,5696136087.0,8.0,4.91,180000000.0,2.695,1.0,1936000000.0,0.144,273000000.0,130000000.0,5416000000.0,5101000000.0,1911000000.0,20000000.0,0.0,20000000.0,6555000000.0,4004000000.0,2551000000.0,4528136087.0,-4000000.0,0.0,-145000000.0,60000000.0,-115000000.0,-179000000.0,-470000000.0,0.0,650000000.0,-5000000.0,390000000.0,390000000.0,390000000.0,0.0,0.0,0.029,1201000000.0,735000000.0,2094000000.0,0.295,2.781,11.611,11.617,2485000000.0,0.0,67.73,0.337,0.337,1992000000.0,2653000000.0,13422000000.0,13422000000.0,0.0,0.049,0.266,0.14,0.053,0.0,1178000000.0,1.0,66855693.0,66800000.0,67900000.0,200.928,7910000000.0,498000000.0,193000000.0,406000000.0,118.413,616000000.0
67,WHR,MRT,2004-12-31,2004-12-31,2004-12-31,2021-10-22,-601000000.0,8181000000.0,7748750000.0,4514000000.0,3667000000.0,1.706,23.828,-437000000.0,243000000.0,243000000.0,11081000000.0,406000000.0,1.133,4.094,1411000000.0,251000000.0,1160000000.0,1411000000.0,0.0,445000000.0,0.0,0.025,1.72,743000000.0,1188000000.0,0.09,1188000000.0,743000000.0,615000000.0,6.02,5.9,6.02,1606000000.0,1399000000.0,1606000000.0,5931279994.0,8.0,4.993,357000000.0,5.297,1.0,2139000000.0,0.162,276000000.0,128000000.0,5088000000.0,4994000000.0,1701000000.0,16000000.0,0.0,16000000.0,6575000000.0,3985000000.0,2590000000.0,4597279994.0,-6000000.0,-2000000.0,-187000000.0,-58000000.0,-116000000.0,-358000000.0,-439000000.0,0.0,794000000.0,-3000000.0,406000000.0,406000000.0,406000000.0,0.0,0.0,0.031,1381000000.0,758000000.0,2297000000.0,0.286,2.863,11.323,11.497,2583000000.0,0.0,69.21,0.348,0.353,2032000000.0,2596000000.0,13220000000.0,13220000000.0,0.0,0.052,0.29,0.149,0.056,0.0,1364000000.0,1.0,66425083.0,67400000.0,68900000.0,196.142,7905000000.0,512000000.0,209000000.0,407000000.0,117.285,529000000.0
68,WHR,MRT,2004-09-30,2004-09-30,2004-09-30,2021-10-22,-747000000.0,7847000000.0,7543750000.0,4401000000.0,3446000000.0,1.716,20.783,-349000000.0,219000000.0,219000000.0,10042000000.0,432000000.0,1.119,4.686,1553000000.0,426000000.0,1127000000.0,1553000000.0,0.0,433000000.0,0.0,0.027,1.63,799000000.0,1232000000.0,0.095,1232000000.0,799000000.0,671000000.0,6.38,6.23,6.38,1380000000.0,1322750000.0,1380000000.0,5442137084.0,7.0,4.417,462000000.0,6.958,1.0,2906000000.0,0.224,269000000.0,128000000.0,4979000000.0,4893500000.0,1688000000.0,15000000.0,0.0,15000000.0,6467000000.0,3933000000.0,2534000000.0,3989137084.0,-12000000.0,-2000000.0,-251000000.0,-108000000.0,-110000000.0,-476000000.0,-351000000.0,0.0,811000000.0,4000000.0,432000000.0,432000000.0,432000000.0,0.0,0.0,0.033,2069000000.0,837000000.0,2090000000.0,0.255,2.891,9.234,9.418,2326000000.0,0.0,60.09,0.308,0.308,2060000000.0,2527000000.0,12948000000.0,12948000000.0,0.0,0.057,0.327,0.163,0.062,0.0,2060000000.0,1.0,66386039.0,66400000.0,67600000.0,195.0,7578000000.0,437000000.0,239000000.0,432000000.0,114.127,468000000.0
69,WHR,MRT,2004-06-30,2004-06-30,2004-06-30,2021-10-22,-797000000.0,7569000000.0,7376000000.0,4194000000.0,3375000000.0,1.728,18.441,-334000000.0,193000000.0,193000000.0,9856000000.0,436000000.0,1.096,5.036,1646000000.0,522000000.0,1124000000.0,1646000000.0,0.0,435000000.0,0.0,0.022,1.54,814000000.0,1249000000.0,0.098,1249000000.0,814000000.0,684000000.0,6.36,6.21,6.36,1254000000.0,1258500000.0,1254000000.0,6131748163.0,8.0,4.909,533000000.0,7.838,1.0,2887000000.0,0.227,273000000.0,130000000.0,4921000000.0,4803250000.0,1554000000.0,14000000.0,0.0,14000000.0,6315000000.0,3828000000.0,2487000000.0,4732748163.0,3000000.0,-6000000.0,-208000000.0,-141000000.0,-106000000.0,-524000000.0,-340000000.0,0.0,867000000.0,0.0,436000000.0,436000000.0,436000000.0,0.0,0.0,0.034,2029000000.0,858000000.0,1963000000.0,0.242,3.774,10.855,10.786,2309000000.0,0.0,68.6,0.371,0.366,2059000000.0,2454000000.0,12743000000.0,12743000000.0,0.0,0.059,0.346,0.169,0.064,0.0,2025000000.0,1.0,68990498.0,68000000.0,69500000.0,187.397,7296000000.0,418000000.0,248000000.0,463000000.0,107.294,366000000.0
70,WHR,MRT,2004-03-31,2004-03-31,2004-03-31,2021-10-22,-789000000.0,7398000000.0,7278250000.0,3934000000.0,3464000000.0,1.713,19.709,-332000000.0,188000000.0,188000000.0,9649000000.0,424000000.0,1.113,4.456,1587000000.0,462000000.0,1125000000.0,1587000000.0,0.0,431000000.0,0.0,0.021,1.45,796000000.0,1227000000.0,0.098,1227000000.0,796000000.0,660000000.0,6.17,6.03,6.17,1356000000.0,1193500000.0,1356000000.0,5887721400.0,7.0,4.798,507000000.0,7.369,1.0,2818000000.0,0.226,275000000.0,136000000.0,4988000000.0,4750000000.0,1506000000.0,12000000.0,0.0,12000000.0,6042000000.0,3534000000.0,2508000000.0,4723721400.0,31000000.0,-6000000.0,-24000000.0,-297000000.0,-101000000.0,-476000000.0,-338000000.0,0.0,839000000.0,6000000.0,424000000.0,424000000.0,424000000.0,0.0,0.0,0.034,1974000000.0,844000000.0,1846000000.0,0.235,3.484,11.141,11.162,2364000000.0,0.0,68.87,0.379,0.38,1866000000.0,2377000000.0,12467000000.0,12467000000.0,0.0,0.058,0.355,0.168,0.064,0.0,1970000000.0,1.0,68588956.0,68800000.0,70700000.0,181.206,7123000000.0,411000000.0,236000000.0,278000000.0,103.532,400000000.0
71,WHR,MRT,2003-12-31,2003-12-31,2003-12-31,2021-10-22,-757000000.0,7361000000.0,7127250000.0,3865000000.0,3496000000.0,1.708,18.937,-348000000.0,249000000.0,249000000.0,9423000000.0,414000000.0,1.077,4.658,1413000000.0,279000000.0,1134000000.0,1413000000.0,0.0,427000000.0,0.0,0.019,1.36,779000000.0,1206000000.0,0.099,1206000000.0,779000000.0,642000000.0,6.03,5.91,6.03,1301000000.0,1064750000.0,1301000000.0,6440558093.0,8.0,5.34,396000000.0,5.764,1.0,2753000000.0,0.226,250000000.0,137000000.0,4686000000.0,4646500000.0,1340000000.0,11000000.0,0.0,11000000.0,6060000000.0,3589000000.0,2471000000.0,5060558093.0,57000000.0,-4000000.0,0.0,-208000000.0,-94000000.0,-345000000.0,-352000000.0,0.0,744000000.0,10000000.0,414000000.0,414000000.0,414000000.0,0.0,0.0,0.034,1923000000.0,830000000.0,1944000000.0,0.226,3.89,12.224,12.048,2456000000.0,0.0,72.65,0.416,0.41,1913000000.0,2276000000.0,12176000000.0,12176000000.0,0.0,0.058,0.389,0.168,0.064,0.0,1920000000.0,1.0,69656684.0,68700000.0,70100000.0,177.234,7111000000.0,397000000.0,228000000.0,379000000.0,103.508,276000000.0
72,WHR,MRT,2003-09-30,2003-09-30,2003-09-30,2021-10-22,-913000000.0,7176000000.0,6944750000.0,3875000000.0,3301000000.0,1.694,16.228,-389000000.0,231000000.0,231000000.0,9119000000.0,260000000.0,1.079,5.39,1611000000.0,498000000.0,1113000000.0,1611000000.0,0.0,444000000.0,0.0,0.02,1.36,601000000.0,1045000000.0,0.089,1045000000.0,601000000.0,461000000.0,3.79,3.72,3.79,1123000000.0,924250000.0,1123000000.0,6235940142.0,10.0,5.967,399000000.0,5.766,1.0,2644000000.0,0.225,346000000.0,140000000.0,4618000000.0,4502500000.0,1368000000.0,10000000.0,0.0,10000000.0,6053000000.0,3592000000.0,2461000000.0,4663940142.0,48000000.0,-8000000.0,53000000.0,-337000000.0,-93000000.0,-335000000.0,-397000000.0,0.0,788000000.0,-8000000.0,260000000.0,260000000.0,260000000.0,43000000.0,0.0,0.022,1935000000.0,709000000.0,1709000000.0,0.359,4.153,17.938,17.881,2316000000.0,0.0,67.77,0.396,0.399,1876000000.0,2204000000.0,11763000000.0,11763000000.0,0.0,0.037,0.281,0.133,0.051,0.0,1837000000.0,1.0,68820129.0,69200000.0,70900000.0,169.986,6830000000.0,428000000.0,201000000.0,198000000.0,98.699,283000000.0
73,WHR,MRT,2003-06-30,2003-06-30,2003-06-30,2021-10-22,-915000000.0,7178000000.0,6772750000.0,3906000000.0,3272000000.0,1.685,14.469,-408000000.0,190000000.0,190000000.0,8815000000.0,256000000.0,1.056,6.221,1762000000.0,645000000.0,1117000000.0,1762000000.0,0.0,435000000.0,0.0,0.021,1.36,601000000.0,1036000000.0,0.091,1036000000.0,601000000.0,456000000.0,3.76,3.7,3.76,994000000.0,862250000.0,994000000.0,6013793628.0,10.0,5.805,492000000.0,7.162,1.0,2594000000.0,0.227,342000000.0,145000000.0,4708000000.0,4513000000.0,1352000000.0,7000000.0,0.0,7000000.0,6184000000.0,3700000000.0,2484000000.0,4369793628.0,51000000.0,-152000000.0,7000000.0,-242000000.0,-92000000.0,-294000000.0,-560000000.0,0.0,900000000.0,5000000.0,256000000.0,256000000.0,256000000.0,43000000.0,0.0,0.022,1890000000.0,704000000.0,1653000000.0,0.362,4.396,17.07,16.941,2371000000.0,0.0,63.7,0.383,0.384,1951000000.0,2123000000.0,11409000000.0,11409000000.0,0.0,0.038,0.297,0.133,0.053,0.0,1789000000.0,1.0,68599586.0,68700000.0,69700000.0,166.07,6836000000.0,513000000.0,200000000.0,195000000.0,99.505,206000000.0
74,WHR,MRT,2003-03-31,2003-03-31,2003-03-31,2021-10-22,-986000000.0,6794000000.0,6568500000.0,3611000000.0,3183000000.0,1.699,12.313,-400000000.0,157000000.0,157000000.0,8586000000.0,225000000.0,1.025,7.078,1801000000.0,710000000.0,1091000000.0,1801000000.0,0.0,420000000.0,0.0,0.028,1.36,570000000.0,990000000.0,0.089,990000000.0,570000000.0,426000000.0,3.32,3.26,3.32,841000000.0,833000000.0,841000000.0,4678643750.0,8.0,4.726,499000000.0,7.306,1.0,2572000000.0,0.231,342000000.0,144000000.0,4574000000.0,4497000000.0,1302000000.0,7000000.0,0.0,7000000.0,5953000000.0,3522000000.0,2431000000.0,3346643750.0,19000000.0,-179000000.0,80000000.0,-233000000.0,-91000000.0,-305000000.0,-579000000.0,0.0,899000000.0,4000000.0,225000000.0,225000000.0,225000000.0,43000000.0,0.0,0.02,1875000000.0,697000000.0,1600000000.0,0.41,3.979,14.874,14.768,2312000000.0,0.0,49.03,0.3,0.3,1813000000.0,2053000000.0,11158000000.0,11158000000.0,0.0,0.034,0.27,0.127,0.051,0.0,1761000000.0,1.0,68257062.0,68300000.0,69000000.0,163.367,6452000000.0,480000000.0,201000000.0,203000000.0,94.466,89000000.0
75,WHR,MRT,2002-12-31,2002-12-31,2002-12-31,2021-10-22,-999000000.0,6631000000.0,6595250000.0,3327000000.0,3304000000.0,1.67,10.884,-403000000.0,192000000.0,192000000.0,8473000000.0,-394000000.0,0.949,7.973,1524000000.0,432000000.0,1092000000.0,1524000000.0,0.0,405000000.0,0.0,0.026,1.36,-58000000.0,347000000.0,0.031,347000000.0,-58000000.0,-201000000.0,-5.79,-5.68,-5.79,739000000.0,1002500000.0,739000000.0,5190310213.0,-89.0,14.958,382000000.0,5.626,1.0,2543000000.0,0.231,348000000.0,143000000.0,4110000000.0,4513000000.0,1089000000.0,7000000.0,0.0,7000000.0,5892000000.0,3505000000.0,2387000000.0,3561310213.0,-124000000.0,-179000000.0,34000000.0,-236000000.0,-91000000.0,-323000000.0,-582000000.0,0.0,785000000.0,-4000000.0,-394000000.0,-394000000.0,-394000000.0,43000000.0,0.0,-0.036,1851000000.0,692000000.0,1631000000.0,-0.235,4.819,-9.039,-9.019,2338000000.0,0.0,52.22,0.323,0.322,1781000000.0,1985000000.0,11016000000.0,11016000000.0,0.0,-0.06,-0.393,-0.013,-0.005,0.0,1736000000.0,1.0,68198204.0,67900000.0,69300000.0,162.239,6283000000.0,520000000.0,193000000.0,217000000.0,92.533,-178000000.0
76,WHR,MRT,2002-09-30,2002-09-30,2002-09-30,2021-10-22,-898000000.0,6488000000.0,6679250000.0,3368000000.0,3120000000.0,1.605,12.83,-356000000.0,183000000.0,183000000.0,8188000000.0,-344000000.0,1.012,6.415,1812000000.0,727000000.0,1085000000.0,1812000000.0,0.0,390000000.0,0.0,0.03,1.36,-4000000.0,386000000.0,0.036,386000000.0,-4000000.0,-146000000.0,-5.02,-5.15,-5.02,875000000.0,1182250000.0,875000000.0,4708879259.0,-1177.0,12.199,225000000.0,3.299,1.0,2530000000.0,0.236,129000000.0,142000000.0,4660000000.0,4566250000.0,1137000000.0,11000000.0,0.0,11000000.0,5613000000.0,3328000000.0,2285000000.0,3126879259.0,26000000.0,-175000000.0,30000000.0,-121000000.0,-92000000.0,-243000000.0,-322000000.0,209000000.0,581000000.0,10000000.0,-344000000.0,-344000000.0,-344000000.0,0.0,0.0,-0.032,1822000000.0,708000000.0,1391000000.0,-0.271,3.574,-9.09,-9.135,2185000000.0,0.0,45.86,0.292,0.292,1772000000.0,2037000000.0,10718000000.0,10718000000.0,0.0,-0.052,-0.291,-0.001,0.0,0.0,1719000000.0,1.0,68183150.0,68200000.0,69000000.0,157.155,6359000000.0,372000000.0,198000000.0,323000000.0,93.24,40000000.0
77,WHR,MRT,2002-06-30,2002-06-30,2002-06-30,2021-10-22,-816000000.0,6361000000.0,6787500000.0,3385000000.0,2976000000.0,1.555,12.878,-346000000.0,139000000.0,139000000.0,8062000000.0,-539000000.0,1.049,6.253,1721000000.0,634000000.0,1087000000.0,1721000000.0,0.0,385000000.0,0.0,0.021,1.36,-317000000.0,68000000.0,0.006,68000000.0,-317000000.0,-461000000.0,-7.9,-8.01,-7.9,877000000.0,1324250000.0,877000000.0,6041019842.0,-19.0,88.839,150000000.0,2.203,1.0,2491000000.0,0.236,72000000.0,144000000.0,4644000000.0,4537000000.0,1166000000.0,93000000.0,0.0,93000000.0,5484000000.0,3227000000.0,2257000000.0,4441019842.0,-14000000.0,-27000000.0,52000000.0,-257000000.0,-91000000.0,-345000000.0,-164000000.0,209000000.0,496000000.0,-1000000.0,-539000000.0,-539000000.0,-539000000.0,0.0,0.0,-0.051,2080000000.0,411000000.0,1382000000.0,-0.172,5.064,-8.239,-8.273,2015000000.0,0.0,65.36,0.421,0.422,1760000000.0,1959000000.0,10553000000.0,10553000000.0,0.0,-0.079,-0.407,-0.07,-0.03,0.0,1668000000.0,1.0,67947060.0,68100000.0,70100000.0,154.963,6289000000.0,437000000.0,78000000.0,306000000.0,92.349,158000000.0
78,WHR,MRT,2002-03-31,2002-03-31,2002-03-31,2021-10-22,-730000000.0,6901000000.0,6887500000.0,3303000000.0,3598000000.0,1.51,22.571,-343000000.0,138000000.0,138000000.0,7948000000.0,-549000000.0,1.037,3.543,1738000000.0,683000000.0,1055000000.0,1738000000.0,0.0,387000000.0,0.0,0.018,1.36,-327000000.0,60000000.0,0.006,60000000.0,-327000000.0,-479000000.0,-8.03,-8.14,-8.03,1519000000.0,1497000000.0,1519000000.0,6181717708.0,-19.0,103.029,226000000.0,3.358,1.0,2453000000.0,0.236,678000000.0,152000000.0,4638000000.0,4530500000.0,1205000000.0,117000000.0,0.0,117000000.0,5382000000.0,3185000000.0,2197000000.0,5035717708.0,-39000000.0,0.0,-14000000.0,-394000000.0,-91000000.0,-468000000.0,-134000000.0,209000000.0,569000000.0,-6000000.0,-549000000.0,-549000000.0,-549000000.0,21000000.0,0.0,-0.053,2060000000.0,393000000.0,1351000000.0,-0.169,3.315,-9.173,-9.408,2000000000.0,0.0,75.55,0.484,0.489,1620000000.0,2531000000.0,10401000000.0,10401000000.0,0.0,-0.08,-0.367,-0.072,-0.031,0.0,1640000000.0,1.0,66654106.0,67300000.0,69300000.0,154.547,6223000000.0,471000000.0,70000000.0,288000000.0,92.467,118000000.0
79,WHR,MRT,2001-12-31,2001-12-31,2001-12-31,2021-10-22,-697000000.0,6967000000.0,6886500000.0,3311000000.0,3656000000.0,1.502,21.859,-347000000.0,316000000.0,316000000.0,7925000000.0,21000000.0,1.074,3.778,1462000000.0,167000000.0,1295000000.0,1462000000.0,0.0,396000000.0,0.0,0.019,1.36,226000000.0,622000000.0,0.06,622000000.0,226000000.0,64000000.0,0.31,0.31,0.31,1458000000.0,1513750000.0,1458000000.0,6415278138.0,28.0,10.314,646000000.0,9.685,1.0,2418000000.0,0.234,708000000.0,162000000.0,4323000000.0,4576750000.0,1110000000.0,117000000.0,0.0,117000000.0,5509000000.0,3082000000.0,2427000000.0,4907278138.0,202000000.0,0.0,38000000.0,-579000000.0,-113000000.0,-653000000.0,-138000000.0,209000000.0,993000000.0,0.0,21000000.0,21000000.0,21000000.0,21000000.0,0.0,0.002,2112000000.0,306000000.0,1427000000.0,4.387,3.366,233.68,236.548,2052000000.0,0.0,73.33,0.474,0.473,1515000000.0,2470000000.0,10343000000.0,10343000000.0,0.0,0.003,0.014,0.049,0.022,0.0,1639000000.0,1.0,66920471.0,66700000.0,68000000.0,155.067,6259000000.0,530000000.0,43000000.0,279000000.0,93.838,229000000.0
80,WHR,MRT,2001-09-30,2001-09-30,2001-09-30,2021-10-22,-698000000.0,6921000000.0,6870250000.0,3318000000.0,3603000000.0,1.496,21.537,-340000000.0,157000000.0,157000000.0,7901000000.0,66000000.0,1.051,3.796,1665000000.0,395000000.0,1270000000.0,1665000000.0,0.0,384000000.0,0.0,0.025,1.36,261000000.0,645000000.0,0.063,645000000.0,261000000.0,85000000.0,1.05,1.01,1.05,1443000000.0,1570250000.0,1443000000.0,5395181510.0,21.0,8.365,517000000.0,7.716,1.0,2374000000.0,0.231,729000000.0,176000000.0,4543000000.0,4623000000.0,1081000000.0,125000000.0,0.0,125000000.0,5478000000.0,3157000000.0,2321000000.0,3703181510.0,-109000000.0,0.0,33000000.0,-532000000.0,-86000000.0,-615000000.0,-340000000.0,0.0,857000000.0,-11000000.0,66000000.0,66000000.0,66000000.0,21000000.0,0.0,0.006,2038000000.0,336000000.0,1276000000.0,1.295,2.566,56.109,52.714,1910000000.0,0.0,55.35,0.36,0.361,1700000000.0,2471000000.0,10275000000.0,10275000000.0,0.0,0.01,0.042,0.056,0.025,0.0,1643000000.0,1.0,66904815.0,67000000.0,67000000.0,153.358,6192000000.0,370000000.0,19000000.0,157000000.0,92.418,161000000.0
81,WHR,MRT,2001-06-30,2001-06-30,2001-06-30,2021-10-22,-684000000.0,6761000000.0,6862000000.0,3156000000.0,3605000000.0,1.494,23.579,-331000000.0,153000000.0,153000000.0,7886000000.0,227000000.0,1.01,3.312,1845000000.0,845000000.0,1000000000.0,1845000000.0,0.0,381000000.0,0.0,0.022,1.36,535000000.0,916000000.0,0.089,916000000.0,535000000.0,351000000.0,3.43,3.39,3.43,1568000000.0,1625500000.0,1568000000.0,6058486188.0,11.0,6.614,536000000.0,8.06,1.0,2365000000.0,0.231,710000000.0,184000000.0,4618000000.0,4603000000.0,1099000000.0,114000000.0,0.0,114000000.0,5193000000.0,3125000000.0,2068000000.0,4162486188.0,-6000000.0,0.0,-175000000.0,-256000000.0,-88000000.0,-529000000.0,-331000000.0,0.0,867000000.0,-13000000.0,227000000.0,227000000.0,227000000.0,21000000.0,0.0,0.022,1758000000.0,607000000.0,1174000000.0,0.397,2.655,18.337,18.222,1940000000.0,0.0,62.5,0.406,0.405,1648000000.0,2588000000.0,10251000000.0,10251000000.0,0.0,0.033,0.14,0.116,0.052,0.0,1668000000.0,1.0,66599779.0,66500000.0,67700000.0,154.15,6051000000.0,250000000.0,124000000.0,156000000.0,90.992,31000000.0
82,WHR,MRT,2001-03-31,2001-03-31,2001-03-31,2021-10-22,-618000000.0,6897000000.0,6929750000.0,3172000000.0,3725000000.0,1.479,23.922,-356000000.0,177000000.0,177000000.0,7855000000.0,295000000.0,0.979,3.349,2073000000.0,1068000000.0,1005000000.0,2073000000.0,0.0,400000000.0,0.0,0.027,1.36,626000000.0,1026000000.0,0.1,1026000000.0,626000000.0,439000000.0,4.31,4.27,4.31,1586000000.0,1696750000.0,1586000000.0,4999257965.0,8.0,4.873,246000000.0,3.71,1.0,2397000000.0,0.234,731000000.0,187000000.0,4823000000.0,4618000000.0,1127000000.0,113000000.0,0.0,113000000.0,5311000000.0,3239000000.0,2072000000.0,3328257965.0,2000000.0,0.0,-323000000.0,177000000.0,-89000000.0,-234000000.0,-356000000.0,0.0,602000000.0,-10000000.0,295000000.0,295000000.0,295000000.0,0.0,0.0,0.029,1728000000.0,669000000.0,1121000000.0,0.316,2.099,11.282,11.599,2005000000.0,0.0,49.99,0.325,0.323,1640000000.0,2558000000.0,10252000000.0,10252000000.0,0.0,0.043,0.174,0.136,0.061,0.0,1652000000.0,1.0,66578475.0,66300000.0,66900000.0,154.63,6166000000.0,253000000.0,144000000.0,157000000.0,93.002,-67000000.0
83,WHR,MRT,2000-12-31,2000-12-31,2000-12-31,2021-10-22,-495000000.0,6902000000.0,6946500000.0,3237000000.0,3665000000.0,1.486,23.989,-375000000.0,114000000.0,114000000.0,7838000000.0,367000000.0,0.98,3.099,1785000000.0,990000000.0,795000000.0,1785000000.0,0.0,400000000.0,0.0,0.029,1.36,747000000.0,1147000000.0,0.111,1147000000.0,747000000.0,567000000.0,5.24,5.2,5.24,1684000000.0,1775000000.0,1684000000.0,4877115336.0,7.0,4.252,70000000.0,0.997,1.0,2487000000.0,0.241,762000000.0,180000000.0,4508000000.0,4475750000.0,1119000000.0,113000000.0,0.0,113000000.0,5218000000.0,3303000000.0,1915000000.0,3173115336.0,-147000000.0,-283000000.0,-427000000.0,546000000.0,-70000000.0,76000000.0,-658000000.0,0.0,445000000.0,-10000000.0,367000000.0,367000000.0,367000000.0,0.0,0.0,0.036,1680000000.0,807000000.0,1257000000.0,0.26,1.884,8.646,9.101,2134000000.0,0.0,47.69,0.307,0.324,1748000000.0,2539000000.0,10325000000.0,10325000000.0,0.0,0.053,0.207,0.167,0.072,0.0,1651000000.0,1.0,66536283.0,70200000.0,70600000.0,147.08,6140000000.0,303000000.0,200000000.0,278000000.0,87.464,-66000000.0
84,WHR,MRT,2000-09-30,2000-09-30,2000-09-30,2021-10-22,-470000000.0,6888000000.0,6927500000.0,3314000000.0,3574000000.0,1.506,24.221,-387000000.0,266000000.0,266000000.0,7856000000.0,413000000.0,0.988,3.139,1970000000.0,1185000000.0,785000000.0,1970000000.0,0.0,415000000.0,0.0,0.035,1.36,824000000.0,1239000000.0,0.119,1239000000.0,824000000.0,651000000.0,5.7,5.66,5.7,1664000000.0,1820750000.0,1664000000.0,4516210206.0,5.0,3.645,458000000.0,6.667,1.0,2579000000.0,0.247,776000000.0,173000000.0,4463000000.0,4414000000.0,1147000000.0,117000000.0,0.0,117000000.0,5224000000.0,3353000000.0,1871000000.0,2773210206.0,36000000.0,-283000000.0,-416000000.0,494000000.0,-99000000.0,4000000.0,-670000000.0,0.0,845000000.0,-143000000.0,413000000.0,413000000.0,413000000.0,0.0,0.0,0.04,1698000000.0,881000000.0,1045000000.0,0.239,1.667,6.715,6.821,2052000000.0,0.0,38.88,0.266,0.256,1590000000.0,2495000000.0,10435000000.0,10435000000.0,0.0,0.06,0.227,0.187,0.079,0.0,1668000000.0,1.0,71327423.0,68700000.0,,151.892,6112000000.0,318000000.0,238000000.0,142000000.0,88.967,-39000000.0
85,WHR,MRT,2000-06-30,2000-06-30,2000-06-30,2021-10-22,-437000000.0,7032000000.0,6955250000.0,3413000000.0,3619000000.0,1.522,25.7,-427000000.0,159000000.0,159000000.0,7919000000.0,453000000.0,1.031,2.795,1902000000.0,1121000000.0,781000000.0,1902000000.0,0.0,416000000.0,0.0,0.029,1.36,880000000.0,1296000000.0,0.122,1296000000.0,880000000.0,715000000.0,6.14,6.08,6.14,1853000000.0,1846000000.0,1853000000.0,4954937968.0,6.0,3.823,408000000.0,5.659,1.0,2665000000.0,0.252,787000000.0,165000000.0,4678000000.0,4427750000.0,1297000000.0,116000000.0,0.0,116000000.0,5179000000.0,3310000000.0,1869000000.0,3405937968.0,-106000000.0,-283000000.0,-328000000.0,267000000.0,-100000000.0,-88000000.0,-710000000.0,0.0,835000000.0,-143000000.0,453000000.0,453000000.0,453000000.0,0.0,0.0,0.043,1719000000.0,946000000.0,1110000000.0,0.221,1.838,7.519,7.594,2111000000.0,0.0,46.63,0.322,0.318,1620000000.0,2451000000.0,10584000000.0,10584000000.0,0.0,0.065,0.245,0.199,0.083,0.0,1688000000.0,1.0,73041775.0,72100000.0,,146.796,6245000000.0,330000000.0,262000000.0,147000000.0,86.616,103000000.0
86,WHR,MRT,2000-03-31,2000-03-31,2000-03-31,2021-10-22,-418000000.0,6964000000.0,6970250000.0,3321000000.0,3643000000.0,1.523,25.837,-449000000.0,175000000.0,175000000.0,7928000000.0,431000000.0,0.959,2.667,1724000000.0,1204000000.0,520000000.0,1724000000.0,0.0,410000000.0,0.0,0.023,1.36,855000000.0,1265000000.0,0.119,1265000000.0,855000000.0,692000000.0,5.78,5.72,5.78,1899000000.0,1828750000.0,1899000000.0,5416280300.0,6.0,4.282,518000000.0,7.048,1.0,2687000000.0,0.253,797000000.0,163000000.0,4254000000.0,4425250000.0,1237000000.0,114000000.0,0.0,114000000.0,5065000000.0,3462000000.0,1603000000.0,4294280300.0,-235000000.0,-283000000.0,-224000000.0,-101000000.0,-102000000.0,-327000000.0,-732000000.0,0.0,967000000.0,-143000000.0,431000000.0,431000000.0,431000000.0,0.0,0.0,0.041,1768000000.0,919000000.0,1174000000.0,0.235,2.261,9.964,10.144,2148000000.0,0.0,58.63,0.405,0.406,1598000000.0,2354000000.0,10615000000.0,10615000000.0,0.0,0.062,0.236,0.193,0.081,0.0,1736000000.0,1.0,73243737.0,73500000.0,,144.422,6167000000.0,339000000.0,261000000.0,148000000.0,83.905,-141000000.0
87,WHR,MRT,1999-12-31,1999-12-31,1999-12-31,2021-10-22,-443000000.0,6826000000.0,7038250000.0,3177000000.0,3649000000.0,1.493,24.827,-437000000.0,261000000.0,261000000.0,7852000000.0,347000000.0,1.099,2.656,1383000000.0,669000000.0,714000000.0,1383000000.0,65000000.0,417000000.0,0.0,0.021,1.36,710000000.0,1127000000.0,0.107,1127000000.0,710000000.0,544000000.0,4.61,4.56,4.61,1867000000.0,1794500000.0,1867000000.0,6311284249.0,9.0,5.6,364000000.0,4.84,1.0,2659000000.0,0.253,795000000.0,166000000.0,4261000000.0,4588000000.0,1065000000.0,112000000.0,0.0,112000000.0,4959000000.0,2892000000.0,2067000000.0,4842284249.0,-375000000.0,0.0,-167000000.0,-385000000.0,-103000000.0,-596000000.0,-437000000.0,0.0,801000000.0,-143000000.0,347000000.0,347000000.0,347000000.0,0.0,0.0,0.033,1784000000.0,875000000.0,1081000000.0,0.295,2.594,13.955,14.113,2178000000.0,0.0,65.06,0.461,0.465,1477000000.0,2268000000.0,10511000000.0,10511000000.0,0.0,0.049,0.193,0.155,0.068,0.0,1753000000.0,1.0,74427978.0,75200000.0,76000000.0,139.774,6031000000.0,335000000.0,197000000.0,217000000.0,80.199,285000000.0
88,WHR,MRT,1999-09-30,1999-09-30,1999-09-30,2021-10-22,-456000000.0,6999000000.0,7315500000.0,3389000000.0,3610000000.0,1.443,23.406,-464000000.0,230000000.0,230000000.0,7915000000.0,317000000.0,1.083,2.965,1699000000.0,927000000.0,772000000.0,1699000000.0,0.0,413000000.0,0.0,0.021,1.36,689000000.0,1102000000.0,0.104,1102000000.0,689000000.0,500000000.0,4.21,4.15,4.21,1765000000.0,1828000000.0,1765000000.0,6501801127.0,9.0,5.9,176000000.0,2.334,1.0,2642000000.0,0.25,820000000.0,189000000.0,4518000000.0,4801000000.0,1079000000.0,111000000.0,0.0,111000000.0,5234000000.0,3130000000.0,2104000000.0,4924801127.0,-371000000.0,-16000000.0,-167000000.0,-270000000.0,-103000000.0,-502000000.0,-480000000.0,0.0,640000000.0,-29000000.0,317000000.0,317000000.0,317000000.0,15000000.0,0.0,0.03,1829000000.0,813000000.0,1017000000.0,0.323,2.79,15.536,15.513,2113000000.0,0.0,65.31,0.466,0.466,1708000000.0,2180000000.0,10557000000.0,10557000000.0,0.0,0.043,0.173,0.144,0.065,0.0,1793000000.0,1.0,75406540.0,75406540.0,,140.001,6179000000.0,414000000.0,183000000.0,154000000.0,81.942,259000000.0
89,WHR,MRT,1999-06-30,1999-06-30,1999-06-30,2021-10-22,-433000000.0,7092000000.0,7592250000.0,3514000000.0,3578000000.0,1.367,23.692,-477000000.0,265000000.0,265000000.0,7808000000.0,288000000.0,1.102,2.975,1842000000.0,1077000000.0,765000000.0,1842000000.0,0.0,427000000.0,0.0,0.018,1.36,680000000.0,1107000000.0,0.107,1107000000.0,680000000.0,462000000.0,3.82,3.77,3.82,1784000000.0,1874750000.0,1784000000.0,7203235076.0,11.0,6.507,247000000.0,3.28,1.0,2569000000.0,0.248,811000000.0,218000000.0,4668000000.0,5039000000.0,1172000000.0,115000000.0,0.0,115000000.0,5308000000.0,3190000000.0,2118000000.0,5572235076.0,-341000000.0,-103000000.0,-67000000.0,-211000000.0,-104000000.0,-456000000.0,-580000000.0,0.0,724000000.0,-29000000.0,288000000.0,288000000.0,288000000.0,15000000.0,0.0,0.028,1814000000.0,755000000.0,994000000.0,0.356,3.123,19.348,19.372,2121000000.0,0.0,74.0,0.537,0.537,1710000000.0,2098000000.0,10377000000.0,10377000000.0,0.0,0.038,0.154,0.135,0.066,0.0,1777000000.0,1.0,75300474.0,75300474.0,,137.808,6281000000.0,229000000.0,174000000.0,155000000.0,83.412,324000000.0
90,WHR,MRT,1999-03-31,1999-03-31,1999-03-31,2021-10-22,-386000000.0,7236000000.0,7837250000.0,3566000000.0,3670000000.0,1.32,23.034,-494000000.0,410000000.0,410000000.0,7803000000.0,273000000.0,1.159,3.107,2041000000.0,1010000000.0,1031000000.0,2041000000.0,0.0,432000000.0,0.0,0.025,1.36,673000000.0,1105000000.0,0.107,1105000000.0,673000000.0,434000000.0,3.61,3.57,3.61,1762000000.0,1902500000.0,1762000000.0,5540743883.0,8.0,5.014,85000000.0,1.111,1.0,2542000000.0,0.246,884000000.0,239000000.0,4905000000.0,5248000000.0,1171000000.0,109000000.0,0.0,109000000.0,5474000000.0,3078000000.0,2396000000.0,4159743883.0,-208000000.0,-38000000.0,-41000000.0,59000000.0,-103000000.0,-226000000.0,-532000000.0,0.0,579000000.0,-29000000.0,273000000.0,273000000.0,273000000.0,12000000.0,0.0,0.026,1834000000.0,708000000.0,964000000.0,0.377,2.361,15.237,15.064,2147000000.0,0.0,54.38,0.402,0.402,1614000000.0,2025000000.0,10345000000.0,10345000000.0,0.0,0.035,0.143,0.128,0.065,0.0,1796000000.0,1.0,76494003.0,76494003.0,,135.239,6352000000.0,401000000.0,161000000.0,146000000.0,83.039,488000000.0
91,WHR,MRT,1998-12-31,1998-12-31,1998-12-31,2021-10-22,-183000000.0,7935000000.0,8001500000.0,3882000000.0,4053000000.0,1.29,26.398,-523000000.0,636000000.0,636000000.0,7805000000.0,325000000.0,1.188,2.966,2017000000.0,930000000.0,1087000000.0,2017000000.0,0.0,438000000.0,0.0,0.025,1.36,794000000.0,1232000000.0,0.119,1232000000.0,794000000.0,534000000.0,4.29,4.25,4.29,2001000000.0,1919000000.0,2001000000.0,5793228721.0,7.0,4.702,240000000.0,3.166,1.0,2518000000.0,0.244,936000000.0,260000000.0,5113000000.0,5361250000.0,1100000000.0,108000000.0,0.0,108000000.0,5934000000.0,3267000000.0,2667000000.0,4211228721.0,58000000.0,466000000.0,0.0,-394000000.0,-102000000.0,-619000000.0,-57000000.0,0.0,763000000.0,-29000000.0,325000000.0,325000000.0,325000000.0,0.0,0.0,0.031,1830000000.0,688000000.0,1079000000.0,0.317,2.105,12.958,12.909,2418000000.0,0.0,55.38,0.408,0.407,1711000000.0,2024000000.0,10323000000.0,10323000000.0,0.0,0.041,0.169,0.148,0.077,0.0,1791000000.0,1.0,76042411.0,75800000.0,76500000.0,136.187,6999000000.0,429000000.0,209000000.0,152000000.0,92.335,615000000.0
92,WHR,MRT,1998-09-30,1998-09-30,1998-09-30,2021-10-22,-171000000.0,8106000000.0,8085250000.0,4037000000.0,4069000000.0,1.249,25.687,-696000000.0,601000000.0,601000000.0,7648000000.0,334000000.0,1.254,3.153,2183000000.0,965000000.0,1218000000.0,2183000000.0,0.0,512000000.0,0.0,0.029,1.36,768000000.0,1280000000.0,0.127,1280000000.0,768000000.0,512000000.0,4.45,4.42,4.45,1952000000.0,1861500000.0,1952000000.0,5178658216.0,7.0,4.046,206000000.0,2.711,1.0,2450000000.0,0.243,999000000.0,256000000.0,5470000000.0,5465000000.0,1217000000.0,108000000.0,0.0,108000000.0,6154000000.0,3219000000.0,2935000000.0,3571658216.0,120000000.0,948000000.0,0.0,-623000000.0,-103000000.0,-1017000000.0,264000000.0,13000000.0,902000000.0,-29000000.0,334000000.0,334000000.0,334000000.0,-15000000.0,0.0,0.033,1837000000.0,613000000.0,1007000000.0,0.306,1.83,10.694,10.562,2382000000.0,0.0,47.0,0.354,0.354,1770000000.0,1966000000.0,10098000000.0,10098000000.0,0.0,0.041,0.179,0.141,0.076,0.0,1766000000.0,1.0,75992728.0,75992728.0,,132.881,7107000000.0,435000000.0,178000000.0,197000000.0,93.522,818000000.0
93,WHR,MRT,1998-06-30,1998-06-30,1998-06-30,2021-10-22,-172000000.0,8072000000.0,7967250000.0,4138000000.0,3934000000.0,1.205,25.084,-636000000.0,606000000.0,606000000.0,7312000000.0,38000000.0,1.27,3.26,2213000000.0,1061000000.0,1152000000.0,2213000000.0,0.0,487000000.0,0.0,0.02,1.36,312000000.0,799000000.0,0.083,799000000.0,312000000.0,89000000.0,0.49,0.47,0.49,1895000000.0,1801250000.0,1895000000.0,6707717650.0,21.0,8.395,115000000.0,1.522,1.0,2290000000.0,0.238,916000000.0,223000000.0,5504000000.0,5534750000.0,1224000000.0,107000000.0,0.0,107000000.0,6177000000.0,3259000000.0,2918000000.0,5193717650.0,43000000.0,1035000000.0,0.0,-757000000.0,-102000000.0,-1017000000.0,338000000.0,-58000000.0,751000000.0,-29000000.0,38000000.0,38000000.0,38000000.0,3000000.0,0.0,0.004,2121000000.0,169000000.0,970000000.0,2.776,2.741,136.677,140.306,2343000000.0,0.0,68.75,0.541,0.541,1831000000.0,1913000000.0,9602000000.0,9602000000.0,0.0,0.005,0.021,0.056,0.032,0.0,1743000000.0,1.0,75544984.0,75544984.0,,127.103,7156000000.0,452000000.0,51000000.0,192000000.0,94.725,879000000.0
94,WHR,MRT,1998-03-31,1998-03-31,1998-03-31,2021-10-22,-159000000.0,7893000000.0,7939000000.0,3937000000.0,3956000000.0,1.145,24.135,-576000000.0,618000000.0,618000000.0,6938000000.0,19000000.0,1.258,3.318,2132000000.0,981000000.0,1151000000.0,2132000000.0,0.0,462000000.0,0.0,0.02,1.36,246000000.0,708000000.0,0.078,708000000.0,246000000.0,50000000.0,0.25,0.23,0.25,1828000000.0,1814250000.0,1828000000.0,7052600383.0,29.0,9.961,155000000.0,2.046,1.0,2153000000.0,0.237,919000000.0,196000000.0,5358000000.0,5702750000.0,1174000000.0,103000000.0,0.0,103000000.0,6065000000.0,3130000000.0,2935000000.0,5202600383.0,76000000.0,970000000.0,0.0,-823000000.0,-103000000.0,-1045000000.0,418000000.0,13000000.0,731000000.0,-29000000.0,19000000.0,19000000.0,19000000.0,3000000.0,0.0,0.002,2046000000.0,107000000.0,931000000.0,5.44,2.846,273.821,274.76,2370000000.0,0.0,68.69,0.572,0.572,1662000000.0,1855000000.0,9091000000.0,9091000000.0,0.0,0.002,0.01,0.043,0.027,0.0,1668000000.0,1.0,75740288.0,75740288.0,,120.029,6974000000.0,450000000.0,31000000.0,194000000.0,92.078,807000000.0
95,WHR,MRT,1997-12-31,1997-12-31,1997-12-31,2021-10-22,-149000000.0,8270000000.0,7934250000.0,4281000000.0,3989000000.0,1.086,23.61,-523000000.0,578000000.0,578000000.0,6604000000.0,-15000000.0,1.165,3.67,2428000000.0,1354000000.0,1074000000.0,2428000000.0,0.0,438000000.0,0.0,0.025,1.36,144000000.0,582000000.0,0.068,582000000.0,144000000.0,-24000000.0,-0.2,-0.2,-0.2,1771000000.0,1835250000.0,1771000000.0,6990593120.0,49.0,12.011,240000000.0,3.2,1.0,2013000000.0,0.234,916000000.0,168000000.0,5528000000.0,5888500000.0,1170000000.0,100000000.0,0.0,100000000.0,6499000000.0,3676000000.0,2823000000.0,4125593120.0,58000000.0,466000000.0,0.0,-394000000.0,-102000000.0,-619000000.0,-57000000.0,0.0,763000000.0,-29000000.0,-15000000.0,-15000000.0,-15000000.0,11000000.0,0.0,-0.002,2002000000.0,11000000.0,987000000.0,-6.8,2.33,-275.04,-275.0,2375000000.0,0.0,55.0,0.479,0.479,1565000000.0,1801000000.0,8617000000.0,8617000000.0,0.0,-0.002,-0.008,0.024,0.017,0.0,1625000000.0,1.0,75010784.0,75010784.0,,114.877,7354000000.0,435000000.0,-9000000.0,190000000.0,98.039,605000000.0
96,WHR,MRT,1997-09-30,1997-09-30,1997-09-30,2021-10-22,-134000000.0,7634000000.0,7870500000.0,4287000000.0,3347000000.0,1.046,22.95,-294000000.0,90000000.0,90000000.0,6361000000.0,-62000000.0,1.074,3.462,2955000000.0,2055000000.0,900000000.0,2955000000.0,0.0,370000000.0,0.0,0.02,1.36,79000000.0,449000000.0,0.055,449000000.0,79000000.0,-69000000.0,-0.82,,-0.82,1711000000.0,1874000000.0,1711000000.0,7975772978.0,101.0,17.763,165000000.0,2.213,1.0,1872000000.0,0.227,757000000.0,148000000.0,5749000000.0,6033000000.0,911000000.0,1026000000.0,0.0,1026000000.0,5923000000.0,3993000000.0,1930000000.0,4948772978.0,-68000000.0,2000000.0,1000000.0,84000000.0,-101000000.0,89000000.0,-616000000.0,-278000000.0,459000000.0,0.0,-62000000.0,-62000000.0,-62000000.0,7000000.0,0.0,-0.008,1896000000.0,-24000000.0,810000000.0,-1.659,2.892,-79.819,-80.951,1564000000.0,0.0,66.38,0.601,0.601,1312000000.0,1735000000.0,8233000000.0,8233000000.0,0.0,-0.008,-0.033,0.013,0.01,0.0,1555000000.0,1.0,74552169.0,74552169.0,,110.433,6877000000.0,0.0,-7000000.0,0.0,92.244,294000000.0
97,WHR,MRT,1997-06-30,1997-06-30,1997-06-30,2021-10-22,-122000000.0,7959000000.0,7994250000.0,3950000000.0,4009000000.0,1.044,26.146,-305000000.0,172000000.0,172000000.0,6447000000.0,177000000.0,0.984,3.088,3199000000.0,2299000000.0,900000000.0,3199000000.0,0.0,352000000.0,0.0,0.025,1.36,409000000.0,761000000.0,0.091,761000000.0,409000000.0,259000000.0,2.39,,2.39,1947000000.0,1922500000.0,1947000000.0,7089033548.0,17.0,9.315,161000000.0,2.162,1.0,1898000000.0,0.227,795000000.0,150000000.0,6176000000.0,6179750000.0,1097000000.0,822000000.0,0.0,822000000.0,6012000000.0,4015000000.0,1997000000.0,4068033548.0,31000000.0,0.0,0.0,144000000.0,-101000000.0,98000000.0,-533000000.0,-231000000.0,466000000.0,0.0,177000000.0,177000000.0,177000000.0,-12000000.0,0.0,0.021,1604000000.0,294000000.0,863000000.0,0.569,2.089,22.983,22.858,1682000000.0,0.0,54.63,0.487,0.487,3116000000.0,1978000000.0,8345000000.0,8345000000.0,0.0,0.022,0.092,0.066,0.049,0.0,1540000000.0,1.0,74465194.0,74465194.0,,112.066,7164000000.0,0.0,82000000.0,0.0,96.206,-65000000.0
98,WHR,MRT,1997-03-31,1997-03-31,1997-03-31,2021-10-22,-112000000.0,7874000000.0,8001750000.0,3850000000.0,4024000000.0,1.068,25.547,-316000000.0,152000000.0,152000000.0,6612000000.0,164000000.0,0.967,3.118,3173000000.0,2292000000.0,881000000.0,3173000000.0,0.0,355000000.0,0.0,0.029,1.36,394000000.0,749000000.0,0.088,749000000.0,394000000.0,238000000.0,2.22,,2.22,1912000000.0,1913500000.0,1912000000.0,6547759182.0,17.0,8.742,315000000.0,4.209,1.0,1931000000.0,0.226,814000000.0,156000000.0,6101000000.0,6174250000.0,1044000000.0,806000000.0,0.0,806000000.0,5962000000.0,3980000000.0,1982000000.0,3564759182.0,4000000.0,-12000000.0,0.0,93000000.0,-101000000.0,32000000.0,-658000000.0,-280000000.0,631000000.0,0.0,164000000.0,164000000.0,164000000.0,-9000000.0,0.0,0.019,1641000000.0,290000000.0,869000000.0,0.613,1.864,21.736,21.455,1710000000.0,0.0,47.63,0.417,0.417,3092000000.0,1939000000.0,8543000000.0,8543000000.0,0.0,0.02,0.086,0.064,0.046,0.0,1577000000.0,1.0,74842729.0,74842729.0,,114.146,7060000000.0,0.0,74000000.0,0.0,94.331,-130000000.0
99,WHR,MRT,1996-12-31,1996-12-31,1996-12-31,2021-10-22,-76000000.0,8015000000.0,8030750000.0,3812000000.0,4203000000.0,1.061,25.646,-336000000.0,129000000.0,129000000.0,6623000000.0,156000000.0,0.948,3.161,3112000000.0,2157000000.0,955000000.0,3112000000.0,0.0,353000000.0,0.0,0.029,1.36,381000000.0,734000000.0,0.086,734000000.0,381000000.0,226000000.0,2.1,2.08,2.1,1926000000.0,1908750000.0,1926000000.0,6486977886.0,17.0,8.838,209000000.0,2.783,1.0,1900000000.0,0.223,870000000.0,155000000.0,6106000000.0,6186000000.0,1034000000.0,513000000.0,0.0,513000000.0,6089000000.0,4022000000.0,2067000000.0,3465977886.0,-20000000.0,-12000000.0,0.0,158000000.0,-101000000.0,80000000.0,-645000000.0,-265000000.0,545000000.0,0.0,156000000.0,156000000.0,156000000.0,-15000000.0,0.0,0.018,1622000000.0,278000000.0,983000000.0,0.648,1.8,22.218,22.2,1798000000.0,0.0,46.62,0.407,0.411,3071000000.0,1918000000.0,8523000000.0,8523000000.0,0.0,0.019,0.082,0.062,0.045,0.0,1557000000.0,1.0,74345300.0,75100000.0,75100000.0,113.489,7145000000.0,247000000.0,70000000.0,206000000.0,95.14,-210000000.0
100,WHR,MRT,1996-09-30,1996-09-30,1996-09-30,2021-10-22,-67000000.0,8129000000.0,7977000000.0,3953000000.0,4176000000.0,1.052,25.643,-429000000.0,172000000.0,172000000.0,6553000000.0,129000000.0,1.005,3.267,3193000000.0,2085000000.0,1108000000.0,3193000000.0,0.0,312000000.0,0.0,0.027,1.36,328000000.0,640000000.0,0.076,640000000.0,328000000.0,180000000.0,1.76,,1.76,1905000000.0,1896500000.0,1905000000.0,6783585616.0,21.0,10.599,83000000.0,1.117,1.0,1842000000.0,0.219,882000000.0,148000000.0,6336000000.0,6127500000.0,1027000000.0,817000000.0,0.0,817000000.0,6224000000.0,3932000000.0,2292000000.0,3760585616.0,14000000.0,-60000000.0,-1000000.0,160000000.0,-101000000.0,60000000.0,-558000000.0,430000000.0,512000000.0,0.0,129000000.0,129000000.0,129000000.0,-15000000.0,0.0,0.015,1601000000.0,241000000.0,1004000000.0,0.773,1.974,29.152,28.761,1750000000.0,0.0,50.62,0.448,0.448,3183000000.0,1898000000.0,8395000000.0,8395000000.0,0.0,0.016,0.068,0.054,0.039,0.0,1535000000.0,1.0,74290510.0,74290510.0,,113.002,7247000000.0,0.0,51000000.0,0.0,97.549,21000000.0
101,WHR,MRT,1996-06-30,1996-06-30,1996-06-30,2021-10-22,-65000000.0,7989000000.0,7848250000.0,3797000000.0,4192000000.0,1.07,25.758,-447000000.0,141000000.0,141000000.0,6516000000.0,172000000.0,0.958,3.181,3164000000.0,2232000000.0,932000000.0,3164000000.0,0.0,330000000.0,0.0,0.027,1.36,385000000.0,715000000.0,0.085,715000000.0,385000000.0,235000000.0,2.33,,2.33,1911000000.0,1896500000.0,1911000000.0,6732280963.0,17.0,9.416,157000000.0,2.116,1.0,1878000000.0,0.224,894000000.0,150000000.0,6154000000.0,6001500000.0,1074000000.0,807000000.0,0.0,807000000.0,6078000000.0,3964000000.0,2114000000.0,3700280963.0,13000000.0,-85000000.0,0.0,233000000.0,-101000000.0,135000000.0,-726000000.0,359000000.0,604000000.0,0.0,172000000.0,172000000.0,172000000.0,-14000000.0,0.0,0.02,1567000000.0,311000000.0,937000000.0,0.584,1.936,21.513,21.406,1755000000.0,0.0,49.875,0.441,0.441,3021000000.0,1903000000.0,8394000000.0,8394000000.0,0.0,0.022,0.091,0.064,0.046,0.0,1532000000.0,1.0,74191097.0,74191097.0,,113.14,7095000000.0,0.0,63000000.0,0.0,95.631,-167000000.0
102,WHR,MRT,1996-03-31,1996-03-31,1996-03-31,2021-10-22,-52000000.0,7990000000.0,7776500000.0,3766000000.0,4224000000.0,1.059,25.386,-474000000.0,147000000.0,147000000.0,6370000000.0,172000000.0,0.95,3.221,3179000000.0,2222000000.0,957000000.0,3179000000.0,0.0,317000000.0,0.0,0.024,1.36,381000000.0,698000000.0,0.085,698000000.0,381000000.0,241000000.0,2.33,,2.33,1893000000.0,1884000000.0,1893000000.0,7073139004.0,19.0,10.133,-82000000.0,-1.1,1.0,1867000000.0,0.227,908000000.0,140000000.0,6148000000.0,5950250000.0,1156000000.0,822000000.0,0.0,822000000.0,6097000000.0,3966000000.0,2131000000.0,4241139004.0,60000000.0,-82000000.0,-1000000.0,557000000.0,-100000000.0,452000000.0,-784000000.0,305000000.0,392000000.0,0.0,172000000.0,172000000.0,172000000.0,-14000000.0,0.0,0.021,1552000000.0,315000000.0,943000000.0,0.584,2.24,24.658,24.41,1761000000.0,0.0,56.875,0.515,0.515,2927000000.0,1875000000.0,8237000000.0,8237000000.0,0.0,0.022,0.091,0.064,0.046,0.0,1518000000.0,1.0,74569477.0,74569477.0,,110.461,7082000000.0,0.0,69000000.0,0.0,94.972,-200000000.0
103,WHR,MRT,1995-12-31,1995-12-31,1995-12-31,2021-10-22,-53000000.0,7800000000.0,7570250000.0,3541000000.0,4259000000.0,1.078,25.094,-483000000.0,149000000.0,149000000.0,6245000000.0,209000000.0,0.925,3.156,2981000000.0,1998000000.0,983000000.0,2981000000.0,0.0,312000000.0,0.0,0.026,1.36,428000000.0,740000000.0,0.091,740000000.0,428000000.0,299000000.0,2.83,2.78,2.83,1877000000.0,1854500000.0,1877000000.0,6697856722.0,16.0,9.051,-106000000.0,-1.417,1.0,1918000000.0,0.235,931000000.0,129000000.0,5872000000.0,5808000000.0,1029000000.0,425000000.0,0.0,425000000.0,5923000000.0,3829000000.0,2094000000.0,3940856722.0,77000000.0,-171000000.0,-35000000.0,748000000.0,-100000000.0,635000000.0,-935000000.0,256000000.0,377000000.0,0.0,209000000.0,209000000.0,209000000.0,-14000000.0,0.0,0.026,1552000000.0,366000000.0,977000000.0,0.481,2.1,18.856,18.816,1779000000.0,0.0,53.25,0.483,0.488,2889000000.0,1863000000.0,8163000000.0,8163000000.0,0.0,0.028,0.113,0.074,0.052,0.0,1521000000.0,1.0,74006699.0,74800000.0,74800000.0,109.131,6869000000.0,247000000.0,90000000.0,234000000.0,91.832,-288000000.0
104,WHR,MRT,1995-09-30,1995-09-30,1995-09-30,2021-10-22,-29000000.0,7614000000.0,7284000000.0,3551000000.0,4063000000.0,1.147,25.792,-373000000.0,144000000.0,144000000.0,6251000000.0,100000000.0,0.984,2.997,2901000000.0,1923000000.0,978000000.0,2901000000.0,0.0,317000000.0,0.0,0.023,1.325,324000000.0,641000000.0,0.077,641000000.0,324000000.0,188000000.0,1.35,1.37,1.35,1905000000.0,1816000000.0,1905000000.0,7130363602.0,22.0,11.124,51000000.0,0.691,1.0,2102000000.0,0.252,931000000.0,136000000.0,5832000000.0,5577750000.0,995000000.0,803000000.0,0.0,803000000.0,5709000000.0,3608000000.0,2101000000.0,4265363602.0,36000000.0,-227000000.0,-35000000.0,644000000.0,-108000000.0,482000000.0,-870000000.0,-267000000.0,424000000.0,0.0,100000000.0,100000000.0,100000000.0,0.0,0.0,0.012,1785000000.0,317000000.0,846000000.0,0.981,2.239,42.654,42.778,1586000000.0,0.0,57.75,0.511,0.511,2873000000.0,1870000000.0,8353000000.0,8353000000.0,0.0,0.014,0.055,0.058,0.039,0.0,1576000000.0,1.0,73859110.0,73859110.0,,113.094,6683000000.0,0.0,88000000.0,0.0,90.483,-57000000.0
105,WHR,MRT,1995-06-30,1995-06-30,1995-06-30,2021-10-22,-28000000.0,7702000000.0,,3732000000.0,3970000000.0,,25.232,-373000000.0,128000000.0,128000000.0,6159000000.0,134000000.0,1.012,3.139,2993000000.0,1977000000.0,1016000000.0,2993000000.0,0.0,306000000.0,0.0,0.023,1.29,373000000.0,679000000.0,0.082,679000000.0,373000000.0,249000000.0,1.8,1.81,1.8,1861000000.0,,1861000000.0,6581497775.0,18.0,9.693,-54000000.0,-0.732,1.0,2125000000.0,0.257,930000000.0,124000000.0,5949000000.0,,1131000000.0,765000000.0,0.0,765000000.0,5841000000.0,3688000000.0,2153000000.0,4056497775.0,61000000.0,-200000000.0,-35000000.0,688000000.0,-106000000.0,525000000.0,-783000000.0,-198000000.0,319000000.0,0.0,134000000.0,134000000.0,134000000.0,0.0,0.0,0.016,1783000000.0,342000000.0,871000000.0,0.717,2.18,30.272,30.556,1558000000.0,0.0,55.0,0.49,0.49,2884000000.0,1831000000.0,8284000000.0,8284000000.0,0.0,,,,0.045,0.0,1570000000.0,1.0,73754505.0,73754505.0,,112.319,6772000000.0,0.0,115000000.0,0.0,91.818,44000000.0
106,WHR,MRT,1995-03-31,1995-03-31,1995-03-31,2021-10-22,-84000000.0,7165000000.0,,3399000000.0,3766000000.0,,23.934,-342000000.0,87000000.0,87000000.0,6079000000.0,166000000.0,1.025,3.037,2612000000.0,1588000000.0,1024000000.0,2612000000.0,0.0,303000000.0,0.0,0.023,1.255,451000000.0,754000000.0,0.092,754000000.0,451000000.0,335000000.0,2.2,2.2,2.2,1775000000.0,,1775000000.0,6074452282.0,13.0,8.056,124000000.0,1.672,1.0,2140000000.0,0.26,794000000.0,116000000.0,5579000000.0,,1079000000.0,826000000.0,0.0,826000000.0,5390000000.0,3317000000.0,2073000000.0,4060452282.0,51000000.0,-111000000.0,-34000000.0,301000000.0,-103000000.0,153000000.0,-568000000.0,-128000000.0,466000000.0,0.0,166000000.0,166000000.0,166000000.0,0.0,0.0,0.02,1754000000.0,386000000.0,830000000.0,0.57,2.288,24.461,24.886,1454000000.0,0.0,54.75,0.494,0.494,2644000000.0,1804000000.0,8219000000.0,8219000000.0,0.0,,,,0.055,0.0,1539000000.0,1.0,74163512.0,74163512.0,,110.823,6371000000.0,0.0,169000000.0,0.0,85.905,82000000.0
107,WHR,MRT,1994-12-31,1994-12-31,1994-12-31,2021-10-22,-93000000.0,6655000000.0,6351000000.0,3078000000.0,3577000000.0,1.276,22.821,-333000000.0,72000000.0,72000000.0,6003000000.0,158000000.0,1.03,2.862,2086000000.0,1201000000.0,885000000.0,2086000000.0,0.0,292000000.0,0.0,0.024,1.22,448000000.0,740000000.0,0.091,740000000.0,448000000.0,334000000.0,2.1,2.1,2.1,1723000000.0,1685500000.0,1723000000.0,,,,116000000.0,1.536,1.0,2101000000.0,0.259,730000000.0,114000000.0,4951000000.0,4711000000.0,838000000.0,370000000.0,0.0,370000000.0,4932000000.0,2988000000.0,1944000000.0,3763798234.0,-23000000.0,-22000000.0,0.0,-12000000.0,-101000000.0,-117000000.0,-355000000.0,0.0,449000000.0,0.0,158000000.0,158000000.0,158000000.0,0.0,0.0,0.019,1704000000.0,397000000.0,843000000.0,0.581,2.184,23.822,24.167,1440000000.0,0.0,50.75,0.464,0.473,2584000000.0,1754000000.0,8104000000.0,8104000000.0,0.0,0.025,0.094,0.095,0.055,0.0,1490000000.0,1.0,74163512.0,75500000.0,75500000.0,107.338,5925000000.0,275000000.0,176000000.0,221000000.0,78.477,90000000.0
108,WHR,MRT,1994-09-30,1994-09-30,1994-09-30,2021-10-22,,,,,,,,,,,,,,,,,,,,,,0.024,1.22,,,,,,,,,,,,,,,,,,1.0,,,,,,,,,,,,,,,,,,,,,,,,,,,,,,,,,,,,,,,,51.38,,,,,,,,,,,,,,1.0,,,,,,,,,,
109,WHR,MRT,1994-06-30,1994-06-30,1994-06-30,2021-10-22,,,,,,,,,,,,,,,,,,,,,,0.023,1.22,,,,,,,,,,,,,,,,,,1.0,,,,,,,,,,,,,,,,,,,,,,,,,,,,,,,,,,,,,,,,52.5,,,,,,,,,,,,,,1.0,,,,,,,,,,
110,WHR,MRT,1994-03-31,1994-03-31,1994-03-31,2021-10-22,,,,,,,,,,,,,,,,,,,,,,0.02,1.22,,,,,,,,,,,,,,,,,,1.0,,,,,,,,,,,,,,,,,,,,,,,,,,,,,,,,,,,,,,,,60.88,,,,,,,,,,,,,,1.0,,,,,,,,,,
111,WHR,MRT,1993-12-31,1993-12-31,1993-12-31,2021-10-22,-77000000.0,6047000000.0,,2708000000.0,3339000000.0,,22.794,-309000000.0,88000000.0,88000000.0,5562000000.0,51000000.0,0.98,2.669,2000000000.0,1160000000.0,840000000.0,2000000000.0,0.0,291000000.0,0.0,0.018,1.19,312000000.0,603000000.0,0.08,603000000.0,312000000.0,199000000.0,0.67,0.67,0.67,1648000000.0,,1648000000.0,,,,320000000.0,4.426,1.0,1971000000.0,0.262,725000000.0,113000000.0,4471000000.0,,760000000.0,320000000.0,0.0,320000000.0,4399000000.0,2763000000.0,1636000000.0,,22000000.0,-15000000.0,0.0,-583000000.0,-85000000.0,-511000000.0,-96000000.0,285000000.0,629000000.0,0.0,51000000.0,51000000.0,51000000.0,0.0,0.0,0.007,1489000000.0,482000000.0,742000000.0,1.776,,,99.254,1319000000.0,0.0,66.5,,0.638,2473000000.0,1686000000.0,7533000000.0,7533000000.0,0.0,,,,0.041,0.0,1433000000.0,1.0,,72300000.0,72300000.0,104.191,5322000000.0,205000000.0,148000000.0,167000000.0,73.61,-55000000.0
112,WHR,MRT,1992-12-31,1992-12-31,1992-12-31,2021-10-22,,,,,,,,-416000000.0,,,5447000000.0,205000000.0,,,,,,,,302000000.0,,0.025,1.1,504000000.0,806000000.0,0.11,806000000.0,504000000.0,359000000.0,2.9,2.79,2.9,,,,,,,162000000.0,2.295,1.0,1854000000.0,0.254,,145000000.0,,,,,,,,,,,-30000000.0,115000000.0,-16000000.0,12000000.0,-90000000.0,-81000000.0,-329000000.0,0.0,578000000.0,0.0,205000000.0,205000000.0,205000000.0,0.0,0.0,0.028,1375000000.0,479000000.0,,0.379,,,15.39,,0.0,44.63,,0.432,,,7301000000.0,7301000000.0,0.0,,,,0.069,0.0,1323000000.0,1.0,,70600000.0,70600000.0,103.414,,,154000000.0,,,
