None,ticker,dimension,calendardate,datekey,reportperiod,lastupdated,accoci,assets,assetsavg,assetsc,assetsnc,assetturnover,bvps,capex,cashneq,cashnequsd,cor,consolinc,currentratio,de,debt,debtc,debtnc,debtusd,deferredrev,depamor,deposits,divyield,dps,ebit,ebitda,ebitdamargin,ebitdausd,ebitusd,ebt,eps,epsdil,epsusd,equity,equityavg,equityusd,ev,evebit,evebitda,fcf,fcfps,fxusd,gp,grossmargin,intangibles,intexp,invcap,invcapavg,inventory,investments,investmentsc,investmentsnc,liabilities,liabilitiesc,liabilitiesnc,marketcap,ncf,ncfbus,ncfcommon,ncfdebt,ncfdiv,ncff,ncfi,ncfinv,ncfo,ncfx,netinc,netinccmn,netinccmnusd,netincdis,netincnci,netmargin,opex,opinc,payables,payoutratio,pb,pe,pe1,ppnenet,prefdivis,price,ps,ps1,receivables,retearn,revenue,revenueusd,rnd,roa,roe,roic,ros,sbcomp,sgna,sharefactor,sharesbas,shareswa,shareswadil,sps,tangibles,taxassets,taxexp,taxliabilities,tbvps,workingcapital
0,TFCF,MRY,2018-12-31,2018-06-30,2018-06-30,2021-08-25,-2001000000.0,53831000000.0,53173750000.0,19333000000.0,34498000000.0,0.572,10.561,-551000000.0,7622000000.0,7622000000.0,19769000000.0,4762000000.0,2.345,1.688,19523000000.0,1054000000.0,18469000000.0,19523000000.0,826000000.0,584000000.0,0.0,0.007,0.36,5348000000.0,5932000000.0,0.195,5932000000.0,5348000000.0,4100000000.0,2.41,2.4,2.41,19564000000.0,18307000000.0,19564000000.0,103900310649.0,19.0,17.515,3676000000.0,1.984,1.0,10631000000.0,0.35,18869000000.0,1248000000.0,38619000000.0,38664500000.0,11187000000.0,4112000000.0,0.0,4112000000.0,33033000000.0,8244000000.0,24789000000.0,91275310649.0,1525000000.0,358000000.0,0.0,-403000000.0,-993000000.0,-1464000000.0,-1177000000.0,-444000000.0,4227000000.0,-66000000.0,4464000000.0,4464000000.0,4464000000.0,12000000.0,298000000.0,0.147,4324000000.0,6307000000.0,3248000000.0,0.149,4.665,20.447,20.444,1956000000.0,0.0,49.27,3.002,3.002,7844000000.0,8934000000.0,30400000000.0,30400000000.0,0.0,0.084,0.244,0.138,0.176,204000000.0,3668000000.0,1.0,1852553494.0,1852553494,,16.41,34962000000.0,0.0,-364000000.0,1892000000.0,18.872,11089000000.0
1,TFCF,MRY,2017-12-31,2017-06-30,2017-06-30,2021-08-25,-2018000000.0,50872000000.0,49847250000.0,16434000000.0,34438000000.0,0.572,8.494,-377000000.0,6163000000.0,6163000000.0,18094000000.0,3226000000.0,2.225,2.158,19913000000.0,457000000.0,19456000000.0,19913000000.0,728000000.0,553000000.0,0.0,0.013,0.36,5590000000.0,6143000000.0,0.216,6143000000.0,5590000000.0,4371000000.0,1.59,1.59,1.59,15722000000.0,14721500000.0,15722000000.0,65907341865.0,12.0,10.729,3418000000.0,1.847,1.0,10406000000.0,0.365,19366000000.0,1219000000.0,37870000000.0,37783250000.0,10553000000.0,3902000000.0,0.0,3902000000.0,33934000000.0,7386000000.0,26548000000.0,51583341865.0,1724000000.0,-75000000.0,-619000000.0,345000000.0,-943000000.0,-1291000000.0,-752000000.0,-128000000.0,3795000000.0,15000000.0,2952000000.0,2952000000.0,2952000000.0,44000000.0,274000000.0,0.104,4166000000.0,6240000000.0,3451000000.0,0.226,3.281,17.474,17.528,1781000000.0,0.0,27.87,1.81,1.81,7168000000.0,5315000000.0,28500000000.0,28500000000.0,0.0,0.059,0.201,0.148,0.196,126000000.0,3298000000.0,1.0,1850855467.0,1850855467,,15.398,31506000000.0,0.0,1419000000.0,2782000000.0,17.022,9048000000.0
2,TFCF,MRY,2016-12-31,2016-06-30,2016-06-30,2021-08-25,-2144000000.0,48193000000.0,48383500000.0,14949000000.0,33244000000.0,0.565,7.212,-263000000.0,4424000000.0,4424000000.0,17419000000.0,3016000000.0,2.115,2.438,19553000000.0,427000000.0,19126000000.0,19553000000.0,505000000.0,530000000.0,0.0,0.011,0.3,5069000000.0,5599000000.0,0.205,5599000000.0,5069000000.0,3885000000.0,1.42,1.42,1.42,13661000000.0,14479250000.0,13661000000.0,66370228652.0,13.0,11.854,2879000000.0,1.52,1.0,9907000000.0,0.363,19510000000.0,1184000000.0,36744000000.0,36307500000.0,9903000000.0,3863000000.0,0.0,3863000000.0,33312000000.0,7068000000.0,26244000000.0,51618228652.0,-3940000000.0,-916000000.0,-4904000000.0,673000000.0,-821000000.0,-5424000000.0,-1638000000.0,-182000000.0,3142000000.0,-64000000.0,2755000000.0,2755000000.0,2755000000.0,8000000.0,261000000.0,0.101,4238000000.0,5669000000.0,3181000000.0,0.211,3.779,18.736,19.19,1692000000.0,0.0,27.25,1.889,1.889,6647000000.0,3575000000.0,27326000000.0,27326000000.0,0.0,0.057,0.19,0.14,0.186,196000000.0,3385000000.0,1.0,1894246923.0,1894246923,,14.426,28683000000.0,0.0,1130000000.0,2888000000.0,15.142,7881000000.0
3,TFCF,MRY,2015-12-31,2015-06-30,2015-06-30,2021-08-25,-1570000000.0,50039000000.0,52223500000.0,17348000000.0,32691000000.0,0.555,8.37,-424000000.0,8428000000.0,8428000000.0,18561000000.0,8537000000.0,2.464,1.85,19039000000.0,244000000.0,18795000000.0,19039000000.0,448000000.0,736000000.0,0.0,0.009,0.275,10747000000.0,11483000000.0,0.396,11483000000.0,10747000000.0,9549000000.0,3.91,3.9,3.91,17220000000.0,17821750000.0,17220000000.0,76107379114.0,7.0,6.628,3193000000.0,1.552,1.0,10426000000.0,0.36,18833000000.0,1198000000.0,34775000000.0,35250000000.0,9160000000.0,4529000000.0,0.0,4529000000.0,31853000000.0,7042000000.0,24811000000.0,66291379114.0,3202000000.0,8485000000.0,-5939000000.0,316000000.0,-878000000.0,-7102000000.0,6736000000.0,-1325000000.0,3617000000.0,-189000000.0,8306000000.0,8306000000.0,8306000000.0,67000000.0,231000000.0,0.287,5022000000.0,5404000000.0,3717000000.0,0.07,3.85,7.981,8.24,1722000000.0,0.0,32.22,2.287,2.287,6306000000.0,5343000000.0,28987000000.0,28987000000.0,0.0,0.159,0.466,0.305,0.371,83000000.0,3784000000.0,1.0,2057460556.0,2057460556,,14.089,31206000000.0,0.0,1243000000.0,2290000000.0,15.167,10306000000.0
4,TFCF,MRY,2014-12-31,2014-06-30,2014-06-30,2021-08-25,-34000000.0,54793000000.0,54099250000.0,15376000000.0,39417000000.0,0.589,7.824,-678000000.0,5415000000.0,5415000000.0,21108000000.0,4646000000.0,1.736,1.946,19058000000.0,799000000.0,18259000000.0,19058000000.0,690000000.0,1142000000.0,0.0,0.007,0.25,6907000000.0,8049000000.0,0.253,8049000000.0,6907000000.0,5786000000.0,1.99,1.99,1.99,17418000000.0,17438500000.0,17418000000.0,89745257103.0,13.0,11.15,2286000000.0,1.027,1.0,10759000000.0,0.338,26124000000.0,1121000000.0,33456000000.0,32539250000.0,9534000000.0,2859000000.0,0.0,2859000000.0,33892000000.0,8856000000.0,25036000000.0,76208257103.0,-1176000000.0,-174000000.0,-3706000000.0,859000000.0,-802000000.0,-3776000000.0,-935000000.0,-83000000.0,2964000000.0,-68000000.0,4514000000.0,4514000000.0,4514000000.0,-729000000.0,132000000.0,0.142,5271000000.0,5488000000.0,4183000000.0,0.126,4.375,16.883,17.201,2931000000.0,0.0,34.23,2.391,2.391,6922000000.0,2389000000.0,31867000000.0,31867000000.0,0.0,0.083,0.259,0.212,0.217,129000000.0,4129000000.0,1.0,2226358665.0,2226358665,,14.314,28669000000.0,0.0,1272000000.0,2729000000.0,12.877,6520000000.0
5,TFCF,MRY,2013-12-31,2013-06-30,2013-06-30,2021-08-25,-319000000.0,50944000000.0,60463750000.0,15567000000.0,35377000000.0,0.458,7.344,-622000000.0,6659000000.0,6659000000.0,17496000000.0,7323000000.0,1.846,1.813,16458000000.0,137000000.0,16321000000.0,16458000000.0,677000000.0,797000000.0,0.0,0.005,0.17,9850000000.0,10647000000.0,0.385,10647000000.0,9850000000.0,8787000000.0,3.03,3.03,3.03,16998000000.0,25369500000.0,16998000000.0,83113301654.0,8.0,7.806,2380000000.0,1.028,1.0,10179000000.0,0.368,22319000000.0,1063000000.0,29989000000.0,34495250000.0,8155000000.0,3704000000.0,0.0,3704000000.0,30819000000.0,8435000000.0,22384000000.0,75963301654.0,-2914000000.0,1362000000.0,-1823000000.0,523000000.0,-613000000.0,-4571000000.0,86000000.0,-654000000.0,3002000000.0,-53000000.0,7097000000.0,7097000000.0,7097000000.0,-277000000.0,226000000.0,0.256,4804000000.0,5375000000.0,4434000000.0,0.056,4.469,10.704,10.832,2829000000.0,0.0,32.82,2.745,2.745,5896000000.0,1454000000.0,27675000000.0,27675000000.0,0.0,0.117,0.28,0.286,0.356,192000000.0,4007000000.0,1.0,2314543012.0,2314543012,,11.957,28625000000.0,0.0,1690000000.0,2280000000.0,12.367,7132000000.0
6,TFCF,MRY,2012-12-31,2012-06-30,2012-06-30,2021-08-25,0.0,56663000000.0,59301000000.0,19448000000.0,37215000000.0,0.422,10.193,-564000000.0,9626000000.0,9626000000.0,15663000000.0,1372000000.0,2.022,1.275,15455000000.0,273000000.0,15182000000.0,15455000000.0,880000000.0,711000000.0,0.0,0.008,0.18,3305000000.0,4016000000.0,0.16,4016000000.0,3305000000.0,2273000000.0,0.47,0.47,0.47,24684000000.0,26852750000.0,24684000000.0,59308153923.0,18.0,14.768,2270000000.0,0.937,1.0,9388000000.0,0.375,20307000000.0,1032000000.0,32568000000.0,32410250000.0,7191000000.0,4968000000.0,0.0,4968000000.0,31478000000.0,9617000000.0,21861000000.0,54534153923.0,-2746000000.0,-46000000.0,-4422000000.0,-35000000.0,-580000000.0,-5102000000.0,-766000000.0,-156000000.0,2834000000.0,-308000000.0,1179000000.0,1179000000.0,1179000000.0,1997000000.0,193000000.0,0.047,4631000000.0,4757000000.0,5405000000.0,0.383,2.209,46.255,47.915,5814000000.0,0.0,22.52,2.177,2.177,6995000000.0,8521000000.0,25051000000.0,25051000000.0,0.0,0.02,0.044,0.102,0.132,0.0,3719000000.0,1.0,2421587652.0,2421587652,,10.345,36356000000.0,0.0,1094000000.0,2388000000.0,15.013,9831000000.0
7,TFCF,MRY,2011-12-31,2011-06-30,2011-06-30,2021-08-25,0.0,61980000000.0,58767000000.0,21784000000.0,40196000000.0,0.412,11.448,-622000000.0,12680000000.0,12680000000.0,15745000000.0,2868000000.0,2.276,1.042,15495000000.0,32000000.0,15463000000.0,15495000000.0,957000000.0,777000000.0,0.0,0.008,0.15,4374000000.0,5151000000.0,0.213,5151000000.0,4374000000.0,3412000000.0,1.04,1.04,1.04,30069000000.0,28117250000.0,30069000000.0,51197462589.0,12.0,9.939,2416000000.0,0.92,1.0,8487000000.0,0.35,23284000000.0,962000000.0,31940000000.0,30937000000.0,6530000000.0,4867000000.0,0.0,4867000000.0,31333000000.0,9571000000.0,21762000000.0,47489462589.0,3584000000.0,-105000000.0,12000000.0,1914000000.0,-490000000.0,1383000000.0,-1369000000.0,-642000000.0,3038000000.0,387000000.0,2739000000.0,2739000000.0,2739000000.0,-443000000.0,129000000.0,0.113,4824000000.0,3663000000.0,5773000000.0,0.144,1.579,17.338,17.385,6542000000.0,0.0,18.08,1.96,1.96,6680000000.0,12608000000.0,24232000000.0,24232000000.0,0.0,0.047,0.097,0.141,0.181,0.0,3759000000.0,1.0,2626629568.0,2626629568,,9.226,38696000000.0,0.0,673000000.0,3149000000.0,14.732,12213000000.0
8,TFCF,MRY,2010-12-31,2010-06-30,2010-06-30,2021-08-25,0.0,54384000000.0,55215250000.0,18024000000.0,36360000000.0,0.594,9.589,-914000000.0,8709000000.0,8709000000.0,21015000000.0,2644000000.0,2.034,1.149,13320000000.0,129000000.0,13191000000.0,13320000000.0,712000000.0,1185000000.0,0.0,0.01,0.135,4209000000.0,5394000000.0,0.165,5394000000.0,4209000000.0,3218000000.0,0.97,0.97,0.97,25113000000.0,24585000000.0,25113000000.0,41619749098.0,10.0,7.716,2940000000.0,1.123,1.0,11763000000.0,0.359,22055000000.0,991000000.0,28078000000.0,28484750000.0,5646000000.0,3515000000.0,0.0,3515000000.0,28843000000.0,8862000000.0,19981000000.0,36296749098.0,2096000000.0,1114000000.0,24000000.0,-1053000000.0,-418000000.0,-1445000000.0,-313000000.0,-513000000.0,3854000000.0,73000000.0,2539000000.0,2539000000.0,2539000000.0,0.0,105000000.0,0.077,8057000000.0,3706000000.0,5204000000.0,0.139,1.445,14.296,14.278,5980000000.0,0.0,13.85,1.107,1.107,6777000000.0,7679000000.0,32778000000.0,32778000000.0,0.0,0.046,0.103,0.148,0.128,0.0,6619000000.0,1.0,2620703906.0,2619000000,2628000000.0,12.515,32329000000.0,0.0,679000000.0,3486000000.0,12.344,9162000000.0
9,TFCF,MRY,2009-12-31,2009-06-30,2009-06-30,2021-08-25,0.0,53121000000.0,54146000000.0,15836000000.0,37285000000.0,0.562,8.888,-1101000000.0,6540000000.0,6540000000.0,19563000000.0,-3310000000.0,1.488,1.27,14289000000.0,2085000000.0,12204000000.0,14289000000.0,772000000.0,1138000000.0,0.0,0.011,0.12,-4680000000.0,-3542000000.0,-0.116,-3542000000.0,-4680000000.0,-5607000000.0,-1.29,-1.29,-1.29,23224000000.0,22743000000.0,23224000000.0,35837530173.0,-8.0,-10.118,1147000000.0,0.439,1.0,10860000000.0,0.357,23307000000.0,927000000.0,26924000000.0,27250000000.0,5655000000.0,2957000000.0,0.0,2957000000.0,29489000000.0,10639000000.0,18850000000.0,27629530173.0,1936000000.0,953000000.0,4000000.0,697000000.0,-366000000.0,315000000.0,-627000000.0,-479000000.0,2248000000.0,-58000000.0,-3378000000.0,-3378000000.0,-3378000000.0,0.0,68000000.0,-0.111,16510000000.0,-5650000000.0,5279000000.0,-0.093,1.19,-8.179,-8.194,6245000000.0,0.0,10.57,0.908,0.908,6569000000.0,5844000000.0,30423000000.0,30423000000.0,0.0,-0.062,-0.149,-0.172,-0.154,0.0,6164000000.0,1.0,2613957443.0,2613000000,2613000000.0,11.643,29814000000.0,0.0,-2229000000.0,3276000000.0,11.41,5197000000.0
10,TFCF,MRY,2008-12-31,2008-06-30,2008-06-30,2021-08-25,0.0,62308000000.0,64409000000.0,14362000000.0,47946000000.0,0.512,9.35,-1443000000.0,4662000000.0,4662000000.0,20531000000.0,5518000000.0,1.564,1.219,13511000000.0,281000000.0,13230000000.0,13511000000.0,834000000.0,1207000000.0,0.0,0.007,0.11,8116000000.0,9323000000.0,0.283,9323000000.0,8116000000.0,7190000000.0,1.82,1.81,1.82,27629000000.0,30171250000.0,27629000000.0,50424087858.0,6.0,5.409,2482000000.0,0.84,1.0,12465000000.0,0.378,33080000000.0,926000000.0,28895000000.0,32514500000.0,5319000000.0,3284000000.0,0.0,3284000000.0,33685000000.0,9182000000.0,24503000000.0,40171087858.0,-3065000000.0,-5560000000.0,-849000000.0,564000000.0,-373000000.0,-643000000.0,-6347000000.0,656000000.0,3925000000.0,73000000.0,5387000000.0,5387000000.0,5387000000.0,0.0,131000000.0,0.163,7210000000.0,5255000000.0,5695000000.0,0.06,1.454,7.457,8.434,7021000000.0,0.0,15.35,1.217,1.375,7449000000.0,11383000000.0,32996000000.0,32996000000.0,0.0,0.084,0.179,0.25,0.246,0.0,5984000000.0,1.0,2617008981.0,2955000000,2971000000.0,11.166,29228000000.0,0.0,1803000000.0,5456000000.0,9.891,5180000000.0
11,TFCF,MRY,2007-12-31,2007-06-30,2007-06-30,2021-08-25,0.0,62343000000.0,60179000000.0,15906000000.0,46437000000.0,0.476,10.281,-1308000000.0,7654000000.0,7654000000.0,18645000000.0,3426000000.0,2.122,0.909,12502000000.0,355000000.0,12147000000.0,12502000000.0,469000000.0,879000000.0,0.0,0.004,0.1,6083000000.0,6962000000.0,0.243,6962000000.0,6083000000.0,5240000000.0,1.14,1.14,1.14,32360000000.0,31552500000.0,32360000000.0,77433419637.0,13.0,11.122,2802000000.0,0.89,1.0,10010000000.0,0.349,25522000000.0,843000000.0,34175000000.0,33426750000.0,4665000000.0,11413000000.0,0.0,11413000000.0,29421000000.0,7494000000.0,21927000000.0,72205419637.0,1761000000.0,-1059000000.0,-902000000.0,998000000.0,-369000000.0,-273000000.0,-2076000000.0,291000000.0,4110000000.0,110000000.0,3426000000.0,3426000000.0,3426000000.0,0.0,0.0,0.12,5558000000.0,4452000000.0,4545000000.0,0.088,2.231,21.076,20.123,5617000000.0,0.0,22.94,2.52,2.52,6279000000.0,5558000000.0,28655000000.0,28655000000.0,0.0,0.057,0.109,0.182,0.212,0.0,4655000000.0,1.0,3147577142.0,3147577142,,9.104,36821000000.0,0.0,1814000000.0,5899000000.0,11.698,8412000000.0
12,TFCF,MRY,2006-12-31,2006-06-30,2006-06-30,2021-08-25,0.0,56649000000.0,55553750000.0,13123000000.0,43526000000.0,0.456,9.383,-976000000.0,5783000000.0,5783000000.0,16593000000.0,2314000000.0,2.059,0.905,11427000000.0,42000000.0,11385000000.0,11427000000.0,476000000.0,775000000.0,0.0,0.006,0.13,4631000000.0,5406000000.0,0.213,5406000000.0,4631000000.0,3840000000.0,0.92,0.92,0.92,29593000000.0,28641500000.0,29593000000.0,69749472835.0,15.0,12.902,2281000000.0,0.723,1.0,8734000000.0,0.345,23994000000.0,791000000.0,31926000000.0,30908750000.0,4250000000.0,10601000000.0,0.0,10601000000.0,26775000000.0,6373000000.0,20402000000.0,63648472835.0,-735000000.0,-1379000000.0,-1795000000.0,294000000.0,-431000000.0,-1932000000.0,-2060000000.0,295000000.0,3257000000.0,48000000.0,2314000000.0,2314000000.0,2314000000.0,-515000000.0,0.0,0.091,4866000000.0,3868000000.0,4047000000.0,0.141,2.151,27.506,21.935,4755000000.0,0.0,20.18,2.513,2.513,5743000000.0,1689000000.0,25327000000.0,25327000000.0,0.0,0.042,0.081,0.15,0.183,0.0,3982000000.0,1.0,3154037306.0,3154037306,,8.03,32655000000.0,0.0,1526000000.0,5200000000.0,10.353,6750000000.0
13,TFCF,MRY,2005-12-31,2005-06-30,2005-06-30,2021-08-25,0.0,54692000000.0,51517500000.0,12779000000.0,41913000000.0,0.463,8.846,-901000000.0,6470000000.0,6470000000.0,15901000000.0,2128000000.0,1.922,0.868,10999000000.0,912000000.0,10087000000.0,10999000000.0,426000000.0,648000000.0,0.0,0.002,0.041,3884000000.0,4532000000.0,0.19,4532000000.0,3884000000.0,3348000000.0,0.74,0.73,0.74,29158000000.0,25016500000.0,29158000000.0,60511753554.0,16.0,13.352,2470000000.0,0.749,1.0,7958000000.0,0.334,23461000000.0,536000000.0,29111000000.0,29035500000.0,3882000000.0,10268000000.0,0.0,10268000000.0,25315000000.0,6649000000.0,18666000000.0,55573753554.0,2387000000.0,-69000000.0,-447000000.0,-269000000.0,-240000000.0,-681000000.0,-303000000.0,667000000.0,3371000000.0,32000000.0,2128000000.0,2128000000.0,2128000000.0,0.0,0.0,0.089,4394000000.0,3564000000.0,3564000000.0,0.055,1.906,26.115,22.784,4346000000.0,0.0,16.86,2.329,2.329,5026000000.0,-699000000.0,23859000000.0,23859000000.0,0.0,0.041,0.085,0.134,0.163,0.0,3697000000.0,1.0,3296189416.0,3296189416,,7.238,31231000000.0,0.0,1220000000.0,4817000000.0,9.475,6130000000.0
14,TFCF,MRY,2004-12-31,2004-06-30,2004-06-30,2021-08-25,0.0,48343000000.0,35821000000.0,10999000000.0,37344000000.0,0.581,4.976,-361000000.0,4338000000.0,4338000000.0,13942000000.0,1533000000.0,1.558,1.316,10164000000.0,1084000000.0,9080000000.0,10164000000.0,467000000.0,565000000.0,0.0,0.002,0.043,3079000000.0,3644000000.0,0.175,3644000000.0,3079000000.0,2547000000.0,0.58,0.58,0.58,20875000000.0,17589000000.0,20875000000.0,74218299391.0,24.0,20.367,2034000000.0,0.485,1.0,6860000000.0,0.33,18151000000.0,532000000.0,28960000000.0,19355500000.0,4199000000.0,10914000000.0,0.0,10914000000.0,27468000000.0,7058000000.0,20410000000.0,74290299391.0,-482000000.0,-202000000.0,580000000.0,-395000000.0,-202000000.0,145000000.0,-3022000000.0,-2459000000.0,2395000000.0,56000000.0,1533000000.0,1533000000.0,1533000000.0,0.0,0.0,0.074,3929000000.0,2931000000.0,3963000000.0,0.074,3.559,48.461,30.534,3796000000.0,0.0,17.71,3.571,3.571,4980000000.0,-2791000000.0,20802000000.0,20802000000.0,0.0,0.043,0.087,0.159,0.148,0.0,3364000000.0,1.0,4194822100.0,4194822100,,4.959,30192000000.0,521000000.0,1014000000.0,3620000000.0,7.197,3941000000.0
15,TFCF,MRY,2003-12-31,2003-06-30,2003-06-30,2021-08-25,0.0,23299000000.0,23087500000.0,,,0.753,8.117,-366000000.0,72000000.0,72000000.0,11894000000.0,822000000.0,,0.574,0.0,,,0.0,449000000.0,414000000.0,0.0,0.002,0.035,1975000000.0,2389000000.0,0.137,2389000000.0,1975000000.0,1451000000.0,0.33,0.33,0.33,14303000000.0,13199000000.0,14303000000.0,64283822029.0,33.0,26.908,1267000000.0,0.719,1.0,5486000000.0,0.316,13476000000.0,524000000.0,9751000000.0,10172000000.0,0.0,1560000000.0,,,8206000000.0,,,63397822029.0,726000000.0,-858000000.0,68000000.0,-333000000.0,-181000000.0,302000000.0,-1209000000.0,15000000.0,1633000000.0,177000000.0,822000000.0,822000000.0,822000000.0,0.0,0.0,0.047,3106000000.0,2380000000.0,1665000000.0,0.106,4.432,77.126,45.864,1464000000.0,0.0,15.135,3.648,1.534,2647000000.0,1513000000.0,17380000000.0,17380000000.0,0.0,0.036,0.062,0.194,0.114,0.0,2692000000.0,1.0,4188822070.0,1762000000,1762000000.0,9.864,9823000000.0,0.0,629000000.0,2053000000.0,5.575,
16,TFCF,MRY,2002-12-31,2002-06-30,2002-06-30,2021-08-25,0.0,22876000000.0,20366000000.0,,,0.478,7.217,-80000000.0,56000000.0,56000000.0,7226000000.0,581000000.0,,0.819,942000000.0,,,942000000.0,500000000.0,400000000.0,0.0,0.003,0.032,1230000000.0,1630000000.0,0.168,1630000000.0,1230000000.0,989000000.0,0.345,0.345,0.345,12095000000.0,10031500000.0,12095000000.0,,,,907000000.0,0.541,1.0,2499000000.0,0.257,13169000000.0,241000000.0,10593000000.0,10884000000.0,0.0,1424000000.0,,,9903000000.0,,,48024845033.0,-10000000.0,1211000000.0,0.0,-168000000.0,0.0,-1675000000.0,678000000.0,-453000000.0,987000000.0,0.0,581000000.0,581000000.0,581000000.0,0.0,0.0,0.06,2602000000.0,-103000000.0,1844000000.0,0.093,3.971,82.659,33.232,1501000000.0,0.0,11.465,4.938,1.976,2577000000.0,517000000.0,9725000000.0,9725000000.0,0.0,0.029,0.058,0.113,0.126,0.0,1293000000.0,1.0,4188822070.0,1676000000,1676000000.0,5.803,9707000000.0,0.0,408000000.0,1912000000.0,5.792,
17,TFCF,MRY,2001-12-31,2001-06-30,2001-06-30,2021-08-25,0.0,17856000000.0,,,,,5.503,-145000000.0,66000000.0,66000000.0,6274000000.0,-288000000.0,,1.133,1032000000.0,,,1032000000.0,553000000.0,387000000.0,0.0,0.002,0.033,242000000.0,629000000.0,0.075,629000000.0,242000000.0,-103000000.0,-0.2,-0.2,-0.2,7968000000.0,,7968000000.0,,,,-298000000.0,-0.206,1.0,2140000000.0,0.254,7647000000.0,345000000.0,11175000000.0,,0.0,1493000000.0,,,9027000000.0,,,,-48000000.0,380000000.0,0.0,-701000000.0,0.0,281000000.0,-176000000.0,-411000000.0,-153000000.0,0.0,-288000000.0,-288000000.0,-288000000.0,0.0,0.0,-0.034,1488000000.0,652000000.0,1705000000.0,-0.165,,,-92.875,1454000000.0,0.0,18.575,,3.197,2504000000.0,-63000000.0,8414000000.0,8414000000.0,0.0,,,,0.029,0.0,1101000000.0,1.0,,1448000000,1448000000.0,5.811,10209000000.0,0.0,185000000.0,706000000.0,7.05,
18,TFCF,MRY,2000-12-31,2000-06-30,2000-06-30,2021-08-25,,,,,,,,-247000000.0,,,6482000000.0,145000000.0,,,,,,,,368000000.0,,0.001,0.033,562000000.0,930000000.0,0.109,930000000.0,562000000.0,265000000.0,0.1,0.1,0.1,,,,,,,-500000000.0,-0.346,1.0,2035000000.0,0.239,,297000000.0,,,,,,,,,,,-7000000.0,63000000.0,0.0,-587000000.0,0.0,782000000.0,-536000000.0,-352000000.0,-253000000.0,0.0,145000000.0,145000000.0,145000000.0,0.0,0.0,0.017,1379000000.0,656000000.0,,0.33,,,272.5,,0.0,27.25,,4.62,,,8517000000.0,8517000000.0,0.0,,,,0.066,0.0,1011000000.0,1.0,,1444000000,1444000000.0,5.898,,,120000000.0,,,
0,TFCF,MRQ,2018-12-31,2018-12-31,2018-12-31,2021-08-25,-1879000000.0,65886000000.0,,34017000000.0,31869000000.0,,17.244,-119000000.0,21281000000.0,21281000000.0,6005000000.0,10907000000.0,4.287,1.02,19208000000.0,887000000.0,18321000000.0,19208000000.0,855000000.0,159000000.0,0.0,0.008,0.0,11739000000.0,11898000000.0,1.4,11898000000.0,11739000000.0,11445000000.0,5.83,5.8,5.83,32005000000.0,,32005000000.0,100823479000.0,6.0,5.955,-142000000.0,-0.077,1.0,2494000000.0,0.293,18728000000.0,294000000.0,37150000000.0,,12067000000.0,833000000.0,0.0,833000000.0,32651000000.0,7935000000.0,24716000000.0,88655479000.0,14206000000.0,14991000000.0,0.0,-54000000.0,-423000000.0,-544000000.0,14794000000.0,-125000000.0,-23000000.0,-8000000.0,10815000000.0,10815000000.0,10815000000.0,17000000.0,92000000.0,1.273,1098000000.0,1396000000.0,3236000000.0,0.0,2.77,6.388,6.388,1971000000.0,0.0,47.78,2.856,2.857,8942000000.0,21292000000.0,8499000000.0,8499000000.0,0.0,,,,,51000000.0,939000000.0,1.0,1855493491.0,1856000000,1864000000.0,4.579,47158000000.0,0.0,630000000.0,1971000000.0,25.408,26082000000.0
1,TFCF,MRQ,2018-09-30,2018-09-30,2018-09-30,2021-08-25,-2354000000.0,54512000000.0,,19128000000.0,35384000000.0,,11.164,-100000000.0,7083000000.0,7083000000.0,4424000000.0,1351000000.0,2.452,1.574,19251000000.0,872000000.0,18379000000.0,19251000000.0,764000000.0,158000000.0,0.0,0.008,0.18,1711000000.0,1869000000.0,0.26,1869000000.0,1711000000.0,1411000000.0,0.69,0.69,0.69,20698000000.0,,20698000000.0,96785947690.0,18.0,15.867,480000000.0,0.259,1.0,2753000000.0,0.384,18787000000.0,300000000.0,40091000000.0,,11564000000.0,4640000000.0,0.0,4640000000.0,32588000000.0,7802000000.0,24786000000.0,84884947690.0,-442000000.0,29000000.0,0.0,-268000000.0,-94000000.0,-546000000.0,-465000000.0,-141000000.0,580000000.0,-97000000.0,1285000000.0,1285000000.0,1285000000.0,7000000.0,66000000.0,0.179,1064000000.0,1689000000.0,3381000000.0,0.261,4.101,17.345,17.356,1949000000.0,0.0,45.82,2.776,2.778,8218000000.0,10499000000.0,7177000000.0,7177000000.0,0.0,,,,,19000000.0,890000000.0,1.0,1852574153.0,1854000000,1863000000.0,3.871,35725000000.0,0.0,126000000.0,1949000000.0,19.269,11326000000.0
2,TFCF,MRQ,2018-06-30,2018-06-30,2018-06-30,2021-08-25,-2001000000.0,53831000000.0,,19333000000.0,34498000000.0,,10.561,-208000000.0,7622000000.0,7622000000.0,5047000000.0,983000000.0,2.345,1.688,19523000000.0,1054000000.0,18469000000.0,19523000000.0,826000000.0,155000000.0,0.0,0.007,0.0,1325000000.0,1480000000.0,0.186,1480000000.0,1325000000.0,1013000000.0,0.5,0.49,0.5,19564000000.0,,19564000000.0,103900310649.0,19.0,17.515,1817000000.0,0.981,1.0,2894000000.0,0.364,18869000000.0,312000000.0,38619000000.0,,11187000000.0,4112000000.0,0.0,4112000000.0,33033000000.0,8244000000.0,24789000000.0,91275310649.0,362000000.0,-7000000.0,0.0,-474000000.0,-414000000.0,-887000000.0,-757000000.0,-2000000.0,2025000000.0,-112000000.0,920000000.0,920000000.0,920000000.0,5000000.0,63000000.0,0.116,1166000000.0,1728000000.0,3248000000.0,0.0,4.665,20.447,20.444,1956000000.0,0.0,49.27,3.002,3.002,7844000000.0,8934000000.0,7941000000.0,7941000000.0,0.0,,,,,38000000.0,997000000.0,1.0,1852553494.0,1852553494,,4.287,34962000000.0,0.0,93000000.0,1892000000.0,18.872,11089000000.0
3,TFCF,MRQ,2018-03-31,2018-03-31,2018-03-31,2021-08-25,-1699000000.0,53978000000.0,,18661000000.0,35317000000.0,,10.238,-105000000.0,7372000000.0,7372000000.0,4581000000.0,943000000.0,2.051,1.779,19997000000.0,1538000000.0,18459000000.0,19997000000.0,717000000.0,145000000.0,0.0,0.01,0.18,1539000000.0,1684000000.0,0.227,1684000000.0,1539000000.0,1228000000.0,0.46,0.46,0.46,18971000000.0,,18971000000.0,81361508462.0,16.0,14.428,1593000000.0,0.86,1.0,2839000000.0,0.383,18968000000.0,311000000.0,38536000000.0,,11647000000.0,4256000000.0,0.0,4256000000.0,33755000000.0,9099000000.0,24656000000.0,67376508462.0,1545000000.0,3000000.0,0.0,200000000.0,-67000000.0,114000000.0,-251000000.0,-149000000.0,1698000000.0,18000000.0,858000000.0,858000000.0,858000000.0,18000000.0,85000000.0,0.116,1138000000.0,1701000000.0,3979000000.0,0.391,3.552,16.76,16.76,1861000000.0,0.0,36.37,2.307,2.307,7641000000.0,8121000000.0,7420000000.0,7420000000.0,0.0,,,,,100000000.0,959000000.0,1.0,1852529790.0,1853000000,1858000000.0,4.004,35010000000.0,0.0,370000000.0,1638000000.0,18.894,9562000000.0
4,TFCF,MRQ,2017-12-31,2017-12-31,2017-12-31,2021-08-25,-1649000000.0,52858000000.0,,17402000000.0,35456000000.0,,9.924,-157000000.0,5809000000.0,5809000000.0,5760000000.0,1916000000.0,2.16,1.807,19794000000.0,631000000.0,19163000000.0,19794000000.0,719000000.0,142000000.0,0.0,0.011,0.0,925000000.0,1067000000.0,0.133,1067000000.0,925000000.0,613000000.0,0.99,0.99,0.99,18389000000.0,,18389000000.0,76156316435.0,15.0,13.663,-401000000.0,-0.216,1.0,2277000000.0,0.283,19017000000.0,312000000.0,39771000000.0,,11166000000.0,4364000000.0,0.0,4364000000.0,33227000000.0,8055000000.0,25172000000.0,63208316435.0,-1106000000.0,0.0,0.0,-62000000.0,-445000000.0,-525000000.0,-320000000.0,-108000000.0,-244000000.0,14000000.0,1831000000.0,1831000000.0,1831000000.0,5000000.0,85000000.0,0.228,1009000000.0,1268000000.0,3692000000.0,0.0,3.437,15.958,15.944,1840000000.0,0.0,34.12,2.154,2.154,8286000000.0,7627000000.0,8037000000.0,8037000000.0,0.0,,,,,39000000.0,864000000.0,1.0,1852529790.0,1853000000,1855000000.0,4.337,33841000000.0,0.0,-1218000000.0,1622000000.0,18.263,9347000000.0
5,TFCF,MRQ,2017-09-30,2017-09-30,2017-09-30,2021-08-25,-1876000000.0,52028000000.0,,16998000000.0,35030000000.0,,8.803,-81000000.0,6901000000.0,6901000000.0,4381000000.0,920000000.0,2.079,2.114,19849000000.0,707000000.0,19142000000.0,19849000000.0,671000000.0,142000000.0,0.0,0.014,0.18,1559000000.0,1701000000.0,0.243,1701000000.0,1559000000.0,1246000000.0,0.46,0.46,0.46,16304000000.0,,16304000000.0,61488783654.0,11.0,9.846,667000000.0,0.36,1.0,2621000000.0,0.374,19068000000.0,313000000.0,37732000000.0,,10875000000.0,4066000000.0,0.0,4066000000.0,34472000000.0,8176000000.0,26296000000.0,47738783654.0,724000000.0,362000000.0,0.0,-67000000.0,-67000000.0,-166000000.0,151000000.0,-101000000.0,748000000.0,14000000.0,855000000.0,855000000.0,855000000.0,-16000000.0,65000000.0,0.122,1011000000.0,1610000000.0,3966000000.0,0.391,2.928,15.988,16.019,1779000000.0,0.0,25.79,1.646,1.647,7303000000.0,5816000000.0,7002000000.0,7002000000.0,0.0,,,,,27000000.0,848000000.0,1.0,1851057916.0,1852000000,1853000000.0,3.781,32960000000.0,0.0,391000000.0,2801000000.0,17.797,8822000000.0
6,TFCF,MRQ,2017-06-30,2017-06-30,2017-06-30,2021-08-25,-2018000000.0,50872000000.0,,16434000000.0,34438000000.0,,8.494,-175000000.0,6163000000.0,6163000000.0,4443000000.0,532000000.0,2.225,2.158,19913000000.0,457000000.0,19456000000.0,19913000000.0,728000000.0,143000000.0,0.0,0.013,0.0,1044000000.0,1187000000.0,0.176,1187000000.0,1044000000.0,734000000.0,0.26,0.26,0.26,15722000000.0,,15722000000.0,65907341865.0,12.0,10.729,1193000000.0,0.645,1.0,2305000000.0,0.342,19366000000.0,310000000.0,37870000000.0,,10553000000.0,3902000000.0,0.0,3902000000.0,33934000000.0,7386000000.0,26548000000.0,51583341865.0,566000000.0,-75000000.0,0.0,12000000.0,-421000000.0,-411000000.0,-384000000.0,38000000.0,1368000000.0,25000000.0,476000000.0,476000000.0,476000000.0,25000000.0,56000000.0,0.071,1119000000.0,1186000000.0,3451000000.0,0.0,3.281,17.474,17.528,1781000000.0,0.0,27.87,1.81,1.81,7168000000.0,5315000000.0,6748000000.0,6748000000.0,0.0,,,,,29000000.0,874000000.0,1.0,1850855467.0,1850855467,,3.646,31506000000.0,0.0,258000000.0,2782000000.0,17.022,9048000000.0
7,TFCF,MRQ,2017-03-31,2017-03-31,2017-03-31,2021-08-25,-2195000000.0,50684000000.0,,16738000000.0,33946000000.0,,8.113,-85000000.0,5572000000.0,5572000000.0,4824000000.0,870000000.0,2.245,2.293,19896000000.0,107000000.0,19789000000.0,19896000000.0,621000000.0,140000000.0,0.0,0.011,0.18,1479000000.0,1619000000.0,0.214,1619000000.0,1479000000.0,1169000000.0,0.43,0.43,0.43,15017000000.0,,15017000000.0,74182527942.0,14.0,12.578,1110000000.0,0.6,1.0,2740000000.0,0.362,19312000000.0,310000000.0,38240000000.0,,11143000000.0,3679000000.0,0.0,3679000000.0,34432000000.0,7456000000.0,26976000000.0,58819527942.0,1011000000.0,0.0,0.0,0.0,-41000000.0,-60000000.0,-118000000.0,-33000000.0,1195000000.0,31000000.0,799000000.0,799000000.0,799000000.0,12000000.0,71000000.0,0.106,994000000.0,1746000000.0,3832000000.0,0.419,3.917,19.329,19.497,1691000000.0,0.0,31.78,2.071,2.071,7757000000.0,4919000000.0,7564000000.0,7564000000.0,0.0,,,,,35000000.0,817000000.0,1.0,1850834737.0,1851000000,1853000000.0,4.086,31372000000.0,0.0,370000000.0,2742000000.0,16.949,9282000000.0
8,TFCF,MRQ,2016-12-31,2016-12-31,2016-12-31,2021-08-25,-2382000000.0,49207000000.0,,15705000000.0,33502000000.0,,7.739,-64000000.0,4530000000.0,4530000000.0,4912000000.0,936000000.0,2.327,2.347,19893000000.0,80000000.0,19813000000.0,19893000000.0,622000000.0,135000000.0,0.0,0.012,0.0,1603000000.0,1738000000.0,0.226,1738000000.0,1603000000.0,1304000000.0,0.46,0.46,0.46,14340000000.0,,14340000000.0,65364788362.0,12.0,10.874,178000000.0,0.096,1.0,2770000000.0,0.361,19355000000.0,299000000.0,38466000000.0,,11079000000.0,3616000000.0,0.0,3616000000.0,33652000000.0,6749000000.0,26903000000.0,50557788362.0,-97000000.0,-1000000.0,-152000000.0,401000000.0,-427000000.0,-202000000.0,-128000000.0,-63000000.0,242000000.0,-54000000.0,856000000.0,856000000.0,856000000.0,1000000.0,80000000.0,0.111,966000000.0,1804000000.0,3156000000.0,0.0,3.526,16.388,16.616,1657000000.0,0.0,27.25,1.802,1.799,7473000000.0,4479000000.0,7682000000.0,7682000000.0,0.0,,,,,20000000.0,792000000.0,1.0,1855331683.0,1853000000,1854000000.0,4.146,29852000000.0,0.0,448000000.0,2709000000.0,16.11,8956000000.0
9,TFCF,MRQ,2016-09-30,2016-09-30,2016-09-30,2021-08-25,-2185000000.0,48626000000.0,,14921000000.0,33705000000.0,,7.419,-53000000.0,4681000000.0,4681000000.0,3915000000.0,888000000.0,2.01,2.431,19488000000.0,454000000.0,19034000000.0,19488000000.0,612000000.0,135000000.0,0.0,0.013,0.18,1464000000.0,1599000000.0,0.246,1599000000.0,1464000000.0,1164000000.0,0.44,0.44,0.44,13807000000.0,,13807000000.0,61379946456.0,12.0,10.607,937000000.0,0.503,1.0,2591000000.0,0.398,19454000000.0,300000000.0,36557000000.0,,10696000000.0,3912000000.0,0.0,3912000000.0,33571000000.0,7422000000.0,26149000000.0,46078946456.0,244000000.0,1000000.0,-467000000.0,-68000000.0,-54000000.0,-618000000.0,-122000000.0,-70000000.0,990000000.0,13000000.0,821000000.0,821000000.0,821000000.0,6000000.0,67000000.0,0.126,1087000000.0,1504000000.0,3438000000.0,0.409,3.337,15.884,16.276,1669000000.0,0.0,24.74,1.66,1.659,6564000000.0,3741000000.0,6506000000.0,6506000000.0,0.0,,,,,42000000.0,815000000.0,1.0,1862528151.0,1861000000,1863000000.0,3.496,29172000000.0,0.0,343000000.0,2782000000.0,15.675,7499000000.0
10,TFCF,MRQ,2016-06-30,2016-06-30,2016-06-30,2021-08-25,-2144000000.0,48193000000.0,,14949000000.0,33244000000.0,,7.212,-107000000.0,4424000000.0,4424000000.0,4517000000.0,606000000.0,2.115,2.438,19553000000.0,427000000.0,19126000000.0,19553000000.0,505000000.0,139000000.0,0.0,0.011,0.0,803000000.0,942000000.0,0.142,942000000.0,803000000.0,507000000.0,0.3,0.3,0.3,13661000000.0,,13661000000.0,66370228652.0,13.0,11.854,1023000000.0,0.54,1.0,2129000000.0,0.32,19510000000.0,296000000.0,36744000000.0,,9903000000.0,3863000000.0,0.0,3863000000.0,33312000000.0,7068000000.0,26244000000.0,51618228652.0,-551000000.0,-8000000.0,-946000000.0,-20000000.0,-356000000.0,-1418000000.0,-258000000.0,134000000.0,1130000000.0,-18000000.0,567000000.0,567000000.0,567000000.0,0.0,39000000.0,0.085,1116000000.0,1013000000.0,3181000000.0,0.0,3.779,18.736,19.19,1692000000.0,0.0,27.25,1.889,1.889,6647000000.0,3575000000.0,6646000000.0,6646000000.0,0.0,,,,,44000000.0,700000000.0,1.0,1894246923.0,1894246923,,3.509,28683000000.0,0.0,-60000000.0,2888000000.0,15.142,7881000000.0
11,TFCF,MRQ,2016-03-31,2016-03-31,2016-03-31,2021-08-25,-1865000000.0,49248000000.0,,15620000000.0,33628000000.0,,7.553,-64000000.0,4993000000.0,4993000000.0,4472000000.0,925000000.0,1.887,2.329,19745000000.0,475000000.0,19270000000.0,19745000000.0,598000000.0,133000000.0,0.0,0.011,0.15,1599000000.0,1732000000.0,0.24,1732000000.0,1599000000.0,1304000000.0,0.44,0.44,0.44,14471000000.0,,14471000000.0,69530695429.0,15.0,13.211,1716000000.0,0.896,1.0,2756000000.0,0.381,19439000000.0,295000000.0,36285000000.0,,10630000000.0,4155000000.0,0.0,4155000000.0,33698000000.0,8276000000.0,25422000000.0,54086695429.0,676000000.0,0.0,-756000000.0,8000000.0,-46000000.0,-1019000000.0,-80000000.0,-16000000.0,1780000000.0,24000000.0,841000000.0,841000000.0,841000000.0,3000000.0,84000000.0,0.116,1041000000.0,1715000000.0,3828000000.0,0.341,3.738,23.774,23.306,1660000000.0,0.0,28.2,2.012,2.01,7217000000.0,3814000000.0,7228000000.0,7228000000.0,0.0,,,,,33000000.0,893000000.0,1.0,1917967923.0,1916000000,1916000000.0,3.772,29809000000.0,0.0,463000000.0,2415000000.0,15.558,7344000000.0
12,TFCF,MRQ,2015-12-31,2015-12-31,2015-12-31,2021-08-25,-1939000000.0,48096000000.0,,14826000000.0,33270000000.0,,7.408,-58000000.0,4293000000.0,4293000000.0,4757000000.0,748000000.0,2.04,2.248,19737000000.0,486000000.0,19251000000.0,19737000000.0,544000000.0,130000000.0,0.0,0.011,0.0,1384000000.0,1514000000.0,0.205,1514000000.0,1384000000.0,1086000000.0,0.34,0.34,0.34,14504000000.0,,14504000000.0,66804300931.0,14.0,12.417,479000000.0,0.245,1.0,2618000000.0,0.355,19480000000.0,298000000.0,36792000000.0,,10120000000.0,4053000000.0,0.0,4053000000.0,32601000000.0,7268000000.0,25333000000.0,53623300931.0,-1505000000.0,-908000000.0,-1313000000.0,713000000.0,-363000000.0,-1022000000.0,-1017000000.0,-51000000.0,537000000.0,-32000000.0,672000000.0,672000000.0,672000000.0,2000000.0,76000000.0,0.091,1033000000.0,1585000000.0,3359000000.0,0.0,3.697,22.26,22.138,1668000000.0,0.0,27.23,2.024,2.012,7252000000.0,3851000000.0,7375000000.0,7375000000.0,0.0,,,,,33000000.0,903000000.0,1.0,1969272895.0,1958000000,1958000000.0,3.767,28616000000.0,0.0,414000000.0,2275000000.0,14.615,7558000000.0
13,TFCF,MRQ,2015-09-30,2015-09-30,2015-09-30,2021-08-25,-1719000000.0,47997000000.0,,15193000000.0,32804000000.0,,7.606,-34000000.0,5830000000.0,5830000000.0,3673000000.0,737000000.0,2.173,2.077,19011000000.0,244000000.0,18767000000.0,19011000000.0,457000000.0,128000000.0,0.0,0.011,0.15,1283000000.0,1411000000.0,0.232,1411000000.0,1283000000.0,988000000.0,0.34,0.34,0.34,15281000000.0,,15281000000.0,65277806888.0,6.0,6.059,-339000000.0,-0.169,1.0,2404000000.0,0.396,18777000000.0,295000000.0,35409000000.0,,9805000000.0,4398000000.0,0.0,4398000000.0,31742000000.0,6992000000.0,24750000000.0,54666806888.0,-2560000000.0,0.0,-1889000000.0,-28000000.0,-56000000.0,-1965000000.0,-283000000.0,-249000000.0,-305000000.0,-38000000.0,675000000.0,675000000.0,675000000.0,3000000.0,62000000.0,0.111,1017000000.0,1387000000.0,3529000000.0,0.441,3.577,6.882,7.161,1667000000.0,0.0,27.07,2.012,2.001,6420000000.0,4182000000.0,6077000000.0,6077000000.0,0.0,,,,,86000000.0,889000000.0,1.0,2019460912.0,2009000000,2012000000.0,3.025,29220000000.0,0.0,313000000.0,2278000000.0,14.545,8201000000.0
14,TFCF,MRQ,2015-06-30,2015-06-30,2015-06-30,2021-08-25,-1570000000.0,50039000000.0,,17348000000.0,32691000000.0,,8.37,-104000000.0,8428000000.0,8428000000.0,3786000000.0,118000000.0,2.464,1.85,19039000000.0,244000000.0,18795000000.0,19039000000.0,448000000.0,135000000.0,0.0,0.009,0.0,471000000.0,606000000.0,0.098,606000000.0,471000000.0,180000000.0,0.09,0.08,0.09,17220000000.0,,17220000000.0,76107379114.0,7.0,6.628,890000000.0,0.433,1.0,2419000000.0,0.39,18833000000.0,291000000.0,34775000000.0,,9160000000.0,4529000000.0,0.0,4529000000.0,31853000000.0,7042000000.0,24811000000.0,66291379114.0,-851000000.0,17000000.0,-1155000000.0,-44000000.0,-384000000.0,-1583000000.0,-251000000.0,-164000000.0,994000000.0,3000000.0,87000000.0,87000000.0,87000000.0,29000000.0,31000000.0,0.014,1531000000.0,888000000.0,3717000000.0,0.0,3.85,7.981,8.24,1722000000.0,0.0,32.22,2.287,2.287,6306000000.0,5343000000.0,6205000000.0,6205000000.0,0.0,,,,,3000000.0,894000000.0,1.0,2057460556.0,2057460556,,3.016,31206000000.0,0.0,93000000.0,2290000000.0,15.167,10306000000.0
15,TFCF,MRQ,2015-03-31,2015-03-31,2015-03-31,2021-08-25,-1847000000.0,51492000000.0,,19049000000.0,32443000000.0,,8.522,-59000000.0,9276000000.0,9276000000.0,4357000000.0,1042000000.0,2.543,1.808,19092000000.0,227000000.0,18865000000.0,19092000000.0,468000000.0,124000000.0,0.0,0.008,0.15,1725000000.0,1849000000.0,0.27,1849000000.0,1725000000.0,1433000000.0,0.46,0.46,0.46,17989000000.0,,17989000000.0,78984335536.0,7.0,6.165,1712000000.0,0.811,1.0,2483000000.0,0.363,18874000000.0,292000000.0,34944000000.0,,9490000000.0,4441000000.0,0.0,4441000000.0,32517000000.0,7490000000.0,25027000000.0,69907335536.0,-628000000.0,-145000000.0,-2054000000.0,-28000000.0,-58000000.0,-2139000000.0,-250000000.0,-46000000.0,1771000000.0,-147000000.0,975000000.0,975000000.0,975000000.0,15000000.0,67000000.0,0.143,947000000.0,1536000000.0,3860000000.0,0.326,3.886,7.584,7.7,1696000000.0,0.0,32.88,2.24,2.224,6763000000.0,6168000000.0,6840000000.0,6840000000.0,0.0,,,,,-11000000.0,823000000.0,1.0,2126135509.0,2111000000,2113000000.0,3.24,32618000000.0,0.0,458000000.0,2169000000.0,15.451,11559000000.0
16,TFCF,MRQ,2014-12-31,2014-12-31,2014-12-31,2021-08-25,-1475000000.0,52652000000.0,,20264000000.0,32388000000.0,,9.215,-134000000.0,10051000000.0,10051000000.0,5366000000.0,6284000000.0,2.799,1.608,19128000000.0,227000000.0,18901000000.0,19128000000.0,530000000.0,201000000.0,0.0,0.007,0.0,6706000000.0,6907000000.0,0.857,6907000000.0,6706000000.0,6396000000.0,2.89,2.88,2.89,19813000000.0,,19813000000.0,95092379278.0,8.0,7.408,261000000.0,0.121,1.0,2689000000.0,0.334,18875000000.0,310000000.0,35615000000.0,,9590000000.0,4423000000.0,0.0,4423000000.0,31864000000.0,7239000000.0,24625000000.0,79539379278.0,5394000000.0,8544000000.0,-1457000000.0,-787000000.0,-354000000.0,-3248000000.0,8258000000.0,-152000000.0,395000000.0,1000000.0,6207000000.0,6207000000.0,6207000000.0,16000000.0,77000000.0,0.771,1189000000.0,1500000000.0,3628000000.0,0.0,4.015,8.556,8.619,1718000000.0,0.0,36.89,2.441,2.434,7131000000.0,7168000000.0,8055000000.0,8055000000.0,0.0,,,,,38000000.0,988000000.0,1.0,2156123049.0,2150000000,2152000000.0,3.747,33777000000.0,0.0,189000000.0,1782000000.0,15.71,13025000000.0
17,TFCF,MRQ,2014-09-30,2014-09-30,2014-09-30,2021-08-25,-756000000.0,54711000000.0,,14950000000.0,39761000000.0,,7.424,-127000000.0,4656000000.0,4656000000.0,5052000000.0,1093000000.0,1.632,2.162,20209000000.0,814000000.0,19395000000.0,20209000000.0,672000000.0,276000000.0,0.0,0.008,0.125,1845000000.0,2121000000.0,0.269,2121000000.0,1845000000.0,1540000000.0,0.47,0.47,0.47,16265000000.0,,16265000000.0,86593776719.0,13.0,10.784,330000000.0,0.151,1.0,2835000000.0,0.359,25440000000.0,305000000.0,35666000000.0,,10133000000.0,3734000000.0,0.0,3734000000.0,35171000000.0,9158000000.0,26013000000.0,72950776719.0,-713000000.0,69000000.0,-1273000000.0,1175000000.0,-82000000.0,-132000000.0,-1021000000.0,-963000000.0,457000000.0,-46000000.0,1037000000.0,1037000000.0,1037000000.0,7000000.0,56000000.0,0.131,1355000000.0,1480000000.0,4383000000.0,0.266,4.485,16.981,17.349,2794000000.0,0.0,33.31,2.231,2.232,6833000000.0,2131000000.0,7887000000.0,7887000000.0,0.0,,,,,53000000.0,1079000000.0,1.0,2190056341.0,2191000000,2195000000.0,3.6,29271000000.0,0.0,503000000.0,2562000000.0,13.36,5792000000.0
18,TFCF,MRQ,2014-06-30,2014-06-30,2014-06-30,2021-08-25,-34000000.0,54793000000.0,,15376000000.0,39417000000.0,,7.824,-208000000.0,5415000000.0,5415000000.0,5635000000.0,1087000000.0,1.736,1.946,19058000000.0,799000000.0,18259000000.0,19058000000.0,690000000.0,302000000.0,0.0,0.007,0.0,1633000000.0,1935000000.0,0.23,1935000000.0,1633000000.0,1342000000.0,0.45,0.45,0.45,17418000000.0,,17418000000.0,89745257103.0,13.0,11.15,1175000000.0,0.528,1.0,2789000000.0,0.331,26124000000.0,291000000.0,33456000000.0,,9534000000.0,2859000000.0,0.0,2859000000.0,33892000000.0,8856000000.0,25036000000.0,76208257103.0,14000000.0,259000000.0,-1020000000.0,14000000.0,-358000000.0,-1405000000.0,73000000.0,22000000.0,1383000000.0,-116000000.0,999000000.0,999000000.0,999000000.0,-33000000.0,88000000.0,0.119,1349000000.0,1440000000.0,4183000000.0,0.0,4.375,16.883,17.201,2931000000.0,0.0,34.23,2.391,2.391,6922000000.0,2389000000.0,8424000000.0,8424000000.0,0.0,,,,,44000000.0,1047000000.0,1.0,2226358665.0,2226358665,,3.784,28669000000.0,0.0,343000000.0,2729000000.0,12.877,6520000000.0
19,TFCF,MRQ,2014-03-31,2014-03-31,2014-03-31,2021-08-25,0.0,55293000000.0,,15649000000.0,39644000000.0,,7.754,-141000000.0,5517000000.0,5517000000.0,5475000000.0,1073000000.0,1.611,1.966,19054000000.0,797000000.0,18257000000.0,19054000000.0,682000000.0,267000000.0,0.0,0.008,0.125,1606000000.0,1873000000.0,0.228,1873000000.0,1606000000.0,1322000000.0,0.47,0.47,0.47,17463000000.0,,17463000000.0,81357281761.0,15.0,12.545,892000000.0,0.396,1.0,2744000000.0,0.334,26212000000.0,284000000.0,32903000000.0,,9928000000.0,2908000000.0,0.0,2908000000.0,34329000000.0,9715000000.0,24614000000.0,70230281761.0,-824000000.0,-644000000.0,-1017000000.0,-142000000.0,-47000000.0,-1207000000.0,-763000000.0,22000000.0,1033000000.0,-4000000.0,1053000000.0,1053000000.0,1053000000.0,16000000.0,20000000.0,0.128,1245000000.0,1499000000.0,4434000000.0,0.266,4.022,22.338,22.551,2942000000.0,0.0,31.12,2.291,2.286,6770000000.0,2241000000.0,8219000000.0,8219000000.0,0.0,,,,,32000000.0,978000000.0,1.0,2256757126.0,2252000000,2256000000.0,3.65,29081000000.0,0.0,269000000.0,2723000000.0,12.913,5934000000.0
20,TFCF,MRQ,2013-12-31,2013-12-31,2013-12-31,2021-08-25,0.0,53286000000.0,,16721000000.0,36565000000.0,,7.744,-158000000.0,6345000000.0,6345000000.0,5551000000.0,1223000000.0,1.763,1.841,17472000000.0,884000000.0,16588000000.0,17472000000.0,732000000.0,260000000.0,0.0,0.006,0.0,1841000000.0,2101000000.0,0.257,2101000000.0,1841000000.0,1567000000.0,0.53,0.53,0.53,17649000000.0,,17649000000.0,89742501094.0,12.0,10.333,45000000.0,0.02,1.0,2612000000.0,0.32,23120000000.0,274000000.0,31809000000.0,,9280000000.0,3590000000.0,0.0,3590000000.0,32486000000.0,9484000000.0,23002000000.0,78950501094.0,-353000000.0,215000000.0,-822000000.0,0.0,-339000000.0,-1161000000.0,81000000.0,24000000.0,203000000.0,17000000.0,1207000000.0,1207000000.0,1207000000.0,-225000000.0,16000000.0,0.148,1346000000.0,1266000000.0,4454000000.0,0.0,4.473,15.966,16.168,2866000000.0,0.0,34.6,2.65,2.647,6842000000.0,2240000000.0,8163000000.0,8163000000.0,0.0,,,,,16000000.0,1086000000.0,1.0,2281806390.0,2279000000,2283000000.0,3.582,30166000000.0,0.0,360000000.0,2605000000.0,13.237,7237000000.0
21,TFCF,MRQ,2013-09-30,2013-09-30,2013-09-30,2021-08-25,0.0,53025000000.0,,16543000000.0,36482000000.0,,7.469,-171000000.0,6681000000.0,6681000000.0,4447000000.0,1263000000.0,1.856,1.895,17473000000.0,140000000.0,17333000000.0,17473000000.0,761000000.0,313000000.0,0.0,0.006,0.125,1827000000.0,2140000000.0,0.303,2140000000.0,1827000000.0,1555000000.0,0.54,0.54,0.54,17224000000.0,,17224000000.0,86937314425.0,10.0,8.858,174000000.0,0.075,1.0,2614000000.0,0.37,22915000000.0,272000000.0,31989000000.0,,9001000000.0,3802000000.0,0.0,3802000000.0,32648000000.0,8913000000.0,23735000000.0,77138314425.0,-13000000.0,-4000000.0,-847000000.0,987000000.0,-58000000.0,-3000000.0,-326000000.0,-151000000.0,345000000.0,35000000.0,1255000000.0,1255000000.0,1255000000.0,-487000000.0,8000000.0,0.178,1331000000.0,1283000000.0,4744000000.0,0.231,4.479,12.606,12.7,2875000000.0,0.0,33.4,2.685,2.681,6057000000.0,1669000000.0,7061000000.0,7061000000.0,0.0,,,,,37000000.0,1018000000.0,1.0,2309530372.0,2306000000,2309000000.0,3.062,30110000000.0,0.0,300000000.0,2712000000.0,13.057,7630000000.0
22,TFCF,MRQ,2013-06-30,2013-06-30,2013-06-30,2021-08-25,-319000000.0,50944000000.0,,15567000000.0,35377000000.0,,7.344,-222000000.0,6659000000.0,6659000000.0,4637000000.0,-308000000.0,1.846,1.813,16458000000.0,137000000.0,16321000000.0,16458000000.0,677000000.0,228000000.0,0.0,0.005,0.0,143000000.0,371000000.0,0.051,371000000.0,143000000.0,-118000000.0,-0.16,-0.15,-0.16,16998000000.0,,16998000000.0,83113301654.0,8.0,7.806,395000000.0,0.171,1.0,2575000000.0,0.357,22319000000.0,261000000.0,29989000000.0,,8155000000.0,3704000000.0,0.0,3704000000.0,30819000000.0,8435000000.0,22384000000.0,75963301654.0,-2594000000.0,-17000000.0,-159000000.0,0.0,-249000000.0,-3136000000.0,-221000000.0,18000000.0,617000000.0,-71000000.0,-371000000.0,-371000000.0,-371000000.0,1348000000.0,63000000.0,-0.051,1302000000.0,1273000000.0,4434000000.0,0.0,4.469,10.704,10.832,2829000000.0,0.0,32.82,2.745,2.745,5896000000.0,1454000000.0,7212000000.0,7212000000.0,0.0,,,,,192000000.0,1109000000.0,1.0,2314543012.0,2314543012,,3.116,28625000000.0,0.0,253000000.0,2280000000.0,12.367,7132000000.0
23,TFCF,MRQ,2013-03-31,2013-03-31,2013-03-31,2021-08-25,0.0,68490000000.0,,20793000000.0,47697000000.0,,12.936,-171000000.0,9324000000.0,9324000000.0,4826000000.0,2898000000.0,1.881,1.172,16474000000.0,157000000.0,16317000000.0,16474000000.0,1175000000.0,214000000.0,0.0,0.006,0.085,3859000000.0,4073000000.0,0.554,4073000000.0,3859000000.0,3582000000.0,1.23,1.22,1.23,30064000000.0,,30064000000.0,80175935957.0,9.0,8.921,1222000000.0,0.526,1.0,2527000000.0,0.344,28470000000.0,277000000.0,36117000000.0,,8478000000.0,6622000000.0,0.0,6622000000.0,35241000000.0,11053000000.0,24188000000.0,71524935957.0,1545000000.0,222000000.0,-369000000.0,-464000000.0,-78000000.0,-849000000.0,33000000.0,-18000000.0,1393000000.0,-27000000.0,2854000000.0,2854000000.0,2854000000.0,-321000000.0,44000000.0,0.388,1194000000.0,1333000000.0,6030000000.0,0.069,2.379,12.092,11.922,5984000000.0,0.0,30.76,3.545,3.543,7567000000.0,14139000000.0,7353000000.0,7353000000.0,0.0,,,,,0.0,980000000.0,1.0,2325257996.0,2324000000,2330000000.0,3.164,40020000000.0,0.0,728000000.0,2947000000.0,17.22,9740000000.0
24,TFCF,MRQ,2012-12-31,2012-12-31,2012-12-31,2021-08-25,0.0,62745000000.0,,19744000000.0,43001000000.0,,12.026,-117000000.0,7806000000.0,7806000000.0,4518000000.0,2446000000.0,1.924,1.198,16457000000.0,273000000.0,16184000000.0,16457000000.0,1163000000.0,181000000.0,0.0,0.006,0.0,3050000000.0,3231000000.0,0.455,3231000000.0,3050000000.0,2786000000.0,1.02,1.01,1.02,28152000000.0,,28152000000.0,65970528785.0,11.0,9.87,72000000.0,0.031,1.0,2589000000.0,0.364,23024000000.0,264000000.0,38112000000.0,,8306000000.0,7441000000.0,0.0,7441000000.0,33740000000.0,10260000000.0,23480000000.0,61520528785.0,-4215000000.0,-668000000.0,-529000000.0,0.0,-245000000.0,-775000000.0,-1479000000.0,-694000000.0,189000000.0,14000000.0,2381000000.0,2381000000.0,2381000000.0,-1324000000.0,65000000.0,0.335,1179000000.0,1410000000.0,5260000000.0,0.0,2.185,15.388,15.168,5857000000.0,0.0,26.24,2.898,2.894,8209000000.0,12231000000.0,7107000000.0,7107000000.0,0.0,,,,,0.0,998000000.0,1.0,2344532347.0,2341000000,2346000000.0,3.036,39721000000.0,0.0,405000000.0,2447000000.0,16.968,9484000000.0
25,TFCF,MRQ,2012-09-30,2012-09-30,2012-09-30,2021-08-25,0.0,59676000000.0,,22267000000.0,37409000000.0,,11.101,-112000000.0,12007000000.0,12007000000.0,3515000000.0,2287000000.0,2.217,1.253,16457000000.0,273000000.0,16184000000.0,16457000000.0,1003000000.0,174000000.0,0.0,0.007,0.085,2798000000.0,2972000000.0,0.495,2972000000.0,2798000000.0,2537000000.0,0.94,0.94,0.94,26264000000.0,,26264000000.0,64515289684.0,13.0,11.901,691000000.0,0.292,1.0,2488000000.0,0.414,20318000000.0,261000000.0,33763000000.0,,7691000000.0,4725000000.0,0.0,4725000000.0,32899000000.0,10045000000.0,22854000000.0,58686289684.0,2350000000.0,1825000000.0,-766000000.0,987000000.0,-41000000.0,189000000.0,1753000000.0,40000000.0,803000000.0,31000000.0,2233000000.0,2233000000.0,2233000000.0,20000000.0,54000000.0,0.372,1129000000.0,1359000000.0,5615000000.0,0.09,2.234,21.947,21.938,5830000000.0,0.0,24.79,2.541,2.54,7098000000.0,10225000000.0,6003000000.0,6003000000.0,0.0,,,,,0.0,920000000.0,1.0,2367337220.0,2366000000,2370000000.0,2.537,39358000000.0,0.0,304000000.0,2329000000.0,16.635,12222000000.0
26,TFCF,MRQ,2012-06-30,2012-06-30,2012-06-30,2021-08-25,0.0,56663000000.0,,19448000000.0,37215000000.0,,10.193,87000000.0,9626000000.0,9626000000.0,111000000.0,-1544000000.0,2.022,1.275,15455000000.0,273000000.0,15182000000.0,15455000000.0,880000000.0,-158000000.0,0.0,0.008,0.0,-1131000000.0,-1289000000.0,4.523,-1289000000.0,-1131000000.0,-1390000000.0,-0.61,-0.61,-0.61,24684000000.0,,24684000000.0,59308153923.0,18.0,14.768,200000000.0,0.083,1.0,-396000000.0,1.389,20307000000.0,259000000.0,32568000000.0,,7191000000.0,4968000000.0,0.0,4968000000.0,31478000000.0,9617000000.0,21861000000.0,54534153923.0,-918000000.0,78000000.0,-1215000000.0,-3000000.0,-257000000.0,-1540000000.0,221000000.0,56000000.0,113000000.0,-142000000.0,-1553000000.0,-1553000000.0,-1553000000.0,1997000000.0,9000000.0,5.449,-1113000000.0,717000000.0,5405000000.0,0.0,2.209,46.255,47.915,5814000000.0,0.0,22.52,2.177,2.177,6995000000.0,8521000000.0,-285000000.0,-285000000.0,0.0,,,,,0.0,-1002000000.0,1.0,2421587652.0,2421587652,,-0.118,36356000000.0,0.0,163000000.0,2388000000.0,15.013,9831000000.0
27,TFCF,MRQ,2012-03-31,2012-03-31,2012-03-31,2021-08-25,0.0,60897000000.0,,20855000000.0,40042000000.0,,11.308,-166000000.0,10686000000.0,10686000000.0,5216000000.0,1003000000.0,2.076,1.163,15460000000.0,273000000.0,15187000000.0,15460000000.0,976000000.0,294000000.0,0.0,0.009,0.085,1476000000.0,1770000000.0,0.211,1770000000.0,1476000000.0,1218000000.0,0.38,0.38,0.38,27907000000.0,,27907000000.0,55429055644.0,10.0,8.94,1959000000.0,0.794,1.0,3186000000.0,0.379,23294000000.0,258000000.0,32333000000.0,,7403000000.0,4718000000.0,0.0,4718000000.0,32452000000.0,10044000000.0,22408000000.0,49407055644.0,1222000000.0,43000000.0,-745000000.0,0.0,-18000000.0,-763000000.0,-140000000.0,-17000000.0,2125000000.0,32000000.0,937000000.0,937000000.0,937000000.0,0.0,66000000.0,0.112,1901000000.0,1285000000.0,5668000000.0,0.224,1.77,14.468,14.903,5959000000.0,0.0,19.97,1.966,1.962,7014000000.0,11337000000.0,8402000000.0,8402000000.0,0.0,,,,,0.0,1580000000.0,1.0,2474063878.0,2468000000,2475000000.0,3.404,37603000000.0,0.0,281000000.0,3692000000.0,15.236,10811000000.0
28,TFCF,MRQ,2011-12-31,2011-12-31,2011-12-31,2021-08-25,0.0,59936000000.0,,20124000000.0,39812000000.0,,10.947,-237000000.0,9432000000.0,9432000000.0,5583000000.0,1127000000.0,2.14,1.165,15454000000.0,0.0,15454000000.0,15454000000.0,958000000.0,281000000.0,0.0,0.009,0.0,1687000000.0,1968000000.0,0.219,1968000000.0,1687000000.0,1430000000.0,0.42,0.42,0.42,27454000000.0,,27454000000.0,49842204403.0,10.0,8.516,-65000000.0,-0.026,1.0,3392000000.0,0.378,23295000000.0,257000000.0,33261000000.0,,7466000000.0,4499000000.0,0.0,4499000000.0,31987000000.0,9402000000.0,22585000000.0,45825204403.0,-2066000000.0,-434000000.0,-1202000000.0,0.0,-282000000.0,-1484000000.0,-754000000.0,-83000000.0,172000000.0,69000000.0,1057000000.0,1057000000.0,1057000000.0,0.0,70000000.0,0.118,1931000000.0,1461000000.0,5344000000.0,0.0,1.669,14.702,15.15,5940000000.0,0.0,18.18,1.835,1.825,7563000000.0,10728000000.0,8975000000.0,8975000000.0,0.0,,,,,0.0,1614000000.0,1.0,2520638306.0,2508000000,2515000000.0,3.579,36641000000.0,0.0,373000000.0,3571000000.0,14.61,10722000000.0
29,TFCF,MRQ,2011-09-30,2011-09-30,2011-09-30,2021-08-25,0.0,59708000000.0,,20799000000.0,38909000000.0,,10.497,-248000000.0,11429000000.0,11429000000.0,4753000000.0,786000000.0,2.157,1.164,15446000000.0,0.0,15446000000.0,15446000000.0,1005000000.0,294000000.0,0.0,0.011,0.095,1273000000.0,1567000000.0,0.197,1567000000.0,1273000000.0,1015000000.0,0.28,0.28,0.28,27366000000.0,,27366000000.0,43794522938.0,10.0,8.379,176000000.0,0.068,1.0,3206000000.0,0.403,22605000000.0,258000000.0,31479000000.0,,6983000000.0,4367000000.0,0.0,4367000000.0,31852000000.0,9641000000.0,22211000000.0,40979522938.0,-984000000.0,267000000.0,-1260000000.0,-32000000.0,-23000000.0,-1315000000.0,-93000000.0,-112000000.0,424000000.0,-267000000.0,738000000.0,738000000.0,738000000.0,0.0,48000000.0,0.093,1912000000.0,1294000000.0,5788000000.0,0.339,1.497,15.166,15.294,6173000000.0,0.0,15.6,1.655,1.642,6736000000.0,10463000000.0,7959000000.0,7959000000.0,0.0,,,,,0.0,1527000000.0,1.0,2626892496.0,2607000000,2612000000.0,3.053,37103000000.0,0.0,277000000.0,3556000000.0,14.232,11158000000.0
30,TFCF,MRQ,2011-06-30,2011-06-30,2011-06-30,2021-08-25,0.0,61980000000.0,,21784000000.0,40196000000.0,,11.448,195000000.0,12680000000.0,12680000000.0,275000000.0,702000000.0,2.276,1.042,15495000000.0,32000000.0,15463000000.0,15495000000.0,957000000.0,-60000000.0,0.0,0.008,0.0,955000000.0,895000000.0,-4.242,895000000.0,955000000.0,699000000.0,0.26,0.26,0.26,30069000000.0,,30069000000.0,51197462589.0,12.0,9.939,755000000.0,0.287,1.0,-486000000.0,2.303,23284000000.0,256000000.0,31940000000.0,,6530000000.0,4867000000.0,0.0,4867000000.0,31333000000.0,9571000000.0,21762000000.0,47489462589.0,763000000.0,-60000000.0,0.0,-140000000.0,-233000000.0,-360000000.0,31000000.0,-104000000.0,560000000.0,133000000.0,683000000.0,683000000.0,683000000.0,-443000000.0,19000000.0,-3.237,-936000000.0,450000000.0,5773000000.0,0.0,1.579,17.338,17.385,6542000000.0,0.0,18.08,1.96,1.96,6680000000.0,12608000000.0,-211000000.0,-211000000.0,0.0,,,,,0.0,-879000000.0,1.0,2626629568.0,2626629568,,-0.08,38696000000.0,0.0,16000000.0,3149000000.0,14.732,12213000000.0
31,TFCF,MRQ,2011-03-31,2011-03-31,2011-03-31,2021-08-25,0.0,60431000000.0,,21265000000.0,39166000000.0,,10.82,-262000000.0,11784000000.0,11784000000.0,5322000000.0,682000000.0,2.304,1.109,15492000000.0,37000000.0,15455000000.0,15492000000.0,858000000.0,283000000.0,0.0,0.008,0.075,1140000000.0,1423000000.0,0.172,1423000000.0,1140000000.0,896000000.0,0.24,0.24,0.24,28413000000.0,,28413000000.0,53746091272.0,12.0,9.499,1563000000.0,0.595,1.0,2934000000.0,0.355,22646000000.0,244000000.0,32265000000.0,,6537000000.0,4571000000.0,0.0,4571000000.0,31524000000.0,9228000000.0,22296000000.0,48877091272.0,3240000000.0,-123000000.0,12000000.0,2071000000.0,-12000000.0,2059000000.0,-644000000.0,-259000000.0,1825000000.0,88000000.0,639000000.0,639000000.0,639000000.0,0.0,43000000.0,0.077,1874000000.0,1060000000.0,5493000000.0,0.312,1.72,16.676,16.775,6425000000.0,0.0,18.62,1.501,1.502,7057000000.0,10952000000.0,8256000000.0,8256000000.0,0.0,,,,,0.0,1588000000.0,1.0,2624978049.0,2626000000,2631000000.0,3.144,37785000000.0,0.0,257000000.0,3468000000.0,14.389,12037000000.0
32,TFCF,MRQ,2010-12-31,2010-12-31,2010-12-31,2021-08-25,0.0,56712000000.0,,18751000000.0,37961000000.0,,10.443,-291000000.0,8456000000.0,8456000000.0,5605000000.0,675000000.0,2.096,1.052,13325000000.0,146000000.0,13179000000.0,13325000000.0,749000000.0,280000000.0,0.0,0.009,0.0,1062000000.0,1342000000.0,0.153,1342000000.0,1062000000.0,832000000.0,0.24,0.24,0.24,27414000000.0,,27414000000.0,47605053841.0,10.0,8.055,-137000000.0,-0.052,1.0,3156000000.0,0.36,22104000000.0,230000000.0,30533000000.0,,6649000000.0,4071000000.0,0.0,4071000000.0,28847000000.0,8944000000.0,19903000000.0,43101053841.0,-374000000.0,80000000.0,0.0,-2000000.0,-231000000.0,-183000000.0,-345000000.0,-134000000.0,154000000.0,16000000.0,642000000.0,642000000.0,642000000.0,0.0,33000000.0,0.073,2144000000.0,1012000000.0,5309000000.0,0.0,1.572,13.766,13.798,6286000000.0,0.0,16.42,1.303,1.303,7456000000.0,10010000000.0,8761000000.0,8761000000.0,0.0,,,,,0.0,1589000000.0,1.0,2624911927.0,2625000000,2628000000.0,3.338,34608000000.0,0.0,190000000.0,3393000000.0,13.184,9807000000.0
33,TFCF,MRQ,2010-09-30,2010-09-30,2010-09-30,2021-08-25,0.0,55945000000.0,,18253000000.0,37692000000.0,,10.131,-264000000.0,8814000000.0,8814000000.0,4543000000.0,809000000.0,2.0,1.089,13318000000.0,146000000.0,13172000000.0,13318000000.0,768000000.0,274000000.0,0.0,0.01,0.075,1217000000.0,1491000000.0,0.201,1491000000.0,1217000000.0,985000000.0,0.3,0.3,0.3,26573000000.0,,26573000000.0,44086091852.0,10.0,7.976,235000000.0,0.09,1.0,2883000000.0,0.388,22311000000.0,232000000.0,29010000000.0,,6157000000.0,3846000000.0,0.0,3846000000.0,28936000000.0,9128000000.0,19808000000.0,39475091852.0,-45000000.0,-2000000.0,0.0,-15000000.0,-14000000.0,-133000000.0,-411000000.0,-145000000.0,499000000.0,150000000.0,775000000.0,775000000.0,775000000.0,0.0,34000000.0,0.104,1742000000.0,1141000000.0,5608000000.0,0.25,1.486,14.391,14.343,6259000000.0,0.0,15.06,1.196,1.197,6796000000.0,9228000000.0,7426000000.0,7426000000.0,0.0,,,,,0.0,1461000000.0,1.0,2621188038.0,2623000000,2626000000.0,2.831,33634000000.0,0.0,210000000.0,3441000000.0,12.823,9125000000.0
34,TFCF,MRQ,2010-06-30,2010-06-30,2010-06-30,2021-08-25,0.0,54384000000.0,,18024000000.0,36360000000.0,,9.589,-253000000.0,8709000000.0,8709000000.0,5203000000.0,902000000.0,2.034,1.149,13320000000.0,129000000.0,13191000000.0,13320000000.0,712000000.0,295000000.0,0.0,0.01,0.0,1107000000.0,1402000000.0,0.173,1402000000.0,1107000000.0,877000000.0,0.33,0.34,0.33,25113000000.0,,25113000000.0,41619749098.0,10.0,7.716,622000000.0,0.237,1.0,2907000000.0,0.358,22055000000.0,230000000.0,28078000000.0,,5646000000.0,3515000000.0,0.0,3515000000.0,28843000000.0,8862000000.0,19981000000.0,36296749098.0,458000000.0,357000000.0,2000000.0,-208000000.0,-215000000.0,-421000000.0,4000000.0,-100000000.0,875000000.0,68000000.0,875000000.0,875000000.0,875000000.0,0.0,27000000.0,0.108,2192000000.0,715000000.0,5204000000.0,0.0,1.445,14.296,14.278,5980000000.0,0.0,13.85,1.107,1.107,6777000000.0,7679000000.0,8110000000.0,8110000000.0,0.0,,,,,0.0,1680000000.0,1.0,2620703906.0,2619000000,2637000000.0,3.097,32329000000.0,0.0,2000000.0,3486000000.0,12.344,9162000000.0
35,TFCF,MRQ,2010-03-31,2010-03-31,2010-03-31,2021-08-25,0.0,55028000000.0,,18188000000.0,36840000000.0,,9.455,-273000000.0,8183000000.0,8183000000.0,5777000000.0,861000000.0,1.838,1.204,13506000000.0,310000000.0,13196000000.0,13506000000.0,835000000.0,294000000.0,0.0,0.008,0.075,1381000000.0,1675000000.0,0.191,1675000000.0,1381000000.0,1134000000.0,0.32,0.32,0.32,24773000000.0,,24773000000.0,52578751773.0,16.0,11.638,2142000000.0,0.818,1.0,3008000000.0,0.342,22493000000.0,247000000.0,27962000000.0,,6035000000.0,3423000000.0,0.0,3423000000.0,29819000000.0,9896000000.0,19923000000.0,44569751773.0,947000000.0,814000000.0,1000000.0,-1780000000.0,-20000000.0,-1799000000.0,331000000.0,-210000000.0,2415000000.0,-30000000.0,839000000.0,839000000.0,839000000.0,0.0,22000000.0,0.096,1761000000.0,1247000000.0,5613000000.0,0.234,1.799,30.506,29.842,6064000000.0,0.0,17.01,1.378,1.378,7049000000.0,7412000000.0,8785000000.0,8785000000.0,0.0,,,,,0.0,1461000000.0,1.0,2620208805.0,2620000000,2627000000.0,3.353,32535000000.0,0.0,295000000.0,3483000000.0,12.418,8292000000.0
36,TFCF,MRQ,2009-12-31,2009-12-31,2009-12-31,2021-08-25,0.0,56133000000.0,,18335000000.0,37798000000.0,,9.313,-258000000.0,7266000000.0,7266000000.0,5630000000.0,284000000.0,1.638,1.283,15275000000.0,1840000000.0,13435000000.0,15275000000.0,806000000.0,299000000.0,0.0,0.008,0.0,660000000.0,959000000.0,0.11,959000000.0,660000000.0,391000000.0,0.1,0.1,0.1,24401000000.0,,24401000000.0,49131658095.0,13.0,9.868,-374000000.0,-0.143,1.0,3054000000.0,0.352,23358000000.0,269000000.0,29591000000.0,,6501000000.0,3162000000.0,0.0,3162000000.0,31303000000.0,11193000000.0,20110000000.0,41710658095.0,-569000000.0,10000000.0,0.0,2000000.0,-170000000.0,-167000000.0,-286000000.0,-38000000.0,-116000000.0,3000000.0,254000000.0,254000000.0,254000000.0,0.0,30000000.0,0.029,2352000000.0,702000000.0,5983000000.0,0.0,1.709,12.455,12.341,6220000000.0,0.0,15.92,1.349,1.349,7751000000.0,7092000000.0,8684000000.0,8684000000.0,0.0,,,,,0.0,2043000000.0,1.0,2620016212.0,2620000000,2622000000.0,3.315,32775000000.0,0.0,137000000.0,3330000000.0,12.51,7142000000.0
37,TFCF,MRQ,2009-09-30,2009-09-30,2009-09-30,2021-08-25,0.0,55316000000.0,,17425000000.0,37891000000.0,,9.195,-130000000.0,7832000000.0,7832000000.0,4405000000.0,597000000.0,1.586,1.282,15253000000.0,2071000000.0,13182000000.0,15253000000.0,786000000.0,297000000.0,0.0,0.009,0.06,1061000000.0,1358000000.0,0.189,1358000000.0,1061000000.0,816000000.0,0.22,0.22,0.22,24053000000.0,,24053000000.0,44323238562.0,-10.0,-13.048,550000000.0,0.21,1.0,2794000000.0,0.388,23439000000.0,245000000.0,28308000000.0,,6294000000.0,3105000000.0,0.0,3105000000.0,30837000000.0,10990000000.0,19847000000.0,36574238562.0,1260000000.0,-67000000.0,21000000.0,933000000.0,-13000000.0,942000000.0,-362000000.0,-165000000.0,680000000.0,32000000.0,571000000.0,571000000.0,571000000.0,0.0,26000000.0,0.079,1752000000.0,1042000000.0,5577000000.0,0.273,1.521,-11.01,-11.103,6248000000.0,0.0,13.99,1.215,1.215,6452000000.0,6698000000.0,7199000000.0,7199000000.0,0.0,,,,,0.0,1435000000.0,1.0,2614312978.0,2616000000,2617000000.0,2.752,31877000000.0,0.0,245000000.0,3326000000.0,12.185,6435000000.0
38,TFCF,MRQ,2009-06-30,2009-06-30,2009-06-30,2021-08-25,0.0,53121000000.0,,15836000000.0,37285000000.0,,8.888,-290000000.0,6540000000.0,6540000000.0,4983000000.0,-183000000.0,1.488,1.27,14289000000.0,2085000000.0,12204000000.0,14289000000.0,772000000.0,285000000.0,0.0,0.011,0.0,241000000.0,526000000.0,0.069,526000000.0,241000000.0,4000000.0,-0.07,-0.07,-0.07,23224000000.0,,23224000000.0,35837530173.0,-8.0,-10.118,897000000.0,0.343,1.0,2687000000.0,0.35,23307000000.0,237000000.0,26924000000.0,,5655000000.0,2957000000.0,0.0,2957000000.0,29489000000.0,10639000000.0,18850000000.0,27629530173.0,400000000.0,1729000000.0,0.0,1000000.0,-176000000.0,-202000000.0,-585000000.0,-2024000000.0,1187000000.0,86000000.0,-203000000.0,-203000000.0,-203000000.0,0.0,20000000.0,-0.026,2419000000.0,268000000.0,5279000000.0,0.0,1.19,-8.179,-8.194,6245000000.0,0.0,10.57,0.908,0.908,6569000000.0,5844000000.0,7670000000.0,7670000000.0,0.0,,,,,0.0,1454000000.0,1.0,2613957443.0,2613000000,2613000000.0,2.935,29814000000.0,0.0,207000000.0,3276000000.0,11.41,5197000000.0
39,TFCF,MRQ,2009-03-31,2009-03-31,2009-03-31,2021-08-25,0.0,52045000000.0,,15486000000.0,36559000000.0,,8.339,-220000000.0,6054000000.0,6054000000.0,4848000000.0,2728000000.0,1.437,1.357,14262000000.0,2076000000.0,12186000000.0,14262000000.0,905000000.0,274000000.0,0.0,0.016,0.06,1862000000.0,2136000000.0,0.29,2136000000.0,1862000000.0,1624000000.0,1.04,1.04,1.04,21799000000.0,,21799000000.0,29778277856.0,-10.0,-16.184,1236000000.0,0.473,1.0,2525000000.0,0.342,23369000000.0,238000000.0,26108000000.0,,5861000000.0,2515000000.0,0.0,2515000000.0,29580000000.0,10776000000.0,18804000000.0,20126277856.0,2452000000.0,-314000000.0,0.0,904000000.0,-13000000.0,891000000.0,105000000.0,639000000.0,1456000000.0,-19000000.0,2727000000.0,2727000000.0,2727000000.0,0.0,1000000.0,0.37,1770000000.0,755000000.0,5295000000.0,0.058,0.923,-9.837,-9.872,5739000000.0,0.0,7.7,0.642,0.642,6621000000.0,5109000000.0,7373000000.0,7373000000.0,0.0,,,,,0.0,1441000000.0,1.0,2613802319.0,2614000000,2620000000.0,2.821,28676000000.0,0.0,-1103000000.0,3251000000.0,10.97,4710000000.0
40,TFCF,MRQ,2008-12-31,2008-12-31,2008-12-31,2021-08-25,0.0,50227000000.0,,13835000000.0,36392000000.0,,7.324,-378000000.0,3621000000.0,3621000000.0,5161000000.0,-6391000000.0,1.65,1.579,13273000000.0,81000000.0,13192000000.0,13273000000.0,989000000.0,283000000.0,0.0,0.013,0.0,-7700000000.0,-7417000000.0,-0.942,-7417000000.0,-7700000000.0,-7931000000.0,-2.45,-2.45,-2.45,19145000000.0,,19145000000.0,33026871529.0,-20.0,-74.051,-1013000000.0,-0.388,1.0,2710000000.0,0.344,23299000000.0,231000000.0,28195000000.0,,6066000000.0,2368000000.0,0.0,2368000000.0,30230000000.0,8385000000.0,21845000000.0,25037871529.0,-1876000000.0,-397000000.0,1000000.0,-213000000.0,-170000000.0,-393000000.0,-848000000.0,-73000000.0,-635000000.0,-3000000.0,-6417000000.0,-6417000000.0,-6417000000.0,0.0,26000000.0,-0.815,10336000000.0,-7626000000.0,5130000000.0,0.0,1.308,-12.043,-10.644,5874000000.0,0.0,9.58,0.765,0.765,7307000000.0,2718000000.0,7871000000.0,7871000000.0,0.0,,,,,0.0,1588000000.0,1.0,2613556527.0,2614000000,2614000000.0,3.011,26928000000.0,0.0,-1514000000.0,3364000000.0,10.301,5450000000.0
41,TFCF,MRQ,2008-09-30,2008-09-30,2008-09-30,2021-08-25,0.0,61191000000.0,,15300000000.0,45891000000.0,,10.266,-213000000.0,5500000000.0,5500000000.0,4571000000.0,536000000.0,1.616,1.245,13489000000.0,290000000.0,13199000000.0,13489000000.0,953000000.0,296000000.0,0.0,0.01,0.06,917000000.0,1213000000.0,0.162,1213000000.0,917000000.0,696000000.0,0.2,0.2,0.2,26804000000.0,,26804000000.0,40548875439.0,5.0,4.579,27000000.0,0.01,1.0,2938000000.0,0.391,31938000000.0,221000000.0,27773000000.0,,5683000000.0,2667000000.0,0.0,2667000000.0,33371000000.0,9469000000.0,23902000000.0,31699875439.0,960000000.0,-65000000.0,3000000.0,5000000.0,-7000000.0,19000000.0,701000000.0,979000000.0,240000000.0,-122000000.0,515000000.0,515000000.0,515000000.0,0.0,21000000.0,0.069,1985000000.0,953000000.0,5928000000.0,0.3,1.183,6.132,6.676,6552000000.0,0.0,12.15,0.948,0.949,7234000000.0,10593000000.0,7509000000.0,7509000000.0,0.0,,,,,0.0,1681000000.0,1.0,2609043246.0,2611000000,2613000000.0,2.876,29253000000.0,0.0,181000000.0,5207000000.0,11.204,5831000000.0
42,TFCF,MRQ,2008-06-30,2008-06-30,2008-06-30,2021-08-25,0.0,62308000000.0,,14362000000.0,47946000000.0,,10.525,-416000000.0,4662000000.0,4662000000.0,5228000000.0,1260000000.0,1.564,1.219,13511000000.0,281000000.0,13230000000.0,13511000000.0,834000000.0,306000000.0,0.0,0.007,0.0,1922000000.0,2228000000.0,0.259,2228000000.0,1922000000.0,1698000000.0,0.43,0.43,0.43,27629000000.0,,27629000000.0,50424087858.0,6.0,5.409,879000000.0,0.335,1.0,3361000000.0,0.391,33080000000.0,224000000.0,28895000000.0,,5319000000.0,3284000000.0,0.0,3284000000.0,33685000000.0,9182000000.0,24503000000.0,40171087858.0,1398000000.0,-69000000.0,-253000000.0,22000000.0,-170000000.0,-405000000.0,508000000.0,993000000.0,1295000000.0,20000000.0,1129000000.0,1129000000.0,1129000000.0,0.0,131000000.0,0.131,2009000000.0,1352000000.0,5695000000.0,0.0,1.454,7.457,8.434,7021000000.0,0.0,15.35,1.217,1.375,7449000000.0,11383000000.0,8589000000.0,8589000000.0,0.0,,,,,0.0,1684000000.0,1.0,2617008981.0,2625000000,2638000000.0,3.272,29228000000.0,0.0,569000000.0,5456000000.0,11.134,5180000000.0
43,TFCF,MRQ,2008-03-31,2008-03-31,2008-03-31,2021-08-25,0.0,61920000000.0,,13806000000.0,48114000000.0,,8.97,-328000000.0,3244000000.0,3244000000.0,5452000000.0,2694000000.0,1.378,1.307,13497000000.0,289000000.0,13208000000.0,13497000000.0,939000000.0,292000000.0,0.0,0.006,0.06,3238000000.0,3530000000.0,0.403,3530000000.0,3238000000.0,2994000000.0,0.92,0.91,0.92,26390000000.0,,26390000000.0,70096790401.0,9.0,7.996,1563000000.0,0.531,1.0,3298000000.0,0.377,32641000000.0,244000000.0,29512000000.0,,5354000000.0,3988000000.0,0.0,3988000000.0,34484000000.0,10020000000.0,24464000000.0,59542790401.0,-283000000.0,-123000000.0,-540000000.0,-588000000.0,-17000000.0,-1148000000.0,-1026000000.0,-575000000.0,1891000000.0,32000000.0,2694000000.0,2694000000.0,2694000000.0,0.0,0.0,0.308,1860000000.0,1438000000.0,6187000000.0,0.065,2.256,11.566,11.135,6726000000.0,0.0,19.04,1.874,1.763,8120000000.0,10121000000.0,8750000000.0,8750000000.0,0.0,,,,,0.0,1568000000.0,1.0,3127247395.0,2942000000,2959000000.0,2.974,29279000000.0,0.0,300000000.0,5187000000.0,9.952,3786000000.0
44,TFCF,MRQ,2007-12-31,2007-12-31,2007-12-31,2021-08-25,0.0,68916000000.0,,14328000000.0,54588000000.0,,10.785,-356000000.0,3495000000.0,3495000000.0,5443000000.0,832000000.0,1.496,1.013,14049000000.0,836000000.0,13213000000.0,14049000000.0,856000000.0,287000000.0,0.0,0.005,0.0,1597000000.0,1884000000.0,0.219,1884000000.0,1597000000.0,1352000000.0,0.27,0.27,0.27,33713000000.0,,33713000000.0,70842578816.0,12.0,10.023,-420000000.0,-0.134,1.0,3147000000.0,0.366,32292000000.0,245000000.0,37600000000.0,,5542000000.0,10959000000.0,0.0,10959000000.0,34164000000.0,9578000000.0,24586000000.0,66427578816.0,-4605000000.0,-5129000000.0,27000000.0,1120000000.0,-184000000.0,963000000.0,-5504000000.0,-19000000.0,-64000000.0,-18000000.0,832000000.0,832000000.0,832000000.0,0.0,0.0,0.097,1729000000.0,1418000000.0,5567000000.0,0.0,1.97,19.978,19.676,6585000000.0,0.0,21.25,2.174,2.174,7998000000.0,7321000000.0,8590000000.0,8590000000.0,0.0,,,,,0.0,1442000000.0,1.0,3126003709.0,3126000000,3139000000.0,2.748,36624000000.0,0.0,520000000.0,5503000000.0,11.716,4750000000.0
45,TFCF,MRQ,2007-09-30,2007-09-30,2007-09-30,2021-08-25,0.0,64492000000.0,,17554000000.0,46938000000.0,,10.538,-343000000.0,8118000000.0,8118000000.0,4408000000.0,732000000.0,1.99,0.936,12533000000.0,385000000.0,12148000000.0,12533000000.0,780000000.0,322000000.0,0.0,0.004,0.05,1359000000.0,1681000000.0,0.238,1681000000.0,1359000000.0,1146000000.0,0.23,0.23,0.23,32953000000.0,,32953000000.0,78021093652.0,13.0,11.382,460000000.0,0.147,1.0,2659000000.0,0.376,26037000000.0,213000000.0,34051000000.0,,5075000000.0,10977000000.0,0.0,10977000000.0,30851000000.0,8819000000.0,22032000000.0,73173093652.0,425000000.0,-239000000.0,-83000000.0,10000000.0,-2000000.0,-53000000.0,-325000000.0,257000000.0,803000000.0,39000000.0,732000000.0,732000000.0,732000000.0,0.0,0.0,0.104,1612000000.0,1047000000.0,5355000000.0,0.217,2.221,22.073,21.657,5839000000.0,0.0,23.39,2.455,2.454,6979000000.0,6357000000.0,7067000000.0,7067000000.0,0.0,,,,,0.0,1290000000.0,1.0,3128392204.0,3127000000,3139000000.0,2.26,38455000000.0,0.0,414000000.0,4737000000.0,12.298,8735000000.0
46,TFCF,MRQ,2007-06-30,2007-06-30,2007-06-30,2021-08-25,0.0,62343000000.0,,15906000000.0,46437000000.0,,10.281,-404000000.0,7654000000.0,7654000000.0,4628000000.0,890000000.0,2.122,0.909,12502000000.0,355000000.0,12147000000.0,12502000000.0,469000000.0,242000000.0,0.0,0.004,0.0,1429000000.0,1671000000.0,0.227,1671000000.0,1429000000.0,1218000000.0,0.29,,0.29,32360000000.0,,32360000000.0,77433419637.0,13.0,11.122,1178000000.0,0.374,1.0,2739000000.0,0.372,25522000000.0,211000000.0,34175000000.0,,4665000000.0,11413000000.0,0.0,11413000000.0,29421000000.0,7494000000.0,21927000000.0,72205419637.0,380000000.0,-470000000.0,-469000000.0,7000000.0,-183000000.0,-645000000.0,-557000000.0,317000000.0,1582000000.0,28000000.0,890000000.0,890000000.0,890000000.0,0.0,0.0,0.121,1521000000.0,1218000000.0,4545000000.0,0.0,2.231,21.076,20.123,5617000000.0,0.0,22.94,2.52,2.52,6279000000.0,5558000000.0,7367000000.0,7367000000.0,0.0,,,,,0.0,1255000000.0,1.0,3147577142.0,3147577142,,2.341,36821000000.0,0.0,328000000.0,5899000000.0,11.698,8412000000.0
47,TFCF,MRQ,2007-03-31,2007-03-31,2007-03-31,2021-08-25,0.0,61614000000.0,,15961000000.0,45653000000.0,,10.038,-296000000.0,7246000000.0,7246000000.0,4922000000.0,871000000.0,2.041,0.923,12474000000.0,362000000.0,12112000000.0,12474000000.0,540000000.0,224000000.0,0.0,0.004,0.05,1608000000.0,1832000000.0,0.243,1832000000.0,1608000000.0,1388000000.0,0.29,,0.29,31825000000.0,,31825000000.0,83580898847.0,13.0,11.741,1527000000.0,0.482,1.0,2608000000.0,0.346,24887000000.0,220000000.0,34134000000.0,,4874000000.0,11407000000.0,0.0,11407000000.0,29376000000.0,7821000000.0,21555000000.0,77583898847.0,1797000000.0,-297000000.0,-547000000.0,1021000000.0,-1000000.0,473000000.0,-499000000.0,94000000.0,1823000000.0,11000000.0,871000000.0,871000000.0,871000000.0,0.0,0.0,0.116,1369000000.0,1239000000.0,4683000000.0,0.172,2.438,22.9,19.117,5280000000.0,0.0,24.47,2.764,2.764,6532000000.0,4425000000.0,7530000000.0,7530000000.0,0.0,,,,,0.0,1145000000.0,1.0,3170572082.0,3170572082,,2.375,36727000000.0,0.0,517000000.0,6053000000.0,11.584,8140000000.0
48,TFCF,MRQ,2006-12-31,2006-12-31,2006-12-31,2021-08-25,0.0,59173000000.0,,14414000000.0,44759000000.0,,9.992,-326000000.0,5438000000.0,5438000000.0,5341000000.0,822000000.0,2.01,0.863,11435000000.0,4000000.0,11431000000.0,11435000000.0,597000000.0,206000000.0,0.0,0.004,0.0,1465000000.0,1671000000.0,0.213,1671000000.0,1465000000.0,1253000000.0,0.27,,0.27,31605000000.0,,31605000000.0,75516823859.0,12.0,10.932,-337000000.0,-0.107,1.0,2503000000.0,0.319,24327000000.0,212000000.0,33673000000.0,,4834000000.0,11255000000.0,0.0,11255000000.0,27279000000.0,7170000000.0,20109000000.0,70410823859.0,-914000000.0,-135000000.0,105000000.0,15000000.0,-182000000.0,-62000000.0,-841000000.0,-380000000.0,-11000000.0,60000000.0,822000000.0,822000000.0,822000000.0,0.0,0.0,0.105,1359000000.0,1144000000.0,4480000000.0,0.0,2.228,21.1,17.667,5128000000.0,0.0,22.26,2.633,2.633,6831000000.0,3572000000.0,7844000000.0,7844000000.0,0.0,,,,,0.0,1153000000.0,1.0,3163109787.0,3163109787,,2.48,34846000000.0,0.0,431000000.0,5528000000.0,11.016,7244000000.0
49,TFCF,MRQ,2006-09-30,2006-09-30,2006-09-30,2021-08-25,0.0,57586000000.0,,13863000000.0,43723000000.0,,9.634,-282000000.0,6292000000.0,6292000000.0,3754000000.0,843000000.0,1.995,0.884,11398000000.0,4000000.0,11394000000.0,11398000000.0,689000000.0,207000000.0,0.0,0.005,0.05,1581000000.0,1788000000.0,0.302,1788000000.0,1581000000.0,1381000000.0,0.28,,0.28,30420000000.0,,30420000000.0,70818610970.0,12.0,10.201,434000000.0,0.137,1.0,2160000000.0,0.365,24017000000.0,200000000.0,31725000000.0,,4466000000.0,10845000000.0,0.0,10845000000.0,26891000000.0,6950000000.0,19941000000.0,65174610970.0,498000000.0,-157000000.0,9000000.0,-45000000.0,-3000000.0,-39000000.0,-179000000.0,260000000.0,716000000.0,11000000.0,843000000.0,843000000.0,843000000.0,0.0,0.0,0.143,1309000000.0,851000000.0,4385000000.0,0.179,2.142,18.154,15.403,4869000000.0,0.0,20.64,2.55,2.55,5730000000.0,2501000000.0,5914000000.0,5914000000.0,0.0,,,,,0.0,1102000000.0,1.0,3157684640.0,3157684640,,1.873,33569000000.0,0.0,538000000.0,5352000000.0,10.631,6913000000.0
50,TFCF,MRQ,2006-06-30,2006-06-30,2006-06-30,2021-08-25,0.0,56649000000.0,,13123000000.0,43526000000.0,,9.383,-328000000.0,5783000000.0,5783000000.0,4477000000.0,852000000.0,2.059,0.905,11427000000.0,42000000.0,11385000000.0,11427000000.0,476000000.0,214000000.0,0.0,0.006,0.0,1614000000.0,1828000000.0,0.27,1828000000.0,1614000000.0,1233000000.0,0.44,,0.44,29593000000.0,,29593000000.0,69749472835.0,15.0,12.902,880000000.0,0.279,1.0,2305000000.0,0.34,23994000000.0,381000000.0,31926000000.0,,4250000000.0,10601000000.0,0.0,10601000000.0,26775000000.0,6373000000.0,20402000000.0,63648472835.0,364000000.0,-196000000.0,-95000000.0,-16000000.0,-185000000.0,-296000000.0,-548000000.0,-24000000.0,1208000000.0,95000000.0,852000000.0,852000000.0,852000000.0,-134000000.0,0.0,0.126,1277000000.0,1028000000.0,4047000000.0,0.0,2.151,27.506,21.935,4755000000.0,0.0,20.18,2.513,2.513,5743000000.0,1689000000.0,6782000000.0,6782000000.0,0.0,,,,,0.0,1056000000.0,1.0,3154037306.0,3154037306,,2.15,32655000000.0,0.0,381000000.0,5200000000.0,10.353,6750000000.0
51,TFCF,MRQ,2006-03-31,2006-03-31,2006-03-31,2021-08-25,0.0,55265000000.0,,12402000000.0,42863000000.0,,8.833,-236000000.0,5324000000.0,5324000000.0,4006000000.0,820000000.0,1.866,0.946,11425000000.0,57000000.0,11368000000.0,11425000000.0,526000000.0,189000000.0,0.0,0.007,0.05,1432000000.0,1621000000.0,0.262,1621000000.0,1432000000.0,1291000000.0,0.27,,0.27,28272000000.0,,28272000000.0,63164131337.0,15.0,12.463,1352000000.0,0.422,1.0,2192000000.0,0.354,23428000000.0,141000000.0,31293000000.0,,4689000000.0,10393000000.0,0.0,10393000000.0,26751000000.0,6645000000.0,20106000000.0,56203131337.0,80000000.0,-2000000.0,-706000000.0,-832000000.0,-5000000.0,-1543000000.0,35000000.0,273000000.0,1588000000.0,1000000.0,820000000.0,820000000.0,820000000.0,0.0,0.0,0.132,1181000000.0,1011000000.0,3966000000.0,0.185,1.988,25.793,24.732,4505000000.0,0.0,17.56,2.28,2.28,5596000000.0,303000000.0,6198000000.0,6198000000.0,0.0,,,,,0.0,989000000.0,1.0,3200633903.0,3200633903,,1.936,31837000000.0,0.0,471000000.0,4782000000.0,9.947,5757000000.0
52,TFCF,MRQ,2005-12-31,2005-12-31,2005-12-31,2021-08-25,0.0,55441000000.0,,12978000000.0,42463000000.0,,8.746,-213000000.0,5243000000.0,5243000000.0,4471000000.0,1075000000.0,1.746,0.946,12204000000.0,944000000.0,11260000000.0,12204000000.0,510000000.0,197000000.0,0.0,0.006,0.0,1508000000.0,1705000000.0,0.256,1705000000.0,1508000000.0,1367000000.0,0.35,,0.35,28375000000.0,,28375000000.0,58463775157.0,16.0,13.041,-249000000.0,-0.077,1.0,2194000000.0,0.329,23356000000.0,141000000.0,31614000000.0,,4515000000.0,10414000000.0,0.0,10414000000.0,26842000000.0,7432000000.0,19410000000.0,53889775157.0,-1150000000.0,-943000000.0,-810000000.0,1141000000.0,-240000000.0,91000000.0,-1205000000.0,-49000000.0,-36000000.0,-57000000.0,1075000000.0,1075000000.0,1075000000.0,-381000000.0,0.0,0.161,1274000000.0,920000000.0,3956000000.0,0.0,1.899,30.637,28.638,4454000000.0,0.0,16.61,2.2,2.2,6141000000.0,-291000000.0,6665000000.0,6665000000.0,0.0,,,,,0.0,978000000.0,1.0,3244417529.0,3244417529,,2.054,32085000000.0,0.0,292000000.0,4434000000.0,9.889,5546000000.0
53,TFCF,MRQ,2005-09-30,2005-09-30,2005-09-30,2021-08-25,0.0,54860000000.0,,13310000000.0,41550000000.0,,8.672,-199000000.0,6450000000.0,6450000000.0,3639000000.0,-433000000.0,1.671,0.93,11024000000.0,924000000.0,10100000000.0,11024000000.0,505000000.0,175000000.0,0.0,0.006,0.08,77000000.0,252000000.0,0.044,252000000.0,77000000.0,-51000000.0,-0.14,,-0.14,28326000000.0,,28326000000.0,58421892713.0,19.0,15.68,298000000.0,0.091,1.0,2043000000.0,0.36,22669000000.0,128000000.0,28802000000.0,,4293000000.0,10352000000.0,0.0,10352000000.0,26330000000.0,7963000000.0,18367000000.0,53892892713.0,-29000000.0,-238000000.0,-184000000.0,1000000.0,-1000000.0,-184000000.0,-342000000.0,95000000.0,497000000.0,9000000.0,-433000000.0,-433000000.0,-433000000.0,0.0,0.0,-0.076,1134000000.0,909000000.0,4735000000.0,-0.571,1.903,50.367,44.595,4452000000.0,0.0,16.5,2.209,2.209,5427000000.0,-1091000000.0,5682000000.0,5682000000.0,0.0,,,,,0.0,959000000.0,1.0,3266235922.0,3266235922,,1.74,32191000000.0,84000000.0,382000000.0,4410000000.0,9.856,5347000000.0
54,TFCF,MRQ,2005-06-30,2005-06-30,2005-06-30,2021-08-25,0.0,54692000000.0,,12779000000.0,41913000000.0,,8.846,-191000000.0,6470000000.0,6470000000.0,3976000000.0,717000000.0,1.922,0.868,10999000000.0,912000000.0,10087000000.0,10999000000.0,426000000.0,195000000.0,0.0,0.002,0.0,1295000000.0,1490000000.0,0.244,1490000000.0,1295000000.0,1164000000.0,0.23,0.23,0.23,29158000000.0,,29158000000.0,60511753554.0,16.0,13.352,867000000.0,0.263,1.0,2132000000.0,0.349,23461000000.0,131000000.0,29111000000.0,,3882000000.0,10268000000.0,0.0,10268000000.0,25315000000.0,6649000000.0,18666000000.0,55573753554.0,557000000.0,72000000.0,-512000000.0,50000000.0,-116000000.0,-578000000.0,77000000.0,196000000.0,1058000000.0,-80000000.0,717000000.0,717000000.0,717000000.0,0.0,0.0,0.117,1177000000.0,955000000.0,3564000000.0,0.0,1.906,26.115,22.784,4346000000.0,0.0,16.86,2.329,2.329,5026000000.0,-699000000.0,6108000000.0,6108000000.0,0.0,,,,,0.0,982000000.0,1.0,3296189416.0,3296189416,,1.853,31231000000.0,0.0,447000000.0,4817000000.0,9.475,6130000000.0
55,TFCF,MRQ,2005-03-31,2005-03-31,2005-03-31,2021-08-25,0.0,55583000000.0,,13416000000.0,42167000000.0,,10.134,-285000000.0,5993000000.0,5993000000.0,4060000000.0,400000000.0,1.735,0.867,10931000000.0,918000000.0,10013000000.0,10931000000.0,556000000.0,176000000.0,0.0,0.002,0.02,860000000.0,1036000000.0,0.171,1036000000.0,860000000.0,717000000.0,0.14,0.14,0.14,29774000000.0,,29774000000.0,57721595823.0,17.0,14.327,1048000000.0,0.357,1.0,1983000000.0,0.328,22542000000.0,143000000.0,30245000000.0,,4111000000.0,11169000000.0,0.0,11169000000.0,25809000000.0,7734000000.0,18075000000.0,51737595823.0,819000000.0,-27000000.0,28000000.0,-245000000.0,-3000000.0,-220000000.0,-294000000.0,18000000.0,1333000000.0,-21000000.0,400000000.0,400000000.0,400000000.0,0.0,0.0,0.066,1094000000.0,889000000.0,4331000000.0,0.143,1.738,28.118,26.682,4440000000.0,0.0,17.61,2.228,2.228,5756000000.0,-822000000.0,6043000000.0,6043000000.0,0.0,,,,,0.0,918000000.0,1.0,2937966827.0,2937966827,,2.057,33041000000.0,355000000.0,317000000.0,4051000000.0,11.246,5682000000.0
56,TFCF,MRQ,2004-12-31,2004-12-31,2004-12-31,2021-08-25,0.0,52905000000.0,,13573000000.0,39332000000.0,,5.519,-290000000.0,5195000000.0,5195000000.0,4485000000.0,386000000.0,1.851,1.285,11179000000.0,319000000.0,10860000000.0,11179000000.0,620000000.0,149000000.0,0.0,0.002,0.0,799000000.0,948000000.0,0.144,948000000.0,799000000.0,662000000.0,0.14,0.14,0.14,23152000000.0,,23152000000.0,80468584320.0,23.0,20.147,108000000.0,0.026,1.0,2077000000.0,0.317,19613000000.0,137000000.0,31943000000.0,,4474000000.0,10940000000.0,0.0,10940000000.0,29753000000.0,7333000000.0,22420000000.0,80540584320.0,917000000.0,-36000000.0,23000000.0,581000000.0,-114000000.0,490000000.0,29000000.0,355000000.0,398000000.0,130000000.0,386000000.0,386000000.0,386000000.0,0.0,0.0,0.059,1123000000.0,954000000.0,4410000000.0,0.0,3.479,42.978,28.235,4481000000.0,0.0,19.2,3.605,3.605,6247000000.0,-1217000000.0,6562000000.0,6562000000.0,0.0,,,,,0.0,938000000.0,1.0,4194822100.0,4194822100,,1.564,33292000000.0,540000000.0,276000000.0,4042000000.0,7.936,6240000000.0
57,TFCF,MRQ,2004-09-30,2004-09-30,2004-09-30,2021-08-25,,,,,,,,-135000000.0,,,3380000000.0,625000000.0,,,,,,,,128000000.0,,0.003,0.021,930000000.0,1058000000.0,0.206,1058000000.0,930000000.0,805000000.0,0.23,,0.23,,,,68869901214.0,22.0,,447000000.0,0.107,1.0,1766000000.0,0.343,,125000000.0,,,,,,,,,,68941901214.0,94000000.0,-78000000.0,14000000.0,-655000000.0,-7000000.0,-373000000.0,-115000000.0,98000000.0,582000000.0,3000000.0,625000000.0,625000000.0,625000000.0,0.0,0.0,0.121,1000000000.0,766000000.0,,0.091,,40.483,26.508,,0.0,16.435,3.232,3.232,,,5146000000.0,5146000000.0,0.0,,,,,0.0,859000000.0,1.0,4194822100.0,4194822100,,1.227,,,180000000.0,,,
58,TFCF,MRQ,2004-06-30,2004-06-30,2004-06-30,2021-08-25,0.0,48343000000.0,,10999000000.0,37344000000.0,,4.976,-148000000.0,4338000000.0,4338000000.0,3674000000.0,429000000.0,1.558,1.316,10164000000.0,1084000000.0,9080000000.0,10164000000.0,467000000.0,137000000.0,0.0,0.002,0.0,850000000.0,987000000.0,0.18,987000000.0,850000000.0,718000000.0,0.15,0.16,0.15,20875000000.0,,20875000000.0,74218299391.0,24.0,20.367,248000000.0,0.059,1.0,1796000000.0,0.328,18151000000.0,132000000.0,28960000000.0,,4199000000.0,10914000000.0,0.0,10914000000.0,27468000000.0,7058000000.0,20410000000.0,74290299391.0,185000000.0,-51000000.0,35000000.0,-219000000.0,-96000000.0,-281000000.0,70000000.0,818000000.0,396000000.0,-3000000.0,429000000.0,429000000.0,429000000.0,0.0,0.0,0.078,1122000000.0,674000000.0,3963000000.0,0.0,3.559,48.461,30.534,3796000000.0,0.0,17.71,3.571,3.571,4980000000.0,-2791000000.0,5470000000.0,5470000000.0,0.0,,,,,0.0,985000000.0,1.0,4194822100.0,4194822100,,1.304,30192000000.0,521000000.0,289000000.0,3620000000.0,7.197,3941000000.0
59,TFCF,MRQ,2004-03-31,2004-03-31,2004-03-31,2021-08-25,,,,,,,,-77000000.0,,,3384000000.0,434000000.0,,,,,,,,149000000.0,,0.002,0.023,852000000.0,1001000000.0,0.194,1001000000.0,852000000.0,716000000.0,0.16,0.16,0.16,,,,75392849579.0,,,1297000000.0,0.309,1.0,1780000000.0,0.345,,136000000.0,,,,,,,,,,75464849579.0,1363000000.0,-4000000.0,16000000.0,-56000000.0,-9000000.0,-43000000.0,32000000.0,-49000000.0,1374000000.0,8000000.0,434000000.0,434000000.0,434000000.0,0.0,0.0,0.084,965000000.0,815000000.0,,0.144,,,,,0.0,17.99,,,,,5164000000.0,5164000000.0,0.0,,,,,0.0,816000000.0,1.0,4194822100.0,4194822100,,1.231,,,282000000.0,,,
60,TFCF,MRQ,2003-12-31,2003-12-31,2003-12-31,2021-08-25,,,,,,,,,,,3867000000.0,215000000.0,,,,,,,,,,0.002,0.0,507000000.0,,,,507000000.0,376000000.0,0.08,0.08,0.08,,,,75644538905.0,,,,,1.0,1686000000.0,0.304,,131000000.0,,,,,,,,,,75716538905.0,,,,,,,,,,,215000000.0,215000000.0,215000000.0,0.0,0.0,0.039,916000000.0,770000000.0,,0.0,,,,,0.0,18.05,,,,,5553000000.0,5553000000.0,0.0,,,,,,771000000.0,1.0,4194822100.0,4194822100,,1.324,,,161000000.0,,,
61,TFCF,MRQ,2003-06-30,2003-06-30,2003-06-30,2021-08-25,0.0,23299000000.0,,,,,8.117,,72000000.0,72000000.0,,,,0.574,0.0,,,0.0,449000000.0,,0.0,0.002,0.0,,,,,,,,,,14303000000.0,,14303000000.0,64283822029.0,33.0,26.908,,,1.0,,,13476000000.0,,9751000000.0,,0.0,1560000000.0,,,8206000000.0,,,63397822029.0,,,,,,,,,,,,,,,,,,,1665000000.0,,4.432,77.126,45.864,1464000000.0,,15.135,3.648,1.534,2647000000.0,1513000000.0,,,,,,,,,,1.0,4188822070.0,1762000000,,,9823000000.0,0.0,,2053000000.0,5.575,
62,TFCF,MRQ,2002-06-30,2002-06-30,2002-06-30,2021-08-25,0.0,22876000000.0,,,,,7.217,,56000000.0,56000000.0,,,,0.819,942000000.0,,,942000000.0,500000000.0,,0.0,0.003,0.0,,,,,,,,,,12095000000.0,,12095000000.0,,,,,,1.0,,,13169000000.0,,10593000000.0,,0.0,1424000000.0,,,9903000000.0,,,48024845033.0,,,,,,,,,,,,,,,,,,,1844000000.0,,3.971,82.659,33.232,1501000000.0,,11.465,4.938,1.976,2577000000.0,517000000.0,,,,,,,,,,1.0,4188822070.0,1676000000,,,9707000000.0,0.0,,1912000000.0,5.792,
63,TFCF,MRQ,2001-06-30,2001-06-30,2001-06-30,2021-08-25,0.0,17856000000.0,,,,,5.503,,66000000.0,66000000.0,,,,1.133,1032000000.0,,,1032000000.0,553000000.0,,0.0,0.002,0.0,,,,,,,,,,7968000000.0,,7968000000.0,,,,,,1.0,,,7647000000.0,,11175000000.0,,0.0,1493000000.0,,,9027000000.0,,,,,,,,,,,,,,,,,,,,,,1705000000.0,,,,-92.875,1454000000.0,,18.575,,3.197,2504000000.0,-63000000.0,,,,,,,,,,1.0,,1448000000,,,10209000000.0,0.0,,706000000.0,7.05,
0,TFCF,MRT,2018-12-31,2018-12-31,2018-12-31,2021-08-25,-1879000000.0,65886000000.0,57051750000.0,34017000000.0,31869000000.0,0.544,17.244,-532000000.0,21281000000.0,21281000000.0,20057000000.0,14184000000.0,4.287,1.02,19208000000.0,887000000.0,18321000000.0,19208000000.0,855000000.0,617000000.0,0.0,0.008,0.36,16314000000.0,16931000000.0,0.546,16931000000.0,16314000000.0,15097000000.0,7.48,7.44,7.48,32005000000.0,22809500000.0,32005000000.0,100823479000.0,6.0,5.955,3748000000.0,2.019,1.0,10980000000.0,0.354,18728000000.0,1217000000.0,37150000000.0,38599000000.0,12067000000.0,833000000.0,0.0,833000000.0,32651000000.0,7935000000.0,24716000000.0,88655479000.0,15671000000.0,15016000000.0,0.0,-596000000.0,-998000000.0,-1863000000.0,13321000000.0,-417000000.0,4280000000.0,-199000000.0,13878000000.0,13878000000.0,13878000000.0,47000000.0,306000000.0,0.447,4466000000.0,6514000000.0,3236000000.0,0.048,2.77,6.388,6.388,1971000000.0,0.0,47.78,2.856,2.857,8942000000.0,21292000000.0,31037000000.0,31037000000.0,0.0,0.243,0.608,0.423,0.526,208000000.0,3785000000.0,1.0,1855493491.0,1856000000,,16.723,47158000000.0,0.0,1219000000.0,1971000000.0,25.408,26082000000.0
1,TFCF,MRT,2018-09-30,2018-09-30,2018-09-30,2021-08-25,-2354000000.0,54512000000.0,53794750000.0,19128000000.0,35384000000.0,0.568,11.164,-570000000.0,7083000000.0,7083000000.0,19812000000.0,5193000000.0,2.452,1.574,19251000000.0,872000000.0,18379000000.0,19251000000.0,764000000.0,600000000.0,0.0,0.008,0.36,5500000000.0,6100000000.0,0.2,6100000000.0,5500000000.0,4265000000.0,2.64,2.63,2.64,20698000000.0,19405500000.0,20698000000.0,96785947690.0,18.0,15.867,3489000000.0,1.882,1.0,10763000000.0,0.352,18787000000.0,1235000000.0,40091000000.0,39254250000.0,11564000000.0,4640000000.0,0.0,4640000000.0,32588000000.0,7802000000.0,24786000000.0,84884947690.0,359000000.0,25000000.0,0.0,-604000000.0,-1020000000.0,-1844000000.0,-1793000000.0,-400000000.0,4059000000.0,-177000000.0,4894000000.0,4894000000.0,4894000000.0,35000000.0,299000000.0,0.16,4377000000.0,6386000000.0,3381000000.0,0.136,4.101,17.345,17.356,1949000000.0,0.0,45.82,2.776,2.778,8218000000.0,10499000000.0,30575000000.0,30575000000.0,0.0,0.091,0.252,0.14,0.18,196000000.0,3710000000.0,1.0,1852574153.0,1854000000,,16.491,35725000000.0,0.0,-629000000.0,1949000000.0,19.269,11326000000.0
2,TFCF,MRT,2018-06-30,2018-06-30,2018-06-30,2021-08-25,-2001000000.0,53831000000.0,53173750000.0,19333000000.0,34498000000.0,0.572,10.561,-551000000.0,7622000000.0,7622000000.0,19769000000.0,4762000000.0,2.345,1.688,19523000000.0,1054000000.0,18469000000.0,19523000000.0,826000000.0,584000000.0,0.0,0.007,0.36,5348000000.0,5932000000.0,0.195,5932000000.0,5348000000.0,4100000000.0,2.41,2.4,2.41,19564000000.0,18307000000.0,19564000000.0,103900310649.0,19.0,17.515,3676000000.0,1.984,1.0,10631000000.0,0.35,18869000000.0,1248000000.0,38619000000.0,38664500000.0,11187000000.0,4112000000.0,0.0,4112000000.0,33033000000.0,8244000000.0,24789000000.0,91275310649.0,1525000000.0,358000000.0,0.0,-403000000.0,-993000000.0,-1464000000.0,-1177000000.0,-444000000.0,4227000000.0,-66000000.0,4464000000.0,4464000000.0,4464000000.0,12000000.0,298000000.0,0.147,4324000000.0,6307000000.0,3248000000.0,0.149,4.665,20.447,20.444,1956000000.0,0.0,49.27,3.002,3.002,7844000000.0,8934000000.0,30400000000.0,30400000000.0,0.0,0.084,0.244,0.138,0.176,204000000.0,3668000000.0,1.0,1852553494.0,1852553494,,16.41,34962000000.0,0.0,-364000000.0,1892000000.0,18.872,11089000000.0
3,TFCF,MRT,2018-03-31,2018-03-31,2018-03-31,2021-08-25,-1699000000.0,53978000000.0,52434000000.0,18661000000.0,35317000000.0,0.557,10.238,-518000000.0,7372000000.0,7372000000.0,19165000000.0,4311000000.0,2.051,1.779,19997000000.0,1538000000.0,18459000000.0,19997000000.0,717000000.0,572000000.0,0.0,0.01,0.36,5067000000.0,5639000000.0,0.193,5639000000.0,5067000000.0,3821000000.0,2.17,2.17,2.17,18971000000.0,17346500000.0,18971000000.0,81361508462.0,16.0,14.428,3052000000.0,1.647,1.0,10042000000.0,0.344,18968000000.0,1246000000.0,38536000000.0,38477250000.0,11647000000.0,4256000000.0,0.0,4256000000.0,33755000000.0,9099000000.0,24656000000.0,67376508462.0,1729000000.0,290000000.0,0.0,83000000.0,-1000000000.0,-988000000.0,-804000000.0,-320000000.0,3570000000.0,71000000.0,4020000000.0,4020000000.0,4020000000.0,32000000.0,291000000.0,0.138,4277000000.0,5765000000.0,3979000000.0,0.166,3.552,16.76,16.76,1861000000.0,0.0,36.37,2.307,2.307,7641000000.0,8121000000.0,29207000000.0,29207000000.0,0.0,0.077,0.232,0.132,0.173,195000000.0,3545000000.0,1.0,1852529790.0,1853000000,,15.762,35010000000.0,0.0,-199000000.0,1638000000.0,18.894,9562000000.0
4,TFCF,MRT,2017-12-31,2017-12-31,2017-12-31,2021-08-25,-1649000000.0,52858000000.0,51610500000.0,17402000000.0,35456000000.0,0.569,9.924,-498000000.0,5809000000.0,5809000000.0,19408000000.0,4238000000.0,2.16,1.807,19794000000.0,631000000.0,19163000000.0,19794000000.0,719000000.0,567000000.0,0.0,0.011,0.36,5007000000.0,5574000000.0,0.19,5574000000.0,5007000000.0,3762000000.0,2.14,2.14,2.14,18389000000.0,16358000000.0,18389000000.0,76156316435.0,15.0,13.663,2569000000.0,1.386,1.0,9943000000.0,0.339,19017000000.0,1245000000.0,39771000000.0,38403250000.0,11166000000.0,4364000000.0,0.0,4364000000.0,33227000000.0,8055000000.0,25172000000.0,63208316435.0,1195000000.0,287000000.0,0.0,-117000000.0,-974000000.0,-1162000000.0,-671000000.0,-204000000.0,3067000000.0,84000000.0,3961000000.0,3961000000.0,3961000000.0,26000000.0,277000000.0,0.135,4133000000.0,5810000000.0,3692000000.0,0.168,3.437,15.958,15.944,1840000000.0,0.0,34.12,2.154,2.154,8286000000.0,7627000000.0,29351000000.0,29351000000.0,0.0,0.077,0.242,0.13,0.171,130000000.0,3403000000.0,1.0,1852529790.0,1853000000,,15.84,33841000000.0,0.0,-199000000.0,1622000000.0,18.263,9347000000.0
5,TFCF,MRT,2017-09-30,2017-09-30,2017-09-30,2021-08-25,-1876000000.0,52028000000.0,50697750000.0,16998000000.0,35030000000.0,0.572,8.803,-405000000.0,6901000000.0,6901000000.0,18560000000.0,3258000000.0,2.079,2.114,19849000000.0,707000000.0,19142000000.0,19849000000.0,671000000.0,560000000.0,0.0,0.014,0.36,5685000000.0,6245000000.0,0.215,6245000000.0,5685000000.0,4453000000.0,1.61,1.61,1.61,16304000000.0,15345750000.0,16304000000.0,61488783654.0,11.0,9.846,3148000000.0,1.7,1.0,10436000000.0,0.36,19068000000.0,1232000000.0,37732000000.0,38077000000.0,10875000000.0,4066000000.0,0.0,4066000000.0,34472000000.0,8176000000.0,26296000000.0,47738783654.0,2204000000.0,286000000.0,-152000000.0,346000000.0,-956000000.0,-839000000.0,-479000000.0,-159000000.0,3553000000.0,16000000.0,2986000000.0,2986000000.0,2986000000.0,22000000.0,272000000.0,0.103,4090000000.0,6346000000.0,3966000000.0,0.224,2.928,15.988,16.019,1779000000.0,0.0,25.79,1.646,1.647,7303000000.0,5816000000.0,28996000000.0,28996000000.0,0.0,0.059,0.195,0.149,0.196,111000000.0,3331000000.0,1.0,1851057916.0,1852000000,,15.657,32960000000.0,0.0,1467000000.0,2801000000.0,17.797,8822000000.0
6,TFCF,MRT,2017-06-30,2017-06-30,2017-06-30,2021-08-25,-2018000000.0,50872000000.0,49847250000.0,16434000000.0,34438000000.0,0.572,8.494,-377000000.0,6163000000.0,6163000000.0,18094000000.0,3226000000.0,2.225,2.158,19913000000.0,457000000.0,19456000000.0,19913000000.0,728000000.0,553000000.0,0.0,0.013,0.36,5590000000.0,6143000000.0,0.216,6143000000.0,5590000000.0,4371000000.0,1.59,1.59,1.59,15722000000.0,14721500000.0,15722000000.0,65907341865.0,12.0,10.729,3418000000.0,1.847,1.0,10406000000.0,0.365,19366000000.0,1219000000.0,37870000000.0,37783250000.0,10553000000.0,3902000000.0,0.0,3902000000.0,33934000000.0,7386000000.0,26548000000.0,51583341865.0,1724000000.0,-75000000.0,-619000000.0,345000000.0,-943000000.0,-1291000000.0,-752000000.0,-128000000.0,3795000000.0,15000000.0,2952000000.0,2952000000.0,2952000000.0,44000000.0,274000000.0,0.104,4166000000.0,6240000000.0,3451000000.0,0.226,3.281,17.474,17.528,1781000000.0,0.0,27.87,1.81,1.81,7168000000.0,5315000000.0,28500000000.0,28500000000.0,0.0,0.059,0.201,0.148,0.196,126000000.0,3298000000.0,1.0,1850855467.0,1850855467,,15.398,31506000000.0,0.0,1419000000.0,2782000000.0,17.022,9048000000.0
7,TFCF,MRT,2017-03-31,2017-03-31,2017-03-31,2021-08-25,-2195000000.0,50684000000.0,49177500000.0,16738000000.0,33946000000.0,0.577,8.113,-309000000.0,5572000000.0,5572000000.0,18168000000.0,3300000000.0,2.245,2.293,19896000000.0,107000000.0,19789000000.0,19896000000.0,621000000.0,549000000.0,0.0,0.011,0.36,5349000000.0,5898000000.0,0.208,5898000000.0,5349000000.0,4144000000.0,1.63,1.63,1.63,15017000000.0,14206250000.0,15017000000.0,74182527942.0,14.0,12.578,3248000000.0,1.755,1.0,10230000000.0,0.36,19312000000.0,1205000000.0,38240000000.0,37501750000.0,11143000000.0,3679000000.0,0.0,3679000000.0,34432000000.0,7456000000.0,26976000000.0,58819527942.0,607000000.0,-8000000.0,-1565000000.0,313000000.0,-878000000.0,-2298000000.0,-626000000.0,-32000000.0,3557000000.0,-28000000.0,3043000000.0,3043000000.0,3043000000.0,19000000.0,257000000.0,0.107,4163000000.0,6067000000.0,3832000000.0,0.221,3.917,19.329,19.497,1691000000.0,0.0,31.78,2.071,2.071,7757000000.0,4919000000.0,28398000000.0,28398000000.0,0.0,0.062,0.214,0.143,0.188,141000000.0,3124000000.0,1.0,1850834737.0,1851000000,,15.342,31372000000.0,0.0,1101000000.0,2742000000.0,16.949,9282000000.0
8,TFCF,MRT,2016-12-31,2016-12-31,2016-12-31,2021-08-25,-2382000000.0,49207000000.0,48818500000.0,15705000000.0,33502000000.0,0.575,7.739,-288000000.0,4530000000.0,4530000000.0,17816000000.0,3355000000.0,2.327,2.347,19893000000.0,80000000.0,19813000000.0,19893000000.0,622000000.0,542000000.0,0.0,0.012,0.33,5469000000.0,6011000000.0,0.214,6011000000.0,5469000000.0,4279000000.0,1.64,1.64,1.64,14340000000.0,14069750000.0,14340000000.0,65364788362.0,12.0,10.874,3854000000.0,2.08,1.0,10246000000.0,0.365,19355000000.0,1190000000.0,38466000000.0,37013000000.0,11079000000.0,3616000000.0,0.0,3616000000.0,33652000000.0,6749000000.0,26903000000.0,50557788362.0,272000000.0,-8000000.0,-2321000000.0,321000000.0,-883000000.0,-3257000000.0,-588000000.0,-15000000.0,4142000000.0,-35000000.0,3085000000.0,3085000000.0,3085000000.0,10000000.0,270000000.0,0.11,4210000000.0,6036000000.0,3156000000.0,0.201,3.526,16.388,16.616,1657000000.0,0.0,27.25,1.802,1.799,7473000000.0,4479000000.0,28062000000.0,28062000000.0,0.0,0.063,0.219,0.148,0.195,139000000.0,3200000000.0,1.0,1855331683.0,1853000000,,15.144,29852000000.0,0.0,1194000000.0,2709000000.0,16.11,8956000000.0
9,TFCF,MRT,2016-09-30,2016-09-30,2016-09-30,2021-08-25,-2185000000.0,48626000000.0,48540750000.0,14921000000.0,33705000000.0,0.572,7.419,-282000000.0,4681000000.0,4681000000.0,17661000000.0,3167000000.0,2.01,2.431,19488000000.0,454000000.0,19034000000.0,19488000000.0,612000000.0,537000000.0,0.0,0.013,0.33,5250000000.0,5787000000.0,0.209,5787000000.0,5250000000.0,4061000000.0,1.52,1.52,1.52,13807000000.0,14110750000.0,13807000000.0,61379946456.0,12.0,10.607,4155000000.0,2.233,1.0,10094000000.0,0.364,19454000000.0,1189000000.0,36557000000.0,36594500000.0,10696000000.0,3912000000.0,0.0,3912000000.0,33571000000.0,7422000000.0,26149000000.0,46078946456.0,-1136000000.0,-915000000.0,-3482000000.0,633000000.0,-819000000.0,-4077000000.0,-1477000000.0,-3000000.0,4437000000.0,-13000000.0,2901000000.0,2901000000.0,2901000000.0,11000000.0,266000000.0,0.105,4277000000.0,5817000000.0,3438000000.0,0.217,3.337,15.884,16.276,1669000000.0,0.0,24.74,1.66,1.659,6564000000.0,3741000000.0,27755000000.0,27755000000.0,0.0,0.06,0.206,0.143,0.189,152000000.0,3311000000.0,1.0,1862528151.0,1861000000,,14.914,29172000000.0,0.0,1160000000.0,2782000000.0,15.675,7499000000.0
10,TFCF,MRT,2016-06-30,2016-06-30,2016-06-30,2021-08-25,-2144000000.0,48193000000.0,48383500000.0,14949000000.0,33244000000.0,0.565,7.212,-263000000.0,4424000000.0,4424000000.0,17419000000.0,3016000000.0,2.115,2.438,19553000000.0,427000000.0,19126000000.0,19553000000.0,505000000.0,530000000.0,0.0,0.011,0.3,5069000000.0,5599000000.0,0.205,5599000000.0,5069000000.0,3885000000.0,1.42,1.42,1.42,13661000000.0,14479250000.0,13661000000.0,66370228652.0,13.0,11.854,2879000000.0,1.52,1.0,9907000000.0,0.363,19510000000.0,1184000000.0,36744000000.0,36307500000.0,9903000000.0,3863000000.0,0.0,3863000000.0,33312000000.0,7068000000.0,26244000000.0,51618228652.0,-3940000000.0,-916000000.0,-4904000000.0,673000000.0,-821000000.0,-5424000000.0,-1638000000.0,-182000000.0,3142000000.0,-64000000.0,2755000000.0,2755000000.0,2755000000.0,8000000.0,261000000.0,0.101,4238000000.0,5669000000.0,3181000000.0,0.211,3.779,18.736,19.19,1692000000.0,0.0,27.25,1.889,1.889,6647000000.0,3575000000.0,27326000000.0,27326000000.0,0.0,0.057,0.19,0.14,0.186,196000000.0,3385000000.0,1.0,1894246923.0,1894246923,,14.426,28683000000.0,0.0,1130000000.0,2888000000.0,15.142,7881000000.0
11,TFCF,MRT,2016-03-31,2016-03-31,2016-03-31,2021-08-25,-1865000000.0,49248000000.0,48845000000.0,15620000000.0,33628000000.0,0.55,7.553,-260000000.0,4993000000.0,4993000000.0,16688000000.0,2528000000.0,1.887,2.329,19745000000.0,475000000.0,19270000000.0,19745000000.0,598000000.0,526000000.0,0.0,0.011,0.3,4737000000.0,5263000000.0,0.196,5263000000.0,4737000000.0,3558000000.0,1.21,1.2,1.21,14471000000.0,15369000000.0,14471000000.0,69530695429.0,15.0,13.211,2746000000.0,1.433,1.0,10197000000.0,0.379,19439000000.0,1179000000.0,36285000000.0,35815250000.0,10630000000.0,4155000000.0,0.0,4155000000.0,33698000000.0,8276000000.0,25422000000.0,54086695429.0,-4240000000.0,-891000000.0,-5113000000.0,649000000.0,-849000000.0,-5589000000.0,-1631000000.0,-480000000.0,3006000000.0,-43000000.0,2275000000.0,2275000000.0,2275000000.0,37000000.0,253000000.0,0.085,4622000000.0,5575000000.0,3828000000.0,0.248,3.738,23.774,23.306,1660000000.0,0.0,28.2,2.012,2.01,7217000000.0,3814000000.0,26885000000.0,26885000000.0,0.0,0.047,0.148,0.132,0.176,155000000.0,3579000000.0,1.0,1917967923.0,1916000000,,14.032,29809000000.0,0.0,1283000000.0,2415000000.0,15.558,7344000000.0
12,TFCF,MRT,2015-12-31,2015-12-31,2015-12-31,2021-08-25,-1939000000.0,48096000000.0,49406000000.0,14826000000.0,33270000000.0,0.536,7.408,-255000000.0,4293000000.0,4293000000.0,16573000000.0,2645000000.0,2.04,2.248,19737000000.0,486000000.0,19251000000.0,19737000000.0,544000000.0,517000000.0,0.0,0.011,0.3,4863000000.0,5380000000.0,0.203,5380000000.0,4863000000.0,3687000000.0,1.23,1.22,1.23,14504000000.0,16248500000.0,14504000000.0,66804300931.0,14.0,12.417,2742000000.0,1.4,1.0,9924000000.0,0.375,19480000000.0,1176000000.0,36792000000.0,35480000000.0,10120000000.0,4053000000.0,0.0,4053000000.0,32601000000.0,7268000000.0,25333000000.0,53623300931.0,-5544000000.0,-1036000000.0,-6411000000.0,613000000.0,-861000000.0,-6709000000.0,-1801000000.0,-510000000.0,2997000000.0,-214000000.0,2409000000.0,2409000000.0,2409000000.0,49000000.0,236000000.0,0.091,4528000000.0,5396000000.0,3359000000.0,0.244,3.697,22.26,22.138,1668000000.0,0.0,27.23,2.024,2.012,7252000000.0,3851000000.0,26497000000.0,26497000000.0,0.0,0.049,0.148,0.137,0.184,111000000.0,3509000000.0,1.0,1969272895.0,1958000000,,13.533,28616000000.0,0.0,1278000000.0,2275000000.0,14.615,7558000000.0
13,TFCF,MRT,2015-09-30,2015-09-30,2015-09-30,2021-08-25,-1719000000.0,47997000000.0,50545000000.0,15193000000.0,32804000000.0,0.538,7.606,-331000000.0,5830000000.0,5830000000.0,17182000000.0,8181000000.0,2.173,2.077,19011000000.0,244000000.0,18767000000.0,19011000000.0,457000000.0,588000000.0,0.0,0.011,0.3,10185000000.0,10773000000.0,0.396,10773000000.0,10185000000.0,8997000000.0,3.78,3.76,3.78,15281000000.0,17575750000.0,15281000000.0,65277806888.0,6.0,6.059,2524000000.0,1.256,1.0,9995000000.0,0.368,18777000000.0,1188000000.0,35409000000.0,35185750000.0,9805000000.0,4398000000.0,0.0,4398000000.0,31742000000.0,6992000000.0,24750000000.0,54666806888.0,1355000000.0,8416000000.0,-6555000000.0,-887000000.0,-852000000.0,-8935000000.0,7474000000.0,-611000000.0,2855000000.0,-181000000.0,7944000000.0,7944000000.0,7944000000.0,63000000.0,237000000.0,0.292,4684000000.0,5311000000.0,3529000000.0,0.079,3.577,6.882,7.161,1667000000.0,0.0,27.07,2.012,2.001,6420000000.0,4182000000.0,27177000000.0,27177000000.0,0.0,0.157,0.452,0.289,0.375,116000000.0,3594000000.0,1.0,2019460912.0,2009000000,,13.528,29220000000.0,0.0,1053000000.0,2278000000.0,14.545,8201000000.0
14,TFCF,MRT,2015-06-30,2015-06-30,2015-06-30,2021-08-25,-1570000000.0,50039000000.0,52223500000.0,17348000000.0,32691000000.0,0.555,8.37,-424000000.0,8428000000.0,8428000000.0,18561000000.0,8537000000.0,2.464,1.85,19039000000.0,244000000.0,18795000000.0,19039000000.0,448000000.0,736000000.0,0.0,0.009,0.275,10747000000.0,11483000000.0,0.396,11483000000.0,10747000000.0,9549000000.0,3.91,3.9,3.91,17220000000.0,17821750000.0,17220000000.0,76107379114.0,7.0,6.628,3193000000.0,1.552,1.0,10426000000.0,0.36,18833000000.0,1198000000.0,34775000000.0,35250000000.0,9160000000.0,4529000000.0,0.0,4529000000.0,31853000000.0,7042000000.0,24811000000.0,66291379114.0,3202000000.0,8485000000.0,-5939000000.0,316000000.0,-878000000.0,-7102000000.0,6736000000.0,-1325000000.0,3617000000.0,-189000000.0,8306000000.0,8306000000.0,8306000000.0,67000000.0,231000000.0,0.287,5022000000.0,5404000000.0,3717000000.0,0.07,3.85,7.981,8.24,1722000000.0,0.0,32.22,2.287,2.287,6306000000.0,5343000000.0,28987000000.0,28987000000.0,0.0,0.159,0.466,0.305,0.371,83000000.0,3784000000.0,1.0,2057460556.0,2057460556,,14.089,31206000000.0,0.0,1243000000.0,2290000000.0,15.167,10306000000.0
15,TFCF,MRT,2015-03-31,2015-03-31,2015-03-31,2021-08-25,-1847000000.0,51492000000.0,53412000000.0,19049000000.0,32443000000.0,0.584,8.522,-528000000.0,9276000000.0,9276000000.0,20410000000.0,9506000000.0,2.543,1.808,19092000000.0,227000000.0,18865000000.0,19092000000.0,468000000.0,903000000.0,0.0,0.008,0.275,11909000000.0,12812000000.0,0.411,12812000000.0,11909000000.0,10711000000.0,4.27,4.26,4.27,17989000000.0,17871250000.0,17989000000.0,78984335536.0,7.0,6.165,3478000000.0,1.648,1.0,10796000000.0,0.346,18874000000.0,1198000000.0,34944000000.0,34920250000.0,9490000000.0,4441000000.0,0.0,4441000000.0,32517000000.0,7490000000.0,25027000000.0,69907335536.0,4067000000.0,8727000000.0,-5804000000.0,374000000.0,-852000000.0,-6924000000.0,7060000000.0,-1139000000.0,4006000000.0,-308000000.0,9218000000.0,9218000000.0,9218000000.0,5000000.0,288000000.0,0.295,4840000000.0,5956000000.0,3860000000.0,0.064,3.886,7.584,7.7,1696000000.0,0.0,32.88,2.24,2.224,6763000000.0,6168000000.0,31206000000.0,31206000000.0,0.0,0.173,0.516,0.341,0.382,124000000.0,3937000000.0,1.0,2126135509.0,2111000000,,14.783,32618000000.0,0.0,1493000000.0,2169000000.0,15.451,11559000000.0
16,TFCF,MRT,2014-12-31,2014-12-31,2014-12-31,2021-08-25,-1475000000.0,52652000000.0,54362250000.0,20264000000.0,32388000000.0,0.599,9.215,-610000000.0,10051000000.0,10051000000.0,21528000000.0,9537000000.0,2.799,1.608,19128000000.0,227000000.0,18901000000.0,19128000000.0,530000000.0,1046000000.0,0.0,0.007,0.25,11790000000.0,12836000000.0,0.394,12836000000.0,11790000000.0,10600000000.0,4.28,4.27,4.28,19813000000.0,17739750000.0,19813000000.0,95092379278.0,8.0,7.408,2658000000.0,1.236,1.0,11057000000.0,0.339,18875000000.0,1190000000.0,35615000000.0,34410000000.0,9590000000.0,4423000000.0,0.0,4423000000.0,31864000000.0,7239000000.0,24625000000.0,79539379278.0,3871000000.0,8228000000.0,-4767000000.0,260000000.0,-841000000.0,-5992000000.0,6547000000.0,-1071000000.0,3268000000.0,-165000000.0,9296000000.0,9296000000.0,9296000000.0,6000000.0,241000000.0,0.285,5138000000.0,5919000000.0,3628000000.0,0.058,4.015,8.556,8.619,1718000000.0,0.0,36.89,2.441,2.434,7131000000.0,7168000000.0,32585000000.0,32585000000.0,0.0,0.171,0.524,0.343,0.362,167000000.0,4092000000.0,1.0,2156123049.0,2150000000,,15.156,33777000000.0,0.0,1304000000.0,1782000000.0,15.71,13025000000.0
17,TFCF,MRT,2014-09-30,2014-09-30,2014-09-30,2021-08-25,-756000000.0,54711000000.0,54520750000.0,14950000000.0,39761000000.0,0.6,7.424,-634000000.0,4656000000.0,4656000000.0,21713000000.0,4476000000.0,1.632,2.162,20209000000.0,814000000.0,19395000000.0,20209000000.0,672000000.0,1105000000.0,0.0,0.008,0.25,6925000000.0,8030000000.0,0.246,8030000000.0,6925000000.0,5771000000.0,1.92,1.92,1.92,16265000000.0,17198750000.0,16265000000.0,86593776719.0,13.0,10.784,2442000000.0,1.115,1.0,10980000000.0,0.336,25440000000.0,1154000000.0,35666000000.0,33458500000.0,10133000000.0,3734000000.0,0.0,3734000000.0,35171000000.0,9158000000.0,26013000000.0,72950776719.0,-1876000000.0,-101000000.0,-4132000000.0,1047000000.0,-826000000.0,-3905000000.0,-1630000000.0,-895000000.0,3076000000.0,-149000000.0,4296000000.0,4296000000.0,4296000000.0,-235000000.0,180000000.0,0.131,5295000000.0,5685000000.0,4383000000.0,0.13,4.485,16.981,17.349,2794000000.0,0.0,33.31,2.231,2.232,6833000000.0,2131000000.0,32693000000.0,32693000000.0,0.0,0.079,0.25,0.207,0.212,145000000.0,4190000000.0,1.0,2190056341.0,2191000000,,14.921,29271000000.0,0.0,1475000000.0,2562000000.0,13.36,5792000000.0
18,TFCF,MRT,2014-06-30,2014-06-30,2014-06-30,2021-08-25,-34000000.0,54793000000.0,54099250000.0,15376000000.0,39417000000.0,0.589,7.824,-678000000.0,5415000000.0,5415000000.0,21108000000.0,4646000000.0,1.736,1.946,19058000000.0,799000000.0,18259000000.0,19058000000.0,690000000.0,1142000000.0,0.0,0.007,0.25,6907000000.0,8049000000.0,0.253,8049000000.0,6907000000.0,5786000000.0,1.99,1.99,1.99,17418000000.0,17438500000.0,17418000000.0,89745257103.0,13.0,11.15,2286000000.0,1.027,1.0,10759000000.0,0.338,26124000000.0,1121000000.0,33456000000.0,32539250000.0,9534000000.0,2859000000.0,0.0,2859000000.0,33892000000.0,8856000000.0,25036000000.0,76208257103.0,-1176000000.0,-174000000.0,-3706000000.0,859000000.0,-802000000.0,-3776000000.0,-935000000.0,-83000000.0,2964000000.0,-68000000.0,4514000000.0,4514000000.0,4514000000.0,-729000000.0,132000000.0,0.142,5271000000.0,5488000000.0,4183000000.0,0.126,4.375,16.883,17.201,2931000000.0,0.0,34.23,2.391,2.391,6922000000.0,2389000000.0,31867000000.0,31867000000.0,0.0,0.083,0.259,0.212,0.217,129000000.0,4129000000.0,1.0,2226358665.0,2226358665,,14.314,28669000000.0,0.0,1272000000.0,2729000000.0,12.877,6520000000.0
19,TFCF,MRT,2014-03-31,2014-03-31,2014-03-31,2021-08-25,0.0,55293000000.0,53137000000.0,15649000000.0,39644000000.0,0.577,7.754,-692000000.0,5517000000.0,5517000000.0,20110000000.0,3251000000.0,1.611,1.966,19054000000.0,797000000.0,18257000000.0,19054000000.0,682000000.0,1068000000.0,0.0,0.008,0.25,5417000000.0,6485000000.0,0.212,6485000000.0,5417000000.0,4326000000.0,1.38,1.39,1.38,17463000000.0,17333500000.0,17463000000.0,81357281761.0,15.0,12.545,1506000000.0,0.669,1.0,10545000000.0,0.344,26212000000.0,1091000000.0,32903000000.0,31672500000.0,9928000000.0,2908000000.0,0.0,2908000000.0,34329000000.0,9715000000.0,24614000000.0,70230281761.0,-3784000000.0,-450000000.0,-2845000000.0,845000000.0,-693000000.0,-5507000000.0,-1229000000.0,-87000000.0,2198000000.0,-23000000.0,3144000000.0,3144000000.0,3144000000.0,652000000.0,107000000.0,0.103,5224000000.0,5321000000.0,4434000000.0,0.181,4.022,22.338,22.551,2942000000.0,0.0,31.12,2.291,2.286,6770000000.0,2241000000.0,30655000000.0,30655000000.0,0.0,0.059,0.181,0.171,0.177,277000000.0,4191000000.0,1.0,2256757126.0,2252000000,,13.612,29081000000.0,0.0,1182000000.0,2723000000.0,12.913,5934000000.0
20,TFCF,MRT,2013-12-31,2013-12-31,2013-12-31,2021-08-25,0.0,53286000000.0,56436250000.0,16721000000.0,36565000000.0,0.528,7.744,-722000000.0,6345000000.0,6345000000.0,19461000000.0,5076000000.0,1.763,1.841,17472000000.0,884000000.0,16588000000.0,17472000000.0,732000000.0,1015000000.0,0.0,0.006,0.21,7670000000.0,8685000000.0,0.292,8685000000.0,7670000000.0,6586000000.0,2.14,2.14,2.14,17649000000.0,20483750000.0,17649000000.0,89742501094.0,12.0,10.333,1836000000.0,0.806,1.0,10328000000.0,0.347,23120000000.0,1084000000.0,31809000000.0,32476000000.0,9280000000.0,3590000000.0,0.0,3590000000.0,32486000000.0,9484000000.0,23002000000.0,78950501094.0,-1415000000.0,416000000.0,-2197000000.0,523000000.0,-724000000.0,-5149000000.0,-433000000.0,-127000000.0,2558000000.0,-46000000.0,4945000000.0,4945000000.0,4945000000.0,315000000.0,131000000.0,0.166,5173000000.0,5155000000.0,4454000000.0,0.098,4.473,15.966,16.168,2866000000.0,0.0,34.6,2.65,2.647,6842000000.0,2240000000.0,29789000000.0,29789000000.0,0.0,0.088,0.241,0.236,0.257,245000000.0,4193000000.0,1.0,2281806390.0,2279000000,,13.071,30166000000.0,0.0,1641000000.0,2605000000.0,13.237,7237000000.0
21,TFCF,MRT,2013-09-30,2013-09-30,2013-09-30,2021-08-25,0.0,53025000000.0,58801000000.0,16543000000.0,36482000000.0,0.489,7.469,-681000000.0,6681000000.0,6681000000.0,18428000000.0,6299000000.0,1.856,1.895,17473000000.0,140000000.0,17333000000.0,17473000000.0,761000000.0,936000000.0,0.0,0.006,0.21,8879000000.0,9815000000.0,0.342,9815000000.0,8879000000.0,7805000000.0,2.63,2.62,2.63,17224000000.0,23109500000.0,17224000000.0,86937314425.0,10.0,8.858,1863000000.0,0.808,1.0,10305000000.0,0.359,22915000000.0,1074000000.0,31989000000.0,34051750000.0,9001000000.0,3802000000.0,0.0,3802000000.0,32648000000.0,8913000000.0,23735000000.0,77138314425.0,-5277000000.0,-467000000.0,-1904000000.0,523000000.0,-630000000.0,-4763000000.0,-1993000000.0,-845000000.0,2544000000.0,-49000000.0,6119000000.0,6119000000.0,6119000000.0,-784000000.0,180000000.0,0.213,5006000000.0,5299000000.0,4744000000.0,0.08,4.479,12.606,12.7,2875000000.0,0.0,33.4,2.685,2.681,6057000000.0,1669000000.0,28733000000.0,28733000000.0,0.0,0.104,0.265,0.261,0.309,229000000.0,4105000000.0,1.0,2309530372.0,2306000000,,12.46,30110000000.0,0.0,1686000000.0,2712000000.0,13.057,7630000000.0
22,TFCF,MRT,2013-06-30,2013-06-30,2013-06-30,2021-08-25,-319000000.0,50944000000.0,60463750000.0,15567000000.0,35377000000.0,0.458,7.344,-622000000.0,6659000000.0,6659000000.0,17496000000.0,7323000000.0,1.846,1.813,16458000000.0,137000000.0,16321000000.0,16458000000.0,677000000.0,797000000.0,0.0,0.005,0.17,9850000000.0,10647000000.0,0.385,10647000000.0,9850000000.0,8787000000.0,3.03,3.03,3.03,16998000000.0,25369500000.0,16998000000.0,83113301654.0,8.0,7.806,2380000000.0,1.028,1.0,10179000000.0,0.368,22319000000.0,1063000000.0,29989000000.0,34495250000.0,8155000000.0,3704000000.0,0.0,3704000000.0,30819000000.0,8435000000.0,22384000000.0,75963301654.0,-2914000000.0,1362000000.0,-1823000000.0,523000000.0,-613000000.0,-4571000000.0,86000000.0,-654000000.0,3002000000.0,-53000000.0,7097000000.0,7097000000.0,7097000000.0,-277000000.0,226000000.0,0.256,4804000000.0,5375000000.0,4434000000.0,0.056,4.469,10.704,10.832,2829000000.0,0.0,32.82,2.745,2.745,5896000000.0,1454000000.0,27675000000.0,27675000000.0,0.0,0.117,0.28,0.286,0.356,192000000.0,4007000000.0,1.0,2314543012.0,2314543012,,11.957,28625000000.0,0.0,1690000000.0,2280000000.0,12.367,7132000000.0
23,TFCF,MRT,2013-03-31,2013-03-31,2013-03-31,2021-08-25,0.0,68490000000.0,61893500000.0,20793000000.0,47697000000.0,0.326,12.936,-313000000.0,9324000000.0,9324000000.0,12970000000.0,6087000000.0,1.881,1.172,16474000000.0,157000000.0,16317000000.0,16474000000.0,1175000000.0,411000000.0,0.0,0.006,0.17,8576000000.0,8987000000.0,0.445,8987000000.0,8576000000.0,7515000000.0,2.58,2.56,2.58,30064000000.0,27291000000.0,30064000000.0,80175935957.0,9.0,8.921,2185000000.0,0.94,1.0,7208000000.0,0.357,28470000000.0,1061000000.0,36117000000.0,35140000000.0,8478000000.0,6622000000.0,0.0,6622000000.0,35241000000.0,11053000000.0,24188000000.0,71524935957.0,-1238000000.0,1457000000.0,-2879000000.0,520000000.0,-621000000.0,-2975000000.0,528000000.0,-616000000.0,2498000000.0,-124000000.0,5915000000.0,5915000000.0,5915000000.0,372000000.0,172000000.0,0.293,2389000000.0,4819000000.0,6030000000.0,0.066,2.379,12.092,11.922,5984000000.0,0.0,30.76,3.545,3.543,7567000000.0,14139000000.0,20178000000.0,20178000000.0,0.0,0.096,0.217,0.244,0.425,0.0,1896000000.0,1.0,2325257996.0,2324000000,,8.682,40020000000.0,0.0,1600000000.0,2947000000.0,17.22,9740000000.0
24,TFCF,MRT,2012-12-31,2012-12-31,2012-12-31,2021-08-25,0.0,62745000000.0,59995250000.0,19744000000.0,43001000000.0,0.354,12.026,-308000000.0,7806000000.0,7806000000.0,13360000000.0,4192000000.0,1.924,1.198,16457000000.0,273000000.0,16184000000.0,16457000000.0,1163000000.0,491000000.0,0.0,0.006,0.17,6193000000.0,6684000000.0,0.315,6684000000.0,6193000000.0,5151000000.0,1.73,1.72,1.73,28152000000.0,26751750000.0,28152000000.0,65970528785.0,11.0,9.87,2922000000.0,1.248,1.0,7867000000.0,0.371,23024000000.0,1042000000.0,38112000000.0,34194000000.0,8306000000.0,7441000000.0,0.0,7441000000.0,33740000000.0,10260000000.0,23480000000.0,61520528785.0,-1561000000.0,1278000000.0,-3255000000.0,984000000.0,-561000000.0,-2889000000.0,355000000.0,-615000000.0,3230000000.0,-65000000.0,3998000000.0,3998000000.0,3998000000.0,693000000.0,194000000.0,0.188,3096000000.0,4771000000.0,5260000000.0,0.098,2.185,15.388,15.168,5857000000.0,0.0,26.24,2.898,2.894,8209000000.0,12231000000.0,21227000000.0,21227000000.0,0.0,0.067,0.149,0.181,0.292,0.0,2496000000.0,1.0,2344532347.0,2341000000,,9.067,39721000000.0,0.0,1153000000.0,2447000000.0,16.968,9484000000.0
25,TFCF,MRT,2012-09-30,2012-09-30,2012-09-30,2021-08-25,0.0,59676000000.0,59293000000.0,22267000000.0,37409000000.0,0.39,11.101,-428000000.0,12007000000.0,12007000000.0,14425000000.0,2873000000.0,2.217,1.253,16457000000.0,273000000.0,16184000000.0,16457000000.0,1003000000.0,591000000.0,0.0,0.007,0.17,4830000000.0,5421000000.0,0.235,5421000000.0,4830000000.0,3795000000.0,1.13,1.13,1.13,26264000000.0,26577250000.0,26264000000.0,64515289684.0,13.0,11.901,2785000000.0,1.177,1.0,8670000000.0,0.375,20318000000.0,1035000000.0,33763000000.0,32981250000.0,7691000000.0,4725000000.0,0.0,4725000000.0,32899000000.0,10045000000.0,22854000000.0,58686289684.0,588000000.0,1512000000.0,-3928000000.0,984000000.0,-598000000.0,-3598000000.0,1080000000.0,-4000000.0,3213000000.0,-10000000.0,2674000000.0,2674000000.0,2674000000.0,2017000000.0,199000000.0,0.116,3848000000.0,4822000000.0,5615000000.0,0.15,2.234,21.947,21.938,5830000000.0,0.0,24.79,2.541,2.54,7098000000.0,10225000000.0,23095000000.0,23095000000.0,0.0,0.045,0.101,0.146,0.209,0.0,3112000000.0,1.0,2367337220.0,2366000000,,9.761,39358000000.0,0.0,1121000000.0,2329000000.0,16.635,12222000000.0
26,TFCF,MRT,2012-06-30,2012-06-30,2012-06-30,2021-08-25,0.0,56663000000.0,59301000000.0,19448000000.0,37215000000.0,0.422,10.193,-564000000.0,9626000000.0,9626000000.0,15663000000.0,1372000000.0,2.022,1.275,15455000000.0,273000000.0,15182000000.0,15455000000.0,880000000.0,711000000.0,0.0,0.008,0.18,3305000000.0,4016000000.0,0.16,4016000000.0,3305000000.0,2273000000.0,0.47,0.47,0.47,24684000000.0,26852750000.0,24684000000.0,59308153923.0,18.0,14.768,2270000000.0,0.937,1.0,9388000000.0,0.375,20307000000.0,1032000000.0,32568000000.0,32410250000.0,7191000000.0,4968000000.0,0.0,4968000000.0,31478000000.0,9617000000.0,21861000000.0,54534153923.0,-2746000000.0,-46000000.0,-4422000000.0,-35000000.0,-580000000.0,-5102000000.0,-766000000.0,-156000000.0,2834000000.0,-308000000.0,1179000000.0,1179000000.0,1179000000.0,1997000000.0,193000000.0,0.047,4631000000.0,4757000000.0,5405000000.0,0.383,2.209,46.255,47.915,5814000000.0,0.0,22.52,2.177,2.177,6995000000.0,8521000000.0,25051000000.0,25051000000.0,0.0,0.02,0.044,0.102,0.132,0.0,3719000000.0,1.0,2421587652.0,2421587652,,10.345,36356000000.0,0.0,1094000000.0,2388000000.0,15.013,9831000000.0
27,TFCF,MRT,2012-03-31,2012-03-31,2012-03-31,2021-08-25,0.0,60897000000.0,60630250000.0,20855000000.0,40042000000.0,0.414,11.308,-456000000.0,10686000000.0,10686000000.0,15827000000.0,3618000000.0,2.076,1.163,15460000000.0,273000000.0,15187000000.0,15460000000.0,976000000.0,809000000.0,0.0,0.009,0.18,5391000000.0,6200000000.0,0.247,6200000000.0,5391000000.0,4362000000.0,1.34,1.34,1.34,27907000000.0,28199000000.0,27907000000.0,55429055644.0,10.0,8.94,2825000000.0,1.145,1.0,9298000000.0,0.37,23294000000.0,1029000000.0,32333000000.0,32253250000.0,7403000000.0,4718000000.0,0.0,4718000000.0,32452000000.0,10044000000.0,22408000000.0,49407055644.0,-1065000000.0,-184000000.0,-3207000000.0,-172000000.0,-556000000.0,-3922000000.0,-956000000.0,-316000000.0,3281000000.0,-33000000.0,3415000000.0,3415000000.0,3415000000.0,-443000000.0,203000000.0,0.136,4808000000.0,4490000000.0,5668000000.0,0.134,1.77,14.468,14.903,5959000000.0,0.0,19.97,1.966,1.962,7014000000.0,11337000000.0,25125000000.0,25125000000.0,0.0,0.056,0.121,0.167,0.215,0.0,3842000000.0,1.0,2474063878.0,2468000000,,10.18,37603000000.0,0.0,947000000.0,3692000000.0,15.236,10811000000.0
28,TFCF,MRT,2011-12-31,2011-12-31,2011-12-31,2021-08-25,0.0,59936000000.0,60513750000.0,20124000000.0,39812000000.0,0.413,10.947,-552000000.0,9432000000.0,9432000000.0,15933000000.0,3297000000.0,2.14,1.165,15454000000.0,0.0,15454000000.0,15454000000.0,958000000.0,798000000.0,0.0,0.009,0.17,5055000000.0,5853000000.0,0.234,5853000000.0,5055000000.0,4040000000.0,1.2,1.2,1.2,27454000000.0,28325500000.0,27454000000.0,49842204403.0,10.0,8.516,2429000000.0,0.969,1.0,9046000000.0,0.362,23295000000.0,1015000000.0,33261000000.0,32236250000.0,7466000000.0,4499000000.0,0.0,4499000000.0,31987000000.0,9402000000.0,22585000000.0,45825204403.0,953000000.0,-350000000.0,-2450000000.0,1899000000.0,-550000000.0,-1100000000.0,-1460000000.0,-558000000.0,2981000000.0,23000000.0,3117000000.0,3117000000.0,3117000000.0,-443000000.0,180000000.0,0.125,4781000000.0,4265000000.0,5344000000.0,0.142,1.669,14.702,15.15,5940000000.0,0.0,18.18,1.835,1.825,7563000000.0,10728000000.0,24979000000.0,24979000000.0,0.0,0.052,0.11,0.157,0.202,0.0,3850000000.0,1.0,2520638306.0,2508000000,,9.96,36641000000.0,0.0,923000000.0,3571000000.0,14.61,10722000000.0
29,TFCF,MRT,2011-09-30,2011-09-30,2011-09-30,2021-08-25,0.0,59708000000.0,59707750000.0,20799000000.0,38909000000.0,0.415,10.497,-606000000.0,11429000000.0,11429000000.0,15955000000.0,2845000000.0,2.157,1.164,15446000000.0,0.0,15446000000.0,15446000000.0,1005000000.0,797000000.0,0.0,0.011,0.17,4430000000.0,5227000000.0,0.211,5227000000.0,4430000000.0,3442000000.0,1.02,1.02,1.02,27366000000.0,28315500000.0,27366000000.0,43794522938.0,10.0,8.379,2357000000.0,0.904,1.0,8810000000.0,0.356,22605000000.0,988000000.0,31479000000.0,31554250000.0,6983000000.0,4367000000.0,0.0,4367000000.0,31852000000.0,9641000000.0,22211000000.0,40979522938.0,2645000000.0,164000000.0,-1248000000.0,1897000000.0,-499000000.0,201000000.0,-1051000000.0,-609000000.0,2963000000.0,-30000000.0,2702000000.0,2702000000.0,2702000000.0,-443000000.0,143000000.0,0.109,4994000000.0,3816000000.0,5788000000.0,0.167,1.497,15.166,15.294,6173000000.0,0.0,15.6,1.655,1.642,6736000000.0,10463000000.0,24765000000.0,24765000000.0,0.0,0.045,0.095,0.14,0.179,0.0,3825000000.0,1.0,2626892496.0,2607000000,,9.499,37103000000.0,0.0,740000000.0,3556000000.0,14.232,11158000000.0
30,TFCF,MRT,2011-06-30,2011-06-30,2011-06-30,2021-08-25,0.0,61980000000.0,58767000000.0,21784000000.0,40196000000.0,0.412,11.448,-622000000.0,12680000000.0,12680000000.0,15745000000.0,2868000000.0,2.276,1.042,15495000000.0,32000000.0,15463000000.0,15495000000.0,957000000.0,777000000.0,0.0,0.008,0.15,4374000000.0,5151000000.0,0.213,5151000000.0,4374000000.0,3412000000.0,1.04,1.04,1.04,30069000000.0,28117250000.0,30069000000.0,51197462589.0,12.0,9.939,2416000000.0,0.92,1.0,8487000000.0,0.35,23284000000.0,962000000.0,31940000000.0,30937000000.0,6530000000.0,4867000000.0,0.0,4867000000.0,31333000000.0,9571000000.0,21762000000.0,47489462589.0,3584000000.0,-105000000.0,12000000.0,1914000000.0,-490000000.0,1383000000.0,-1369000000.0,-642000000.0,3038000000.0,387000000.0,2739000000.0,2739000000.0,2739000000.0,-443000000.0,129000000.0,0.113,4824000000.0,3663000000.0,5773000000.0,0.144,1.579,17.338,17.385,6542000000.0,0.0,18.08,1.96,1.96,6680000000.0,12608000000.0,24232000000.0,24232000000.0,0.0,0.047,0.097,0.141,0.181,0.0,3759000000.0,1.0,2626629568.0,2626629568,,9.226,38696000000.0,0.0,673000000.0,3149000000.0,14.732,12213000000.0
31,TFCF,MRT,2011-03-31,2011-03-31,2011-03-31,2021-08-25,0.0,60431000000.0,56868000000.0,21265000000.0,39166000000.0,0.572,10.82,-1070000000.0,11784000000.0,11784000000.0,20673000000.0,3068000000.0,2.304,1.109,15492000000.0,37000000.0,15455000000.0,15492000000.0,858000000.0,1132000000.0,0.0,0.008,0.15,4526000000.0,5658000000.0,0.174,5658000000.0,4526000000.0,3590000000.0,1.11,1.12,1.11,28413000000.0,26878250000.0,28413000000.0,53746091272.0,12.0,9.499,2283000000.0,0.869,1.0,11880000000.0,0.365,22646000000.0,936000000.0,32265000000.0,29971500000.0,6537000000.0,4571000000.0,0.0,4571000000.0,31524000000.0,9228000000.0,22296000000.0,48877091272.0,3279000000.0,312000000.0,14000000.0,1846000000.0,-472000000.0,1322000000.0,-1396000000.0,-638000000.0,3353000000.0,322000000.0,2931000000.0,2931000000.0,2931000000.0,0.0,137000000.0,0.09,7952000000.0,3928000000.0,5493000000.0,0.135,1.72,16.676,16.775,6425000000.0,0.0,18.62,1.501,1.502,7057000000.0,10952000000.0,32553000000.0,32553000000.0,0.0,0.052,0.109,0.151,0.139,0.0,6318000000.0,1.0,2624978049.0,2626000000,2631000000.0,12.396,37785000000.0,0.0,659000000.0,3468000000.0,14.389,12037000000.0
32,TFCF,MRT,2010-12-31,2010-12-31,2010-12-31,2021-08-25,0.0,56712000000.0,55517250000.0,18751000000.0,37961000000.0,0.596,10.443,-1081000000.0,8456000000.0,8456000000.0,21128000000.0,3247000000.0,2.096,1.052,13325000000.0,146000000.0,13179000000.0,13325000000.0,749000000.0,1143000000.0,0.0,0.009,0.15,4767000000.0,5910000000.0,0.179,5910000000.0,4767000000.0,3828000000.0,1.19,1.2,1.19,27414000000.0,25968250000.0,27414000000.0,47605053841.0,10.0,8.055,2862000000.0,1.09,1.0,11954000000.0,0.361,22104000000.0,939000000.0,30533000000.0,28895750000.0,6649000000.0,4071000000.0,0.0,4071000000.0,28847000000.0,8944000000.0,19903000000.0,43101053841.0,986000000.0,1249000000.0,3000000.0,-2005000000.0,-480000000.0,-2536000000.0,-421000000.0,-589000000.0,3943000000.0,204000000.0,3131000000.0,3131000000.0,3131000000.0,0.0,116000000.0,0.095,7839000000.0,4115000000.0,5309000000.0,0.126,1.572,13.766,13.798,6286000000.0,0.0,16.42,1.303,1.303,7456000000.0,10010000000.0,33082000000.0,33082000000.0,0.0,0.056,0.121,0.165,0.144,0.0,6191000000.0,1.0,2624911927.0,2625000000,2628000000.0,12.603,34608000000.0,0.0,697000000.0,3393000000.0,13.184,9807000000.0
33,TFCF,MRT,2010-09-30,2010-09-30,2010-09-30,2021-08-25,0.0,55945000000.0,55372500000.0,18253000000.0,37692000000.0,0.596,10.131,-1048000000.0,8814000000.0,8814000000.0,21153000000.0,2856000000.0,2.0,1.089,13318000000.0,146000000.0,13172000000.0,13318000000.0,768000000.0,1162000000.0,0.0,0.01,0.15,4365000000.0,5527000000.0,0.167,5527000000.0,4365000000.0,3387000000.0,1.05,1.06,1.05,26573000000.0,25215000000.0,26573000000.0,44086091852.0,10.0,7.976,2625000000.0,1.001,1.0,11852000000.0,0.359,22311000000.0,978000000.0,29010000000.0,28660250000.0,6157000000.0,3846000000.0,0.0,3846000000.0,28936000000.0,9128000000.0,19808000000.0,39475091852.0,791000000.0,1179000000.0,3000000.0,-2001000000.0,-419000000.0,-2520000000.0,-362000000.0,-493000000.0,3673000000.0,191000000.0,2743000000.0,2743000000.0,2743000000.0,0.0,113000000.0,0.083,8047000000.0,3805000000.0,5608000000.0,0.143,1.486,14.391,14.343,6259000000.0,0.0,15.06,1.196,1.197,6796000000.0,9228000000.0,33005000000.0,33005000000.0,0.0,0.05,0.109,0.152,0.132,0.0,6645000000.0,1.0,2621188038.0,2623000000,2626000000.0,12.583,33634000000.0,0.0,644000000.0,3441000000.0,12.823,9125000000.0
34,TFCF,MRT,2010-06-30,2010-06-30,2010-06-30,2021-08-25,0.0,54384000000.0,55215250000.0,18024000000.0,36360000000.0,0.594,9.589,-914000000.0,8709000000.0,8709000000.0,21015000000.0,2644000000.0,2.034,1.149,13320000000.0,129000000.0,13191000000.0,13320000000.0,712000000.0,1185000000.0,0.0,0.01,0.135,4209000000.0,5394000000.0,0.165,5394000000.0,4209000000.0,3218000000.0,0.97,0.97,0.97,25113000000.0,24585000000.0,25113000000.0,41619749098.0,10.0,7.716,2940000000.0,1.123,1.0,11763000000.0,0.359,22055000000.0,991000000.0,28078000000.0,28484750000.0,5646000000.0,3515000000.0,0.0,3515000000.0,28843000000.0,8862000000.0,19981000000.0,36296749098.0,2096000000.0,1114000000.0,24000000.0,-1053000000.0,-418000000.0,-1445000000.0,-313000000.0,-513000000.0,3854000000.0,73000000.0,2539000000.0,2539000000.0,2539000000.0,0.0,105000000.0,0.077,8057000000.0,3706000000.0,5204000000.0,0.139,1.445,14.296,14.278,5980000000.0,0.0,13.85,1.107,1.107,6777000000.0,7679000000.0,32778000000.0,32778000000.0,0.0,0.046,0.103,0.148,0.128,0.0,6619000000.0,1.0,2620703906.0,2619000000,2628000000.0,12.515,32329000000.0,0.0,679000000.0,3486000000.0,12.344,9162000000.0
35,TFCF,MRT,2010-03-31,2010-03-31,2010-03-31,2021-08-25,0.0,55028000000.0,54899500000.0,18188000000.0,36840000000.0,0.589,9.455,-951000000.0,8183000000.0,8183000000.0,20795000000.0,1559000000.0,1.838,1.204,13506000000.0,310000000.0,13196000000.0,13506000000.0,835000000.0,1175000000.0,0.0,0.008,0.135,3343000000.0,4518000000.0,0.14,4518000000.0,3343000000.0,2345000000.0,0.57,0.57,0.57,24773000000.0,24112750000.0,24773000000.0,52578751773.0,16.0,11.638,3215000000.0,1.227,1.0,11543000000.0,0.357,22493000000.0,998000000.0,27962000000.0,28196250000.0,6035000000.0,3423000000.0,0.0,3423000000.0,29819000000.0,9896000000.0,19923000000.0,44569751773.0,2038000000.0,2486000000.0,22000000.0,-844000000.0,-379000000.0,-1226000000.0,-902000000.0,-2437000000.0,4166000000.0,91000000.0,1461000000.0,1461000000.0,1461000000.0,0.0,98000000.0,0.045,8284000000.0,3259000000.0,5613000000.0,0.237,1.799,30.506,29.842,6064000000.0,0.0,17.01,1.378,1.378,7049000000.0,7412000000.0,32338000000.0,32338000000.0,0.0,0.027,0.061,0.119,0.103,0.0,6393000000.0,1.0,2620208805.0,2620000000,2627000000.0,12.343,32535000000.0,0.0,884000000.0,3483000000.0,12.418,8292000000.0
36,TFCF,MRT,2009-12-31,2009-12-31,2009-12-31,2021-08-25,0.0,56133000000.0,54153750000.0,18335000000.0,37798000000.0,0.571,9.313,-898000000.0,7266000000.0,7266000000.0,19866000000.0,3426000000.0,1.638,1.283,15275000000.0,1840000000.0,13435000000.0,15275000000.0,806000000.0,1155000000.0,0.0,0.008,0.12,3824000000.0,4979000000.0,0.161,4979000000.0,3824000000.0,2835000000.0,1.29,1.29,1.29,24401000000.0,23369250000.0,24401000000.0,49131658095.0,13.0,9.868,2309000000.0,0.881,1.0,11060000000.0,0.358,23358000000.0,989000000.0,29591000000.0,27732750000.0,6501000000.0,3162000000.0,0.0,3162000000.0,31303000000.0,11193000000.0,20110000000.0,41710658095.0,3543000000.0,1358000000.0,21000000.0,1840000000.0,-372000000.0,1464000000.0,-1128000000.0,-1588000000.0,3207000000.0,102000000.0,3349000000.0,3349000000.0,3349000000.0,0.0,77000000.0,0.108,8293000000.0,2767000000.0,5983000000.0,0.093,1.709,12.455,12.341,6220000000.0,0.0,15.92,1.349,1.349,7751000000.0,7092000000.0,30926000000.0,30926000000.0,0.0,0.062,0.143,0.138,0.124,0.0,6373000000.0,1.0,2620016212.0,2620000000,2622000000.0,11.804,32775000000.0,0.0,-514000000.0,3330000000.0,12.51,7142000000.0
37,TFCF,MRT,2009-09-30,2009-09-30,2009-09-30,2021-08-25,0.0,55316000000.0,52677250000.0,17425000000.0,37891000000.0,0.572,9.195,-1018000000.0,7832000000.0,7832000000.0,19397000000.0,-3249000000.0,1.586,1.282,15253000000.0,2071000000.0,13182000000.0,15253000000.0,786000000.0,1139000000.0,0.0,0.009,0.12,-4536000000.0,-3397000000.0,-0.113,-3397000000.0,-4536000000.0,-5487000000.0,-1.26,-1.26,-1.26,24053000000.0,22055250000.0,24053000000.0,44323238562.0,-10.0,-13.048,1670000000.0,0.638,1.0,10716000000.0,0.356,23439000000.0,951000000.0,28308000000.0,27383750000.0,6294000000.0,3105000000.0,0.0,3105000000.0,30837000000.0,10990000000.0,19847000000.0,36574238562.0,2236000000.0,951000000.0,22000000.0,1625000000.0,-372000000.0,1238000000.0,-1690000000.0,-1623000000.0,2688000000.0,96000000.0,-3322000000.0,-3322000000.0,-3322000000.0,0.0,73000000.0,-0.11,16277000000.0,-5561000000.0,5577000000.0,-0.095,1.521,-11.01,-11.103,6248000000.0,0.0,13.99,1.215,1.215,6452000000.0,6698000000.0,30113000000.0,30113000000.0,0.0,-0.063,-0.151,-0.166,-0.151,0.0,5918000000.0,1.0,2614312978.0,2616000000,2617000000.0,11.511,31877000000.0,0.0,-2165000000.0,3326000000.0,12.185,6435000000.0
38,TFCF,MRT,2009-06-30,2009-06-30,2009-06-30,2021-08-25,0.0,53121000000.0,54146000000.0,15836000000.0,37285000000.0,0.562,8.888,-1101000000.0,6540000000.0,6540000000.0,19563000000.0,-3310000000.0,1.488,1.27,14289000000.0,2085000000.0,12204000000.0,14289000000.0,772000000.0,1138000000.0,0.0,0.011,0.12,-4680000000.0,-3542000000.0,-0.116,-3542000000.0,-4680000000.0,-5607000000.0,-1.29,-1.29,-1.29,23224000000.0,22743000000.0,23224000000.0,35837530173.0,-8.0,-10.118,1147000000.0,0.439,1.0,10860000000.0,0.357,23307000000.0,927000000.0,26924000000.0,27250000000.0,5655000000.0,2957000000.0,0.0,2957000000.0,29489000000.0,10639000000.0,18850000000.0,27629530173.0,1936000000.0,953000000.0,4000000.0,697000000.0,-366000000.0,315000000.0,-627000000.0,-479000000.0,2248000000.0,-58000000.0,-3378000000.0,-3378000000.0,-3378000000.0,0.0,68000000.0,-0.111,16510000000.0,-5650000000.0,5279000000.0,-0.093,1.19,-8.179,-8.194,6245000000.0,0.0,10.57,0.908,0.908,6569000000.0,5844000000.0,30423000000.0,30423000000.0,0.0,-0.062,-0.149,-0.172,-0.154,0.0,6164000000.0,1.0,2613957443.0,2613000000,2613000000.0,11.643,29814000000.0,0.0,-2229000000.0,3276000000.0,11.41,5197000000.0
39,TFCF,MRT,2009-03-31,2009-03-31,2009-03-31,2021-08-25,0.0,52045000000.0,56442750000.0,15486000000.0,36559000000.0,0.555,8.339,-1227000000.0,6054000000.0,6054000000.0,19808000000.0,-1867000000.0,1.437,1.357,14262000000.0,2076000000.0,12186000000.0,14262000000.0,905000000.0,1159000000.0,0.0,0.016,0.12,-2999000000.0,-1840000000.0,-0.059,-1840000000.0,-2999000000.0,-3913000000.0,-0.78,-0.78,-0.78,21799000000.0,23844250000.0,21799000000.0,29778277856.0,-10.0,-16.184,1129000000.0,0.432,1.0,11534000000.0,0.368,23369000000.0,914000000.0,26108000000.0,27742750000.0,5861000000.0,2515000000.0,0.0,2515000000.0,29580000000.0,10776000000.0,18804000000.0,20126277856.0,2934000000.0,-845000000.0,-249000000.0,718000000.0,-360000000.0,112000000.0,466000000.0,2538000000.0,2356000000.0,-124000000.0,-2046000000.0,-2046000000.0,-2046000000.0,0.0,179000000.0,-0.065,16100000000.0,-4566000000.0,5295000000.0,-0.154,0.923,-9.837,-9.872,5739000000.0,0.0,7.7,0.642,0.642,6621000000.0,5109000000.0,31342000000.0,31342000000.0,0.0,-0.036,-0.086,-0.108,-0.096,0.0,6394000000.0,1.0,2613802319.0,2614000000,2620000000.0,11.99,28676000000.0,0.0,-1867000000.0,3251000000.0,10.97,4710000000.0
40,TFCF,MRT,2008-12-31,2008-12-31,2008-12-31,2021-08-25,0.0,50227000000.0,58911500000.0,13835000000.0,36392000000.0,0.555,7.324,-1335000000.0,3621000000.0,3621000000.0,20412000000.0,-1901000000.0,1.65,1.579,13273000000.0,81000000.0,13192000000.0,13273000000.0,989000000.0,1177000000.0,0.0,0.013,0.12,-1623000000.0,-446000000.0,-0.014,-446000000.0,-1623000000.0,-2543000000.0,-0.9,-0.91,-0.9,19145000000.0,24992000000.0,19145000000.0,33026871529.0,-20.0,-74.051,1456000000.0,0.557,1.0,12307000000.0,0.376,23299000000.0,920000000.0,28195000000.0,28593750000.0,6066000000.0,2368000000.0,0.0,2368000000.0,30230000000.0,8385000000.0,21845000000.0,25037871529.0,199000000.0,-654000000.0,-789000000.0,-774000000.0,-364000000.0,-1927000000.0,-665000000.0,1324000000.0,2791000000.0,-73000000.0,-2079000000.0,-2079000000.0,-2079000000.0,0.0,178000000.0,-0.064,16190000000.0,-3883000000.0,5130000000.0,-0.133,1.308,-12.043,-10.644,5874000000.0,0.0,9.58,0.765,0.765,7307000000.0,2718000000.0,32719000000.0,32719000000.0,0.0,-0.035,-0.083,-0.057,-0.05,0.0,6521000000.0,1.0,2613556527.0,2614000000,2614000000.0,12.517,26928000000.0,0.0,-464000000.0,3364000000.0,10.301,5450000000.0
41,TFCF,MRT,2008-09-30,2008-09-30,2008-09-30,2021-08-25,0.0,61191000000.0,63583750000.0,15300000000.0,45891000000.0,0.526,10.266,-1313000000.0,5500000000.0,5500000000.0,20694000000.0,5322000000.0,1.616,1.245,13489000000.0,290000000.0,13199000000.0,13489000000.0,953000000.0,1181000000.0,0.0,0.01,0.12,7674000000.0,8855000000.0,0.265,8855000000.0,7674000000.0,6740000000.0,1.82,1.81,1.82,26804000000.0,28634000000.0,26804000000.0,40548875439.0,5.0,4.579,2049000000.0,0.785,1.0,12744000000.0,0.381,31938000000.0,934000000.0,27773000000.0,30945000000.0,5683000000.0,2667000000.0,0.0,2667000000.0,33371000000.0,9469000000.0,23902000000.0,31699875439.0,-2530000000.0,-5386000000.0,-763000000.0,559000000.0,-378000000.0,-571000000.0,-5321000000.0,1378000000.0,3362000000.0,-88000000.0,5170000000.0,5170000000.0,5170000000.0,0.0,152000000.0,0.155,7583000000.0,5161000000.0,5928000000.0,0.066,1.183,6.132,6.676,6552000000.0,0.0,12.15,0.948,0.949,7234000000.0,10593000000.0,33438000000.0,33438000000.0,0.0,0.081,0.181,0.248,0.229,0.0,6375000000.0,1.0,2609043246.0,2611000000,2613000000.0,12.807,29253000000.0,0.0,1570000000.0,5207000000.0,11.204,5831000000.0
42,TFCF,MRT,2008-06-30,2008-06-30,2008-06-30,2021-08-25,0.0,62308000000.0,64409000000.0,14362000000.0,47946000000.0,0.512,9.35,-1443000000.0,4662000000.0,4662000000.0,20531000000.0,5518000000.0,1.564,1.219,13511000000.0,281000000.0,13230000000.0,13511000000.0,834000000.0,1207000000.0,0.0,0.007,0.11,8116000000.0,9323000000.0,0.283,9323000000.0,8116000000.0,7190000000.0,1.82,1.81,1.82,27629000000.0,30171250000.0,27629000000.0,50424087858.0,6.0,5.409,2482000000.0,0.84,1.0,12465000000.0,0.378,33080000000.0,926000000.0,28895000000.0,32514500000.0,5319000000.0,3284000000.0,0.0,3284000000.0,33685000000.0,9182000000.0,24503000000.0,40171087858.0,-3065000000.0,-5560000000.0,-849000000.0,564000000.0,-373000000.0,-643000000.0,-6347000000.0,656000000.0,3925000000.0,73000000.0,5387000000.0,5387000000.0,5387000000.0,0.0,131000000.0,0.163,7210000000.0,5255000000.0,5695000000.0,0.06,1.454,7.457,8.434,7021000000.0,0.0,15.35,1.217,1.375,7449000000.0,11383000000.0,32996000000.0,32996000000.0,0.0,0.084,0.179,0.25,0.246,0.0,5984000000.0,1.0,2617008981.0,2955000000,2971000000.0,11.166,29228000000.0,0.0,1803000000.0,5456000000.0,9.891,5180000000.0
43,TFCF,MRT,2008-03-31,2008-03-31,2008-03-31,2021-08-25,0.0,61920000000.0,64417750000.0,13806000000.0,48114000000.0,0.493,8.97,-1431000000.0,3244000000.0,3244000000.0,19931000000.0,5148000000.0,1.378,1.307,13497000000.0,289000000.0,13208000000.0,13497000000.0,939000000.0,1143000000.0,0.0,0.006,0.11,7623000000.0,8766000000.0,0.276,8766000000.0,7623000000.0,6710000000.0,1.71,,1.71,26390000000.0,31354000000.0,26390000000.0,70096790401.0,9.0,7.996,2781000000.0,0.945,1.0,11843000000.0,0.373,32641000000.0,913000000.0,29512000000.0,33834500000.0,5354000000.0,3988000000.0,0.0,3988000000.0,34484000000.0,10020000000.0,24464000000.0,59542790401.0,-4083000000.0,-5961000000.0,-1065000000.0,549000000.0,-386000000.0,-883000000.0,-7412000000.0,-20000000.0,4212000000.0,81000000.0,5148000000.0,5148000000.0,5148000000.0,0.0,0.0,0.162,6722000000.0,5121000000.0,6187000000.0,0.064,2.256,11.566,11.135,6726000000.0,0.0,19.04,1.874,1.763,8120000000.0,10121000000.0,31774000000.0,31774000000.0,0.0,0.08,0.164,0.225,0.24,0.0,5555000000.0,1.0,3127247395.0,2942000000,,10.8,29279000000.0,0.0,1562000000.0,5187000000.0,9.952,3786000000.0
44,TFCF,MRT,2007-12-31,2007-12-31,2007-12-31,2021-08-25,0.0,68916000000.0,64341250000.0,14328000000.0,54588000000.0,0.475,10.785,-1399000000.0,3495000000.0,3495000000.0,19401000000.0,3325000000.0,1.496,1.013,14049000000.0,836000000.0,13213000000.0,14049000000.0,856000000.0,1075000000.0,0.0,0.005,0.1,5993000000.0,7068000000.0,0.231,7068000000.0,5993000000.0,5104000000.0,1.08,,1.08,33713000000.0,32712750000.0,33713000000.0,70842578816.0,12.0,10.023,2745000000.0,0.878,1.0,11153000000.0,0.365,32292000000.0,889000000.0,37600000000.0,34990000000.0,5542000000.0,10959000000.0,0.0,10959000000.0,34164000000.0,9578000000.0,24586000000.0,66427578816.0,-2003000000.0,-6135000000.0,-1072000000.0,2158000000.0,-370000000.0,738000000.0,-6885000000.0,649000000.0,4144000000.0,60000000.0,3325000000.0,3325000000.0,3325000000.0,0.0,0.0,0.109,6231000000.0,4922000000.0,5567000000.0,0.093,1.97,19.978,19.676,6585000000.0,0.0,21.25,2.174,2.174,7998000000.0,7321000000.0,30554000000.0,30554000000.0,0.0,0.052,0.102,0.171,0.196,0.0,5132000000.0,1.0,3126003709.0,3126000000,,9.774,36624000000.0,0.0,1779000000.0,5503000000.0,11.716,4750000000.0
45,TFCF,MRT,2007-09-30,2007-09-30,2007-09-30,2021-08-25,0.0,64492000000.0,61905500000.0,17554000000.0,46938000000.0,0.482,10.538,-1369000000.0,8118000000.0,8118000000.0,19299000000.0,3315000000.0,1.99,0.936,12533000000.0,385000000.0,12148000000.0,12533000000.0,780000000.0,994000000.0,0.0,0.004,0.1,5861000000.0,6855000000.0,0.23,6855000000.0,5861000000.0,5005000000.0,1.08,,1.08,32953000000.0,32185750000.0,32953000000.0,78021093652.0,13.0,11.382,2828000000.0,0.904,1.0,10509000000.0,0.353,26037000000.0,856000000.0,34051000000.0,34008250000.0,5075000000.0,10977000000.0,0.0,10977000000.0,30851000000.0,8819000000.0,22032000000.0,73173093652.0,1688000000.0,-1141000000.0,-994000000.0,1053000000.0,-368000000.0,-287000000.0,-2222000000.0,288000000.0,4197000000.0,138000000.0,3315000000.0,3315000000.0,3315000000.0,0.0,0.0,0.111,5861000000.0,4648000000.0,5355000000.0,0.093,2.221,22.073,21.657,5839000000.0,0.0,23.39,2.455,2.454,6979000000.0,6357000000.0,29808000000.0,29808000000.0,0.0,0.054,0.103,0.172,0.197,0.0,4843000000.0,1.0,3128392204.0,3127000000,,9.532,38455000000.0,0.0,1690000000.0,4737000000.0,12.298,8735000000.0
46,TFCF,MRT,2007-06-30,2007-06-30,2007-06-30,2021-08-25,0.0,62343000000.0,60179000000.0,15906000000.0,46437000000.0,0.476,10.281,-1308000000.0,7654000000.0,7654000000.0,18645000000.0,3426000000.0,2.122,0.909,12502000000.0,355000000.0,12147000000.0,12502000000.0,469000000.0,879000000.0,0.0,0.004,0.1,6083000000.0,6962000000.0,0.243,6962000000.0,6083000000.0,5240000000.0,1.14,1.14,1.14,32360000000.0,31552500000.0,32360000000.0,77433419637.0,13.0,11.122,2802000000.0,0.89,1.0,10010000000.0,0.349,25522000000.0,843000000.0,34175000000.0,33426750000.0,4665000000.0,11413000000.0,0.0,11413000000.0,29421000000.0,7494000000.0,21927000000.0,72205419637.0,1761000000.0,-1059000000.0,-902000000.0,998000000.0,-369000000.0,-273000000.0,-2076000000.0,291000000.0,4110000000.0,110000000.0,3426000000.0,3426000000.0,3426000000.0,0.0,0.0,0.12,5558000000.0,4452000000.0,4545000000.0,0.088,2.231,21.076,20.123,5617000000.0,0.0,22.94,2.52,2.52,6279000000.0,5558000000.0,28655000000.0,28655000000.0,0.0,0.057,0.109,0.182,0.212,0.0,4655000000.0,1.0,3147577142.0,3147577142,,9.104,36821000000.0,0.0,1814000000.0,5899000000.0,11.698,8412000000.0
47,TFCF,MRT,2007-03-31,2007-03-31,2007-03-31,2021-08-25,0.0,61614000000.0,58755500000.0,15961000000.0,45653000000.0,0.478,10.038,-1232000000.0,7246000000.0,7246000000.0,18494000000.0,3388000000.0,2.041,0.923,12474000000.0,362000000.0,12112000000.0,12474000000.0,540000000.0,851000000.0,0.0,0.004,0.1,6268000000.0,7119000000.0,0.254,7119000000.0,6268000000.0,5255000000.0,1.28,,1.28,31825000000.0,30860750000.0,31825000000.0,83580898847.0,13.0,11.741,2504000000.0,0.79,1.0,9576000000.0,0.341,24887000000.0,1013000000.0,34134000000.0,32864500000.0,4874000000.0,11407000000.0,0.0,11407000000.0,29376000000.0,7821000000.0,21555000000.0,77583898847.0,1745000000.0,-785000000.0,-528000000.0,975000000.0,-371000000.0,76000000.0,-2067000000.0,-50000000.0,3736000000.0,177000000.0,3388000000.0,3388000000.0,3388000000.0,-134000000.0,0.0,0.121,5314000000.0,4262000000.0,4683000000.0,0.078,2.438,22.9,19.117,5280000000.0,0.0,24.47,2.764,2.764,6532000000.0,4425000000.0,28070000000.0,28070000000.0,0.0,0.058,0.11,0.191,0.223,0.0,4456000000.0,1.0,3170572082.0,3170572082,,8.853,36727000000.0,0.0,1867000000.0,6053000000.0,11.584,8140000000.0
48,TFCF,MRT,2006-12-31,2006-12-31,2006-12-31,2021-08-25,0.0,59173000000.0,57168250000.0,14414000000.0,44759000000.0,0.468,9.992,-1172000000.0,5438000000.0,5438000000.0,17578000000.0,3337000000.0,2.01,0.863,11435000000.0,4000000.0,11431000000.0,11435000000.0,597000000.0,816000000.0,0.0,0.004,0.1,6092000000.0,6908000000.0,0.258,6908000000.0,6092000000.0,5158000000.0,1.26,,1.26,31605000000.0,29972500000.0,31605000000.0,75516823859.0,12.0,10.932,2329000000.0,0.736,1.0,9160000000.0,0.343,24327000000.0,934000000.0,33673000000.0,32154250000.0,4834000000.0,11255000000.0,0.0,11255000000.0,27279000000.0,7170000000.0,20109000000.0,70410823859.0,28000000.0,-490000000.0,-687000000.0,-878000000.0,-375000000.0,-1940000000.0,-1533000000.0,129000000.0,3501000000.0,167000000.0,3337000000.0,3337000000.0,3337000000.0,-134000000.0,0.0,0.125,5126000000.0,4034000000.0,4480000000.0,0.079,2.228,21.1,17.667,5128000000.0,0.0,22.26,2.633,2.633,6831000000.0,3572000000.0,26738000000.0,26738000000.0,0.0,0.058,0.111,0.189,0.228,0.0,4300000000.0,1.0,3163109787.0,3163109787,,8.453,34846000000.0,0.0,1821000000.0,5528000000.0,11.016,7244000000.0
49,TFCF,MRT,2006-09-30,2006-09-30,2006-09-30,2021-08-25,0.0,57586000000.0,56235250000.0,13863000000.0,43723000000.0,0.455,9.634,-1059000000.0,6292000000.0,6292000000.0,16708000000.0,3590000000.0,1.995,0.884,11398000000.0,4000000.0,11394000000.0,11398000000.0,689000000.0,807000000.0,0.0,0.005,0.1,6135000000.0,6942000000.0,0.272,6942000000.0,6135000000.0,5272000000.0,1.34,,1.34,30420000000.0,29165000000.0,30420000000.0,70818610970.0,12.0,10.201,2417000000.0,0.765,1.0,8851000000.0,0.346,24017000000.0,863000000.0,31725000000.0,31639500000.0,4466000000.0,10845000000.0,0.0,10845000000.0,26891000000.0,6950000000.0,19941000000.0,65174610970.0,-208000000.0,-1298000000.0,-1602000000.0,248000000.0,-433000000.0,-1787000000.0,-1897000000.0,460000000.0,3476000000.0,50000000.0,3590000000.0,3590000000.0,3590000000.0,-515000000.0,0.0,0.14,5041000000.0,3810000000.0,4385000000.0,0.075,2.142,18.154,15.403,4869000000.0,0.0,20.64,2.55,2.55,5730000000.0,2501000000.0,25559000000.0,25559000000.0,0.0,0.064,0.123,0.194,0.24,0.0,4125000000.0,1.0,3157684640.0,3157684640,,8.094,33569000000.0,0.0,1682000000.0,5352000000.0,10.631,6913000000.0
50,TFCF,MRT,2006-06-30,2006-06-30,2006-06-30,2021-08-25,0.0,56649000000.0,55553750000.0,13123000000.0,43526000000.0,0.456,9.383,-976000000.0,5783000000.0,5783000000.0,16593000000.0,2314000000.0,2.059,0.905,11427000000.0,42000000.0,11385000000.0,11427000000.0,476000000.0,775000000.0,0.0,0.006,0.13,4631000000.0,5406000000.0,0.213,5406000000.0,4631000000.0,3840000000.0,0.92,0.92,0.92,29593000000.0,28641500000.0,29593000000.0,69749472835.0,15.0,12.902,2281000000.0,0.723,1.0,8734000000.0,0.345,23994000000.0,791000000.0,31926000000.0,30908750000.0,4250000000.0,10601000000.0,0.0,10601000000.0,26775000000.0,6373000000.0,20402000000.0,63648472835.0,-735000000.0,-1379000000.0,-1795000000.0,294000000.0,-431000000.0,-1932000000.0,-2060000000.0,295000000.0,3257000000.0,48000000.0,2314000000.0,2314000000.0,2314000000.0,-515000000.0,0.0,0.091,4866000000.0,3868000000.0,4047000000.0,0.141,2.151,27.506,21.935,4755000000.0,0.0,20.18,2.513,2.513,5743000000.0,1689000000.0,25327000000.0,25327000000.0,0.0,0.042,0.081,0.15,0.183,0.0,3982000000.0,1.0,3154037306.0,3154037306,,8.03,32655000000.0,0.0,1526000000.0,5200000000.0,10.353,6750000000.0
51,TFCF,MRT,2006-03-31,2006-03-31,2006-03-31,2021-08-25,0.0,55265000000.0,55064500000.0,12402000000.0,42863000000.0,0.448,8.833,-839000000.0,5324000000.0,5324000000.0,16092000000.0,2179000000.0,1.866,0.946,11425000000.0,57000000.0,11368000000.0,11425000000.0,526000000.0,756000000.0,0.0,0.007,0.13,4312000000.0,5068000000.0,0.206,5068000000.0,4312000000.0,3771000000.0,0.71,,0.71,28272000000.0,28532750000.0,28272000000.0,63164131337.0,15.0,12.463,2268000000.0,0.709,1.0,8561000000.0,0.347,23428000000.0,541000000.0,31293000000.0,30205000000.0,4689000000.0,10393000000.0,0.0,10393000000.0,26751000000.0,6645000000.0,20106000000.0,56203131337.0,-542000000.0,-1111000000.0,-2212000000.0,360000000.0,-362000000.0,-2214000000.0,-1435000000.0,515000000.0,3107000000.0,-127000000.0,2179000000.0,2179000000.0,2179000000.0,-381000000.0,0.0,0.088,4766000000.0,3795000000.0,3966000000.0,0.183,1.988,25.793,24.732,4505000000.0,0.0,17.56,2.28,2.28,5596000000.0,303000000.0,24653000000.0,24653000000.0,0.0,0.04,0.076,0.143,0.175,0.0,3908000000.0,1.0,3200633903.0,3200633903,,7.703,31837000000.0,0.0,1592000000.0,4782000000.0,9.947,5757000000.0
52,TFCF,MRT,2005-12-31,2005-12-31,2005-12-31,2021-08-25,0.0,55441000000.0,55144000000.0,12978000000.0,42463000000.0,0.444,8.746,-888000000.0,5243000000.0,5243000000.0,16146000000.0,1759000000.0,1.746,0.946,12204000000.0,944000000.0,11260000000.0,12204000000.0,510000000.0,743000000.0,0.0,0.006,0.1,3740000000.0,4483000000.0,0.183,4483000000.0,3740000000.0,3197000000.0,0.58,,0.58,28375000000.0,28908250000.0,28375000000.0,58463775157.0,16.0,13.041,1964000000.0,0.605,1.0,8352000000.0,0.341,23356000000.0,543000000.0,31614000000.0,29943000000.0,4515000000.0,10414000000.0,0.0,10414000000.0,26842000000.0,7432000000.0,19410000000.0,53889775157.0,197000000.0,-1136000000.0,-1478000000.0,947000000.0,-360000000.0,-891000000.0,-1764000000.0,260000000.0,2852000000.0,-149000000.0,1759000000.0,1759000000.0,1759000000.0,-381000000.0,0.0,0.072,4679000000.0,3673000000.0,3956000000.0,0.172,1.899,30.637,28.638,4454000000.0,0.0,16.61,2.2,2.2,6141000000.0,-291000000.0,24498000000.0,24498000000.0,0.0,0.032,0.061,0.125,0.153,0.0,3837000000.0,1.0,3244417529.0,3244417529,,7.551,32085000000.0,0.0,1438000000.0,4434000000.0,9.889,5546000000.0
53,TFCF,MRT,2005-09-30,2005-09-30,2005-09-30,2021-08-25,0.0,54860000000.0,54510000000.0,13310000000.0,41550000000.0,0.448,8.672,-965000000.0,6450000000.0,6450000000.0,16160000000.0,1070000000.0,1.671,0.93,11024000000.0,924000000.0,10100000000.0,11024000000.0,505000000.0,695000000.0,0.0,0.006,0.1,3031000000.0,3726000000.0,0.153,3726000000.0,3031000000.0,2492000000.0,0.37,,0.37,28326000000.0,27602500000.0,28326000000.0,58421892713.0,19.0,15.68,2321000000.0,0.711,1.0,8235000000.0,0.338,22669000000.0,539000000.0,28802000000.0,30025250000.0,4293000000.0,10352000000.0,0.0,10352000000.0,26330000000.0,7963000000.0,18367000000.0,53892892713.0,2264000000.0,-229000000.0,-645000000.0,387000000.0,-234000000.0,-492000000.0,-530000000.0,664000000.0,3286000000.0,38000000.0,1070000000.0,1070000000.0,1070000000.0,0.0,0.0,0.044,4528000000.0,3707000000.0,4735000000.0,0.27,1.903,50.367,44.595,4452000000.0,0.0,16.5,2.209,2.209,5427000000.0,-1091000000.0,24395000000.0,24395000000.0,0.0,0.02,0.039,0.101,0.124,0.0,3797000000.0,1.0,3266235922.0,3266235922,,7.469,32191000000.0,84000000.0,1422000000.0,4410000000.0,9.856,5347000000.0
54,TFCF,MRT,2005-06-30,2005-06-30,2005-06-30,2021-08-25,0.0,54692000000.0,51517500000.0,12779000000.0,41913000000.0,0.463,8.846,-901000000.0,6470000000.0,6470000000.0,15901000000.0,2128000000.0,1.922,0.868,10999000000.0,912000000.0,10087000000.0,10999000000.0,426000000.0,648000000.0,0.0,0.002,0.041,3884000000.0,4532000000.0,0.19,4532000000.0,3884000000.0,3348000000.0,0.74,0.73,0.74,29158000000.0,25016500000.0,29158000000.0,60511753554.0,16.0,13.352,2470000000.0,0.749,1.0,7958000000.0,0.334,23461000000.0,536000000.0,29111000000.0,29035500000.0,3882000000.0,10268000000.0,0.0,10268000000.0,25315000000.0,6649000000.0,18666000000.0,55573753554.0,2387000000.0,-69000000.0,-447000000.0,-269000000.0,-240000000.0,-681000000.0,-303000000.0,667000000.0,3371000000.0,32000000.0,2128000000.0,2128000000.0,2128000000.0,0.0,0.0,0.089,4394000000.0,3564000000.0,3564000000.0,0.055,1.906,26.115,22.784,4346000000.0,0.0,16.86,2.329,2.329,5026000000.0,-699000000.0,23859000000.0,23859000000.0,0.0,0.041,0.085,0.134,0.163,0.0,3697000000.0,1.0,3296189416.0,3296189416,,7.238,31231000000.0,0.0,1220000000.0,4817000000.0,9.475,6130000000.0
55,TFCF,MRT,2005-03-31,2005-03-31,2005-03-31,2021-08-25,0.0,55583000000.0,,13416000000.0,42167000000.0,,10.134,-858000000.0,5993000000.0,5993000000.0,15599000000.0,1840000000.0,1.735,0.867,10931000000.0,918000000.0,10013000000.0,10931000000.0,556000000.0,590000000.0,0.0,0.002,0.041,3439000000.0,4029000000.0,0.174,4029000000.0,3439000000.0,2902000000.0,0.66,,0.66,29774000000.0,,29774000000.0,57721595823.0,17.0,14.327,1851000000.0,0.63,1.0,7622000000.0,0.328,22542000000.0,537000000.0,30245000000.0,,4111000000.0,11169000000.0,0.0,11169000000.0,25809000000.0,7734000000.0,18075000000.0,51737595823.0,2015000000.0,-192000000.0,100000000.0,-538000000.0,-220000000.0,-384000000.0,-310000000.0,1289000000.0,2709000000.0,109000000.0,1840000000.0,1840000000.0,1840000000.0,0.0,0.0,0.079,4339000000.0,3283000000.0,4331000000.0,0.062,1.738,28.118,26.682,4440000000.0,0.0,17.61,2.228,2.228,5756000000.0,-822000000.0,23221000000.0,23221000000.0,0.0,,,,0.148,0.0,3700000000.0,1.0,2937966827.0,2937966827,,7.904,33041000000.0,355000000.0,1062000000.0,4051000000.0,11.246,5682000000.0
56,TFCF,MRT,2004-12-31,2004-12-31,2004-12-31,2021-08-25,0.0,52905000000.0,,13573000000.0,39332000000.0,,5.519,-650000000.0,5195000000.0,5195000000.0,14923000000.0,1874000000.0,1.851,1.285,11179000000.0,319000000.0,10860000000.0,11179000000.0,620000000.0,563000000.0,0.0,0.002,0.044,3431000000.0,3994000000.0,0.179,3994000000.0,3431000000.0,2901000000.0,0.68,0.67,0.68,23152000000.0,,23152000000.0,80468584320.0,23.0,20.147,2100000000.0,0.501,1.0,7419000000.0,0.332,19613000000.0,530000000.0,31943000000.0,,4474000000.0,10940000000.0,0.0,10940000000.0,29753000000.0,7333000000.0,22420000000.0,80540584320.0,2559000000.0,-169000000.0,88000000.0,-349000000.0,-226000000.0,-207000000.0,16000000.0,1222000000.0,2750000000.0,138000000.0,1874000000.0,1874000000.0,1874000000.0,0.0,0.0,0.084,4210000000.0,3209000000.0,4410000000.0,0.065,3.479,42.978,28.235,4481000000.0,0.0,19.2,3.605,3.605,6247000000.0,-1217000000.0,22342000000.0,22342000000.0,0.0,,,,0.154,0.0,3598000000.0,1.0,4194822100.0,4194822100,,5.326,33292000000.0,540000000.0,1027000000.0,4042000000.0,7.936,6240000000.0
57,TFCF,MRT,2004-09-30,2004-09-30,2004-09-30,2021-08-25,,,,,,,,,,,14305000000.0,1703000000.0,,,,,,,,,,0.003,0.044,3139000000.0,,,,3139000000.0,2615000000.0,0.62,,0.62,,,,68869901214.0,22.0,,,,1.0,7028000000.0,0.329,,524000000.0,,,,,,,,,,68941901214.0,,,,,,,,,,,1703000000.0,1703000000.0,1703000000.0,0.0,0.0,0.08,4003000000.0,3025000000.0,,0.071,,40.483,26.508,,0.0,16.435,3.232,3.232,,,21333000000.0,21333000000.0,0.0,,,,0.147,,3431000000.0,1.0,4194822100.0,4194822100,,5.086,,,912000000.0,,,
58,TFCF,MRT,2004-06-30,2004-06-30,2004-06-30,2021-08-25,0.0,48343000000.0,35821000000.0,10999000000.0,37344000000.0,0.581,4.976,-361000000.0,4338000000.0,4338000000.0,13942000000.0,1533000000.0,1.558,1.316,10164000000.0,1084000000.0,9080000000.0,10164000000.0,467000000.0,565000000.0,0.0,0.002,0.043,3079000000.0,3644000000.0,0.175,3644000000.0,3079000000.0,2547000000.0,0.58,0.58,0.58,20875000000.0,17589000000.0,20875000000.0,74218299391.0,24.0,20.367,2034000000.0,0.485,1.0,6860000000.0,0.33,18151000000.0,532000000.0,28960000000.0,19355500000.0,4199000000.0,10914000000.0,0.0,10914000000.0,27468000000.0,7058000000.0,20410000000.0,74290299391.0,-482000000.0,-202000000.0,580000000.0,-395000000.0,-202000000.0,145000000.0,-3022000000.0,-2459000000.0,2395000000.0,56000000.0,1533000000.0,1533000000.0,1533000000.0,0.0,0.0,0.074,3929000000.0,2931000000.0,3963000000.0,0.074,3.559,48.461,30.534,3796000000.0,0.0,17.71,3.571,3.571,4980000000.0,-2791000000.0,20802000000.0,20802000000.0,0.0,0.043,0.087,0.159,0.148,0.0,3364000000.0,1.0,4194822100.0,4194822100,,4.959,30192000000.0,521000000.0,1014000000.0,3620000000.0,7.197,3941000000.0
59,TFCF,MRT,2004-03-31,2004-03-31,2004-03-31,2021-08-25,,,,,,,,,,,,,,,,,,,,,,0.002,0.043,,,,,,,,,,,,,75392849579.0,,,,,1.0,,,,,,,,,,,,,,75464849579.0,,,,,,,,,,,,,,,,,,,,,,,,,,17.99,,,,,,,,,,,,,,1.0,4194822100.0,4194822100,,,,,,,,
60,TFCF,MRT,2003-12-31,2003-12-31,2003-12-31,2021-08-25,,,,,,,,,,,,,,,,,,,,,,0.002,0.038,,,,,,,,,,,,,75644538905.0,,,,,1.0,,,,,,,,,,,,,,75716538905.0,,,,,,,,,,,,,,,,,,,,,,,,,,18.05,,,,,,,,,,,,,,1.0,4194822100.0,4194822100,,,,,,,,
61,TFCF,MRT,2003-06-30,2003-06-30,2003-06-30,2021-08-25,0.0,23299000000.0,23087500000.0,,,0.753,8.117,-366000000.0,72000000.0,72000000.0,11894000000.0,822000000.0,,0.574,0.0,,,0.0,449000000.0,414000000.0,0.0,0.002,0.035,1975000000.0,2389000000.0,0.137,2389000000.0,1975000000.0,1451000000.0,0.33,0.33,0.33,14303000000.0,13199000000.0,14303000000.0,64283822029.0,33.0,26.908,1267000000.0,0.719,1.0,5486000000.0,0.316,13476000000.0,524000000.0,9751000000.0,10172000000.0,0.0,1560000000.0,,,8206000000.0,,,63397822029.0,726000000.0,-858000000.0,68000000.0,-333000000.0,-181000000.0,302000000.0,-1209000000.0,15000000.0,1633000000.0,177000000.0,822000000.0,822000000.0,822000000.0,0.0,0.0,0.047,3106000000.0,2380000000.0,1665000000.0,0.106,4.432,77.126,45.864,1464000000.0,0.0,15.135,3.648,1.534,2647000000.0,1513000000.0,17380000000.0,17380000000.0,0.0,0.036,0.062,0.194,0.114,0.0,2692000000.0,1.0,4188822070.0,1762000000,1762000000.0,9.864,9823000000.0,0.0,629000000.0,2053000000.0,5.575,
62,TFCF,MRT,2002-06-30,2002-06-30,2002-06-30,2021-08-25,0.0,22876000000.0,20366000000.0,,,0.478,7.217,-80000000.0,56000000.0,56000000.0,7226000000.0,581000000.0,,0.819,942000000.0,,,942000000.0,500000000.0,400000000.0,0.0,0.003,0.032,1230000000.0,1630000000.0,0.168,1630000000.0,1230000000.0,989000000.0,0.345,0.345,0.345,12095000000.0,10031500000.0,12095000000.0,,,,907000000.0,0.541,1.0,2499000000.0,0.257,13169000000.0,241000000.0,10593000000.0,10884000000.0,0.0,1424000000.0,,,9903000000.0,,,48024845033.0,-10000000.0,1211000000.0,0.0,-168000000.0,0.0,-1675000000.0,678000000.0,-453000000.0,987000000.0,0.0,581000000.0,581000000.0,581000000.0,0.0,0.0,0.06,2602000000.0,-103000000.0,1844000000.0,0.093,3.971,82.659,33.232,1501000000.0,0.0,11.465,4.938,1.976,2577000000.0,517000000.0,9725000000.0,9725000000.0,0.0,0.029,0.058,0.113,0.126,0.0,1293000000.0,1.0,4188822070.0,1676000000,1676000000.0,5.803,9707000000.0,0.0,408000000.0,1912000000.0,5.792,
63,TFCF,MRT,2001-06-30,2001-06-30,2001-06-30,2021-08-25,0.0,17856000000.0,,,,,5.503,-145000000.0,66000000.0,66000000.0,6274000000.0,-288000000.0,,1.133,1032000000.0,,,1032000000.0,553000000.0,387000000.0,0.0,0.002,0.033,242000000.0,629000000.0,0.075,629000000.0,242000000.0,-103000000.0,-0.2,-0.2,-0.2,7968000000.0,,7968000000.0,,,,-298000000.0,-0.206,1.0,2140000000.0,0.254,7647000000.0,345000000.0,11175000000.0,,0.0,1493000000.0,,,9027000000.0,,,,-48000000.0,380000000.0,0.0,-701000000.0,0.0,281000000.0,-176000000.0,-411000000.0,-153000000.0,0.0,-288000000.0,-288000000.0,-288000000.0,0.0,0.0,-0.034,1488000000.0,652000000.0,1705000000.0,-0.165,,,-92.875,1454000000.0,0.0,18.575,,3.197,2504000000.0,-63000000.0,8414000000.0,8414000000.0,0.0,,,,0.029,0.0,1101000000.0,1.0,,1448000000,1448000000.0,5.811,10209000000.0,0.0,185000000.0,706000000.0,7.05,
64,TFCF,MRT,2000-06-30,2000-06-30,2000-06-30,2021-08-25,,,,,,,,-247000000.0,,,6482000000.0,145000000.0,,,,,,,,368000000.0,,0.001,0.033,562000000.0,930000000.0,0.109,930000000.0,562000000.0,265000000.0,0.1,0.1,0.1,,,,,,,-500000000.0,-0.346,1.0,2035000000.0,0.239,,297000000.0,,,,,,,,,,,-7000000.0,63000000.0,0.0,-587000000.0,0.0,782000000.0,-536000000.0,-352000000.0,-253000000.0,0.0,145000000.0,145000000.0,145000000.0,0.0,0.0,0.017,1379000000.0,656000000.0,,0.33,,,272.5,,0.0,27.25,,4.62,,,8517000000.0,8517000000.0,0.0,,,,0.066,0.0,1011000000.0,1.0,,1444000000,1444000000.0,5.898,,,120000000.0,,,
