None,ticker,dimension,calendardate,datekey,reportperiod,lastupdated,accoci,assets,assetsavg,assetsc,assetsnc,assetturnover,bvps,capex,cashneq,cashnequsd,cor,consolinc,currentratio,de,debt,debtc,debtnc,debtusd,deferredrev,depamor,deposits,divyield,dps,ebit,ebitda,ebitdamargin,ebitdausd,ebitusd,ebt,eps,epsdil,epsusd,equity,equityavg,equityusd,ev,evebit,evebitda,fcf,fcfps,fxusd,gp,grossmargin,intangibles,intexp,invcap,invcapavg,inventory,investments,investmentsc,investmentsnc,liabilities,liabilitiesc,liabilitiesnc,marketcap,ncf,ncfbus,ncfcommon,ncfdebt,ncfdiv,ncff,ncfi,ncfinv,ncfo,ncfx,netinc,netinccmn,netinccmnusd,netincdis,netincnci,netmargin,opex,opinc,payables,payoutratio,pb,pe,pe1,ppnenet,prefdivis,price,ps,ps1,receivables,retearn,revenue,revenueusd,rnd,roa,roe,roic,ros,sbcomp,sgna,sharefactor,sharesbas,shareswa,shareswadil,sps,tangibles,taxassets,taxexp,taxliabilities,tbvps,workingcapital
0,SLB,MRY,2020-12-31,2020-12-31,2020-12-31,2021-09-07,-4884000000.0,42434000000.0,44940250000.0,12919000000.0,29515000000.0,0.525,8.684,-1520000000.0,844000000.0,844000000.0,21000000000.0,-10486000000.0,1.231,2.481,16886000000.0,850000000.0,16036000000.0,16886000000.0,0.0,2566000000.0,0.0,0.04,0.875,-10767000000.0,-8201000000.0,-0.347,-8201000000.0,-10767000000.0,-11330000000.0,-7.57,-7.57,-7.57,12071000000.0,12903250000.0,12071000000.0,46932015096.0,-4.0,-5.723,1424000000.0,1.024,1.0,2601000000.0,0.11,16435000000.0,563000000.0,31550000000.0,32261000000.0,3354000000.0,4223000000.0,2162000000.0,2061000000.0,29945000000.0,10491000000.0,19454000000.0,30388015096.0,-282000000.0,401000000.0,120000000.0,830000000.0,-1734000000.0,-873000000.0,-2353000000.0,-1141000000.0,2944000000.0,-11000000.0,-10518000000.0,-10518000000.0,-10518000000.0,0.0,32000000.0,-0.446,13603000000.0,-11002000000.0,8442000000.0,-0.116,2.517,-2.889,-2.884,6826000000.0,0.0,21.83,1.288,1.286,5247000000.0,7018000000.0,23601000000.0,23601000000.0,580000000.0,-0.234,-0.815,-0.334,-0.456,397000000.0,365000000.0,1.0,1392030009.0,1390000000,1390000000.0,16.979,25999000000.0,0.0,-812000000.0,1015000000.0,18.704,2428000000.0
1,SLB,MRY,2019-12-31,2019-12-31,2019-12-31,2021-09-07,-4438000000.0,56312000000.0,63803500000.0,15530000000.0,40782000000.0,0.516,17.155,-2736000000.0,1137000000.0,1137000000.0,28720000000.0,-10107000000.0,1.186,1.353,15294000000.0,524000000.0,14770000000.0,15294000000.0,0.0,3589000000.0,0.0,0.05,2.0,-9839000000.0,-6250000000.0,-0.19,-6250000000.0,-9839000000.0,-10448000000.0,-7.32,-7.32,-7.32,23760000000.0,29907000000.0,23760000000.0,71142448533.0,-7.0,-11.383,2695000000.0,1.946,1.0,4197000000.0,0.128,23699000000.0,609000000.0,33672000000.0,37725000000.0,4130000000.0,2595000000.0,1030000000.0,1565000000.0,32136000000.0,13098000000.0,19038000000.0,55652448533.0,-298000000.0,563000000.0,-59000000.0,-839000000.0,-2769000000.0,-3718000000.0,-2011000000.0,317000000.0,5431000000.0,2000000.0,-10137000000.0,-10137000000.0,-10137000000.0,0.0,30000000.0,-0.308,14339000000.0,-10142000000.0,10663000000.0,-0.273,2.342,-5.49,-5.492,9270000000.0,0.0,40.2,1.691,1.691,7747000000.0,18751000000.0,32917000000.0,32917000000.0,717000000.0,-0.159,-0.339,-0.261,-0.299,405000000.0,474000000.0,1.0,1384389267.0,1385000000,1385000000.0,23.767,32613000000.0,0.0,-311000000.0,1700000000.0,23.547,2432000000.0
2,SLB,MRY,2018-12-31,2018-12-31,2018-12-31,2021-09-07,-4622000000.0,70507000000.0,70546750000.0,15731000000.0,54776000000.0,0.465,26.11,-3241000000.0,1433000000.0,1433000000.0,28478000000.0,2177000000.0,1.166,0.938,16051000000.0,1407000000.0,14644000000.0,16051000000.0,0.0,3556000000.0,0.0,0.055,2.0,3160000000.0,6716000000.0,0.205,6716000000.0,3160000000.0,2585000000.0,1.54,1.53,1.54,36162000000.0,36525750000.0,36162000000.0,65844649305.0,21.0,9.804,2472000000.0,1.785,1.0,4337000000.0,0.132,34259000000.0,575000000.0,37380000000.0,36705250000.0,4010000000.0,2882000000.0,1344000000.0,1538000000.0,33921000000.0,13486000000.0,20435000000.0,49963649305.0,-347000000.0,287000000.0,-139000000.0,-2048000000.0,-2770000000.0,-5020000000.0,-1040000000.0,1943000000.0,5713000000.0,-19000000.0,2138000000.0,2138000000.0,2138000000.0,0.0,39000000.0,0.065,1502000000.0,2835000000.0,10223000000.0,1.299,1.382,23.369,23.429,11679000000.0,0.0,36.08,1.523,1.523,7881000000.0,31658000000.0,32815000000.0,32815000000.0,702000000.0,0.03,0.059,0.086,0.096,345000000.0,444000000.0,1.0,1384801810.0,1385000000,1393000000.0,23.693,36248000000.0,0.0,447000000.0,2596000000.0,26.172,2245000000.0
3,SLB,MRY,2017-12-31,2017-12-31,2017-12-31,2021-09-07,-4274000000.0,71987000000.0,74148250000.0,18497000000.0,53490000000.0,0.411,26.543,-3992000000.0,1799000000.0,1799000000.0,26543000000.0,-1513000000.0,1.21,0.943,18199000000.0,3324000000.0,14875000000.0,18199000000.0,0.0,3837000000.0,0.0,0.03,2.0,-609000000.0,3228000000.0,0.106,3228000000.0,-609000000.0,-1175000000.0,-1.08,-1.08,-1.08,36842000000.0,39135250000.0,36842000000.0,108822785289.0,-179.0,33.712,1671000000.0,1.204,1.0,3897000000.0,0.128,35199000000.0,566000000.0,37906000000.0,41103250000.0,4046000000.0,4809000000.0,3290000000.0,1519000000.0,34726000000.0,15282000000.0,19444000000.0,93352785289.0,-1149000000.0,-847000000.0,-672000000.0,-1612000000.0,-2778000000.0,-5033000000.0,-1779000000.0,3277000000.0,5663000000.0,19000000.0,-1505000000.0,-1505000000.0,-1505000000.0,0.0,-8000000.0,-0.049,4738000000.0,-841000000.0,10036000000.0,-1.852,2.534,-62.028,-62.398,11576000000.0,0.0,67.39,3.067,3.073,8084000000.0,32190000000.0,30440000000.0,30440000000.0,787000000.0,-0.02,-0.038,-0.015,-0.02,343000000.0,432000000.0,1.0,1385261690.0,1388000000,1388000000.0,21.931,36788000000.0,0.0,330000000.0,2873000000.0,26.504,3215000000.0
4,SLB,MRY,2016-12-31,2016-12-31,2016-12-31,2021-09-07,-4643000000.0,77956000000.0,77215500000.0,23927000000.0,54029000000.0,0.36,30.271,-3716000000.0,2929000000.0,2929000000.0,24409000000.0,-1627000000.0,1.589,0.887,19616000000.0,3153000000.0,16463000000.0,19616000000.0,0.0,4094000000.0,0.0,0.024,2.0,-1395000000.0,2699000000.0,0.097,2699000000.0,-1395000000.0,-1965000000.0,-1.24,-1.24,-1.24,41078000000.0,40320250000.0,41078000000.0,134636340096.0,-97.0,49.884,2545000000.0,1.875,1.0,3401000000.0,0.122,35918000000.0,570000000.0,43666000000.0,48846500000.0,4225000000.0,7809000000.0,6328000000.0,1481000000.0,36427000000.0,15059000000.0,21368000000.0,116800340096.0,209000000.0,-2398000000.0,-363000000.0,-2377000000.0,-2647000000.0,-5428000000.0,-624000000.0,5544000000.0,6261000000.0,-73000000.0,-1687000000.0,-1687000000.0,-1687000000.0,0.0,60000000.0,-0.061,4936000000.0,-1535000000.0,10016000000.0,-1.613,2.843,-69.236,-67.702,12821000000.0,0.0,83.95,4.2,4.096,9387000000.0,36470000000.0,27810000000.0,27810000000.0,1012000000.0,-0.022,-0.042,-0.029,-0.05,267000000.0,403000000.0,1.0,1391308399.0,1357000000,1357000000.0,20.494,42038000000.0,0.0,-278000000.0,3068000000.0,30.979,8868000000.0
5,SLB,MRY,2015-12-31,2015-12-31,2015-12-31,2021-09-07,-4558000000.0,68005000000.0,65377750000.0,26912000000.0,41093000000.0,0.543,28.124,-3849000000.0,2793000000.0,2793000000.0,28321000000.0,2135000000.0,1.906,0.901,18999000000.0,4557000000.0,14442000000.0,18999000000.0,0.0,4078000000.0,0.0,0.029,2.0,3164000000.0,7242000000.0,0.204,7242000000.0,3164000000.0,2818000000.0,1.63,1.63,1.63,35633000000.0,37298750000.0,35633000000.0,97037983633.0,31.0,13.399,4956000000.0,3.912,1.0,7154000000.0,0.202,21200000000.0,346000000.0,48890000000.0,41630250000.0,3756000000.0,13970000000.0,10241000000.0,3729000000.0,32100000000.0,14121000000.0,17979000000.0,87961983633.0,-306000000.0,-443000000.0,-1734000000.0,5791000000.0,-2419000000.0,1374000000.0,-10252000000.0,-5848000000.0,8805000000.0,-31000000.0,2072000000.0,2072000000.0,2072000000.0,0.0,63000000.0,0.058,4163000000.0,2991000000.0,7727000000.0,1.227,2.469,42.453,42.791,13415000000.0,0.0,69.75,2.48,2.491,8780000000.0,40870000000.0,35475000000.0,35475000000.0,1094000000.0,0.032,0.056,0.076,0.089,326000000.0,494000000.0,1.0,1261103708.0,1267000000,1275000000.0,27.999,46805000000.0,208000000.0,746000000.0,2278000000.0,36.942,12791000000.0
6,SLB,MRY,2014-12-31,2014-12-31,2014-12-31,2021-09-07,-4206000000.0,66904000000.0,67506750000.0,24694000000.0,42210000000.0,0.72,29.228,-5037000000.0,3130000000.0,3130000000.0,37398000000.0,5506000000.0,1.742,0.762,13330000000.0,2765000000.0,10565000000.0,13330000000.0,0.0,4094000000.0,0.0,0.019,1.6,7735000000.0,11829000000.0,0.243,11829000000.0,7735000000.0,7366000000.0,4.2,4.16,4.2,37850000000.0,39723750000.0,37850000000.0,119864067426.0,15.0,10.133,6158000000.0,4.755,1.0,11182000000.0,0.23,20934000000.0,369000000.0,41994000000.0,44160750000.0,4628000000.0,8048000000.0,4371000000.0,3677000000.0,28855000000.0,14176000000.0,14679000000.0,109905067426.0,-257000000.0,-1008000000.0,-3853000000.0,-37000000.0,-1968000000.0,-5896000000.0,-5580000000.0,446000000.0,11195000000.0,-85000000.0,5438000000.0,5438000000.0,5438000000.0,205000000.0,68000000.0,0.112,3465000000.0,7717000000.0,9246000000.0,0.381,2.904,20.211,20.336,15396000000.0,0.0,85.41,2.262,2.277,11171000000.0,41333000000.0,48580000000.0,48580000000.0,1217000000.0,0.081,0.137,0.175,0.159,329000000.0,475000000.0,1.0,1286793905.0,1295000000,1308000000.0,37.514,45970000000.0,144000000.0,1928000000.0,2943000000.0,35.498,10518000000.0
7,SLB,MRY,2013-12-31,2013-12-31,2013-12-31,2021-09-07,-2554000000.0,67100000000.0,64225500000.0,26225000000.0,40875000000.0,0.705,29.833,-5239000000.0,3472000000.0,3472000000.0,35331000000.0,6774000000.0,1.939,0.696,13176000000.0,2783000000.0,10393000000.0,13176000000.0,0.0,3879000000.0,0.0,0.014,1.25,8971000000.0,12850000000.0,0.284,12850000000.0,8971000000.0,8580000000.0,5.09,5.05,5.09,39469000000.0,37480750000.0,39469000000.0,127935809193.0,14.0,9.956,5451000000.0,4.12,1.0,9935000000.0,0.219,20082000000.0,391000000.0,43197000000.0,40753000000.0,4603000000.0,8578000000.0,4898000000.0,3680000000.0,27465000000.0,13525000000.0,13940000000.0,118670809193.0,1582000000.0,-1210000000.0,-2059000000.0,1450000000.0,-1608000000.0,-2199000000.0,-6879000000.0,-648000000.0,10690000000.0,-15000000.0,6732000000.0,6732000000.0,6732000000.0,0.0,42000000.0,0.149,2046000000.0,7889000000.0,8837000000.0,0.246,3.007,17.628,17.703,15096000000.0,0.0,90.11,2.622,2.634,11497000000.0,37966000000.0,45266000000.0,45266000000.0,1174000000.0,0.105,0.18,0.22,0.198,315000000.0,416000000.0,1.0,1316954935.0,1323000000,1333000000.0,34.215,47018000000.0,288000000.0,1848000000.0,3198000000.0,35.539,12700000000.0
8,SLB,MRY,2012-12-31,2012-12-31,2012-12-31,2021-09-07,-3888000000.0,61547000000.0,58591750000.0,24156000000.0,37391000000.0,0.712,26.129,-5417000000.0,1905000000.0,1905000000.0,32885000000.0,5519000000.0,1.953,0.768,11630000000.0,2121000000.0,9509000000.0,11630000000.0,0.0,3647000000.0,0.0,0.016,1.1,7530000000.0,11177000000.0,0.268,11177000000.0,7530000000.0,7190000000.0,4.13,4.1,4.13,34751000000.0,33528000000.0,34751000000.0,101335751549.0,13.0,9.066,1498000000.0,1.126,1.0,8846000000.0,0.212,19905000000.0,340000000.0,38999000000.0,36432000000.0,4785000000.0,6116000000.0,4369000000.0,1747000000.0,26689000000.0,12368000000.0,14321000000.0,91998751549.0,187000000.0,-845000000.0,-562000000.0,1636000000.0,-1432000000.0,-339000000.0,-7545000000.0,-1228000000.0,6915000000.0,13000000.0,5490000000.0,5490000000.0,5490000000.0,0.0,29000000.0,0.132,1719000000.0,7127000000.0,8453000000.0,0.266,2.647,16.758,16.779,14780000000.0,0.0,69.299,2.205,2.209,11351000000.0,32887000000.0,41731000000.0,41731000000.0,1153000000.0,0.094,0.164,0.207,0.18,335000000.0,405000000.0,1.0,1327570132.0,1330000000,1339000000.0,31.377,41642000000.0,343000000.0,1700000000.0,2919000000.0,31.31,11788000000.0
9,SLB,MRY,2011-12-31,2011-12-31,2011-12-31,2021-09-07,-3557000000.0,55201000000.0,54293250000.0,20539000000.0,34662000000.0,0.674,23.175,-4293000000.0,1705000000.0,1705000000.0,28802000000.0,5007000000.0,1.949,0.762,9933000000.0,1377000000.0,8556000000.0,9933000000.0,0.0,3274000000.0,0.0,0.015,1.0,6787000000.0,10061000000.0,0.275,10061000000.0,6787000000.0,6489000000.0,3.7,3.67,3.7,31263000000.0,31506250000.0,31263000000.0,101431626992.0,15.0,10.082,1587000000.0,1.176,1.0,7777000000.0,0.213,19461000000.0,298000000.0,33430000000.0,32013750000.0,4700000000.0,4644000000.0,3122000000.0,1522000000.0,23809000000.0,10538000000.0,13271000000.0,91680626992.0,-56000000.0,-186000000.0,-2560000000.0,1773000000.0,-1300000000.0,-2700000000.0,-3898000000.0,351000000.0,5880000000.0,-3000000.0,4997000000.0,4997000000.0,4997000000.0,0.0,10000000.0,0.137,1591000000.0,6186000000.0,7579000000.0,0.27,2.933,18.347,18.462,12993000000.0,0.0,68.31,2.506,2.519,9500000000.0,28860000000.0,36579000000.0,36579000000.0,1061000000.0,0.092,0.159,0.212,0.186,272000000.0,417000000.0,1.0,1342125999.0,1349000000,1361000000.0,27.116,35740000000.0,456000000.0,1492000000.0,2976000000.0,26.494,10001000000.0
10,SLB,MRY,2010-12-31,2010-12-31,2010-12-31,2021-09-07,-2768000000.0,51767000000.0,41880250000.0,18098000000.0,33669000000.0,0.637,24.981,-3238000000.0,1764000000.0,1764000000.0,21097000000.0,4265000000.0,1.666,0.651,8112000000.0,2595000000.0,5517000000.0,8112000000.0,0.0,2757000000.0,0.0,0.01,0.84,5353000000.0,8110000000.0,0.304,8110000000.0,5353000000.0,5146000000.0,3.41,3.38,3.41,31226000000.0,25332500000.0,31226000000.0,119547707622.0,22.0,14.741,2271000000.0,1.817,1.0,5575000000.0,0.209,19508000000.0,207000000.0,27742000000.0,25264750000.0,3804000000.0,4781000000.0,3226000000.0,1555000000.0,20323000000.0,10865000000.0,9458000000.0,113925707622.0,1147000000.0,-702000000.0,-1316000000.0,933000000.0,-1040000000.0,-1409000000.0,-2936000000.0,1023000000.0,5509000000.0,0.0,4267000000.0,4267000000.0,4267000000.0,0.0,-2000000.0,0.16,1721000000.0,3854000000.0,6488000000.0,0.246,3.648,26.699,24.487,12071000000.0,0.0,83.5,4.271,3.913,8278000000.0,25210000000.0,26672000000.0,26672000000.0,919000000.0,0.102,0.168,0.212,0.201,198000000.0,311000000.0,1.0,1364379732.0,1250000000,1263000000.0,21.338,32259000000.0,51000000.0,879000000.0,3129000000.0,25.807,7233000000.0
11,SLB,MRY,2009-12-31,2009-12-31,2009-12-31,2021-09-07,-2674000000.0,33465000000.0,33124285250.0,13650000000.0,19815000000.0,0.685,15.96,-2625000000.0,617000000.0,617000000.0,17519000000.0,3142000000.0,1.88,0.745,5480000000.0,1125000000.0,4355000000.0,5480000000.0,0.0,2476000000.0,0.0,0.013,0.84,4125000000.0,6601000000.0,0.291,6601000000.0,4125000000.0,3904000000.0,2.62,2.59,2.62,19120000000.0,18660221250.0,19120000000.0,83475747571.0,20.0,12.646,2686000000.0,2.242,1.0,5183000000.0,0.228,6379000000.0,221000000.0,24690000000.0,24851172000.0,1866000000.0,7043000000.0,3999000000.0,3044000000.0,14236000000.0,7259000000.0,6977000000.0,78157747571.0,8000000.0,-514000000.0,-294000000.0,108000000.0,-1006000000.0,-1188000000.0,-4070000000.0,-1159000000.0,5311000000.0,0.0,3134000000.0,3134000000.0,3134000000.0,0.0,8000000.0,0.138,1301000000.0,3882000000.0,5003000000.0,0.321,4.088,24.939,24.844,9660000000.0,0.0,65.09,3.443,3.435,6088000000.0,22019000000.0,22702000000.0,22702000000.0,802000000.0,0.095,0.168,0.166,0.182,186000000.0,261000000.0,1.0,1200764289.0,1198000000,1214000000.0,18.95,27086000000.0,530000000.0,770000000.0,878000000.0,22.609,6391000000.0
12,SLB,MRY,2008-12-31,2008-12-31,2008-12-31,2021-09-07,-2901000000.0,32094000000.0,30660246000.0,12986000000.0,19108000000.0,0.886,14.099,-4068000000.0,189000000.0,189000000.0,18957000000.0,5460000000.0,1.589,0.899,5291000000.0,1598000000.0,3693000000.0,5291000000.0,0.0,2269000000.0,0.0,0.02,0.84,7112000000.0,9381000000.0,0.345,9381000000.0,7112000000.0,6865000000.0,4.54,4.45,4.54,16862000000.0,16854705000.0,16862000000.0,56185221980.0,8.0,5.989,2831000000.0,2.367,1.0,8206000000.0,0.302,6296000000.0,247000000.0,22725000000.0,21802468250.0,1919000000.0,5843000000.0,3503000000.0,2340000000.0,15160000000.0,8175000000.0,6985000000.0,50633793980.0,-12000000.0,-345000000.0,-1468000000.0,470000000.0,-964000000.0,-1825000000.0,-5149000000.0,-604000000.0,6899000000.0,-2000000.0,5435000000.0,5435000000.0,5435000000.0,0.0,25000000.0,0.2,1519000000.0,6687000000.0,5318000000.0,0.185,3.003,9.316,9.324,9690000000.0,0.0,42.33,1.864,1.864,6258000000.0,19891000000.0,27163000000.0,27163000000.0,819000000.0,0.177,0.322,0.326,0.262,172000000.0,584000000.0,1.0,1196168060.0,1196000000,1224000000.0,22.712,25798000000.0,749000000.0,1430000000.0,1007000000.0,21.57,4811000000.0
13,SLB,MRY,2007-12-31,2007-12-31,2007-12-31,2021-09-07,-1172999000.0,27853372000.0,25610358000.0,11055383000.0,16797989000.0,0.909,12.522,-3191000000.0,197233000.0,197233000.0,15481000000.0,5177000000.0,1.473,0.872,5466101000.0,1671635000.0,3794466000.0,5466101000.0,0.0,1954000000.0,0.0,0.007,0.7,6900000000.0,8854000000.0,0.38,8854000000.0,6900000000.0,6625000000.0,4.36,4.2,4.36,14875888000.0,13273079000.0,14875888000.0,122779633532.0,18.0,13.867,3096000000.0,2.606,1.0,7796000000.0,0.335,6227065000.0,275000000.0,19390324000.0,18064519250.0,1638192000.0,4824116000.0,2971800000.0,1852316000.0,12977484000.0,7504851000.0,5472633000.0,117637482532.0,28000000.0,-1119000000.0,-733000000.0,-201000000.0,-771000000.0,-1630000000.0,-4629000000.0,-89000000.0,6287000000.0,3000000.0,5177000000.0,5177000000.0,5177000000.0,0.0,0.0,0.222,1327000000.0,6469000000.0,4550728000.0,0.161,7.908,22.723,22.562,8007991000.0,0.0,98.37,5.054,5.021,5361114000.0,15461767000.0,23277000000.0,23277000000.0,728000000.0,0.202,0.39,0.382,0.296,136000000.0,599000000.0,1.0,1195867465.0,1188000000,1239000000.0,19.593,21626307000.0,397307000.0,1448000000.0,1071889000.0,18.204,3550532000.0
14,SLB,MRY,2006-12-31,2006-12-31,2006-12-31,2021-09-07,-1168749000.0,22832138000.0,20583727000.0,9185662000.0,13646476000.0,0.934,8.818,-2647430000.0,165817000.0,165817000.0,13182753000.0,3709851000.0,1.423,1.191,5985471000.0,1321529000.0,4663942000.0,5985471000.0,0.0,1561410000.0,0.0,0.008,0.5,5134335000.0,6695745000.0,0.348,6695745000.0,5134335000.0,4899419000.0,3.14,3.01,3.14,10419883000.0,9311214750.0,10419883000.0,79425306601.0,15.0,11.862,2098024000.0,1.775,1.0,6047725000.0,0.314,6123113000.0,234916000.0,16073884000.0,14276280750.0,1246887000.0,4194379000.0,2833056000.0,1361323000.0,12412255000.0,6454795000.0,5957460000.0,74416078601.0,-24816000.0,-2990428000.0,-626297000.0,1516240000.0,-567673000.0,290506000.0,-5060776000.0,700986000.0,4745454000.0,-321000.0,3709851000.0,3709851000.0,3709851000.0,0.0,0.0,0.193,1151367000.0,4896358000.0,3848017000.0,0.159,7.142,20.059,20.115,5576041000.0,0.0,63.16,3.87,3.881,4242000000.0,11118479000.0,19230478000.0,19230478000.0,619316000.0,0.18,0.398,0.36,0.267,113843000.0,532051000.0,1.0,1178215304.0,1181683000,1242196000.0,16.274,16709025000.0,575686000.0,1189568000.0,1136529000.0,14.14,2730867000.0
15,SLB,MRY,2005-12-31,2005-12-31,2005-12-31,2021-09-07,-1045479000.0,18077492000.0,17152119000.0,8553913000.0,9523579000.0,0.834,6.441,-1455981000.0,190954000.0,190954000.0,10627316000.0,2206967000.0,1.574,1.381,4387916000.0,796578000.0,3591338000.0,4387916000.0,0.0,1350969000.0,0.0,0.009,0.42,3085984000.0,4436953000.0,0.31,4436953000.0,3085984000.0,2888894000.0,1.87,1.82,1.87,7591585000.0,7024811250.0,7591585000.0,61464234105.0,20.0,13.853,1550876000.0,1.316,1.0,3681866000.0,0.257,3464500000.0,197090000.0,13377066000.0,12907730000.0,1010448000.0,4653258000.0,3304727000.0,1348531000.0,10485907000.0,5432888000.0,5053019000.0,57229933105.0,-31320000.0,23264000.0,-266412000.0,-215697000.0,-481583000.0,-993692000.0,-2044485000.0,-706762000.0,3006857000.0,-1229000.0,2206967000.0,2206967000.0,2206967000.0,-7972000.0,0.0,0.154,920815000.0,2761051000.0,3564854000.0,0.225,7.539,25.931,25.976,4200638000.0,0.0,48.575,4.0,4.001,3383803000.0,7999770000.0,14309182000.0,14309182000.0,505513000.0,0.129,0.314,0.239,0.216,40204000.0,415302000.0,1.0,1178176698.0,1178576000,1229716000.0,12.141,14612992000.0,564204000.0,681927000.0,946723000.0,12.399,3121025000.0
16,SLB,MRY,2004-12-31,2004-12-31,2004-12-31,2021-09-07,-940993000.0,16000777000.0,16181784750.0,7059749000.0,8941028000.0,0.709,5.192,-1356224000.0,223503000.0,223503000.0,9057370000.0,1223870000.0,1.502,1.616,4660052000.0,715872000.0,3944180000.0,4660052000.0,0.0,1307931000.0,0.0,0.011,0.375,1773267000.0,3081198000.0,0.268,3081198000.0,1773267000.0,1500819000.0,1.04,1.02,1.04,6116737000.0,5907815750.0,6116737000.0,43598631089.0,25.0,14.15,489654000.0,0.416,1.0,2422795000.0,0.211,3482403000.0,272448000.0,12253723000.0,12074705750.0,819745000.0,3861270000.0,2773922000.0,1087348000.0,9884040000.0,4701200000.0,5182840000.0,39416353089.0,-11862000.0,2884989000.0,-42116000.0,-3036586000.0,-441219000.0,-3590416000.0,1681889000.0,104820000.0,1845878000.0,1173000.0,1223870000.0,1223870000.0,1223870000.0,-209818000.0,0.0,0.107,836714000.0,1586081000.0,2980790000.0,0.361,6.444,32.206,32.188,3761729000.0,0.0,33.475,3.433,3.435,2633049000.0,6287905000.0,11480165000.0,11480165000.0,467354000.0,0.076,0.207,0.147,0.154,26466000.0,369360000.0,1.0,1177486276.0,1178178000,1225745000.0,9.744,12518374000.0,582695000.0,276949000.0,858785000.0,10.625,2358549000.0
17,SLB,MRY,2003-12-31,2003-12-31,2003-12-31,2021-09-07,-374704000.0,20041326000.0,19823708500.0,10369121000.0,9672205000.0,0.505,5.036,-1057843000.0,234192000.0,234192000.0,8428631000.0,383002000.0,1.526,2.408,7508586000.0,1411168000.0,6097418000.0,7508586000.0,0.0,1341102000.0,0.0,0.014,0.375,927719000.0,2268821000.0,0.226,2268821000.0,927719000.0,593383000.0,0.33,0.325,0.33,5881289000.0,5717864250.0,5881289000.0,39029833973.0,42.0,17.203,957545000.0,0.82,1.0,1588584000.0,0.159,4286686000.0,334336000.0,16234304000.0,15251252250.0,796559000.0,3875046000.0,2874781000.0,1000265000.0,14160037000.0,6794730000.0,7365307000.0,32035501973.0,59627000.0,581219000.0,172493000.0,-317808000.0,-437023000.0,-582338000.0,-1392429000.0,-1145700000.0,2015388000.0,6455000.0,383002000.0,383002000.0,383002000.0,15167000.0,0.0,0.038,795716000.0,792868000.0,3247545000.0,1.136,5.447,83.643,82.909,3799711000.0,0.0,27.36,3.198,3.19,2568425000.0,5505744000.0,10017215000.0,10017215000.0,430801000.0,0.019,0.067,0.061,0.093,13229000.0,364915000.0,1.0,1170888230.0,1167808000,1172982000.0,8.578,15754640000.0,631627000.0,210381000.0,807938000.0,13.491,3574391000.0
18,SLB,MRY,2002-12-31,2002-12-31,2002-12-31,2021-09-07,-547181000.0,19435195000.0,21694971000.0,7185440000.0,12249755000.0,0.445,4.845,-1269283000.0,168110000.0,168110000.0,7935757000.0,-2319995000.0,1.114,2.467,7164082000.0,1135533000.0,6028549000.0,7164082000.0,0.0,1308658000.0,0.0,0.018,0.375,-1700390000.0,-391732000.0,-0.041,-391732000.0,-1700390000.0,-2068363000.0,-2.005,-1.995,-2.005,5606138000.0,7817964750.0,5606138000.0,31804863375.0,-19.0,-81.19,611281000.0,0.528,1.0,1721650000.0,0.178,5807140000.0,367973000.0,14173109000.0,15495363500.0,1043057000.0,2662930000.0,1567906000.0,1095024000.0,13829057000.0,6450918000.0,7378139000.0,24440018375.0,-16180000.0,12345000.0,175085000.0,-591235000.0,-433134000.0,-849284000.0,-1180704000.0,51334000.0,1880564000.0,6586000.0,-2319995000.0,-2319995000.0,-2319995000.0,2808852000.0,0.0,-0.24,837728000.0,883922000.0,4580762000.0,-0.187,4.36,-10.535,-10.496,4663756000.0,0.0,21.045,2.531,2.522,3489406000.0,5560712000.0,9657407000.0,9657407000.0,451527000.0,-0.107,-0.297,-0.11,-0.176,0.0,386201000.0,1.0,1161321852.0,1157176000,1163866000.0,8.346,13628055000.0,582900000.0,251632000.0,625058000.0,11.777,734522000.0
19,SLB,MRY,2001-12-31,2001-12-31,2001-12-31,2021-09-07,-286838000.0,22326367000.0,21575285000.0,7704890000.0,14621477000.0,0.649,7.294,-2451654000.0,177704000.0,177704000.0,10816096000.0,522217000.0,1.239,1.665,7230890000.0,1015181000.0,6215709000.0,7230890000.0,0.0,1875559000.0,0.0,0.014,0.375,1471574000.0,3347133000.0,0.239,3347133000.0,1471574000.0,1086678000.0,0.455,0.455,0.455,8378481000.0,8280182500.0,8378481000.0,37957685517.0,26.0,11.34,-890249000.0,-0.775,1.0,3182088000.0,0.227,8101272000.0,384896000.0,15060496000.0,14381212500.0,1204263000.0,2664180000.0,1439997000.0,1224183000.0,13947886000.0,6217785000.0,7730101000.0,31635817517.0,29360000.0,-4328496000.0,121760000.0,3092966000.0,-430328000.0,2784398000.0,-4349239000.0,2430911000.0,1561405000.0,-12374000.0,522217000.0,522217000.0,522217000.0,-28363000.0,0.0,0.037,1710332000.0,1471756000.0,4506634000.0,0.824,3.776,60.58,60.385,4827879000.0,0.0,27.475,2.26,2.255,4028450000.0,8314766000.0,13998184000.0,13998184000.0,653928000.0,0.024,0.063,0.102,0.105,0.0,1056404000.0,1.0,1151440128.0,1148656000,1160428000.0,12.187,14225095000.0,447824000.0,564461000.0,587328000.0,12.384,1487105000.0
20,SLB,MRY,2000-12-31,2000-12-31,2000-12-31,2021-09-07,-139204000.0,17172731000.0,15922508750.0,7493211000.0,9679520000.0,0.644,7.276,-1418085000.0,160718000.0,160718000.0,7779578000.0,734596000.0,1.878,1.07,4165268000.0,592221000.0,3573047000.0,4165268000.0,0.0,1263060000.0,0.0,0.009,0.375,1229032000.0,2492092000.0,0.243,2492092000.0,1229032000.0,952933000.0,0.645,0.635,0.645,8295216000.0,8041892500.0,8295216000.0,46073063328.0,37.0,18.488,252511000.0,0.221,1.0,2475149000.0,0.241,2692202000.0,276099000.0,14494174000.0,11586955750.0,1111585000.0,5081080000.0,2879432000.0,2201648000.0,8877515000.0,3990905000.0,4886610000.0,45769796328.0,47202000.0,-920603000.0,229370000.0,345338000.0,-426465000.0,148243000.0,-1787069000.0,551619000.0,1670596000.0,-19073000.0,734596000.0,734596000.0,734596000.0,-14142000.0,0.0,0.072,1262422000.0,1212727000.0,2910725000.0,0.581,5.518,62.306,61.969,4394514000.0,0.0,39.97,4.463,4.444,2768848000.0,8223476000.0,10254727000.0,10254727000.0,529107000.0,0.046,0.091,0.106,0.12,0.0,733315000.0,1.0,1145103736.0,1140056000,1160152000.0,8.995,14480529000.0,530243000.0,218337000.0,379916000.0,12.702,3502306000.0
21,SLB,MRY,1999-12-31,1999-12-31,1999-12-31,2021-09-07,-137158000.0,15081192000.0,15744149750.0,8261429000.0,6819763000.0,0.556,7.036,-950903000.0,4389837000.0,4389837000.0,6877635000.0,366694000.0,2.378,0.953,3884966000.0,701792000.0,3183174000.0,3884966000.0,0.0,1150344000.0,0.0,0.013,0.376,700420000.0,1850764000.0,0.211,1850764000.0,700420000.0,507466000.0,0.335,0.325,0.335,7721028000.0,8066316750.0,7721028000.0,31146105422.0,44.0,16.829,753403000.0,0.687,1.0,1874070000.0,0.214,1645201000.0,192954000.0,9456632000.0,10591331000.0,956980000.0,1261930000.0,0.0,1261930000.0,7360164000.0,3474488000.0,3885676000.0,30862763422.0,27268000.0,-460338000.0,623474000.0,-95321000.0,-410494000.0,117659000.0,-1794697000.0,-91503000.0,1704306000.0,0.0,366694000.0,366694000.0,366694000.0,-37360000.0,0.0,0.042,1199806000.0,674264000.0,2282884000.0,1.122,3.997,84.165,83.776,3560740000.0,0.0,28.065,3.526,3.519,2429842000.0,7916612000.0,8751705000.0,8751705000.0,522240000.0,0.023,0.045,0.066,0.08,0.0,677566000.0,1.0,1099688702.0,1097360000,1127578000.0,7.975,13435991000.0,468854000.0,140772000.0,383159000.0,12.244,4786941000.0
22,SLB,MRY,1998-12-31,1998-12-31,1998-12-31,2021-09-07,-81480000.0,16077929000.0,14306586000.0,8805224000.0,7272705000.0,0.762,7.458,-1539112000.0,3956694000.0,3956694000.0,8405936000.0,1014199000.0,2.247,0.98,4081144000.0,795700000.0,3285444000.0,4081144000.0,0.0,1177347000.0,0.0,0.016,0.376,1427641000.0,2604988000.0,0.239,2604988000.0,1427641000.0,1290430000.0,0.93,0.905,0.93,8119075000.0,7568573750.0,8119075000.0,25669312941.0,18.0,9.854,877220000.0,0.806,1.0,2492100000.0,0.229,1302678000.0,137211000.0,10981033000.0,9489242750.0,1333131000.0,940016000.0,0.0,940016000.0,7958854000.0,3918668000.0,4040186000.0,25318747941.0,-42074000.0,61662000.0,139241000.0,1980434000.0,-388379000.0,1731296000.0,-4189702000.0,-2292163000.0,2416332000.0,0.0,1014199000.0,1014199000.0,1014199000.0,-396237000.0,0.0,0.093,1452249000.0,1039851000.0,2539954000.0,0.404,3.118,24.964,24.935,4694465000.0,0.0,23.19,2.323,2.317,2968070000.0,8882455000.0,10898036000.0,10898036000.0,556882000.0,0.071,0.134,0.15,0.131,0.0,895367000.0,1.0,1091795944.0,1088676000,1123710000.0,10.01,14775251000.0,498604000.0,276231000.0,480123000.0,13.572,4886556000.0
23,SLB,MRY,1997-12-31,1997-12-31,1997-12-31,2021-09-07,-63332000.0,13185881000.0,11457134750.0,6577721000.0,6608160000.0,0.939,6.843,-1306933000.0,1818332000.0,1818332000.0,7847796000.0,1384549000.0,1.692,0.786,2034016000.0,854660000.0,1179356000.0,2034016000.0,0.0,924223000.0,0.0,0.009,0.376,1848627000.0,2772850000.0,0.258,2772850000.0,1848627000.0,1772950000.0,1.285,1.235,1.285,7381169000.0,6390541000.0,7381169000.0,40296188914.0,22.0,14.532,553594000.0,0.513,1.0,2907393000.0,0.27,1379412000.0,75677000.0,8134134000.0,6873968000.0,1300541000.0,742751000.0,0.0,742751000.0,5804712000.0,3888019000.0,1916693000.0,40067070914.0,-9725000.0,-28233000.0,147954000.0,556448000.0,-377636000.0,326766000.0,-2197018000.0,-867894000.0,1860527000.0,0.0,1384549000.0,1384549000.0,1384549000.0,-297321000.0,0.0,0.129,1356087000.0,1551306000.0,2514220000.0,0.293,5.428,28.939,31.323,4121951000.0,0.0,40.25,3.725,4.037,2997010000.0,8265642000.0,10755189000.0,10755189000.0,509562000.0,0.121,0.217,0.269,0.172,0.0,846525000.0,1.0,995455178.0,1078660000,1119306000.0,9.971,11806469000.0,394099000.0,388401000.0,425318000.0,10.945,2689702000.0
24,SLB,MRY,1996-12-31,1996-12-31,1996-12-31,2021-09-07,-14221000.0,10325051000.0,9565761750.0,5042617000.0,5282434000.0,1.022,5.265,-1106287000.0,1358948000.0,1358948000.0,7282010000.0,919487000.0,1.451,0.835,1451048000.0,813845000.0,637203000.0,1451048000.0,0.0,940582000.0,0.0,0.015,0.375,858392000.0,1798974000.0,0.184,1798974000.0,858392000.0,778530000.0,0.86,0.845,0.86,5626380000.0,5342166000.0,5626380000.0,24677531325.0,29.0,13.718,434282000.0,0.406,1.0,2492493000.0,0.255,1225335000.0,79862000.0,5717406000.0,5368427250.0,938974000.0,323717000.0,0.0,323717000.0,4698671000.0,3474410000.0,1224261000.0,24599258325.0,63267000.0,-161635000.0,169054000.0,215506000.0,-374489000.0,10071000.0,-1487373000.0,-218914000.0,1540569000.0,0.0,919487000.0,919487000.0,919487000.0,0.0,0.0,0.094,1634101000.0,858392000.0,2200161000.0,0.436,4.372,26.753,29.035,3358581000.0,0.0,24.97,2.517,2.73,2260091000.0,7137744000.0,9774503000.0,9774503000.0,478875000.0,0.096,0.172,0.16,0.088,0.0,822135000.0,1.0,985152516.0,1068596000,1091218000.0,9.147,9099716000.0,426439000.0,-140957000.0,367562000.0,8.516,1568207000.0
25,SLB,MRY,1995-12-31,1995-12-31,1995-12-31,2021-09-07,-12806000.0,8910100000.0,,4023703000.0,4886397000.0,,5.12,-911911000.0,1120533000.0,1120533000.0,5804157000.0,649157000.0,1.456,0.795,1212524000.0,599120000.0,613404000.0,1212524000.0,0.0,820196000.0,0.0,0.021,0.356,851994000.0,1672190000.0,0.217,1672190000.0,851994000.0,770374000.0,0.665,0.66,0.665,4964017000.0,,4964017000.0,,,,282433000.0,0.291,1.0,1909073000.0,0.248,1330490000.0,81620000.0,4907329000.0,,782168000.0,279950000.0,0.0,279950000.0,3946083000.0,2764272000.0,1181811000.0,,14844000.0,-200805000.0,33125000.0,55619000.0,-327189000.0,-238445000.0,-941055000.0,129165000.0,1194344000.0,0.0,649157000.0,649157000.0,649157000.0,0.0,0.0,0.084,1057079000.0,851994000.0,1773605000.0,0.535,,,26.034,3118458000.0,0.0,17.312,,2.176,1939873000.0,6654072000.0,7713230000.0,7713230000.0,427848000.0,,,,0.11,0.0,629231000.0,1.0,,969496000,975728000.0,7.956,7579610000.0,0.0,121217000.0,299841000.0,7.818,1259431000.0
26,SLB,MRY,1994-12-31,1994-12-31,1994-12-31,2021-09-07,,,,,,,,-677597000.0,,,5107889000.0,536077000.0,,,,,,,,776167000.0,,0.024,0.3,680800000.0,1456967000.0,0.215,1456967000.0,680800000.0,617472000.0,0.552,,0.552,,,,,,,265466000.0,0.273,1.0,1672854000.0,0.247,,63328000.0,,,,,,,,,,,-6067000.0,-171631000.0,-86761000.0,229085000.0,-292368000.0,-150044000.0,-799086000.0,50230000.0,943063000.0,0.0,536077000.0,536077000.0,536077000.0,0.0,0.0,0.079,992054000.0,680800000.0,,0.543,,,22.817,,0.0,12.595,,1.809,,,6780743000.0,6780743000.0,418871000.0,,,,0.1,0.0,573183000.0,1.0,,973692000,,6.964,,,81395000.0,,,
0,SLB,MRQ,2021-06-30,2021-06-30,2021-06-30,2021-09-07,-4776000000.0,40908000000.0,,12077000000.0,28831000000.0,,9.129,-351000000.0,1439000000.0,1439000000.0,4768000000.0,443000000.0,1.375,2.182,15723000000.0,36000000.0,15687000000.0,15723000000.0,0.0,526000000.0,0.0,0.016,0.125,666000000.0,1192000000.0,0.212,1192000000.0,666000000.0,530000000.0,0.31,0.3,0.31,12762000000.0,,12762000000.0,60075622141.0,32.0,14.706,869000000.0,0.622,1.0,866000000.0,0.154,16298000000.0,136000000.0,30110000000.0,,3267000000.0,3278000000.0,1243000000.0,2035000000.0,27849000000.0,8784000000.0,19065000000.0,44760622141.0,165000000.0,-22000000.0,0.0,-871000000.0,-175000000.0,-1070000000.0,15000000.0,401000000.0,1220000000.0,6000000.0,431000000.0,431000000.0,431000000.0,0.0,12000000.0,0.076,204000000.0,662000000.0,7635000000.0,0.403,3.507,43.797,43.849,6473000000.0,0.0,32.01,2.068,2.067,5347000000.0,7399000000.0,5634000000.0,5634000000.0,134000000.0,,,,,72000000.0,70000000.0,1.0,1398332463.0,1398000000,1421000000.0,4.03,24610000000.0,0.0,99000000.0,924000000.0,17.604,3293000000.0
1,SLB,MRQ,2021-03-31,2021-03-31,2021-03-31,2021-09-07,-4664000000.0,42036000000.0,,12807000000.0,29229000000.0,,8.972,-270000000.0,1268000000.0,1268000000.0,4504000000.0,312000000.0,1.297,2.317,16583000000.0,749000000.0,15834000000.0,16583000000.0,0.0,532000000.0,0.0,0.018,0.125,509000000.0,1041000000.0,0.199,1041000000.0,509000000.0,373000000.0,0.21,0.21,0.21,12543000000.0,,12543000000.0,53899342852.0,-23.0,6737.418,159000000.0,0.114,1.0,719000000.0,0.138,16673000000.0,136000000.0,30805000000.0,,3303000000.0,3732000000.0,1642000000.0,2090000000.0,29064000000.0,9873000000.0,19191000000.0,37857342852.0,428000000.0,-13000000.0,62000000.0,-65000000.0,-174000000.0,-212000000.0,211000000.0,520000000.0,429000000.0,-4000000.0,299000000.0,299000000.0,299000000.0,0.0,13000000.0,0.057,216000000.0,503000000.0,7956000000.0,0.595,3.018,-13.316,-13.263,6620000000.0,0.0,27.19,1.772,1.779,5269000000.0,7142000000.0,5223000000.0,5223000000.0,135000000.0,,,,,84000000.0,81000000.0,1.0,1392325960.0,1398000000,1419000000.0,3.736,25363000000.0,0.0,74000000.0,983000000.0,18.142,2934000000.0
2,SLB,MRQ,2020-12-31,2020-12-31,2020-12-31,2021-09-07,-4884000000.0,42434000000.0,,12919000000.0,29515000000.0,,8.665,-324000000.0,844000000.0,844000000.0,4828000000.0,382000000.0,1.231,2.481,16886000000.0,850000000.0,16036000000.0,16886000000.0,0.0,583000000.0,0.0,0.04,0.125,607000000.0,1190000000.0,0.215,1190000000.0,607000000.0,463000000.0,0.27,0.27,0.27,12071000000.0,,12071000000.0,46932015096.0,-4.0,-5.723,554000000.0,0.398,1.0,704000000.0,0.127,16435000000.0,144000000.0,31550000000.0,,3354000000.0,4223000000.0,2162000000.0,2061000000.0,29945000000.0,10491000000.0,19454000000.0,30388015096.0,-380000000.0,109000000.0,0.0,-1292000000.0,-174000000.0,-1504000000.0,246000000.0,456000000.0,878000000.0,5000000.0,374000000.0,374000000.0,374000000.0,0.0,8000000.0,0.068,262000000.0,442000000.0,8442000000.0,0.463,2.517,-2.889,-2.884,6826000000.0,0.0,21.83,1.288,1.286,5247000000.0,7018000000.0,5532000000.0,5532000000.0,128000000.0,,,,,79000000.0,72000000.0,1.0,1392030009.0,1393000000,1393000000.0,3.971,25999000000.0,0.0,89000000.0,1015000000.0,18.664,2428000000.0
3,SLB,MRQ,2020-09-30,2020-09-30,2020-09-30,2021-09-07,-4743000000.0,44066000000.0,,14215000000.0,29851000000.0,,8.584,-253000000.0,1219000000.0,1219000000.0,4624000000.0,-73000000.0,1.22,2.654,17763000000.0,1292000000.0,16471000000.0,17763000000.0,0.0,587000000.0,0.0,0.08,0.125,75000000.0,662000000.0,0.126,662000000.0,75000000.0,-63000000.0,-0.06,-0.06,-0.06,11941000000.0,,11941000000.0,37502863121.0,-3.0,-4.714,226000000.0,0.162,1.0,634000000.0,0.121,16885000000.0,138000000.0,32074000000.0,,3542000000.0,4054000000.0,2618000000.0,1436000000.0,31697000000.0,11651000000.0,20046000000.0,21598863121.0,-240000000.0,24000000.0,61000000.0,134000000.0,-174000000.0,21000000.0,-740000000.0,-498000000.0,479000000.0,-3000000.0,-82000000.0,-82000000.0,-82000000.0,0.0,9000000.0,-0.016,572000000.0,62000000.0,9201000000.0,-2.083,1.809,-2.046,-2.045,7396000000.0,0.0,15.56,0.821,0.823,5552000000.0,6818000000.0,5258000000.0,5258000000.0,137000000.0,,,,,105000000.0,85000000.0,1.0,1388101743.0,1391000000,1391000000.0,3.78,27181000000.0,33000000.0,19000000.0,974000000.0,19.541,2564000000.0
4,SLB,MRQ,2020-06-30,2020-06-30,2020-06-30,2021-09-07,-4738000000.0,44667000000.0,,14379000000.0,30288000000.0,,8.674,-338000000.0,1462000000.0,1462000000.0,4925000000.0,-3428000000.0,1.233,2.675,17366000000.0,603000000.0,16763000000.0,17366000000.0,0.0,604000000.0,0.0,0.088,0.125,-3489000000.0,-2885000000.0,-0.539,-2885000000.0,-3489000000.0,-3633000000.0,-2.47,-2.47,-2.47,12040000000.0,,12040000000.0,40788879360.0,-2.0,-2.088,465000000.0,0.335,1.0,431000000.0,0.08,16932000000.0,144000000.0,31974000000.0,,3601000000.0,3611000000.0,2127000000.0,1484000000.0,32211000000.0,11665000000.0,20546000000.0,25521879360.0,89000000.0,-30000000.0,0.0,569000000.0,-694000000.0,-167000000.0,-547000000.0,-158000000.0,803000000.0,-2000000.0,-3434000000.0,-3434000000.0,-3434000000.0,0.0,6000000.0,-0.641,3947000000.0,-3516000000.0,9824000000.0,-0.051,2.12,-1.168,-1.166,7729000000.0,0.0,18.39,0.863,0.863,5808000000.0,7073000000.0,5356000000.0,5356000000.0,142000000.0,,,,,105000000.0,81000000.0,1.0,1387812907.0,1388000000,1388000000.0,3.859,27735000000.0,0.0,-199000000.0,1096000000.0,19.982,2714000000.0
5,SLB,MRQ,2020-03-31,2020-03-31,2020-03-31,2021-09-07,-4723000000.0,48594000000.0,,16266000000.0,32328000000.0,,11.219,-605000000.0,1375000000.0,1375000000.0,6624000000.0,-7368000000.0,1.227,2.096,16642000000.0,1233000000.0,15409000000.0,16642000000.0,0.0,792000000.0,0.0,0.148,0.5,-7961000000.0,-7169000000.0,-0.962,-7169000000.0,-7961000000.0,-8097000000.0,-5.32,-5.32,-5.32,15561000000.0,,15561000000.0,32834112004.0,-2.0,-2.194,179000000.0,0.129,1.0,831000000.0,0.111,17153000000.0,136000000.0,33446000000.0,,4148000000.0,3484000000.0,1969000000.0,1515000000.0,32611000000.0,13262000000.0,19349000000.0,18677112004.0,249000000.0,298000000.0,59000000.0,1419000000.0,-692000000.0,777000000.0,-1312000000.0,-941000000.0,784000000.0,-11000000.0,-7376000000.0,-7376000000.0,-7376000000.0,0.0,8000000.0,-0.989,8823000000.0,-7992000000.0,10168000000.0,-0.094,1.2,-1.041,-1.043,8550000000.0,0.0,13.49,0.575,0.576,7486000000.0,10681000000.0,7455000000.0,7455000000.0,173000000.0,,,,,108000000.0,127000000.0,1.0,1384515345.0,1387000000,1387000000.0,5.375,31441000000.0,155000000.0,-721000000.0,1157000000.0,22.668,3004000000.0
6,SLB,MRQ,2019-12-31,2019-12-31,2019-12-31,2021-09-07,-4438000000.0,56312000000.0,,15530000000.0,40782000000.0,,17.155,-799000000.0,1137000000.0,1137000000.0,7126000000.0,343000000.0,1.186,1.353,15294000000.0,524000000.0,14770000000.0,15294000000.0,0.0,848000000.0,0.0,0.05,0.5,589000000.0,1437000000.0,0.175,1437000000.0,589000000.0,442000000.0,0.24,0.24,0.24,23760000000.0,,23760000000.0,71142448533.0,-7.0,-11.383,1453000000.0,1.049,1.0,1102000000.0,0.134,23699000000.0,147000000.0,33672000000.0,,4130000000.0,2595000000.0,1030000000.0,1565000000.0,32136000000.0,13098000000.0,19038000000.0,55652448533.0,-48000000.0,584000000.0,0.0,-1372000000.0,-692000000.0,-2097000000.0,-203000000.0,79000000.0,2252000000.0,2000000.0,333000000.0,333000000.0,333000000.0,0.0,10000000.0,0.04,775000000.0,327000000.0,10663000000.0,2.083,2.342,-5.49,-5.492,9270000000.0,0.0,40.2,1.691,1.691,7747000000.0,18751000000.0,8228000000.0,8228000000.0,190000000.0,,,,,76000000.0,129000000.0,1.0,1384389267.0,1385000000,1385000000.0,5.941,32613000000.0,0.0,109000000.0,1700000000.0,23.547,2432000000.0
7,SLB,MRQ,2019-09-30,2019-09-30,2019-09-30,2021-09-07,-4569000000.0,57990000000.0,,16151000000.0,41839000000.0,,17.266,-679000000.0,1183000000.0,1183000000.0,7385000000.0,-11373000000.0,1.294,1.408,16673000000.0,340000000.0,16333000000.0,16673000000.0,0.0,900000000.0,0.0,0.059,0.5,-11821000000.0,-10921000000.0,-1.279,-10921000000.0,-11821000000.0,-11981000000.0,-8.22,-8.22,-8.22,23913000000.0,,23913000000.0,62867283344.0,-7.0,-10.499,1066000000.0,0.77,1.0,1156000000.0,0.135,23987000000.0,160000000.0,37010000000.0,,4341000000.0,2444000000.0,1109000000.0,1335000000.0,33663000000.0,12483000000.0,21180000000.0,47257283344.0,-279000000.0,-4000000.0,34000000.0,-382000000.0,-692000000.0,-1090000000.0,-934000000.0,-226000000.0,1745000000.0,-4000000.0,-11383000000.0,-11383000000.0,-11383000000.0,0.0,10000000.0,-1.333,12988000000.0,-11832000000.0,10364000000.0,-0.061,1.976,-4.759,-4.766,9605000000.0,0.0,34.17,1.438,1.44,8332000000.0,19111000000.0,8541000000.0,8541000000.0,176000000.0,,,,,135000000.0,120000000.0,1.0,1383005073.0,1385000000,1385000000.0,6.167,34003000000.0,0.0,-598000000.0,1669000000.0,24.551,3668000000.0
8,SLB,MRQ,2019-06-30,2019-06-30,2019-06-30,2021-09-07,-4544000000.0,70591000000.0,,16333000000.0,54258000000.0,,25.905,-649000000.0,1466000000.0,1466000000.0,7252000000.0,494000000.0,1.387,0.957,17076000000.0,98000000.0,16978000000.0,17076000000.0,0.0,938000000.0,0.0,0.05,0.5,747000000.0,1685000000.0,0.204,1685000000.0,747000000.0,591000000.0,0.36,0.35,0.36,35852000000.0,,35852000000.0,70362759089.0,23.0,10.44,459000000.0,0.332,1.0,1017000000.0,0.123,34012000000.0,156000000.0,40416000000.0,,4389000000.0,2440000000.0,882000000.0,1558000000.0,34318000000.0,11773000000.0,22545000000.0,55044759089.0,230000000.0,-17000000.0,-102000000.0,509000000.0,-693000000.0,-234000000.0,-644000000.0,44000000.0,1108000000.0,6000000.0,492000000.0,492000000.0,492000000.0,0.0,2000000.0,0.059,293000000.0,724000000.0,9851000000.0,1.389,1.535,26.262,26.318,11359000000.0,0.0,39.74,1.677,1.675,8471000000.0,31186000000.0,8269000000.0,8269000000.0,179000000.0,,,,,86000000.0,114000000.0,1.0,1385122272.0,1384000000,1395000000.0,5.975,36579000000.0,0.0,99000000.0,2453000000.0,26.43,4560000000.0
9,SLB,MRQ,2019-03-31,2019-03-31,2019-03-31,2021-09-07,-4527000000.0,70321000000.0,,15773000000.0,54548000000.0,,26.067,-609000000.0,1230000000.0,1230000000.0,6952000000.0,430000000.0,1.348,0.936,16548000000.0,99000000.0,16449000000.0,16548000000.0,0.0,903000000.0,0.0,0.046,0.5,647000000.0,1550000000.0,0.197,1550000000.0,647000000.0,500000000.0,0.3,0.3,0.3,36103000000.0,,36103000000.0,74873755597.0,25.0,11.326,-283000000.0,-0.204,1.0,927000000.0,0.118,34140000000.0,147000000.0,39802000000.0,,4224000000.0,2469000000.0,925000000.0,1544000000.0,33797000000.0,11697000000.0,22100000000.0,60255755597.0,-201000000.0,0.0,9000000.0,406000000.0,-692000000.0,-297000000.0,-230000000.0,420000000.0,326000000.0,-2000000.0,421000000.0,421000000.0,421000000.0,0.0,9000000.0,0.053,285000000.0,642000000.0,9702000000.0,1.667,1.669,29.624,29.842,11533000000.0,0.0,43.57,1.833,1.836,8171000000.0,31386000000.0,7879000000.0,7879000000.0,173000000.0,,,,,108000000.0,112000000.0,1.0,1382964324.0,1385000000,1397000000.0,5.689,36181000000.0,0.0,79000000.0,2569000000.0,26.123,4076000000.0
10,SLB,MRQ,2018-12-31,2018-12-31,2018-12-31,2021-09-07,-4622000000.0,70507000000.0,,15731000000.0,54776000000.0,,26.11,-920000000.0,1433000000.0,1433000000.0,7172000000.0,549000000.0,1.166,0.938,16051000000.0,1407000000.0,14644000000.0,16051000000.0,0.0,919000000.0,0.0,0.055,0.5,779000000.0,1698000000.0,0.208,1698000000.0,779000000.0,638000000.0,0.39,0.38,0.39,36162000000.0,,36162000000.0,65844649305.0,21.0,9.804,1411000000.0,1.019,1.0,1007000000.0,0.123,34259000000.0,141000000.0,37380000000.0,,4010000000.0,2882000000.0,1344000000.0,1538000000.0,33921000000.0,13486000000.0,20435000000.0,49963649305.0,-53000000.0,577000000.0,-95000000.0,-1265000000.0,-693000000.0,-2069000000.0,-315000000.0,21000000.0,2331000000.0,-7000000.0,539000000.0,539000000.0,539000000.0,0.0,10000000.0,0.066,464000000.0,543000000.0,10223000000.0,1.282,1.382,23.369,23.429,11679000000.0,0.0,36.08,1.523,1.523,7881000000.0,31658000000.0,8179000000.0,8179000000.0,178000000.0,,,,,86000000.0,114000000.0,1.0,1384801810.0,1385000000,1393000000.0,5.905,36248000000.0,0.0,99000000.0,2596000000.0,26.172,2245000000.0
11,SLB,MRQ,2018-09-30,2018-09-30,2018-09-30,2021-09-07,-4313000000.0,70046000000.0,,16483000000.0,53563000000.0,,26.378,-866000000.0,1493000000.0,1493000000.0,7324000000.0,658000000.0,1.129,0.906,17374000000.0,3215000000.0,14159000000.0,17374000000.0,0.0,887000000.0,0.0,0.033,0.5,920000000.0,1807000000.0,0.212,1807000000.0,920000000.0,773000000.0,0.46,0.46,0.46,36533000000.0,,36533000000.0,100460524058.0,303.0,25.925,961000000.0,0.694,1.0,1180000000.0,0.139,34703000000.0,147000000.0,36624000000.0,,4108000000.0,2858000000.0,1361000000.0,1497000000.0,33098000000.0,14600000000.0,18498000000.0,84320524058.0,32000000.0,-243000000.0,23000000.0,-224000000.0,-692000000.0,-900000000.0,-895000000.0,230000000.0,1827000000.0,0.0,644000000.0,644000000.0,644000000.0,0.0,14000000.0,0.076,282000000.0,898000000.0,9419000000.0,1.087,2.308,-128.734,-129.617,11739000000.0,0.0,60.92,2.57,2.571,8409000000.0,31712000000.0,8504000000.0,8504000000.0,177000000.0,,,,,83000000.0,105000000.0,1.0,1384118911.0,1385000000,1392000000.0,6.14,35343000000.0,0.0,129000000.0,2794000000.0,25.518,1883000000.0
12,SLB,MRQ,2018-06-30,2018-06-30,2018-06-30,2021-09-07,-4305000000.0,70156000000.0,,16900000000.0,53256000000.0,,26.361,-735000000.0,1461000000.0,1461000000.0,7179000000.0,441000000.0,1.122,0.912,17601000000.0,3736000000.0,13865000000.0,17601000000.0,0.0,876000000.0,0.0,0.03,0.5,680000000.0,1556000000.0,0.187,1556000000.0,680000000.0,536000000.0,0.31,0.31,0.31,36484000000.0,,36484000000.0,109092479401.0,496.0,28.469,252000000.0,0.182,1.0,1124000000.0,0.135,34899000000.0,144000000.0,36331000000.0,,4120000000.0,3075000000.0,1588000000.0,1487000000.0,33259000000.0,15066000000.0,18193000000.0,92845479401.0,-389000000.0,-34000000.0,-97000000.0,-415000000.0,-693000000.0,-1264000000.0,-112000000.0,712000000.0,987000000.0,-15000000.0,430000000.0,430000000.0,430000000.0,0.0,11000000.0,0.052,473000000.0,651000000.0,9367000000.0,1.613,2.545,-123.137,-124.13,11504000000.0,0.0,67.03,2.882,2.88,8606000000.0,31760000000.0,8303000000.0,8303000000.0,175000000.0,,,,,86000000.0,114000000.0,1.0,1385133215.0,1384000000,1392000000.0,5.999,35257000000.0,0.0,106000000.0,2805000000.0,25.475,1834000000.0
13,SLB,MRQ,2018-03-31,2018-03-31,2018-03-31,2021-09-07,-4159000000.0,71478000000.0,,18055000000.0,53423000000.0,,26.66,-720000000.0,1865000000.0,1865000000.0,6802000000.0,530000000.0,1.115,0.925,18112000000.0,4586000000.0,13526000000.0,18112000000.0,0.0,874000000.0,0.0,0.031,0.5,781000000.0,1655000000.0,0.211,1655000000.0,781000000.0,638000000.0,0.38,0.38,0.38,36924000000.0,,36924000000.0,106051165229.0,-361.0,30.937,-152000000.0,-0.11,1.0,1027000000.0,0.131,35044000000.0,143000000.0,36486000000.0,,4174000000.0,3783000000.0,2300000000.0,1483000000.0,34152000000.0,16195000000.0,17957000000.0,89651165229.0,63000000.0,-13000000.0,30000000.0,-144000000.0,-692000000.0,-787000000.0,282000000.0,980000000.0,568000000.0,3000000.0,525000000.0,525000000.0,525000000.0,0.0,5000000.0,0.067,283000000.0,744000000.0,9598000000.0,1.316,2.428,-71.265,-71.978,11556000000.0,0.0,64.78,2.857,2.86,8472000000.0,32022000000.0,7829000000.0,7829000000.0,172000000.0,,,,,90000000.0,111000000.0,1.0,1383932776.0,1385000000,1394000000.0,5.653,36434000000.0,0.0,113000000.0,2890000000.0,26.306,1860000000.0
14,SLB,MRQ,2017-12-31,2017-12-31,2017-12-31,2021-09-07,-4274000000.0,71987000000.0,,18497000000.0,53490000000.0,,26.543,-1795000000.0,1799000000.0,1799000000.0,7200000000.0,-2271000000.0,1.21,0.943,18199000000.0,3324000000.0,14875000000.0,18199000000.0,0.0,906000000.0,0.0,0.03,0.5,-2049000000.0,-1143000000.0,-0.14,-1143000000.0,-2049000000.0,-2193000000.0,-1.62,-1.62,-1.62,36842000000.0,,36842000000.0,108822785289.0,-179.0,33.712,456000000.0,0.329,1.0,979000000.0,0.12,35199000000.0,144000000.0,37906000000.0,,4046000000.0,4809000000.0,3290000000.0,1519000000.0,34726000000.0,15282000000.0,19444000000.0,93352785289.0,111000000.0,-465000000.0,-65000000.0,1023000000.0,-692000000.0,278000000.0,-2418000000.0,-33000000.0,2251000000.0,-2000000.0,-2254000000.0,-2254000000.0,-2254000000.0,0.0,-17000000.0,-0.276,3097000000.0,-2118000000.0,10036000000.0,-0.309,2.534,-62.028,-62.398,11576000000.0,0.0,67.39,3.067,3.073,8084000000.0,32190000000.0,8179000000.0,8179000000.0,192000000.0,,,,,82000000.0,109000000.0,1.0,1385261690.0,1388000000,1367000000.0,5.893,36788000000.0,0.0,61000000.0,2873000000.0,26.504,3215000000.0
15,SLB,MRQ,2017-09-30,2017-09-30,2017-09-30,2021-09-07,-4460000000.0,73569000000.0,,19914000000.0,53655000000.0,,28.573,-795000000.0,1690000000.0,1690000000.0,6797000000.0,556000000.0,1.53,0.848,17160000000.0,1289000000.0,15871000000.0,17160000000.0,0.0,956000000.0,0.0,0.029,0.5,808000000.0,1764000000.0,0.223,1764000000.0,808000000.0,666000000.0,0.39,0.39,0.39,39573000000.0,,39573000000.0,113505406099.0,84.0,21.4,1103000000.0,0.796,1.0,1108000000.0,0.14,35645000000.0,142000000.0,40380000000.0,,4308000000.0,4743000000.0,3262000000.0,1481000000.0,33559000000.0,13014000000.0,20545000000.0,96584406099.0,-223000000.0,-18000000.0,20000000.0,-1688000000.0,-693000000.0,-2342000000.0,221000000.0,1065000000.0,1898000000.0,10000000.0,545000000.0,545000000.0,545000000.0,0.0,11000000.0,0.069,353000000.0,755000000.0,9715000000.0,1.282,2.441,177.219,174.4,12338000000.0,0.0,69.76,3.289,3.29,9436000000.0,35136000000.0,7905000000.0,7905000000.0,189000000.0,,,,,81000000.0,115000000.0,1.0,1384524170.0,1385000000,1392000000.0,5.708,37924000000.0,0.0,121000000.0,3203000000.0,27.382,6900000000.0
16,SLB,MRQ,2017-06-30,2017-06-30,2017-06-30,2021-09-07,-4558000000.0,74862000000.0,,21273000000.0,53589000000.0,,28.493,-761000000.0,1903000000.0,1903000000.0,6468000000.0,-81000000.0,1.573,0.883,18824000000.0,2224000000.0,16600000000.0,18824000000.0,0.0,986000000.0,0.0,0.03,0.5,166000000.0,1152000000.0,0.154,1152000000.0,166000000.0,24000000.0,-0.05,-0.05,-0.05,39520000000.0,,39520000000.0,108568156067.0,123.0,22.28,97000000.0,0.07,1.0,994000000.0,0.133,35736000000.0,142000000.0,42520000000.0,,4338000000.0,5881000000.0,4315000000.0,1566000000.0,34910000000.0,13527000000.0,21383000000.0,91483156067.0,-1000000.0,-91000000.0,-390000000.0,-265000000.0,-697000000.0,-1332000000.0,473000000.0,1362000000.0,858000000.0,2000000.0,-74000000.0,-74000000.0,-74000000.0,0.0,-7000000.0,-0.01,897000000.0,97000000.0,9444000000.0,-10.0,2.315,519.791,470.286,12358000000.0,0.0,65.84,3.212,3.206,8925000000.0,35284000000.0,7462000000.0,7462000000.0,196000000.0,,,,,92000000.0,110000000.0,1.0,1389476854.0,1387000000,1387000000.0,5.38,39126000000.0,0.0,98000000.0,3159000000.0,28.209,7746000000.0
17,SLB,MRQ,2017-03-31,2017-03-31,2017-03-31,2021-09-07,-4529000000.0,76175000000.0,,21883000000.0,54292000000.0,,29.15,-641000000.0,1902000000.0,1902000000.0,6076000000.0,284000000.0,1.588,0.865,18987000000.0,2449000000.0,16538000000.0,18987000000.0,0.0,989000000.0,0.0,0.026,0.5,468000000.0,1457000000.0,0.211,1457000000.0,468000000.0,329000000.0,0.2,0.2,0.2,40606000000.0,,40606000000.0,125361237331.0,-75.0,51.064,15000000.0,0.011,1.0,818000000.0,0.119,35877000000.0,139000000.0,43607000000.0,,4288000000.0,7171000000.0,5451000000.0,1720000000.0,35121000000.0,13776000000.0,21345000000.0,108674237331.0,-1036000000.0,-273000000.0,-237000000.0,-682000000.0,-696000000.0,-1637000000.0,-55000000.0,883000000.0,656000000.0,9000000.0,279000000.0,279000000.0,279000000.0,0.0,5000000.0,0.04,391000000.0,427000000.0,9408000000.0,2.5,2.676,-56.898,-57.007,12507000000.0,0.0,78.1,3.856,3.86,8636000000.0,36052000000.0,6894000000.0,6894000000.0,211000000.0,,,,,88000000.0,98000000.0,1.0,1391475510.0,1393000000,1402000000.0,4.949,40298000000.0,0.0,50000000.0,3123000000.0,28.929,8107000000.0
18,SLB,MRQ,2016-12-31,2016-12-31,2016-12-31,2021-09-07,-4643000000.0,77956000000.0,,23927000000.0,54029000000.0,,29.489,-949000000.0,2929000000.0,2929000000.0,6193000000.0,-195000000.0,1.589,0.887,19616000000.0,3153000000.0,16463000000.0,19616000000.0,0.0,1016000000.0,0.0,0.024,0.5,-85000000.0,931000000.0,0.131,931000000.0,-85000000.0,-224000000.0,-0.14,-0.14,-0.14,41078000000.0,,41078000000.0,134636340096.0,-97.0,49.884,1064000000.0,0.764,1.0,914000000.0,0.129,35918000000.0,139000000.0,43666000000.0,,4225000000.0,7809000000.0,6328000000.0,1481000000.0,36427000000.0,15059000000.0,21368000000.0,116800340096.0,-408000000.0,-147000000.0,-45000000.0,-1615000000.0,-696000000.0,-2389000000.0,-32000000.0,1105000000.0,2013000000.0,-104000000.0,-205000000.0,-205000000.0,-205000000.0,0.0,10000000.0,-0.029,1036000000.0,-122000000.0,10016000000.0,-3.571,2.843,-69.236,-67.702,12821000000.0,0.0,83.95,4.2,4.096,9387000000.0,36470000000.0,7107000000.0,7107000000.0,262000000.0,,,,,57000000.0,98000000.0,1.0,1391308399.0,1393000000,1393000000.0,5.102,42038000000.0,0.0,-19000000.0,3068000000.0,30.178,8868000000.0
19,SLB,MRQ,2016-09-30,2016-09-30,2016-09-30,2021-09-07,-4388000000.0,80594000000.0,,26425000000.0,54169000000.0,,30.341,-707000000.0,3441000000.0,3441000000.0,6291000000.0,190000000.0,1.765,0.9,21277000000.0,3739000000.0,17538000000.0,21277000000.0,0.0,998000000.0,0.0,0.025,0.5,335000000.0,1333000000.0,0.19,1333000000.0,335000000.0,186000000.0,0.13,0.13,0.13,42234000000.0,,42234000000.0,128040139199.0,-55.0,75.629,699000000.0,0.502,1.0,728000000.0,0.104,35836000000.0,149000000.0,47622000000.0,,4572000000.0,8952000000.0,7315000000.0,1637000000.0,38020000000.0,14972000000.0,23048000000.0,109364139199.0,476000000.0,-31000000.0,-7000000.0,-357000000.0,-696000000.0,-1116000000.0,186000000.0,963000000.0,1406000000.0,18000000.0,176000000.0,176000000.0,176000000.0,0.0,14000000.0,0.025,433000000.0,295000000.0,9439000000.0,3.846,2.589,-43.763,-42.973,13004000000.0,0.0,78.64,3.844,3.848,9565000000.0,37370000000.0,7019000000.0,7019000000.0,253000000.0,,,,,65000000.0,92000000.0,1.0,1390693530.0,1392000000,1401000000.0,5.042,44758000000.0,391000000.0,10000000.0,3714000000.0,32.154,11453000000.0
20,SLB,MRQ,2016-06-30,2016-06-30,2016-06-30,2021-09-07,-4478000000.0,81171000000.0,,27195000000.0,53976000000.0,,30.677,-747000000.0,2947000000.0,2947000000.0,6465000000.0,-2146000000.0,1.862,0.896,21623000000.0,3371000000.0,18252000000.0,21623000000.0,0.0,1113000000.0,0.0,0.025,0.5,-2379000000.0,-1266000000.0,-0.177,-1266000000.0,-2379000000.0,-2528000000.0,-1.56,-1.56,-1.56,42610000000.0,,42610000000.0,118441586085.0,-87.0,43.689,885000000.0,0.637,1.0,699000000.0,0.098,35500000000.0,149000000.0,49738000000.0,,5001000000.0,9907000000.0,8245000000.0,1662000000.0,38192000000.0,14609000000.0,23583000000.0,99034586085.0,857000000.0,-2139000000.0,1000000.0,-2886000000.0,-626000000.0,-3510000000.0,2735000000.0,5569000000.0,1632000000.0,10000000.0,-2160000000.0,-2160000000.0,-2160000000.0,0.0,14000000.0,-0.302,3118000000.0,-2419000000.0,9494000000.0,-0.321,2.324,-58.739,-67.017,13226000000.0,0.0,79.08,3.312,3.674,9374000000.0,37889000000.0,7164000000.0,7164000000.0,257000000.0,,,,,84000000.0,103000000.0,1.0,1252334169.0,1389000000,1389000000.0,5.158,45671000000.0,391000000.0,-368000000.0,3674000000.0,32.88,12586000000.0
21,SLB,MRQ,2016-03-31,2016-03-31,2016-03-31,2021-09-07,-4466000000.0,69141000000.0,,27700000000.0,41441000000.0,,28.197,-1313000000.0,2080000000.0,2080000000.0,5460000000.0,523000000.0,2.151,0.947,21487000000.0,4254000000.0,17233000000.0,21487000000.0,0.0,967000000.0,0.0,0.027,0.5,733000000.0,1700000000.0,0.261,1700000000.0,733000000.0,600000000.0,0.4,0.4,0.4,35359000000.0,,35359000000.0,108863138525.0,43.0,16.656,-103000000.0,-0.082,1.0,1060000000.0,0.163,21308000000.0,133000000.0,54360000000.0,,3612000000.0,16094000000.0,12352000000.0,3742000000.0,33479000000.0,12880000000.0,20599000000.0,92657138525.0,-716000000.0,-81000000.0,-312000000.0,2481000000.0,-629000000.0,1587000000.0,-3513000000.0,-2093000000.0,1210000000.0,3000000.0,501000000.0,501000000.0,501000000.0,0.0,22000000.0,0.077,350000000.0,710000000.0,6725000000.0,1.25,2.62,57.983,58.071,13259000000.0,0.0,73.75,2.919,2.913,8382000000.0,40745000000.0,6520000000.0,6520000000.0,240000000.0,,,,,61000000.0,110000000.0,1.0,1256367980.0,1254000000,1259000000.0,5.199,47833000000.0,208000000.0,99000000.0,2192000000.0,38.144,14820000000.0
22,SLB,MRQ,2015-12-31,2015-12-31,2015-12-31,2021-09-07,-4558000000.0,68005000000.0,,26912000000.0,41093000000.0,,28.325,-1380000000.0,2793000000.0,2793000000.0,6293000000.0,-990000000.0,1.906,0.901,18999000000.0,4557000000.0,14442000000.0,18999000000.0,0.0,963000000.0,0.0,0.029,0.5,-1037000000.0,-74000000.0,-0.01,-74000000.0,-1037000000.0,-1129000000.0,-0.8,-0.79,-0.8,35633000000.0,,35633000000.0,97037983633.0,31.0,13.399,798000000.0,0.634,1.0,1451000000.0,0.187,21200000000.0,92000000.0,48890000000.0,,3756000000.0,13970000000.0,10241000000.0,3729000000.0,32100000000.0,14121000000.0,17979000000.0,87961983633.0,-371000000.0,-154000000.0,-373000000.0,6933000000.0,-633000000.0,5677000000.0,-8226000000.0,-6787000000.0,2178000000.0,-8000000.0,-1016000000.0,-1016000000.0,-1016000000.0,0.0,26000000.0,-0.131,2543000000.0,-1092000000.0,7727000000.0,-0.625,2.469,42.453,42.791,13415000000.0,0.0,69.75,2.48,2.491,8780000000.0,40870000000.0,7744000000.0,7744000000.0,275000000.0,,,,,76000000.0,132000000.0,1.0,1261103708.0,1258000000,1266000000.0,6.156,46805000000.0,208000000.0,-113000000.0,2278000000.0,37.206,12791000000.0
23,SLB,MRQ,2015-09-30,2015-09-30,2015-09-30,2021-09-07,-4193000000.0,63342000000.0,,21532000000.0,41810000000.0,,29.993,-833000000.0,3172000000.0,3172000000.0,6798000000.0,1003000000.0,1.537,0.663,12248000000.0,4761000000.0,7487000000.0,12248000000.0,0.0,1026000000.0,0.0,0.028,0.5,1325000000.0,2351000000.0,0.278,2351000000.0,1325000000.0,1239000000.0,0.78,0.78,0.78,37941000000.0,,37941000000.0,97078020772.0,19.0,10.59,1710000000.0,1.352,1.0,1674000000.0,0.198,21100000000.0,86000000.0,37308000000.0,,4228000000.0,7231000000.0,3433000000.0,3798000000.0,25163000000.0,14010000000.0,11153000000.0,87278020772.0,-359000000.0,-118000000.0,-378000000.0,-1167000000.0,-635000000.0,-2192000000.0,-710000000.0,329000000.0,2543000000.0,-10000000.0,989000000.0,989000000.0,989000000.0,0.0,14000000.0,0.117,395000000.0,1279000000.0,7186000000.0,0.641,2.3,25.746,25.735,14554000000.0,0.0,68.97,2.162,2.161,9372000000.0,42515000000.0,8472000000.0,8472000000.0,273000000.0,,,,,83000000.0,122000000.0,1.0,1265449047.0,1265000000,1272000000.0,6.697,42242000000.0,150000000.0,250000000.0,2701000000.0,33.393,7522000000.0
24,SLB,MRQ,2015-06-30,2015-06-30,2015-06-30,2021-09-07,-4108000000.0,64753000000.0,,22861000000.0,41892000000.0,,29.917,-820000000.0,3541000000.0,3541000000.0,7136000000.0,1134000000.0,1.66,0.7,13341000000.0,4231000000.0,9110000000.0,13341000000.0,0.0,1047000000.0,0.0,0.021,0.5,1512000000.0,2559000000.0,0.284,2559000000.0,1512000000.0,1426000000.0,0.89,0.88,0.89,37965000000.0,,37965000000.0,120042754961.0,19.0,11.495,1494000000.0,1.177,1.0,1874000000.0,0.208,20963000000.0,86000000.0,39816000000.0,,4581000000.0,7564000000.0,3733000000.0,3831000000.0,26568000000.0,13774000000.0,12794000000.0,109437754961.0,1416000000.0,-127000000.0,-446000000.0,499000000.0,-639000000.0,-586000000.0,-79000000.0,917000000.0,2314000000.0,4000000.0,1124000000.0,1124000000.0,1124000000.0,0.0,10000000.0,0.125,399000000.0,1475000000.0,7479000000.0,0.562,2.883,25.158,25.276,14848000000.0,0.0,86.19,2.457,2.455,9569000000.0,42158000000.0,9010000000.0,9010000000.0,279000000.0,,,,,87000000.0,120000000.0,1.0,1269726824.0,1269000000,1280000000.0,7.1,43790000000.0,168000000.0,302000000.0,2757000000.0,34.507,9087000000.0
25,SLB,MRQ,2015-03-31,2015-03-31,2015-03-31,2021-09-07,-4285000000.0,65411000000.0,,23394000000.0,42017000000.0,,29.511,-816000000.0,2121000000.0,2121000000.0,8096000000.0,988000000.0,1.605,0.731,12726000000.0,3828000000.0,8898000000.0,12726000000.0,0.0,1042000000.0,0.0,0.02,0.5,1363000000.0,2405000000.0,0.235,2405000000.0,1363000000.0,1281000000.0,0.76,0.76,0.76,37656000000.0,,37656000000.0,116612066990.0,17.0,10.533,954000000.0,0.748,1.0,2152000000.0,0.21,20937000000.0,82000000.0,40507000000.0,,4666000000.0,8390000000.0,4682000000.0,3708000000.0,27545000000.0,14572000000.0,12973000000.0,106412066990.0,-992000000.0,-44000000.0,-537000000.0,-474000000.0,-512000000.0,-1525000000.0,-1237000000.0,-307000000.0,1770000000.0,-17000000.0,975000000.0,975000000.0,975000000.0,0.0,13000000.0,0.095,825000000.0,1327000000.0,8469000000.0,0.658,2.826,22.073,22.251,15135000000.0,0.0,83.44,2.236,2.237,10443000000.0,41669000000.0,10248000000.0,10248000000.0,267000000.0,,,,,80000000.0,119000000.0,1.0,1275312404.0,1276000000,1285000000.0,8.031,44474000000.0,156000000.0,306000000.0,2994000000.0,34.854,8822000000.0
26,SLB,MRQ,2014-12-31,2014-12-31,2014-12-31,2021-09-07,-4206000000.0,66904000000.0,,24694000000.0,42210000000.0,,29.57,-1490000000.0,3130000000.0,3130000000.0,9690000000.0,318000000.0,1.742,0.762,13330000000.0,2765000000.0,10565000000.0,13330000000.0,0.0,1065000000.0,0.0,0.019,0.4,787000000.0,1852000000.0,0.147,1852000000.0,787000000.0,700000000.0,0.25,0.25,0.25,37850000000.0,,37850000000.0,119864067426.0,15.0,10.133,2423000000.0,1.893,1.0,2951000000.0,0.233,20934000000.0,87000000.0,41994000000.0,,4628000000.0,8048000000.0,4371000000.0,3677000000.0,28855000000.0,14176000000.0,14679000000.0,109905067426.0,63000000.0,-452000000.0,-1066000000.0,360000000.0,-517000000.0,-1223000000.0,-2627000000.0,-701000000.0,3913000000.0,-51000000.0,302000000.0,302000000.0,302000000.0,0.0,16000000.0,0.024,2219000000.0,732000000.0,9246000000.0,1.6,2.904,20.211,20.336,15396000000.0,0.0,85.41,2.262,2.277,11171000000.0,41333000000.0,12641000000.0,12641000000.0,324000000.0,,,,,83000000.0,122000000.0,1.0,1286793905.0,1280000000,1290000000.0,9.876,45970000000.0,144000000.0,398000000.0,2943000000.0,35.914,10518000000.0
27,SLB,MRQ,2014-09-30,2014-09-30,2014-09-30,2021-09-07,-2741000000.0,68320000000.0,,25473000000.0,42847000000.0,,31.302,-1230000000.0,3118000000.0,3118000000.0,9689000000.0,1964000000.0,2.056,0.682,13077000000.0,1451000000.0,11626000000.0,13077000000.0,0.0,1032000000.0,0.0,0.015,0.4,2595000000.0,3627000000.0,0.287,3627000000.0,2595000000.0,2505000000.0,1.51,1.49,1.51,40505000000.0,,40505000000.0,142812608161.0,16.0,10.807,1833000000.0,1.417,1.0,2957000000.0,0.234,20684000000.0,90000000.0,45207000000.0,,4702000000.0,7337000000.0,3641000000.0,3696000000.0,27633000000.0,12388000000.0,15245000000.0,131834608161.0,870000000.0,-85000000.0,-1205000000.0,30000000.0,-519000000.0,-1700000000.0,-517000000.0,798000000.0,3063000000.0,-19000000.0,1949000000.0,1949000000.0,1949000000.0,0.0,15000000.0,0.154,426000000.0,2531000000.0,8916000000.0,0.265,3.255,19.387,19.444,15809000000.0,0.0,101.69,2.755,2.75,12352000000.0,41543000000.0,12646000000.0,12646000000.0,301000000.0,,,,,84000000.0,125000000.0,1.0,1296436308.0,1294000000,1310000000.0,9.773,47636000000.0,287000000.0,556000000.0,3232000000.0,36.813,13085000000.0
28,SLB,MRQ,2014-06-30,2014-06-30,2014-06-30,2021-09-07,-2399000000.0,68086000000.0,,25414000000.0,42672000000.0,,31.182,-1169000000.0,2267000000.0,2267000000.0,9269000000.0,1616000000.0,2.074,0.676,13245000000.0,1505000000.0,11740000000.0,13245000000.0,0.0,996000000.0,0.0,0.012,0.4,2191000000.0,3187000000.0,0.264,3187000000.0,2191000000.0,2101000000.0,1.23,1.21,1.23,40536000000.0,,40536000000.0,162330549703.0,18.0,12.589,1213000000.0,0.933,1.0,2785000000.0,0.231,20685000000.0,90000000.0,46128000000.0,,4770000000.0,8254000000.0,4432000000.0,3822000000.0,27384000000.0,12251000000.0,15133000000.0,153593549703.0,-1491000000.0,-232000000.0,-963000000.0,259000000.0,-522000000.0,-1265000000.0,-2608000000.0,-1227000000.0,2382000000.0,6000000.0,1595000000.0,1595000000.0,1595000000.0,205000000.0,21000000.0,0.132,432000000.0,2353000000.0,8692000000.0,0.325,3.789,23.392,23.496,15743000000.0,0.0,117.95,3.281,3.276,12251000000.0,40111000000.0,12054000000.0,12054000000.0,309000000.0,,,,,85000000.0,123000000.0,1.0,1302192028.0,1300000000,1315000000.0,9.272,47401000000.0,235000000.0,506000000.0,3185000000.0,36.462,13163000000.0
29,SLB,MRQ,2014-03-31,2014-03-31,2014-03-31,2021-09-07,-2555000000.0,66717000000.0,,25353000000.0,41364000000.0,,30.631,-1148000000.0,3752000000.0,3752000000.0,8745000000.0,1608000000.0,2.131,0.663,12489000000.0,1369000000.0,11120000000.0,12489000000.0,0.0,1001000000.0,0.0,0.014,0.4,2164000000.0,3165000000.0,0.282,3165000000.0,2164000000.0,2061000000.0,1.22,1.21,1.22,40004000000.0,,40004000000.0,137168710978.0,15.0,10.269,689000000.0,0.528,1.0,2494000000.0,0.222,20241000000.0,103000000.0,43314000000.0,,4731000000.0,7091000000.0,3326000000.0,3765000000.0,26537000000.0,11899000000.0,14638000000.0,127464710978.0,301000000.0,-239000000.0,-619000000.0,-686000000.0,-410000000.0,-1708000000.0,172000000.0,1576000000.0,1837000000.0,-21000000.0,1592000000.0,1592000000.0,1592000000.0,0.0,16000000.0,0.142,390000000.0,2104000000.0,8272000000.0,0.328,3.186,18.039,18.156,15114000000.0,0.0,97.5,2.775,2.772,11680000000.0,39036000000.0,11239000000.0,11239000000.0,284000000.0,,,,,77000000.0,106000000.0,1.0,1307330369.0,1306000000,1318000000.0,8.606,46476000000.0,301000000.0,469000000.0,3439000000.0,35.587,13454000000.0
30,SLB,MRQ,2013-12-31,2013-12-31,2013-12-31,2021-09-07,-2554000000.0,67100000000.0,,26225000000.0,40875000000.0,,30.037,-1553000000.0,3472000000.0,3472000000.0,9284000000.0,1683000000.0,1.939,0.696,13176000000.0,2783000000.0,10393000000.0,13176000000.0,0.0,988000000.0,0.0,0.014,0.312,2248000000.0,3236000000.0,0.272,3236000000.0,2248000000.0,2151000000.0,1.27,1.26,1.27,39469000000.0,,39469000000.0,127935809193.0,14.0,9.956,2566000000.0,1.953,1.0,2622000000.0,0.22,20082000000.0,97000000.0,43197000000.0,,4603000000.0,8578000000.0,4898000000.0,3680000000.0,27465000000.0,13525000000.0,13940000000.0,118670809193.0,331000000.0,-66000000.0,-948000000.0,700000000.0,-412000000.0,-645000000.0,-3143000000.0,-1611000000.0,4119000000.0,-8000000.0,1664000000.0,1664000000.0,1664000000.0,-69000000.0,19000000.0,0.14,415000000.0,2207000000.0,8837000000.0,0.246,3.007,17.628,17.703,15096000000.0,0.0,90.11,2.622,2.634,11497000000.0,37966000000.0,11906000000.0,11906000000.0,304000000.0,,,,,60000000.0,111000000.0,1.0,1316954935.0,1314000000,1324000000.0,9.061,47018000000.0,288000000.0,487000000.0,3198000000.0,35.782,12700000000.0
31,SLB,MRQ,2013-09-30,2013-09-30,2013-09-30,2021-09-07,-3726000000.0,65123000000.0,,25093000000.0,40030000000.0,,28.657,-1297000000.0,3149000000.0,3149000000.0,8926000000.0,1725000000.0,1.968,0.715,12414000000.0,2498000000.0,9916000000.0,12414000000.0,0.0,988000000.0,0.0,0.014,0.312,2319000000.0,3307000000.0,0.285,3307000000.0,2319000000.0,2221000000.0,1.3,1.29,1.3,37885000000.0,,37885000000.0,126286469142.0,15.0,10.038,1479000000.0,1.119,1.0,2682000000.0,0.231,20005000000.0,98000000.0,41630000000.0,,4895000000.0,6947000000.0,3286000000.0,3661000000.0,27092000000.0,12753000000.0,14339000000.0,116916469142.0,558000000.0,-427000000.0,-608000000.0,342000000.0,-415000000.0,-678000000.0,-1571000000.0,113000000.0,2776000000.0,5000000.0,1715000000.0,1715000000.0,1715000000.0,0.0,10000000.0,0.148,396000000.0,2286000000.0,8366000000.0,0.24,3.086,18.177,18.181,14828000000.0,0.0,88.36,2.631,2.628,12057000000.0,36711000000.0,11608000000.0,11608000000.0,286000000.0,,,,,87000000.0,110000000.0,1.0,1323183218.0,1322000000,1333000000.0,8.781,45118000000.0,278000000.0,506000000.0,2950000000.0,34.129,12340000000.0
32,SLB,MRQ,2013-06-30,2013-06-30,2013-06-30,2021-09-07,-3920000000.0,63251000000.0,,23799000000.0,39452000000.0,,27.814,-1378000000.0,2586000000.0,2586000000.0,8712000000.0,2100000000.0,1.911,0.71,11956000000.0,2858000000.0,9098000000.0,11956000000.0,0.0,1007000000.0,0.0,0.016,0.312,2642000000.0,3649000000.0,0.326,3649000000.0,2642000000.0,2544000000.0,1.58,1.57,1.58,36909000000.0,,36909000000.0,104239392876.0,13.0,8.624,1279000000.0,0.964,1.0,2470000000.0,0.221,19714000000.0,98000000.0,40453000000.0,,4955000000.0,6991000000.0,3339000000.0,3652000000.0,26203000000.0,12454000000.0,13749000000.0,95268392876.0,465000000.0,-678000000.0,-476000000.0,801000000.0,-416000000.0,-91000000.0,-2059000000.0,-60000000.0,2657000000.0,-8000000.0,2095000000.0,2095000000.0,2095000000.0,0.0,5000000.0,0.187,757000000.0,1713000000.0,7815000000.0,0.197,2.581,15.513,15.477,14742000000.0,0.0,71.66,2.199,2.194,11277000000.0,35409000000.0,11182000000.0,11182000000.0,293000000.0,,,,,87000000.0,100000000.0,1.0,1329450082.0,1327000000,1336000000.0,8.427,43537000000.0,294000000.0,449000000.0,2811000000.0,32.809,11345000000.0
33,SLB,MRQ,2013-03-31,2013-03-31,2013-03-31,2021-09-07,-3876000000.0,61428000000.0,,23727000000.0,37701000000.0,,26.812,-1011000000.0,2129000000.0,2129000000.0,8409000000.0,1267000000.0,1.858,0.719,11100000000.0,2962000000.0,8138000000.0,11100000000.0,0.0,896000000.0,0.0,0.015,0.312,1763000000.0,2659000000.0,0.252,2659000000.0,1763000000.0,1665000000.0,0.95,0.94,0.95,35660000000.0,,35660000000.0,109198074840.0,15.0,9.739,127000000.0,0.095,1.0,2161000000.0,0.204,19896000000.0,98000000.0,37732000000.0,,4973000000.0,5318000000.0,3432000000.0,1886000000.0,25647000000.0,12771000000.0,12876000000.0,99473074840.0,228000000.0,-39000000.0,-27000000.0,-393000000.0,-365000000.0,-785000000.0,-106000000.0,910000000.0,1138000000.0,-4000000.0,1259000000.0,1259000000.0,1259000000.0,0.0,8000000.0,0.119,479000000.0,1682000000.0,7842000000.0,0.328,2.789,18.255,18.266,14805000000.0,0.0,74.89,2.341,2.344,11502000000.0,33729000000.0,10570000000.0,10570000000.0,292000000.0,,,,,81000000.0,95000000.0,1.0,1328255773.0,1330000000,1340000000.0,7.947,41532000000.0,306000000.0,406000000.0,3054000000.0,31.227,10956000000.0
34,SLB,MRQ,2012-12-31,2012-12-31,2012-12-31,2021-09-07,-3888000000.0,61547000000.0,,24156000000.0,37391000000.0,,26.188,-1996000000.0,1905000000.0,1905000000.0,8761000000.0,1372000000.0,1.953,0.768,11630000000.0,2121000000.0,9509000000.0,11630000000.0,0.0,1077000000.0,0.0,0.016,0.275,1889000000.0,2966000000.0,0.268,2966000000.0,1889000000.0,1795000000.0,1.03,1.02,1.03,34751000000.0,,34751000000.0,101335751549.0,13.0,9.066,1483000000.0,1.118,1.0,2322000000.0,0.21,19905000000.0,94000000.0,38999000000.0,,4785000000.0,6116000000.0,4369000000.0,1747000000.0,26689000000.0,12368000000.0,14321000000.0,91998751549.0,46000000.0,-132000000.0,24000000.0,343000000.0,-365000000.0,6000000.0,-3508000000.0,-1449000000.0,3479000000.0,7000000.0,1363000000.0,1363000000.0,1363000000.0,0.0,9000000.0,0.123,508000000.0,1814000000.0,8453000000.0,0.267,2.647,16.758,16.779,14780000000.0,0.0,69.299,2.205,2.209,11351000000.0,32887000000.0,11083000000.0,11083000000.0,304000000.0,,,,,84000000.0,111000000.0,1.0,1327570132.0,1327000000,1336000000.0,8.352,41642000000.0,343000000.0,432000000.0,2919000000.0,31.381,11788000000.0
35,SLB,MRQ,2012-09-30,2012-09-30,2012-09-30,2021-09-07,-3325000000.0,59441000000.0,,22951000000.0,36490000000.0,,25.756,-1158000000.0,1852000000.0,1852000000.0,8237000000.0,1427000000.0,1.99,0.735,11189000000.0,1792000000.0,9397000000.0,11189000000.0,0.0,864000000.0,0.0,0.015,0.275,1949000000.0,2813000000.0,0.268,2813000000.0,1949000000.0,1860000000.0,1.07,1.07,1.07,34204000000.0,,34204000000.0,104936946668.0,14.0,9.523,881000000.0,0.663,1.0,2261000000.0,0.215,19886000000.0,89000000.0,37360000000.0,,4921000000.0,4505000000.0,2908000000.0,1597000000.0,25130000000.0,11532000000.0,13598000000.0,95983946668.0,323000000.0,-31000000.0,4000000.0,591000000.0,-366000000.0,230000000.0,-2112000000.0,-925000000.0,2039000000.0,8000000.0,1424000000.0,1424000000.0,1424000000.0,0.0,3000000.0,0.136,418000000.0,1843000000.0,7913000000.0,0.257,2.806,17.322,17.429,14104000000.0,0.0,72.33,2.36,2.361,11450000000.0,31889000000.0,10498000000.0,10498000000.0,291000000.0,,,,,84000000.0,95000000.0,1.0,1327028158.0,1328000000,1336000000.0,7.905,39555000000.0,345000000.0,436000000.0,3101000000.0,29.785,11419000000.0
36,SLB,MRQ,2012-06-30,2012-06-30,2012-06-30,2021-09-07,-3572000000.0,57013000000.0,,21040000000.0,35973000000.0,,24.651,-1202000000.0,1521000000.0,1521000000.0,8119000000.0,1415000000.0,1.825,0.733,10474000000.0,2521000000.0,7953000000.0,10474000000.0,0.0,855000000.0,0.0,0.016,0.275,1920000000.0,2775000000.0,0.268,2775000000.0,1920000000.0,1842000000.0,1.05,1.05,1.05,32810000000.0,,32810000000.0,95382015195.0,13.0,8.831,-563000000.0,-0.423,1.0,2222000000.0,0.215,19998000000.0,78000000.0,34442000000.0,,4762000000.0,3497000000.0,1972000000.0,1525000000.0,24046000000.0,11526000000.0,12520000000.0,86561015195.0,187000000.0,-682000000.0,-469000000.0,603000000.0,-367000000.0,-219000000.0,-1181000000.0,784000000.0,639000000.0,-12000000.0,1403000000.0,1403000000.0,1403000000.0,0.0,12000000.0,0.136,410000000.0,1812000000.0,7422000000.0,0.262,2.638,15.977,16.027,13689000000.0,0.0,64.91,2.179,2.175,10802000000.0,30830000000.0,10341000000.0,10341000000.0,287000000.0,,,,,88000000.0,101000000.0,1.0,1333554386.0,1331000000,1339000000.0,7.769,37015000000.0,458000000.0,439000000.0,3014000000.0,27.81,9514000000.0
37,SLB,MRQ,2012-03-31,2012-03-31,2012-03-31,2021-09-07,-3365000000.0,56366000000.0,,21292000000.0,35074000000.0,,24.248,-1061000000.0,1346000000.0,1346000000.0,7811000000.0,1306000000.0,1.971,0.738,10167000000.0,1728000000.0,8439000000.0,10167000000.0,0.0,851000000.0,0.0,0.015,0.275,1781000000.0,2632000000.0,0.265,2632000000.0,1781000000.0,1701000000.0,0.98,0.97,0.98,32347000000.0,,32347000000.0,101498914142.0,14.0,9.574,-303000000.0,-0.227,1.0,2107000000.0,0.212,19458000000.0,80000000.0,34927000000.0,,5118000000.0,4323000000.0,2739000000.0,1584000000.0,23878000000.0,10802000000.0,13076000000.0,93270914142.0,-369000000.0,0.0,-121000000.0,99000000.0,-334000000.0,-356000000.0,-744000000.0,362000000.0,758000000.0,10000000.0,1301000000.0,1301000000.0,1301000000.0,0.0,5000000.0,0.131,387000000.0,1720000000.0,7294000000.0,0.281,2.883,17.421,17.526,13314000000.0,0.0,69.93,2.431,2.431,10401000000.0,29794000000.0,9918000000.0,9918000000.0,275000000.0,,,,,79000000.0,97000000.0,1.0,1333775406.0,1334000000,1344000000.0,7.435,36908000000.0,487000000.0,400000000.0,3160000000.0,27.667,10490000000.0
38,SLB,MRQ,2011-12-31,2011-12-31,2011-12-31,2021-09-07,-3557000000.0,55201000000.0,,20539000000.0,34662000000.0,,23.331,-1330000000.0,1705000000.0,1705000000.0,7851000000.0,1418000000.0,1.949,0.762,9933000000.0,1377000000.0,8556000000.0,9933000000.0,0.0,859000000.0,0.0,0.015,0.25,1940000000.0,2799000000.0,0.282,2799000000.0,1940000000.0,1854000000.0,1.05,1.05,1.05,31263000000.0,,31263000000.0,101431626992.0,15.0,10.082,832000000.0,0.621,1.0,2070000000.0,0.209,19461000000.0,86000000.0,33430000000.0,,4700000000.0,4644000000.0,3122000000.0,1522000000.0,23809000000.0,10538000000.0,13271000000.0,91680626992.0,-25000000.0,-38000000.0,-624000000.0,-1340000000.0,-332000000.0,-2293000000.0,-151000000.0,1217000000.0,2162000000.0,-2000000.0,1413000000.0,1413000000.0,1413000000.0,0.0,5000000.0,0.142,381000000.0,1689000000.0,7579000000.0,0.238,2.933,18.347,18.462,12993000000.0,0.0,68.31,2.506,2.519,9500000000.0,28860000000.0,9921000000.0,9921000000.0,261000000.0,,,,,69000000.0,98000000.0,1.0,1342125999.0,1340000000,1349000000.0,7.404,35740000000.0,456000000.0,441000000.0,2976000000.0,26.672,10001000000.0
39,SLB,MRQ,2011-09-30,2011-09-30,2011-09-30,2021-09-07,-2798000000.0,55581000000.0,,21260000000.0,34321000000.0,,23.42,-1116000000.0,1732000000.0,1732000000.0,7444000000.0,1305000000.0,1.88,0.761,11483000000.0,2743000000.0,8740000000.0,11483000000.0,0.0,826000000.0,0.0,0.016,0.25,1769000000.0,2595000000.0,0.272,2595000000.0,1769000000.0,1699000000.0,0.97,0.96,0.97,31500000000.0,,31500000000.0,88781710322.0,14.0,9.386,535000000.0,0.398,1.0,2102000000.0,0.22,19489000000.0,70000000.0,34536000000.0,,4469000000.0,5809000000.0,4332000000.0,1477000000.0,23958000000.0,11307000000.0,12651000000.0,80597710322.0,363000000.0,-25000000.0,-646000000.0,2175000000.0,-337000000.0,576000000.0,-1869000000.0,-743000000.0,1651000000.0,-9000000.0,1301000000.0,1301000000.0,1301000000.0,0.0,4000000.0,0.136,379000000.0,1723000000.0,7023000000.0,0.258,2.559,17.419,17.568,12583000000.0,0.0,59.73,2.267,2.26,9493000000.0,27780000000.0,9546000000.0,9546000000.0,266000000.0,,,,,71000000.0,87000000.0,1.0,1349367325.0,1345000000,1357000000.0,7.097,36092000000.0,148000000.0,398000000.0,2869000000.0,26.834,9953000000.0
40,SLB,MRQ,2011-06-30,2011-06-30,2011-06-30,2021-09-07,-2594000000.0,54019000000.0,,19942000000.0,34077000000.0,,23.556,-994000000.0,1378000000.0,1378000000.0,7023000000.0,1342000000.0,1.611,0.689,9562000000.0,3817000000.0,5745000000.0,9562000000.0,0.0,801000000.0,0.0,0.011,0.25,1774000000.0,2575000000.0,0.286,2575000000.0,1774000000.0,1705000000.0,0.99,0.98,0.99,31848000000.0,,31848000000.0,124375626282.0,19.0,13.028,237000000.0,0.175,1.0,1967000000.0,0.219,19356000000.0,69000000.0,30471000000.0,,4306000000.0,5090000000.0,3555000000.0,1535000000.0,21957000000.0,12376000000.0,9581000000.0,117239626282.0,-98000000.0,-49000000.0,-682000000.0,786000000.0,-340000000.0,-236000000.0,-1493000000.0,-688000000.0,1231000000.0,1000000.0,1339000000.0,1339000000.0,1339000000.0,0.0,3000000.0,0.149,452000000.0,1515000000.0,7013000000.0,0.253,3.681,23.17,22.618,12315000000.0,0.0,86.4,3.57,3.557,9356000000.0,26815000000.0,8990000000.0,8990000000.0,281000000.0,,,,,65000000.0,139000000.0,1.0,1356940119.0,1352000000,1366000000.0,6.649,34663000000.0,190000000.0,366000000.0,2698000000.0,25.638,7566000000.0
41,SLB,MRQ,2011-03-31,2011-03-31,2011-03-31,2021-09-07,-2643000000.0,52372000000.0,,18211000000.0,34161000000.0,,23.099,-853000000.0,1475000000.0,1475000000.0,7055000000.0,943000000.0,1.751,0.66,8611000000.0,2189000000.0,6422000000.0,8611000000.0,0.0,788000000.0,0.0,0.009,0.25,1312000000.0,2100000000.0,0.241,2100000000.0,1312000000.0,1239000000.0,0.69,0.69,0.69,31414000000.0,,31414000000.0,133274291207.0,23.0,15.393,-17000000.0,-0.013,1.0,1661000000.0,0.191,19491000000.0,73000000.0,29618000000.0,,4092000000.0,4344000000.0,2688000000.0,1656000000.0,20746000000.0,10399000000.0,10347000000.0,126926291207.0,-296000000.0,-74000000.0,-608000000.0,152000000.0,-291000000.0,-747000000.0,-385000000.0,565000000.0,836000000.0,7000000.0,944000000.0,944000000.0,944000000.0,0.0,-1000000.0,0.108,381000000.0,1280000000.0,6328000000.0,0.362,4.04,27.963,26.494,12218000000.0,0.0,93.26,4.261,4.257,8891000000.0,25814000000.0,8716000000.0,8716000000.0,254000000.0,,,,,67000000.0,93000000.0,1.0,1360993901.0,1360000000,1375000000.0,6.409,32881000000.0,14000000.0,295000000.0,3246000000.0,24.177,7812000000.0
42,SLB,MRQ,2010-12-31,2010-12-31,2010-12-31,2021-09-07,-2768000000.0,51767000000.0,,18098000000.0,33669000000.0,,22.893,-1090000000.0,1764000000.0,1764000000.0,6560000000.0,1043000000.0,1.666,0.651,8112000000.0,2595000000.0,5517000000.0,8112000000.0,0.0,806000000.0,0.0,0.01,0.21,1383000000.0,2189000000.0,0.264,2189000000.0,1383000000.0,1322000000.0,0.75,0.75,0.75,31226000000.0,,31226000000.0,119547707622.0,22.0,14.741,1323000000.0,0.97,1.0,1733000000.0,0.209,19508000000.0,61000000.0,27742000000.0,,3804000000.0,4781000000.0,3226000000.0,1555000000.0,20323000000.0,10865000000.0,9458000000.0,113925707622.0,649000000.0,-58000000.0,-340000000.0,1557000000.0,-284000000.0,933000000.0,-2680000000.0,-1597000000.0,2413000000.0,1000000.0,1043000000.0,1043000000.0,1043000000.0,0.0,0.0,0.126,408000000.0,1325000000.0,6488000000.0,0.28,3.648,26.699,24.487,12071000000.0,0.0,83.5,4.271,3.913,8278000000.0,25210000000.0,8293000000.0,8293000000.0,257000000.0,,,,,53000000.0,90000000.0,1.0,1364379732.0,1364000000,1371000000.0,6.08,32259000000.0,51000000.0,279000000.0,3129000000.0,23.65,7233000000.0
43,SLB,MRQ,2010-09-30,2010-09-30,2010-09-30,2021-09-07,-2627000000.0,49854000000.0,,16446000000.0,33408000000.0,,24.738,-893000000.0,1114000000.0,1114000000.0,5471000000.0,1731000000.0,1.635,0.606,6736000000.0,1916000000.0,4820000000.0,6736000000.0,0.0,693000000.0,0.0,0.014,0.21,1990000000.0,2683000000.0,0.392,2683000000.0,1990000000.0,1943000000.0,1.39,1.38,1.39,30898000000.0,,30898000000.0,77782295220.0,16.0,10.274,-83000000.0,-0.066,1.0,1374000000.0,0.201,19297000000.0,47000000.0,26118000000.0,,3941000000.0,3116000000.0,1511000000.0,1605000000.0,18738000000.0,10061000000.0,8677000000.0,73515295220.0,511000000.0,390000000.0,-268000000.0,-222000000.0,-251000000.0,-741000000.0,442000000.0,1017000000.0,810000000.0,0.0,1734000000.0,1734000000.0,1734000000.0,0.0,-3000000.0,0.253,711000000.0,663000000.0,6308000000.0,0.151,2.379,18.287,18.613,11900000000.0,0.0,61.61,3.047,3.19,8600000000.0,24454000000.0,6845000000.0,6845000000.0,240000000.0,,,,,50000000.0,75000000.0,1.0,1193236410.0,1249000000,1258000000.0,5.48,30557000000.0,0.0,209000000.0,3108000000.0,24.465,6385000000.0
44,SLB,MRQ,2010-06-30,2010-06-30,2010-06-30,2021-09-07,-2729000000.0,33017000000.0,,12230000000.0,20787000000.0,,16.592,-715000000.0,229000000.0,229000000.0,4652000000.0,816000000.0,1.805,0.664,4496000000.0,767000000.0,3729000000.0,4496000000.0,0.0,638000000.0,0.0,0.015,0.21,1048000000.0,1686000000.0,0.284,1686000000.0,1048000000.0,995000000.0,0.69,0.68,0.69,19778000000.0,,19778000000.0,70725024825.0,18.0,10.826,582000000.0,0.488,1.0,1285000000.0,0.216,7583000000.0,53000000.0,22925000000.0,,1865000000.0,5897000000.0,2849000000.0,3048000000.0,13133000000.0,6776000000.0,6357000000.0,66010024825.0,-36000000.0,-917000000.0,-486000000.0,-111000000.0,-251000000.0,-834000000.0,-499000000.0,1140000000.0,1297000000.0,-1000000.0,818000000.0,818000000.0,818000000.0,0.0,-2000000.0,0.138,290000000.0,995000000.0,4852000000.0,0.304,3.338,21.481,21.45,9657000000.0,0.0,55.34,2.907,2.905,6234000000.0,23007000000.0,5937000000.0,5937000000.0,216000000.0,,,,,48000000.0,74000000.0,1.0,1192808544.0,1192000000,1208000000.0,4.981,25434000000.0,347000000.0,177000000.0,908000000.0,21.337,5454000000.0
45,SLB,MRQ,2010-03-31,2010-03-31,2010-03-31,2021-09-07,-2632000000.0,32883000000.0,,13065000000.0,19818000000.0,,16.258,-540000000.0,271000000.0,271000000.0,4415000000.0,674000000.0,1.934,0.687,4986000000.0,934000000.0,4052000000.0,4986000000.0,0.0,620000000.0,0.0,0.013,0.21,931000000.0,1551000000.0,0.277,1551000000.0,931000000.0,886000000.0,0.56,0.56,0.56,19428000000.0,,19428000000.0,81172543588.0,21.0,12.887,449000000.0,0.376,1.0,1183000000.0,0.211,6570000000.0,45000000.0,24274000000.0,,1851000000.0,7000000000.0,3932000000.0,3068000000.0,13344000000.0,6754000000.0,6590000000.0,75935543588.0,23000000.0,-117000000.0,-222000000.0,-291000000.0,-254000000.0,-767000000.0,-199000000.0,463000000.0,989000000.0,0.0,672000000.0,672000000.0,672000000.0,0.0,2000000.0,0.12,314000000.0,869000000.0,4705000000.0,0.375,3.909,26.477,26.442,9545000000.0,0.0,63.46,3.405,3.401,5972000000.0,22440000000.0,5598000000.0,5598000000.0,207000000.0,,,,,47000000.0,72000000.0,1.0,1196589089.0,1195000000,1215000000.0,4.685,26313000000.0,455000000.0,214000000.0,865000000.0,22.019,6311000000.0
46,SLB,MRQ,2009-12-31,2009-12-31,2009-12-31,2021-09-07,-2674000000.0,33465000000.0,,13650000000.0,19815000000.0,,15.96,-756000000.0,617000000.0,617000000.0,4671000000.0,798000000.0,1.88,0.745,5480000000.0,1125000000.0,4355000000.0,5480000000.0,0.0,628000000.0,0.0,0.013,0.21,1023000000.0,1651000000.0,0.287,1651000000.0,1023000000.0,971000000.0,0.67,0.66,0.67,19120000000.0,,19120000000.0,83475747571.0,20.0,12.646,1211000000.0,1.011,1.0,1073000000.0,0.187,6379000000.0,52000000.0,24690000000.0,,1866000000.0,7043000000.0,3999000000.0,3044000000.0,14236000000.0,7259000000.0,6977000000.0,78157747571.0,96000000.0,-39000000.0,-450000000.0,-35000000.0,-248000000.0,-733000000.0,-1093000000.0,-392000000.0,1967000000.0,0.0,796000000.0,796000000.0,796000000.0,0.0,2000000.0,0.139,88000000.0,985000000.0,5003000000.0,0.313,4.088,24.939,24.844,9660000000.0,0.0,65.09,3.443,3.435,6088000000.0,22019000000.0,5744000000.0,5744000000.0,217000000.0,,,,,47000000.0,-129000000.0,1.0,1200764289.0,1198000000,1214000000.0,4.795,27086000000.0,530000000.0,175000000.0,878000000.0,22.609,6391000000.0
47,SLB,MRQ,2009-09-30,2009-09-30,2009-09-30,2021-09-07,-2298000000.0,33075000000.0,,13382000000.0,19693000000.0,,16.129,-528000000.0,194000000.0,194000000.0,4144000000.0,789000000.0,1.881,0.703,5512000000.0,1200000000.0,4312000000.0,5512000000.0,0.0,613000000.0,0.0,0.014,0.21,1032000000.0,1645000000.0,0.303,1645000000.0,1032000000.0,978000000.0,0.66,0.65,0.66,19355000000.0,,19355000000.0,77039223086.0,17.0,10.854,752000000.0,0.627,1.0,1286000000.0,0.237,6394000000.0,54000000.0,24884000000.0,,1967000000.0,6903000000.0,4035000000.0,2868000000.0,13612000000.0,7115000000.0,6497000000.0,71390223086.0,-116000000.0,-277000000.0,114000000.0,-391000000.0,-256000000.0,-533000000.0,-863000000.0,-87000000.0,1280000000.0,1000000.0,787000000.0,787000000.0,787000000.0,0.0,2000000.0,0.145,326000000.0,960000000.0,4736000000.0,0.318,3.688,20.467,20.481,9610000000.0,0.0,59.6,2.996,3.002,6087000000.0,21475000000.0,5430000000.0,5430000000.0,198000000.0,,,,,47000000.0,128000000.0,1.0,1197822535.0,1200000000,1218000000.0,4.525,26681000000.0,475000000.0,191000000.0,929000000.0,22.234,6267000000.0
48,SLB,MRQ,2009-06-30,2009-06-30,2009-06-30,2021-09-07,-2363000000.0,32960000000.0,,13655000000.0,19305000000.0,,15.561,-545000000.0,216000000.0,216000000.0,4432000000.0,615000000.0,1.83,0.764,5865000000.0,1574000000.0,4291000000.0,5865000000.0,0.0,626000000.0,0.0,0.016,0.21,826000000.0,1452000000.0,0.263,1452000000.0,826000000.0,765000000.0,0.51,0.51,0.51,18627000000.0,,18627000000.0,70711962732.0,13.0,8.794,968000000.0,0.809,1.0,1096000000.0,0.198,6388000000.0,61000000.0,24760000000.0,,2021000000.0,6644000000.0,4195000000.0,2449000000.0,14226000000.0,7461000000.0,6765000000.0,64737571732.0,23000000.0,-186000000.0,27000000.0,-369000000.0,-251000000.0,-593000000.0,-897000000.0,-205000000.0,1513000000.0,1000000.0,613000000.0,613000000.0,613000000.0,0.0,2000000.0,0.111,328000000.0,768000000.0,4710000000.0,0.412,3.475,15.315,15.372,9688000000.0,0.0,54.11,2.523,2.525,6107000000.0,20940000000.0,5528000000.0,5528000000.0,197000000.0,,,,,45000000.0,131000000.0,1.0,1196406796.0,1197000000,1214000000.0,4.618,26572000000.0,568000000.0,152000000.0,924000000.0,22.199,6194000000.0
49,SLB,MRQ,2009-03-31,2009-03-31,2009-03-31,2021-09-07,-2968605000.0,32997141000.0,,13934454000.0,19062687000.0,,14.665,-796000000.0,191695000.0,191695000.0,4510000000.0,940000000.0,1.809,0.877,6166086000.0,1590623000.0,4575463000.0,6166086000.0,0.0,609000000.0,0.0,0.021,0.21,1245000000.0,1854000000.0,0.309,1854000000.0,1245000000.0,1190000000.0,0.78,0.78,0.78,17538885000.0,,17538885000.0,53683066448.0,8.0,5.962,-245000000.0,-0.205,1.0,1490000000.0,0.248,6198307000.0,55000000.0,25070688000.0,,2029800000.0,6389523000.0,3994063000.0,2395460000.0,15385302000.0,7702537000.0,7682765000.0,48581106448.0,5000000.0,-12000000.0,15000000.0,903000000.0,-251000000.0,671000000.0,-1217000000.0,-475000000.0,551000000.0,-2000000.0,938000000.0,938000000.0,938000000.0,0.0,2000000.0,0.156,320000000.0,1170000000.0,4902494000.0,0.269,2.77,9.651,9.671,9758322000.0,0.0,40.62,1.808,1.808,6653060000.0,20578132000.0,6000000000.0,6000000000.0,190000000.0,,,,,47000000.0,130000000.0,1.0,1195989819.0,1196000000,1210000000.0,5.017,26798834000.0,661327000.0,252000000.0,956595000.0,22.407,6231917000.0
50,SLB,MRQ,2008-12-31,2008-12-31,2008-12-31,2021-09-07,-2901000000.0,32094000000.0,,12986000000.0,19108000000.0,,14.134,-1252000000.0,189000000.0,189000000.0,5023000000.0,1150000000.0,1.589,0.899,5291000000.0,1598000000.0,3693000000.0,5291000000.0,0.0,613000000.0,0.0,0.02,0.21,1534000000.0,2147000000.0,0.313,2147000000.0,1534000000.0,1476000000.0,0.96,0.95,0.96,16862000000.0,,16862000000.0,56185221980.0,8.0,5.989,753000000.0,0.631,1.0,1845000000.0,0.269,6296000000.0,58000000.0,22725000000.0,,1919000000.0,5843000000.0,3503000000.0,2340000000.0,15160000000.0,8175000000.0,6985000000.0,50633793980.0,-4000000.0,0.0,-75000000.0,-310000000.0,-252000000.0,-609000000.0,-1400000000.0,-187000000.0,2005000000.0,-2000000.0,1150000000.0,1150000000.0,1150000000.0,38000000.0,0.0,0.167,417000000.0,1428000000.0,5318000000.0,0.219,3.003,9.316,9.324,9690000000.0,0.0,42.33,1.864,1.864,6258000000.0,19891000000.0,6868000000.0,6868000000.0,222000000.0,,,,,46000000.0,79000000.0,1.0,1196168060.0,1193000000,1209000000.0,5.757,25798000000.0,749000000.0,326000000.0,1007000000.0,21.624,4811000000.0
51,SLB,MRQ,2008-09-30,2008-09-30,2008-09-30,2021-09-07,-1125175000.0,31597676000.0,,13077861000.0,18519815000.0,,14.844,-983000000.0,187753000.0,187753000.0,4967000000.0,1539000000.0,1.516,0.775,5739181000.0,2211423000.0,3527758000.0,5739181000.0,0.0,583000000.0,0.0,0.01,0.21,2005000000.0,2588000000.0,0.357,2588000000.0,2005000000.0,1944000000.0,1.27,1.25,1.27,17797756000.0,,17797756000.0,98857404970.0,13.0,10.297,1181000000.0,0.985,1.0,2292000000.0,0.316,6433930000.0,61000000.0,22088937000.0,,1877893000.0,5668303000.0,3305666000.0,2362637000.0,13799920000.0,8626237000.0,5173683000.0,93676550970.0,4000000.0,-163000000.0,-508000000.0,515000000.0,-252000000.0,-268000000.0,-1892000000.0,-680000000.0,2164000000.0,-1000000.0,1526000000.0,1526000000.0,1526000000.0,0.0,13000000.0,0.21,381000000.0,1911000000.0,4997311000.0,0.165,5.263,16.527,16.475,9213113000.0,0.0,78.09,3.529,3.527,6701875000.0,18991492000.0,7259000000.0,7259000000.0,208000000.0,,,,,44000000.0,173000000.0,1.0,1199597272.0,1199000000,1225000000.0,6.054,25163746000.0,411261000.0,418000000.0,1164439000.0,20.987,4451624000.0
52,SLB,MRQ,2008-06-30,2008-06-30,2008-06-30,2021-09-07,-1047558000.0,29994939000.0,,11897298000.0,18097641000.0,,14.206,-1000622000.0,185724000.0,185724000.0,4609000000.0,1426000000.0,1.645,0.767,5366578000.0,1248099000.0,4118479000.0,5366578000.0,0.0,556311000.0,0.0,0.007,0.21,1859000000.0,2415311000.0,0.358,2415311000.0,1859000000.0,1798000000.0,1.19,1.16,1.19,16976416000.0,,16976416000.0,133761112716.0,19.0,14.4,599482000.0,0.502,1.0,2137000000.0,0.317,6513245000.0,61000000.0,21431103000.0,,1800479000.0,4752620000.0,2714169000.0,2038451000.0,13018523000.0,7231445000.0,5787078000.0,128173330716.0,41080000.0,-157733000.0,-399450000.0,-8821000.0,-250796000.0,-615105000.0,-943537000.0,269345000.0,1600104000.0,60000.0,1420000000.0,1420000000.0,1420000000.0,0.0,6000000.0,0.21,369000000.0,1768000000.0,4768554000.0,0.176,7.55,23.321,23.354,8826709000.0,0.0,107.43,5.084,5.092,6211511000.0,17716804000.0,6746000000.0,6746000000.0,197000000.0,,,,,41164000.0,172000000.0,1.0,1193086947.0,1195000000,1230000000.0,5.645,23481694000.0,412866000.0,378000000.0,961270000.0,19.65,4665853000.0
53,SLB,MRQ,2008-03-31,2008-03-31,2008-03-31,2021-09-07,-1108155000.0,28954369000.0,,11645960000.0,17308409000.0,,13.196,-832378000.0,145093000.0,145093000.0,4358295000.0,1344699000.0,1.593,0.835,5732875000.0,1579449000.0,4153426000.0,5732875000.0,0.0,516689000.0,0.0,0.008,0.21,1712932000.0,2229621000.0,0.354,2229621000.0,1712932000.0,1646891000.0,1.12,1.09,1.12,15782648000.0,,15782648000.0,109469754058.0,16.0,12.136,297518000.0,0.249,1.0,1931578000.0,0.307,6268035000.0,66041000.0,20964833000.0,,1763169000.0,4939217000.0,3008346000.0,1930871000.0,13171721000.0,7309283000.0,5862438000.0,104200886058.0,-53080000.0,-24267000.0,-485550000.0,273821000.0,-209204000.0,-332895000.0,-913463000.0,-6345000.0,1129896000.0,940000.0,1338304000.0,1338304000.0,1338304000.0,0.0,6395000.0,0.213,352331000.0,1579247000.0,4474466000.0,0.188,6.602,19.533,19.463,8350827000.0,0.0,87.0,4.323,4.317,5781455000.0,16548940000.0,6289873000.0,6289873000.0,191031000.0,,,,,40836000.0,161300000.0,1.0,1197711334.0,1195995000,1233244000.0,5.259,22686334000.0,378878000.0,308587000.0,1002843000.0,18.969,4336677000.0
54,SLB,MRQ,2007-12-31,2007-12-31,2007-12-31,2021-09-07,-1172999000.0,27853372000.0,,11055383000.0,16797989000.0,,12.447,-983532000.0,197233000.0,197233000.0,4216690000.0,1383697000.0,1.473,0.872,5466101000.0,1671635000.0,3794466000.0,5466101000.0,0.0,554430000.0,0.0,0.007,0.175,1812928000.0,2367358000.0,0.379,2367358000.0,1812928000.0,1740967000.0,1.16,1.12,1.16,14875888000.0,,14875888000.0,122779633532.0,18.0,13.867,1192198000.0,0.998,1.0,2031481000.0,0.325,6227065000.0,71961000.0,19390324000.0,,1638192000.0,4824116000.0,2971800000.0,1852316000.0,12977484000.0,7504851000.0,5472633000.0,117637482532.0,35829000.0,-926742000.0,-456387000.0,106761000.0,-208915000.0,-560941000.0,-1578960000.0,367342000.0,2175730000.0,-1022000.0,1383697000.0,1383697000.0,1383697000.0,0.0,0.0,0.221,360868000.0,1670613000.0,4550728000.0,0.151,7.908,22.723,22.562,8007991000.0,0.0,98.37,5.054,5.021,5361114000.0,15461767000.0,6248171000.0,6248171000.0,196029000.0,,,,,33458000.0,164839000.0,1.0,1195867465.0,1195128000,1239975000.0,5.228,21626307000.0,397307000.0,357270000.0,1071889000.0,18.095,3550532000.0
55,SLB,MRQ,2007-09-30,2007-09-30,2007-09-30,2021-09-07,-1182324000.0,26306514000.0,,10935729000.0,15370785000.0,,11.738,-790725000.0,162010000.0,162010000.0,3905095000.0,1353997000.0,1.643,0.877,5304161000.0,1262385000.0,4041776000.0,5304161000.0,0.0,497661000.0,0.0,0.006,0.175,1778787000.0,2276448000.0,0.384,2276448000.0,1778787000.0,1710165000.0,1.13,1.09,1.13,14017720000.0,,14017720000.0,130311372155.0,20.0,15.409,834004000.0,0.698,1.0,2020567000.0,0.341,6212247000.0,68622000.0,18578709000.0,,1584412000.0,4817860000.0,3076109000.0,1741751000.0,12288794000.0,6657709000.0,5631085000.0,125166574155.0,11784000.0,-49248000.0,-176292000.0,40134000.0,-208512000.0,-319430000.0,-1293515000.0,-383970000.0,1624729000.0,3671000.0,1353997000.0,1353997000.0,1353997000.0,0.0,0.0,0.228,349358000.0,1671209000.0,4158374000.0,0.155,8.929,25.42,25.301,6686750000.0,0.0,105.0,5.593,5.603,5301612000.0,14287758000.0,5925662000.0,5925662000.0,190194000.0,,,,,32259000.0,159164000.0,1.0,1192062611.0,1194175000,1243808000.0,4.962,20094267000.0,526952000.0,356168000.0,1026290000.0,16.827,4278020000.0
56,SLB,MRQ,2007-06-30,2007-06-30,2007-06-30,2021-09-07,-1181793000.0,24772762000.0,,10047832000.0,14724930000.0,,10.841,-801675000.0,146555000.0,146555000.0,3736871000.0,1258479000.0,1.577,0.93,5291353000.0,1374980000.0,3916373000.0,5291353000.0,0.0,460932000.0,0.0,0.007,0.175,1685632000.0,2146564000.0,0.381,2146564000.0,1685632000.0,1619362000.0,1.06,1.02,1.06,12838654000.0,,12838654000.0,105551514812.0,17.0,13.273,668080000.0,0.564,1.0,1901891000.0,0.337,6186904000.0,66270000.0,17359836000.0,,1519751000.0,4348177000.0,2738032000.0,1610145000.0,11934108000.0,6370820000.0,5563288000.0,100107251812.0,11033000.0,-124838000.0,47797000.0,58924000.0,-206247000.0,-73650000.0,-1385072000.0,-387046000.0,1469755000.0,202000.0,1258479000.0,1258479000.0,1258479000.0,0.0,0.0,0.223,313743000.0,1588148000.0,3873109000.0,0.165,7.797,21.907,22.005,6282265000.0,0.0,84.94,4.676,4.699,4896449000.0,13143026000.0,5638762000.0,5638762000.0,174679000.0,,,,,33549000.0,139064000.0,1.0,1178564302.0,1184243000,1240911000.0,4.761,18585858000.0,576698000.0,360883000.0,912824000.0,15.694,3677012000.0
57,SLB,MRQ,2007-03-31,2007-03-31,2007-03-31,2021-09-07,-1166762000.0,23508784000.0,,9471627000.0,14037157000.0,,9.64,-615068000.0,135320000.0,135320000.0,3622344000.0,1180827000.0,1.603,1.069,5579583000.0,959907000.0,4619676000.0,5579583000.0,0.0,440977000.0,0.0,0.008,0.175,1622653000.0,2063630000.0,0.378,2063630000.0,1622653000.0,1554506000.0,1.0,0.96,1.0,11360054000.0,,11360054000.0,87257033206.0,15.0,11.827,401718000.0,0.341,1.0,1842061000.0,0.337,6115678000.0,68147000.0,16929208000.0,,1422691000.0,3958018000.0,2455585000.0,1502433000.0,12148730000.0,5908161000.0,6240569000.0,81437379206.0,-30646000.0,-18172000.0,-148118000.0,-406819000.0,-147326000.0,-675979000.0,-371453000.0,314674000.0,1016786000.0,149000.0,1180827000.0,1180827000.0,1180827000.0,0.0,0.0,0.216,303031000.0,1539030000.0,3647047000.0,0.175,7.169,19.538,19.631,5805745000.0,0.0,69.1,3.981,3.981,4688452000.0,12093060000.0,5464405000.0,5464405000.0,167098000.0,,,,,36734000.0,135933000.0,1.0,1178543838.0,1178453000,1236491000.0,4.637,17393106000.0,585495000.0,373679000.0,1093566000.0,14.759,3563466000.0
58,SLB,MRQ,2006-12-31,2006-12-31,2006-12-31,2021-09-07,-1168749000.0,22832138000.0,,9185662000.0,13646476000.0,,8.843,-894827000.0,165817000.0,165817000.0,3577381000.0,1130616000.0,1.423,1.191,5985471000.0,1321529000.0,4663942000.0,5985471000.0,0.0,439000000.0,0.0,0.008,0.125,1530980000.0,1969980000.0,0.368,1969980000.0,1530980000.0,1467680000.0,0.96,0.92,0.96,10419883000.0,,10419883000.0,79425306601.0,15.0,11.862,726768000.0,0.617,1.0,1772487000.0,0.331,6123113000.0,63300000.0,16073884000.0,,1246887000.0,4194379000.0,2833056000.0,1361323000.0,12412255000.0,6454795000.0,5957460000.0,74416078601.0,9911000.0,-246768000.0,-23424000.0,803017000.0,-147958000.0,659518000.0,-2271202000.0,-1142378000.0,1621595000.0,-215000.0,1130616000.0,1130616000.0,1130616000.0,0.0,0.0,0.211,328444000.0,1444043000.0,3848017000.0,0.13,7.142,20.059,20.115,5576041000.0,0.0,63.16,3.87,3.881,4242000000.0,11118479000.0,5349868000.0,5349868000.0,169482000.0,,,,,30244000.0,158962000.0,1.0,1178215304.0,1178347000,1238047000.0,4.54,16709025000.0,575686000.0,337064000.0,1136529000.0,14.18,2730867000.0
59,SLB,MRQ,2006-09-30,2006-09-30,2006-09-30,2021-09-07,-1047384000.0,20736867000.0,,7991981000.0,12744886000.0,,8.11,-655825000.0,156121000.0,156121000.0,3361555000.0,999824000.0,1.28,1.16,5165349000.0,1234500000.0,3930849000.0,5165349000.0,0.0,392765000.0,0.0,0.008,0.125,1379609000.0,1772374000.0,0.358,1772374000.0,1379609000.0,1317258000.0,0.84,0.81,0.84,9599461000.0,,9599461000.0,78622903027.0,17.0,13.1,668492000.0,0.565,1.0,1593263000.0,0.322,5903155000.0,62351000.0,13599836000.0,,1235037000.0,2989511000.0,1745098000.0,1244413000.0,11137406000.0,6243104000.0,4894302000.0,73445793027.0,-11640000.0,-17555000.0,-441217000.0,-201998000.0,-148351000.0,-791566000.0,-544391000.0,176325000.0,1324317000.0,-5251000.0,999824000.0,999824000.0,999824000.0,0.0,0.0,0.202,284346000.0,1308917000.0,3704368000.0,0.149,7.651,22.67,22.722,5096474000.0,0.0,62.03,4.102,4.101,4143208000.0,10135189000.0,4954818000.0,4954818000.0,149538000.0,,,,,30080000.0,134808000.0,1.0,1184036644.0,1183683000,1243966000.0,4.186,14833712000.0,497187000.0,317434000.0,1155402000.0,12.532,1748877000.0
60,SLB,MRQ,2006-06-30,2006-06-30,2006-06-30,2021-09-07,-1036909000.0,20224367000.0,,7866884000.0,12357483000.0,,7.679,-590213000.0,173012000.0,173012000.0,3251926000.0,856900000.0,1.29,1.224,5350122000.0,1212998000.0,4137124000.0,5350122000.0,0.0,375042000.0,0.0,0.007,0.125,1196740000.0,1571782000.0,0.335,1571782000.0,1196740000.0,1135319000.0,0.72,0.69,0.72,9094102000.0,,9094102000.0,81105417709.0,21.0,15.208,644105000.0,0.544,1.0,1434849000.0,0.306,5862534000.0,61421000.0,13439981000.0,,1158342000.0,3109068000.0,1935271000.0,1173797000.0,11130265000.0,6098962000.0,5031303000.0,76821382709.0,14506000.0,-2659767000.0,-71067000.0,875352000.0,-147507000.0,597131000.0,-1816943000.0,1482569000.0,1234318000.0,5189000.0,856900000.0,856900000.0,856900000.0,0.0,0.0,0.183,295878000.0,1138971000.0,3555789000.0,0.174,8.447,27.626,27.706,4767445000.0,0.0,65.11,4.615,4.632,3944713000.0,9283322000.0,4686775000.0,4686775000.0,170890000.0,,,,,27691000.0,124988000.0,1.0,1179870722.0,1184357000,1246077000.0,3.957,14361833000.0,522642000.0,278419000.0,1180949000.0,12.126,1767922000.0
61,SLB,MRQ,2006-03-31,2006-03-31,2006-03-31,2021-09-07,-1049284000.0,18541536000.0,,8687603000.0,9853933000.0,,6.889,-506565000.0,153317000.0,153317000.0,2991891000.0,722511000.0,1.628,1.28,4437352000.0,802196000.0,3635156000.0,4437352000.0,0.0,354603000.0,0.0,0.007,0.125,1027006000.0,1381609000.0,0.326,1381609000.0,1027006000.0,979162000.0,0.61,0.59,0.61,8131413000.0,,8131413000.0,78983212473.0,23.0,16.515,58659000.0,0.05,1.0,1247126000.0,0.294,3496618000.0,47844000.0,13991422000.0,,1063471000.0,4513688000.0,3080525000.0,1433163000.0,10410123000.0,5337531000.0,5072592000.0,74786250473.0,-37593000.0,-66338000.0,-90589000.0,39869000.0,-123857000.0,-174577000.0,-428240000.0,184470000.0,565224000.0,-44000.0,722511000.0,722511000.0,722511000.0,0.0,0.0,0.17,242699000.0,1004427000.0,3301342000.0,0.205,9.197,31.082,31.022,4410817000.0,0.0,63.285,4.86,4.854,3760505000.0,8574774000.0,4239017000.0,4239017000.0,129406000.0,,,,,25828000.0,113293000.0,1.0,1181737386.0,1180344000,1240694000.0,3.591,15044918000.0,505011000.0,256651000.0,1085610000.0,12.746,3350072000.0
62,SLB,MRQ,2005-12-31,2005-12-31,2005-12-31,2021-09-07,-1045479000.0,18077492000.0,,8553913000.0,9523579000.0,,6.442,-523643000.0,190954000.0,190954000.0,2903556000.0,660554000.0,1.574,1.381,4387916000.0,796578000.0,3591338000.0,4387916000.0,0.0,358881000.0,0.0,0.009,0.105,917163000.0,1276044000.0,0.317,1276044000.0,917163000.0,867709000.0,0.56,0.54,0.56,7591585000.0,,7591585000.0,61464234105.0,20.0,13.853,581573000.0,0.493,1.0,1119790000.0,0.278,3464500000.0,49454000.0,13377066000.0,,1010448000.0,4653258000.0,3304727000.0,1348531000.0,10485907000.0,5432888000.0,5053019000.0,57229933105.0,6380000.0,90880000.0,-65704000.0,-18910000.0,-123941000.0,-223555000.0,-876309000.0,-470585000.0,1105216000.0,753000.0,660554000.0,660554000.0,660554000.0,0.0,0.0,0.164,261705000.0,858085000.0,3564854000.0,0.188,7.539,25.931,25.976,4200638000.0,0.0,48.575,4.0,4.001,3383803000.0,7999770000.0,4023346000.0,4023346000.0,134392000.0,,,,,10967000.0,127313000.0,1.0,1178176698.0,1178516000,1233526000.0,3.414,14612992000.0,564204000.0,207155000.0,946723000.0,12.399,3121025000.0
63,SLB,MRQ,2005-09-30,2005-09-30,2005-09-30,2021-09-07,-912377000.0,17235556000.0,,7772326000.0,9463230000.0,,6.168,-424362000.0,183821000.0,183821000.0,2761591000.0,540803000.0,1.595,1.369,4418122000.0,674275000.0,3743847000.0,4418122000.0,0.0,337107000.0,0.0,0.01,0.105,766393000.0,1103500000.0,0.298,1103500000.0,766393000.0,715756000.0,0.46,0.44,0.46,7276117000.0,,7276117000.0,53938915595.0,21.0,13.635,391662000.0,0.332,1.0,936502000.0,0.253,3519051000.0,50637000.0,13078628000.0,,974253000.0,4118287000.0,2819171000.0,1299116000.0,9959439000.0,4872178000.0,5087261000.0,49640882595.0,12324000.0,-40995000.0,-56836000.0,-31790000.0,-123489000.0,-227115000.0,-576585000.0,-142207000.0,816024000.0,-998000.0,540803000.0,540803000.0,540803000.0,0.0,0.0,0.146,225663000.0,710839000.0,3121868000.0,0.228,6.822,26.458,26.535,4020664000.0,0.0,42.19,3.717,3.727,3260056000.0,7463073000.0,3698093000.0,3698093000.0,128266000.0,,,,,10421000.0,97397000.0,1.0,1176603048.0,1179640000,1231846000.0,3.135,13716505000.0,507513000.0,174953000.0,951298000.0,11.628,2900148000.0
64,SLB,MRQ,2005-06-30,2005-06-30,2005-06-30,2021-09-07,-1011058000.0,16892618000.0,,7559051000.0,9333567000.0,,5.736,-397298000.0,172495000.0,172495000.0,2549054000.0,482201000.0,1.493,1.501,4470528000.0,691091000.0,3779437000.0,4470528000.0,0.0,326516000.0,0.0,0.01,0.105,694761000.0,1021277000.0,0.298,1021277000.0,694761000.0,644324000.0,0.41,0.4,0.41,6754285000.0,,6754285000.0,49087977758.0,21.0,13.592,334305000.0,0.284,1.0,879578000.0,0.257,3557652000.0,50437000.0,12568524000.0,,944913000.0,3956157000.0,2740985000.0,1215172000.0,10138333000.0,5064475000.0,5073858000.0,44741911758.0,-48861000.0,-48492000.0,-122477000.0,-104284000.0,-123814000.0,-350575000.0,-429889000.0,-21837000.0,731603000.0,-885000.0,482201000.0,482201000.0,482201000.0,-9000000.0,0.0,0.141,224726000.0,654852000.0,3281193000.0,0.256,6.624,27.057,27.121,3920597000.0,0.0,37.97,3.562,3.559,3056509000.0,7046212000.0,3428632000.0,3428632000.0,121635000.0,,,,,9971000.0,103091000.0,1.0,1178349006.0,1177482000,1225964000.0,2.912,13334966000.0,617490000.0,162123000.0,967906000.0,11.325,2494576000.0
65,SLB,MRQ,2005-03-31,2005-03-31,2005-03-31,2021-09-07,-997158000.0,16402810000.0,,7498822000.0,8903988000.0,,5.495,-110678000.0,222241000.0,222241000.0,2405132000.0,523409000.0,1.593,1.532,4568307000.0,622249000.0,3946058000.0,4568307000.0,0.0,328465000.0,0.0,0.011,0.105,707667000.0,1036132000.0,0.328,1036132000.0,707667000.0,661105000.0,0.44,0.43,0.44,6477258000.0,,6477258000.0,45967465738.0,22.0,13.588,243336000.0,0.206,1.0,753979000.0,0.239,3436209000.0,46562000.0,12606702000.0,,874765000.0,3956240000.0,2817783000.0,1138457000.0,9925552000.0,4705965000.0,5219587000.0,41530916738.0,-1163000.0,21871000.0,-21395000.0,-60713000.0,-110339000.0,-192447000.0,-161702000.0,-72133000.0,354014000.0,-99000.0,523409000.0,523409000.0,523409000.0,1028000.0,0.0,0.166,216704000.0,537275000.0,3028360000.0,0.239,6.412,27.198,27.318,3774730000.0,0.0,35.24,3.471,3.471,2979832000.0,6687500000.0,3159111000.0,3159111000.0,121220000.0,,,,,8845000.0,95484000.0,1.0,1178516366.0,1178666000,1227530000.0,2.68,12966601000.0,593676000.0,137696000.0,930745000.0,11.001,2792857000.0
66,SLB,MRQ,2004-12-31,2004-12-31,2004-12-31,2021-09-07,-940993000.0,16000777000.0,,7059749000.0,8941028000.0,,5.194,-458154000.0,223503000.0,223503000.0,2404091000.0,329772000.0,1.502,1.616,4660052000.0,715872000.0,3944180000.0,4660052000.0,0.0,339302000.0,0.0,0.011,0.094,455585000.0,794887000.0,0.259,794887000.0,455585000.0,410797000.0,0.28,0.275,0.28,6116737000.0,,6116737000.0,43598631089.0,25.0,14.15,191763000.0,0.163,1.0,663579000.0,0.216,3482403000.0,44788000.0,12253723000.0,,819745000.0,3861270000.0,2773922000.0,1087348000.0,9884040000.0,4701200000.0,5182840000.0,39416353089.0,-226977000.0,-95475000.0,-18793000.0,192452000.0,-110327000.0,63332000.0,-964921000.0,-451417000.0,649917000.0,279000.0,329772000.0,329772000.0,329772000.0,21626000.0,0.0,0.107,209741000.0,453838000.0,2980790000.0,0.336,6.444,32.206,32.188,3761729000.0,0.0,33.475,3.433,3.435,2633049000.0,6287905000.0,3067670000.0,3067670000.0,116431000.0,,,,,6347000.0,93310000.0,1.0,1177486276.0,1177596000,1224926000.0,2.605,12518374000.0,582695000.0,81025000.0,858785000.0,10.63,2358549000.0
67,SLB,MRQ,2004-09-30,2004-09-30,2004-09-30,2021-09-07,-955826000.0,15655475000.0,,6869677000.0,8785798000.0,,5.021,-367964000.0,201201000.0,201201000.0,2301238000.0,318205000.0,1.438,1.642,4383479000.0,645073000.0,3738406000.0,4383479000.0,0.0,323002000.0,0.0,0.011,0.094,436301000.0,759303000.0,0.261,759303000.0,436301000.0,392595000.0,0.27,0.265,0.27,5924556000.0,,5924556000.0,44015271793.0,26.0,14.723,241664000.0,0.205,1.0,604689000.0,0.208,3514953000.0,43706000.0,11544840000.0,,822391000.0,3402676000.0,2339148000.0,1063528000.0,9730919000.0,4777960000.0,4952959000.0,39746700793.0,280088000.0,292278000.0,-147822000.0,-63296000.0,-110668000.0,-321786000.0,-32879000.0,-27436000.0,609628000.0,-93000.0,318205000.0,318205000.0,318205000.0,-20240000.0,0.0,0.11,217157000.0,387532000.0,3189805000.0,0.348,6.709,37.107,36.984,3620087000.0,0.0,33.655,3.661,3.658,2893882000.0,6068472000.0,2905927000.0,2905927000.0,118413000.0,,,,,7387000.0,98744000.0,1.0,1181004332.0,1179872000,1227574000.0,2.463,12140522000.0,601233000.0,74390000.0,832093000.0,10.29,2091717000.0
68,SLB,MRQ,2004-06-30,2004-06-30,2004-06-30,2021-09-07,-936519000.0,15734583000.0,,7085343000.0,8649240000.0,,4.978,-315974000.0,170206000.0,170206000.0,2230974000.0,355607000.0,1.442,1.679,4438777000.0,691528000.0,3747249000.0,4438777000.0,0.0,320017000.0,0.0,0.012,0.094,472496000.0,792513000.0,0.28,792513000.0,472496000.0,431315000.0,0.3,0.295,0.3,5872286000.0,,5872286000.0,43235881595.0,35.0,17.008,173443000.0,0.147,1.0,602626000.0,0.213,3482800000.0,41181000.0,11607183000.0,,768869000.0,3348753000.0,2388895000.0,959858000.0,9862297000.0,4913171000.0,4949126000.0,37417869595.0,11768000.0,1378133000.0,2560000.0,-1585225000.0,-110375000.0,-1763535000.0,1342364000.0,342269000.0,489417000.0,1110000.0,355607000.0,355607000.0,355607000.0,-98356000.0,0.0,0.125,215044000.0,387582000.0,3220300000.0,0.313,6.372,53.637,53.37,3542473000.0,0.0,31.755,3.555,3.559,2778049000.0,5860594000.0,2833600000.0,2833600000.0,122710000.0,,,,,6274000.0,92334000.0,1.0,1178330014.0,1179766000,1226760000.0,2.402,12251783000.0,714318000.0,75708000.0,859481000.0,10.385,2172172000.0
69,SLB,MRQ,2004-03-31,2004-03-31,2004-03-31,2021-09-07,-776617000.0,17336304000.0,,8020548000.0,9315756000.0,,4.864,-214132000.0,157328000.0,157328000.0,2121067000.0,220286000.0,1.294,2.032,5975340000.0,1753416000.0,4221924000.0,5975340000.0,0.0,325610000.0,0.0,0.012,0.094,408885000.0,734495000.0,0.275,734495000.0,408885000.0,266112000.0,0.185,0.185,0.185,5717684000.0,,5717684000.0,44860580695.0,44.0,19.082,-117216000.0,-0.1,1.0,551901000.0,0.206,4061880000.0,142773000.0,12893077000.0,,862944000.0,4240824000.0,3261179000.0,979645000.0,11618620000.0,6199359000.0,5419261000.0,37586186695.0,-76741000.0,1310053000.0,121939000.0,-1580517000.0,-109849000.0,-1568427000.0,1337325000.0,241404000.0,96916000.0,-123000.0,220286000.0,220286000.0,220286000.0,-112848000.0,0.0,0.082,194772000.0,357129000.0,3409287000.0,0.508,6.574,82.766,81.859,3618568000.0,0.0,31.925,3.659,3.653,2819721000.0,5615655000.0,2672968000.0,2672968000.0,109800000.0,,,,,6458000.0,84972000.0,1.0,1177327696.0,1175476000,1185510000.0,2.274,13274424000.0,656876000.0,45826000.0,839851000.0,11.293,1821189000.0
70,SLB,MRQ,2003-12-31,2003-12-31,2003-12-31,2021-09-07,-374704000.0,20041326000.0,,10369121000.0,9672205000.0,,5.02,-432579000.0,234192000.0,234192000.0,2054303000.0,177041000.0,1.526,2.408,7508586000.0,1411168000.0,6097418000.0,7508586000.0,0.0,308971000.0,0.0,0.014,0.094,394254000.0,703225000.0,0.288,703225000.0,394254000.0,321008000.0,0.155,0.15,0.155,5881289000.0,,5881289000.0,39029833973.0,42.0,17.203,502669000.0,0.429,1.0,389733000.0,0.159,4286686000.0,73246000.0,16234304000.0,,796559000.0,3875046000.0,2874781000.0,1000265000.0,14160037000.0,6794730000.0,7365307000.0,32035501973.0,89826000.0,255629000.0,51397000.0,182254000.0,-109727000.0,123924000.0,-908076000.0,-961021000.0,935248000.0,3568000.0,177041000.0,177041000.0,177041000.0,15604000.0,0.0,0.072,177226000.0,212507000.0,3247545000.0,0.606,5.447,83.643,82.909,3799711000.0,0.0,27.36,3.198,3.19,2568425000.0,5505744000.0,2444036000.0,2444036000.0,100706000.0,,,,,13229000.0,76520000.0,1.0,1170888230.0,1171504000,1177728000.0,2.086,15754640000.0,631627000.0,143967000.0,807938000.0,13.448,3574391000.0
71,SLB,MRQ,2003-09-30,2003-09-30,2003-09-30,2021-09-07,-485394000.0,19016922000.0,,7531757000.0,11485165000.0,,4.855,-206088000.0,140798000.0,140798000.0,2457643000.0,-55323000.0,1.276,2.347,7135130000.0,956310000.0,6178820000.0,7135130000.0,0.0,350968000.0,0.0,0.015,0.094,-39042000.0,311926000.0,0.121,311926000.0,-39042000.0,-114968000.0,-0.045,-0.045,-0.045,5681592000.0,,5681592000.0,36609967213.0,-17.0,-37.424,262468000.0,0.224,1.0,116811000.0,0.045,5503688000.0,75926000.0,14604755000.0,,879785000.0,2885693000.0,1877415000.0,1008278000.0,13335330000.0,5902811000.0,7432519000.0,28198517213.0,-124699000.0,220000000.0,20766000.0,-1696742000.0,-109229000.0,-1785205000.0,1138707000.0,1124795000.0,468556000.0,1532000.0,-55323000.0,-55323000.0,-55323000.0,-32691000.0,0.0,-0.021,214251000.0,-97440000.0,4148617000.0,-2.089,4.963,-10.619,-10.545,4316035000.0,0.0,24.2,3.747,3.764,3759873000.0,5438553000.0,2574454000.0,2574454000.0,117049000.0,,,,,0.0,97202000.0,1.0,1165227984.0,1170358000,1170358000.0,2.2,13513234000.0,600953000.0,-59645000.0,687495000.0,11.546,1628946000.0
72,SLB,MRQ,2003-06-30,2003-06-30,2003-06-30,2021-09-07,-508939000.0,20992706000.0,,9008343000.0,11984363000.0,,4.893,-219336000.0,263965000.0,263965000.0,2001364000.0,112122000.0,1.19,2.683,8675415000.0,2321944000.0,6353471000.0,8675415000.0,0.0,334177000.0,0.0,0.016,0.094,267169000.0,601346000.0,0.233,601346000.0,267169000.0,174868000.0,0.095,0.095,0.095,5700364000.0,,5700364000.0,34721630372.0,-19.0,-62.011,311233000.0,0.267,1.0,578862000.0,0.224,5947478000.0,92301000.0,15886066000.0,,893641000.0,3996911000.0,2953887000.0,1043024000.0,15292342000.0,7570612000.0,7721730000.0,27698865372.0,115996000.0,105590000.0,97320000.0,1265267000.0,-109164000.0,1253423000.0,-1694073000.0,-1580327000.0,530569000.0,2463000.0,112122000.0,112122000.0,112122000.0,33594000.0,0.0,0.043,200461000.0,378401000.0,4492882000.0,0.989,4.859,-11.412,-11.326,4448867000.0,0.0,23.785,3.305,3.306,3785572000.0,5603604000.0,2580226000.0,2580226000.0,106065000.0,,,,,0.0,94396000.0,1.0,1164551834.0,1164950000,1178048000.0,2.215,15045228000.0,513783000.0,62746000.0,645895000.0,12.915,1437731000.0
73,SLB,MRQ,2003-03-31,2003-03-31,2003-03-31,2021-09-07,-588116000.0,19243880000.0,,7105140000.0,12138740000.0,,4.816,-199840000.0,145506000.0,145506000.0,2120980000.0,149162000.0,1.16,2.431,7168271000.0,1022714000.0,6145557000.0,7168271000.0,0.0,346986000.0,0.0,0.02,0.094,307754000.0,654740000.0,0.244,654740000.0,307754000.0,214891000.0,0.13,0.13,0.13,5608212000.0,,5608212000.0,29125568998.0,-17.0,-69.664,-118825000.0,-0.102,1.0,562904000.0,0.21,5860071000.0,92863000.0,14279884000.0,,1042503000.0,2414498000.0,1324767000.0,1089731000.0,13635668000.0,6126690000.0,7508978000.0,22129596998.0,-21496000.0,0.0,3010000.0,-68587000.0,-108903000.0,-174480000.0,71013000.0,270853000.0,81015000.0,-1108000.0,149162000.0,149162000.0,149162000.0,142000.0,0.0,0.056,259227000.0,303677000.0,4374340000.0,0.723,3.946,-9.444,-9.385,4523859000.0,0.0,19.005,2.429,2.429,3657754000.0,5600711000.0,2683884000.0,2683884000.0,123766000.0,,,,,0.0,135461000.0,1.0,1164409208.0,1164418000,1167962000.0,2.305,13383809000.0,568887000.0,65729000.0,619811000.0,11.494,978450000.0
74,SLB,MRQ,2002-12-31,2002-12-31,2002-12-31,2021-09-07,-547181000.0,19435195000.0,,7185440000.0,12249755000.0,,4.823,-87402000.0,168110000.0,168110000.0,152672000.0,-2861339000.0,1.114,2.467,7164082000.0,1135533000.0,6028549000.0,7164082000.0,0.0,159779000.0,0.0,0.018,0.094,-2706029000.0,-2546250000.0,8.132,-2546250000.0,-2706029000.0,-2797098000.0,-2.475,-2.465,-2.475,5606138000.0,,5606138000.0,31804863375.0,-19.0,-81.19,387515000.0,0.333,1.0,-465773000.0,1.488,5807140000.0,91069000.0,14173109000.0,,1043057000.0,2662930000.0,1567906000.0,1095024000.0,13829057000.0,6450918000.0,7378139000.0,24440018375.0,14358000.0,250840000.0,6477000.0,-516792000.0,-108870000.0,-619185000.0,50107000.0,-138231000.0,474917000.0,-79000.0,-2861339000.0,-2861339000.0,-2861339000.0,2834126000.0,0.0,9.139,-366881000.0,-98892000.0,4580762000.0,-0.038,4.36,-10.535,-10.496,4663756000.0,0.0,21.045,2.531,2.522,3489406000.0,5560712000.0,-313101000.0,-313101000.0,-6954000.0,,,,,0.0,-359927000.0,1.0,1161321852.0,1162342000,1166656000.0,-0.269,13628055000.0,582900000.0,64241000.0,625058000.0,11.725,734522000.0
75,SLB,MRQ,2002-09-30,2002-09-30,2002-09-30,2021-09-07,-355865000.0,22408368000.0,,7480231000.0,14928137000.0,,7.506,-345547000.0,153831000.0,153831000.0,2699281000.0,172837000.0,1.354,1.575,7518676000.0,761586000.0,6757090000.0,7518676000.0,0.0,402280000.0,0.0,0.02,0.094,327953000.0,730233000.0,0.213,730233000.0,327953000.0,229715000.0,0.15,0.15,0.15,8701687000.0,,8701687000.0,30097592983.0,20.0,9.551,386272000.0,0.333,1.0,730621000.0,0.213,8558037000.0,98238000.0,15689332000.0,,1213949000.0,2667144000.0,1404458000.0,1262686000.0,13706681000.0,5525844000.0,8180837000.0,22208191983.0,-2246000.0,-12740000.0,19746000.0,-530910000.0,-108242000.0,-619406000.0,-121187000.0,237100000.0,731819000.0,2718000.0,172837000.0,172837000.0,172837000.0,-4599000.0,0.0,0.05,411955000.0,318666000.0,4166845000.0,0.627,2.552,30.577,30.524,4721705000.0,0.0,19.23,1.672,1.679,3746090000.0,8530954000.0,3429902000.0,3429902000.0,154325000.0,,,,,0.0,257630000.0,1.0,1154872178.0,1159264000,1163712000.0,2.959,13850331000.0,510220000.0,56878000.0,487880000.0,11.948,1954387000.0
76,SLB,MRQ,2002-06-30,2002-06-30,2002-06-30,2021-09-07,-347867000.0,22848362000.0,,7810687000.0,15037675000.0,,7.377,-373372000.0,153359000.0,153359000.0,2556526000.0,196035000.0,1.367,1.683,8042760000.0,872228000.0,7170532000.0,8042760000.0,0.0,385349000.0,0.0,0.016,0.094,357844000.0,743193000.0,0.225,743193000.0,357844000.0,261431000.0,0.17,0.17,0.17,8516266000.0,,8516266000.0,34022978384.0,21.0,10.186,18118000.0,0.016,1.0,752197000.0,0.227,8507489000.0,96413000.0,16517281000.0,,1232877000.0,2906142000.0,1559045000.0,1347097000.0,14332096000.0,5712993000.0,8619103000.0,26835193384.0,20894000.0,-75600000.0,111868000.0,328563000.0,-108044000.0,332387000.0,-708231000.0,-259259000.0,391490000.0,4811000.0,196035000.0,196035000.0,196035000.0,-6010000.0,0.0,0.059,399720000.0,352477000.0,4244850000.0,0.553,3.151,35.87,35.769,4784215000.0,0.0,23.25,1.964,1.965,3900196000.0,8466987000.0,3308723000.0,3308723000.0,154631000.0,,,,,0.0,245089000.0,1.0,1154201866.0,1154484000,1162890000.0,2.866,14340873000.0,501461000.0,65396000.0,487009000.0,12.422,2097694000.0
77,SLB,MRQ,2002-03-31,2002-03-31,2002-03-31,2021-09-07,-318973000.0,22087959000.0,,7506217000.0,14581742000.0,,7.329,-462962000.0,127654000.0,127654000.0,2561594000.0,172472000.0,1.334,1.615,7315439000.0,836025000.0,6479414000.0,7315439000.0,0.0,361250000.0,0.0,0.013,0.094,318697000.0,679947000.0,0.207,679947000.0,318697000.0,236444000.0,0.15,0.15,0.15,8447768000.0,,8447768000.0,40947319936.0,30.0,12.844,-180624000.0,-0.157,1.0,728441000.0,0.221,8045054000.0,82253000.0,15601732000.0,,1255590000.0,2636024000.0,1293531000.0,1342493000.0,13640191000.0,5628958000.0,8011233000.0,33894133936.0,-49186000.0,-150155000.0,36994000.0,127904000.0,-107978000.0,56920000.0,-401393000.0,211724000.0,282338000.0,-864000.0,172472000.0,172472000.0,172472000.0,-12624000.0,0.0,0.052,415874000.0,312567000.0,4134746000.0,0.627,4.012,73.875,73.525,4843105000.0,0.0,29.41,2.39,2.39,3914222000.0,8379194000.0,3290035000.0,3290035000.0,159658000.0,,,,,0.0,256216000.0,1.0,1152469702.0,1152612000,1162208000.0,2.854,14042905000.0,511260000.0,63972000.0,549479000.0,12.184,1877259000.0
78,SLB,MRQ,2001-12-31,2001-12-31,2001-12-31,2021-09-07,-286838000.0,22326367000.0,,7704890000.0,14621477000.0,,7.276,-646863000.0,177704000.0,177704000.0,2456995000.0,184966000.0,1.239,1.665,7230890000.0,1015181000.0,6215709000.0,7230890000.0,0.0,507251000.0,0.0,0.014,0.094,490658000.0,997909000.0,0.307,997909000.0,490658000.0,393039000.0,0.16,0.16,0.16,8378481000.0,,8378481000.0,37957685517.0,26.0,11.34,49180000.0,0.043,1.0,793442000.0,0.244,8101272000.0,97619000.0,15060496000.0,,1204263000.0,2664180000.0,1439997000.0,1224183000.0,13947886000.0,6217785000.0,7730101000.0,31635817517.0,-41402000.0,562742000.0,5385000.0,-431265000.0,-107944000.0,-533824000.0,-236417000.0,-152296000.0,696043000.0,-7783000.0,184966000.0,184966000.0,184966000.0,-28363000.0,0.0,0.057,330203000.0,463239000.0,4506634000.0,0.588,3.776,60.58,60.385,4827879000.0,0.0,27.475,2.26,2.255,4028450000.0,8314766000.0,3250437000.0,3250437000.0,126757000.0,,,,,0.0,203446000.0,1.0,1151440128.0,1151566000,1159870000.0,2.823,14225095000.0,447824000.0,208073000.0,587328000.0,12.353,1487105000.0
79,SLB,MRQ,2001-09-30,2001-09-30,2001-09-30,2021-09-07,-296520000.0,23064036000.0,,8346892000.0,14717144000.0,,7.19,-575197000.0,1483742000.0,1483742000.0,2856755000.0,194648000.0,1.28,1.789,7805610000.0,1228095000.0,6577515000.0,7805610000.0,0.0,464767000.0,0.0,0.016,0.094,454325000.0,919092000.0,0.241,919092000.0,454325000.0,352006000.0,0.17,0.17,0.17,8268578000.0,,8268578000.0,32558800078.0,24.0,10.575,55607000.0,0.048,1.0,956480000.0,0.251,8133512000.0,102319000.0,14729127000.0,,1393308000.0,1363160000.0,0.0,1363160000.0,14795458000.0,6523265000.0,8272193000.0,26226415078.0,-1312000.0,240284000.0,32198000.0,-295017000.0,-107544000.0,-370363000.0,-261753000.0,73160000.0,630804000.0,7700000.0,194648000.0,194648000.0,194648000.0,0.0,0.0,0.051,487479000.0,469001000.0,4610622000.0,0.553,3.172,45.598,45.248,4840216000.0,0.0,22.85,1.896,1.9,4493966000.0,8237779000.0,3813235000.0,3813235000.0,177366000.0,,,,,0.0,310113000.0,1.0,1147764336.0,1150038000,1158944000.0,3.316,14930524000.0,504153000.0,157358000.0,574396000.0,12.983,1823627000.0
80,SLB,MRQ,2001-06-30,2001-06-30,2001-06-30,2021-09-07,-313427000.0,22687771000.0,,7991952000.0,14695819000.0,,7.04,-722008000.0,1505515000.0,1505515000.0,3206384000.0,-93285000.0,1.258,1.81,7837900000.0,1221328000.0,6616572000.0,7837900000.0,0.0,484515000.0,0.0,0.014,0.094,106562000.0,591077000.0,0.154,591077000.0,106562000.0,-2195000.0,-0.08,-0.08,-0.08,8074406000.0,,8074406000.0,32374220961.0,26.0,11.628,-674961000.0,-0.589,1.0,624442000.0,0.163,7980327000.0,108757000.0,14687381000.0,,1407986000.0,1350103000.0,0.0,1350103000.0,14613365000.0,6352448000.0,8260917000.0,30181425961.0,125690000.0,-3824663000.0,69130000.0,3213053000.0,-107461000.0,3174722000.0,-3096079000.0,1450592000.0,47047000.0,-12291000.0,-93285000.0,-93285000.0,-93285000.0,0.0,0.0,-0.024,511042000.0,113400000.0,4535773000.0,-1.175,3.738,51.582,51.117,4950878000.0,0.0,26.325,2.404,2.405,4253233000.0,8151074000.0,3830826000.0,3830826000.0,176209000.0,,,,,0.0,334833000.0,1.0,1146492914.0,1146902000,1146902000.0,3.34,14707444000.0,488458000.0,91090000.0,487139000.0,12.824,1639504000.0
81,SLB,MRQ,2001-03-31,2001-03-31,2001-03-31,2021-09-07,-178629000.0,18222966000.0,,7689593000.0,10533373000.0,,7.328,-507586000.0,2526782000.0,2526782000.0,2295962000.0,235888000.0,1.633,1.17,4719577000.0,944421000.0,3775156000.0,4719577000.0,0.0,419026000.0,0.0,0.013,0.094,420029000.0,839055000.0,0.27,839055000.0,420029000.0,343828000.0,0.205,0.205,0.205,8399265000.0,,8399265000.0,34142872582.0,24.0,12.294,-320075000.0,-0.279,1.0,807724000.0,0.26,2660389000.0,76201000.0,13047846000.0,,1316584000.0,2652268000.0,0.0,2652268000.0,9823701000.0,4707526000.0,5116175000.0,33017754582.0,-53616000.0,-1306859000.0,15047000.0,606195000.0,-107379000.0,513863000.0,-754990000.0,1059455000.0,187511000.0,0.0,235888000.0,235888000.0,235888000.0,0.0,0.0,0.076,381608000.0,426116000.0,3196394000.0,0.459,3.931,39.574,39.459,4423171000.0,0.0,28.805,2.963,2.962,3172804000.0,8351903000.0,3103686000.0,3103686000.0,173596000.0,,,,,0.0,208012000.0,1.0,1146250810.0,1146120000,1162824000.0,2.708,15562577000.0,560491000.0,107940000.0,458586000.0,13.578,2982067000.0
82,SLB,MRQ,2000-12-31,2000-12-31,2000-12-31,2021-09-07,-139204000.0,17172731000.0,,7493211000.0,9679520000.0,,7.244,-466608000.0,160718000.0,160718000.0,2398263000.0,237917000.0,1.878,1.07,4165268000.0,592221000.0,3573047000.0,4165268000.0,0.0,343907000.0,0.0,0.009,0.094,385833000.0,729740000.0,0.237,729740000.0,385833000.0,310666000.0,0.21,0.205,0.21,8295216000.0,,8295216000.0,46073063328.0,37.0,18.488,122883000.0,0.107,1.0,684150000.0,0.222,2692202000.0,75167000.0,14494174000.0,,1111585000.0,5081080000.0,2879432000.0,2201648000.0,8877515000.0,3990905000.0,4886610000.0,45769796328.0,34425000.0,-659157000.0,9772000.0,105787000.0,-107308000.0,8251000.0,-578749000.0,474899000.0,589491000.0,-19073000.0,237917000.0,237917000.0,237917000.0,-14142000.0,0.0,0.077,321311000.0,362839000.0,2910725000.0,0.448,5.518,62.306,61.969,4394514000.0,0.0,39.97,4.463,4.444,2768848000.0,8223476000.0,3082413000.0,3082413000.0,133047000.0,,,,,0.0,188264000.0,1.0,1145103736.0,1145162000,1164640000.0,2.692,14480529000.0,530243000.0,72749000.0,379916000.0,12.645,3502306000.0
83,SLB,MRQ,2000-09-30,2000-09-30,2000-09-30,2021-09-07,-161550000.0,15722009000.0,,7875251000.0,7846758000.0,,7.117,-356637000.0,3750870000.0,3750870000.0,1891290000.0,204598000.0,2.275,0.933,4054137000.0,637348000.0,3416789000.0,4054137000.0,0.0,295260000.0,0.0,0.009,0.094,329067000.0,624327000.0,0.246,624327000.0,329067000.0,256572000.0,0.18,0.175,0.18,8132560000.0,,8132560000.0,47290798962.0,50.0,21.695,120471000.0,0.105,1.0,645665000.0,0.255,1659505000.0,72495000.0,10904813000.0,,1056769000.0,1946525000.0,0.0,1946525000.0,7589449000.0,3460958000.0,4128491000.0,46918170962.0,-13014000.0,0.0,48345000.0,15618000.0,-106789000.0,-42826000.0,-447296000.0,-59589000.0,477108000.0,0.0,204598000.0,204598000.0,204598000.0,0.0,0.0,0.081,315038000.0,330627000.0,2377627000.0,0.522,5.769,92.37,91.456,3813751000.0,0.0,41.155,4.975,4.987,2530680000.0,8092938000.0,2536955000.0,2536955000.0,134278000.0,,,,,0.0,180760000.0,1.0,1140035742.0,1142702000,1163474000.0,2.22,14062504000.0,507418000.0,51974000.0,338011000.0,12.306,4414293000.0
84,SLB,MRQ,2000-06-30,2000-06-30,2000-06-30,2021-09-07,-146957000.0,15622814000.0,,7861583000.0,7761231000.0,,6.938,-344764000.0,3695676000.0,3695676000.0,1830007000.0,155923000.0,2.285,0.978,4068304000.0,494759000.0,3573545000.0,4068304000.0,0.0,311550000.0,0.0,0.01,0.094,272488000.0,584038000.0,0.241,584038000.0,272488000.0,207147000.0,0.135,0.135,0.135,7899958000.0,,7899958000.0,42052030081.0,51.0,20.475,36977000.0,0.032,1.0,591800000.0,0.244,1678047000.0,65341000.0,10876747000.0,,1018757000.0,1919901000.0,0.0,1919901000.0,7722856000.0,3440648000.0,4282208000.0,42468891081.0,12789000.0,-233718000.0,87303000.0,196200000.0,-106256000.0,177247000.0,-546199000.0,41916000.0,381741000.0,0.0,155923000.0,155923000.0,155923000.0,0.0,0.0,0.064,316437000.0,275363000.0,2418102000.0,0.696,5.376,96.014,94.468,3753442000.0,0.0,37.315,4.698,4.7,2616429000.0,7995648000.0,2421807000.0,2421807000.0,130740000.0,,,,,0.0,185697000.0,1.0,1138118480.0,1138586000,1159414000.0,2.127,13944767000.0,530015000.0,51224000.0,420334000.0,12.247,4420935000.0
85,SLB,MRQ,2000-03-31,2000-03-31,2000-03-31,2021-09-07,-132202000.0,15172481000.0,,8711894000.0,6460587000.0,,6.915,-250076000.0,4299436000.0,4299436000.0,1660018000.0,136158000.0,2.616,0.935,3882575000.0,601498000.0,3281077000.0,3882575000.0,0.0,312343000.0,0.0,0.01,0.094,241644000.0,553987000.0,0.25,553987000.0,241644000.0,178548000.0,0.12,0.12,0.12,7839836000.0,,7839836000.0,42847582686.0,57.0,21.849,-27820000.0,-0.025,1.0,553534000.0,0.25,1352945000.0,63096000.0,10072089000.0,,1306558000.0,1283324000.0,0.0,1283324000.0,7332645000.0,3330586000.0,4002059000.0,43352453686.0,13002000.0,-27728000.0,83950000.0,27733000.0,-106112000.0,5571000.0,-214825000.0,94393000.0,222256000.0,0.0,136158000.0,136158000.0,136158000.0,0.0,0.0,0.062,309636000.0,243898000.0,2216185000.0,0.783,5.53,104.796,102.0,3495448000.0,0.0,38.25,4.992,4.994,2542726000.0,7946514000.0,2213552000.0,2213552000.0,131042000.0,,,,,0.0,178594000.0,1.0,1133397482.0,1133772000,1153082000.0,1.952,13819536000.0,483454000.0,42390000.0,406107000.0,12.189,5381308000.0
86,SLB,MRQ,1999-12-31,1999-12-31,1999-12-31,2021-09-07,-137158000.0,15081192000.0,,8261429000.0,6819763000.0,,6.987,-215009000.0,4389837000.0,4389837000.0,1901990000.0,11259000.0,2.378,0.953,3884966000.0,701792000.0,3183174000.0,3884966000.0,0.0,317371000.0,0.0,0.013,0.094,100086000.0,417457000.0,0.185,417457000.0,100086000.0,40040000.0,0.015,0.005,0.015,7721028000.0,,7721028000.0,31146105422.0,44.0,16.829,503234000.0,0.455,1.0,356352000.0,0.158,1645201000.0,60046000.0,9456632000.0,,956980000.0,1261930000.0,0.0,1261930000.0,7360164000.0,3474488000.0,3885676000.0,30862763422.0,-71675000.0,-41000000.0,481738000.0,-387130000.0,-103050000.0,-8442000.0,-781476000.0,-487110000.0,718243000.0,0.0,11259000.0,11259000.0,11259000.0,47212000.0,0.0,0.005,197850000.0,158502000.0,2282884000.0,6.267,3.997,84.165,83.776,3560740000.0,0.0,28.065,3.526,3.519,2429842000.0,7916612000.0,2258342000.0,2258342000.0,132701000.0,,,,,0.0,65149000.0,1.0,1099688702.0,1105124000,1132324000.0,2.044,13435991000.0,468854000.0,28781000.0,383159000.0,12.158,4786941000.0
87,SLB,MRQ,1999-09-30,1999-09-30,1999-09-30,2021-09-07,-103516000.0,16359398000.0,,8637996000.0,7721402000.0,,7.551,-210711000.0,4021531000.0,4021531000.0,1617212000.0,138981000.0,2.325,0.974,4304873000.0,741727000.0,3563146000.0,4304873000.0,0.0,280403000.0,0.0,0.012,0.094,217953000.0,498356000.0,0.232,498356000.0,217953000.0,172873000.0,0.125,0.125,0.125,8286112000.0,,8286112000.0,33927265450.0,36.0,16.076,101952000.0,0.093,1.0,529152000.0,0.247,1321744000.0,45080000.0,11604982000.0,,1342401000.0,1210868000.0,0.0,1210868000.0,8073286000.0,3716014000.0,4357272000.0,34120644450.0,46918000.0,-364757000.0,50543000.0,466416000.0,-102605000.0,414354000.0,-680099000.0,7182000.0,312663000.0,0.0,138981000.0,138981000.0,138981000.0,-28302000.0,0.0,0.065,339501000.0,189651000.0,2459195000.0,0.752,4.118,53.879,54.658,4869269000.0,0.0,31.155,4.146,4.154,2694001000.0,8929792000.0,2146364000.0,2146364000.0,131342000.0,,,,,0.0,208159000.0,1.0,1095190000.0,1097342000,1131102000.0,1.956,15037654000.0,503719000.0,33892000.0,411502000.0,13.704,4921982000.0
88,SLB,MRQ,1999-06-30,1999-06-30,1999-06-30,2021-09-07,-106114000.0,15742687000.0,,8566903000.0,7175784000.0,,7.443,-287372000.0,4022846000.0,4022846000.0,1582856000.0,127287000.0,2.36,0.933,3829467000.0,622427000.0,3207040000.0,3829467000.0,0.0,300562000.0,0.0,0.012,0.094,190735000.0,491297000.0,0.238,491297000.0,190735000.0,147861000.0,0.115,0.11,0.115,8144790000.0,,8144790000.0,34777219230.0,46.0,18.018,73951000.0,0.068,1.0,482728000.0,0.234,1269463000.0,42874000.0,10649798000.0,,1330656000.0,652573000.0,0.0,652573000.0,7597897000.0,3630047000.0,3967850000.0,34839944230.0,24596000.0,-54581000.0,70008000.0,-8158000.0,-102443000.0,-40593000.0,-296134000.0,112257000.0,361323000.0,0.0,127287000.0,127287000.0,127287000.0,-36146000.0,0.0,0.062,328139000.0,154589000.0,2494610000.0,0.817,4.278,74.953,75.821,4822351000.0,0.0,31.845,3.843,3.844,2658038000.0,8893861000.0,2065584000.0,2065584000.0,126354000.0,,,,,0.0,201785000.0,1.0,1094047550.0,1094224000,1127058000.0,1.888,14473224000.0,483188000.0,20574000.0,409845000.0,13.227,4936856000.0
89,SLB,MRQ,1999-03-31,1999-03-31,1999-03-31,2021-09-07,-95127000.0,15793322000.0,,8478302000.0,7315020000.0,,7.425,-237811000.0,3902836000.0,3902836000.0,1775577000.0,89167000.0,2.223,0.947,3840111000.0,723112000.0,3116999000.0,3840111000.0,0.0,252008000.0,0.0,0.012,0.094,191646000.0,443654000.0,0.194,443654000.0,191646000.0,146692000.0,0.08,0.08,0.08,8113337000.0,,8113337000.0,33010134792.0,30.0,14.672,74266000.0,0.068,1.0,505838000.0,0.222,1262707000.0,44954000.0,10653912000.0,,1343204000.0,862313000.0,0.0,862313000.0,7679985000.0,3813978000.0,3866007000.0,32885684792.0,27429000.0,0.0,21185000.0,-166449000.0,-102396000.0,-247660000.0,-36988000.0,276168000.0,312077000.0,0.0,89167000.0,89167000.0,89167000.0,-20124000.0,0.0,0.039,334316000.0,171522000.0,2536322000.0,1.175,4.053,45.357,45.598,4769009000.0,0.0,30.095,3.249,3.249,2739300000.0,8869179000.0,2281415000.0,2281415000.0,131843000.0,,,,,0.0,202473000.0,1.0,1092729184.0,1092754000,1119828000.0,2.088,14530615000.0,478285000.0,57525000.0,451535000.0,13.297,4664324000.0
90,SLB,MRQ,1998-12-31,1998-12-31,1998-12-31,2021-09-07,-81480000.0,16077929000.0,,8805224000.0,7272705000.0,,7.436,-269190000.0,3956694000.0,3956694000.0,1449037000.0,277846000.0,2.247,0.98,4081144000.0,795700000.0,3285444000.0,4081144000.0,0.0,332259000.0,0.0,0.016,0.094,344902000.0,677161000.0,0.39,677161000.0,344902000.0,300545000.0,0.25,0.25,0.25,8119075000.0,,8119075000.0,25669312941.0,18.0,9.854,699586000.0,0.641,1.0,287957000.0,0.166,1302678000.0,44357000.0,10981033000.0,,1333131000.0,940016000.0,0.0,940016000.0,7958854000.0,3918668000.0,4040186000.0,25318747941.0,-28055000.0,91658000.0,7936000.0,-163449000.0,-102328000.0,-257841000.0,-738990000.0,-181961000.0,968776000.0,0.0,277846000.0,277846000.0,277846000.0,-396237000.0,0.0,0.16,330845000.0,-42888000.0,2539954000.0,0.376,3.118,24.964,24.935,4694465000.0,0.0,23.19,2.323,2.317,2968070000.0,8882455000.0,1736994000.0,1736994000.0,125998000.0,,,,,0.0,204847000.0,1.0,1091795944.0,1091904000,1116018000.0,1.591,14775251000.0,498604000.0,22699000.0,480123000.0,13.532,4886556000.0
91,SLB,MRQ,1998-09-30,1998-09-30,1998-09-30,2021-09-07,-65437000.0,16160913000.0,,8989642000.0,7171271000.0,,7.294,-484244000.0,3867241000.0,3867241000.0,2581356000.0,-29475000.0,2.245,1.032,4217806000.0,784518000.0,3433288000.0,4217806000.0,0.0,288479000.0,0.0,0.015,0.094,29513000.0,317992000.0,0.107,317992000.0,29513000.0,-12152000.0,-0.025,-0.025,-0.025,7951732000.0,,7951732000.0,25559213584.0,16.0,9.872,149864000.0,0.137,1.0,399653000.0,0.134,1366522000.0,41665000.0,11140464000.0,,1435551000.0,791012000.0,0.0,791012000.0,8209181000.0,4004492000.0,4204689000.0,25397771584.0,-72708000.0,-10500000.0,45959000.0,2045331000.0,-95465000.0,1995825000.0,-2702641000.0,-2161574000.0,634108000.0,0.0,-29475000.0,-29475000.0,-29475000.0,0.0,0.0,-0.01,370140000.0,29513000.0,2608139000.0,-3.76,3.194,22.371,24.229,4514129000.0,0.0,25.44,2.218,2.422,3158799000.0,8707005000.0,2981009000.0,2981009000.0,137392000.0,,,,,0.0,232748000.0,1.0,998340078.0,1090220000,1121546000.0,2.734,14794391000.0,473849000.0,17323000.0,509024000.0,13.57,4985150000.0
92,SLB,MRQ,1998-06-30,1998-06-30,1998-06-30,2021-09-07,-49162000.0,12725491000.0,,6520080000.0,6205411000.0,,6.665,-481012000.0,1781252000.0,1781252000.0,2213644000.0,387501000.0,1.775,0.756,1942694000.0,804916000.0,1137778000.0,1942694000.0,0.0,283591000.0,0.0,0.011,0.094,527482000.0,811073000.0,0.26,811073000.0,527482000.0,501797000.0,0.355,0.345,0.355,7246048000.0,,7246048000.0,34222420764.0,16.0,11.063,-17508000.0,-0.016,1.0,907513000.0,0.291,1146923000.0,25685000.0,8067572000.0,,1224328000.0,679978000.0,0.0,679978000.0,5479443000.0,3672438000.0,1807005000.0,34073095764.0,49063000.0,-2968000.0,69703000.0,111190000.0,-95362000.0,85531000.0,-499972000.0,-18539000.0,463504000.0,0.0,387501000.0,387501000.0,387501000.0,0.0,0.0,0.124,380031000.0,527482000.0,2337198000.0,0.265,4.702,22.006,23.885,4007987000.0,0.0,34.155,2.969,3.235,3110759000.0,8584835000.0,3121157000.0,3121157000.0,149792000.0,,,,,0.0,230239000.0,1.0,997601984.0,1087120000,1129568000.0,2.871,11578568000.0,398603000.0,114296000.0,436281000.0,10.651,2847642000.0
93,SLB,MRQ,1998-03-31,1998-03-31,1998-03-31,2021-09-07,-54954000.0,12262011000.0,,6235655000.0,6026356000.0,,6.41,-304666000.0,1704732000.0,1704732000.0,2161899000.0,378327000.0,1.788,0.762,1854057000.0,750578000.0,1103479000.0,1854057000.0,0.0,273018000.0,0.0,0.01,0.094,525744000.0,798762000.0,0.261,798762000.0,525744000.0,500240000.0,0.35,0.335,0.35,6957440000.0,,6957440000.0,37907813260.0,19.0,12.964,45278000.0,0.042,1.0,896977000.0,0.293,1156833000.0,25504000.0,7767902000.0,,1171884000.0,709978000.0,0.0,709978000.0,5304571000.0,3486601000.0,1817970000.0,37745294260.0,9626000.0,-16528000.0,15643000.0,-12638000.0,-95224000.0,-92219000.0,-248099000.0,69911000.0,349944000.0,0.0,378327000.0,378327000.0,378327000.0,0.0,0.0,0.124,371233000.0,525744000.0,2223989000.0,0.269,5.425,25.723,27.347,3809022000.0,0.0,37.875,3.438,3.745,2952583000.0,8319034000.0,3058876000.0,3058876000.0,143700000.0,,,,,0.0,227533000.0,1.0,996575426.0,1085456000,1127708000.0,2.818,11105178000.0,377375000.0,121913000.0,418119000.0,10.231,2749054000.0
94,SLB,MRQ,1997-12-31,1997-12-31,1997-12-31,2021-09-07,-63332000.0,13185881000.0,,6577721000.0,6608160000.0,,6.809,-481636000.0,1818332000.0,1818332000.0,1744347000.0,398926000.0,1.692,0.786,2034016000.0,854660000.0,1179356000.0,2034016000.0,0.0,162823000.0,0.0,0.009,0.094,498344000.0,661167000.0,0.289,661167000.0,498344000.0,489503000.0,0.37,0.355,0.37,7381169000.0,,7381169000.0,40296188914.0,22.0,14.532,129891000.0,0.12,1.0,546276000.0,0.238,1379412000.0,8841000.0,8134134000.0,,1300541000.0,742751000.0,0.0,742751000.0,5804712000.0,3888019000.0,1916693000.0,40067070914.0,3764000.0,-16480000.0,21656000.0,181043000.0,-95125000.0,107574000.0,-715337000.0,-221739000.0,611527000.0,0.0,398926000.0,398926000.0,398926000.0,-297321000.0,0.0,0.174,345253000.0,201023000.0,2514220000.0,0.254,5.428,28.939,31.323,4121951000.0,0.0,40.25,3.725,4.037,2997010000.0,8265642000.0,2290623000.0,2290623000.0,128799000.0,,,,,0.0,216454000.0,1.0,995455178.0,1084042000,1130790000.0,2.113,11806469000.0,394099000.0,90577000.0,425318000.0,10.891,2689702000.0
95,SLB,MRQ,1997-09-30,1997-09-30,1997-09-30,2021-09-07,-42229000.0,11503447000.0,,5665252000.0,5838195000.0,,5.896,-268452000.0,1506751000.0,1506751000.0,2138441000.0,383592000.0,1.594,0.807,1735869000.0,879242000.0,856627000.0,1735869000.0,0.0,291553000.0,0.0,0.009,0.094,530870000.0,822423000.0,0.274,822423000.0,530870000.0,505048000.0,0.355,0.34,0.355,6366851000.0,,6366851000.0,41847153685.0,24.0,15.028,359336000.0,0.333,1.0,867942000.0,0.289,1147947000.0,25822000.0,7030081000.0,,1101414000.0,774499000.0,0.0,774499000.0,5136596000.0,3554537000.0,1582059000.0,41707435685.0,-13740000.0,-11753000.0,62269000.0,192622000.0,-97543000.0,157348000.0,-798876000.0,-514419000.0,627788000.0,0.0,383592000.0,383592000.0,383592000.0,0.0,0.0,0.128,337072000.0,530870000.0,2160435000.0,0.265,6.551,32.76,35.699,3548502000.0,0.0,42.125,3.681,4.014,2680662000.0,7782432000.0,3006383000.0,3006383000.0,129093000.0,,,,,0.0,207979000.0,1.0,990087494.0,1079868000,1125318000.0,2.784,10355500000.0,375640000.0,121456000.0,421240000.0,9.59,2110715000.0
96,SLB,MRQ,1997-06-30,1997-06-30,1997-06-30,2021-09-07,-36048000.0,10800745000.0,,5492470000.0,5308275000.0,,6.092,-310430000.0,1442165000.0,1442165000.0,1929324000.0,306506000.0,1.583,0.795,1581883000.0,855815000.0,726068000.0,1581883000.0,0.0,237905000.0,0.0,0.012,0.094,403883000.0,641788000.0,0.245,641788000.0,403883000.0,384566000.0,0.31,0.3,0.31,6017216000.0,,6017216000.0,31059879000.0,27.0,14.716,89949000.0,0.091,1.0,693093000.0,0.264,1175128000.0,19317000.0,6295172000.0,,1053522000.0,370222000.0,0.0,370222000.0,4783529000.0,3470163000.0,1313366000.0,30856445000.0,26186000.0,0.0,48208000.0,182745000.0,-92527000.0,138426000.0,-512619000.0,-205158000.0,400379000.0,0.0,306506000.0,306506000.0,306506000.0,0.0,0.0,0.117,289210000.0,403883000.0,2131038000.0,0.303,5.128,27.591,29.481,3441097000.0,0.0,31.25,2.91,2.911,2568068000.0,7519045000.0,2622417000.0,2622417000.0,118897000.0,,,,,0.0,170313000.0,1.0,987406240.0,987726000,1021922000.0,2.655,9625617000.0,394704000.0,78060000.0,390281000.0,9.745,2022307000.0
97,SLB,MRQ,1997-03-31,1997-03-31,1997-03-31,2021-09-07,-26910000.0,10338466000.0,,5043502000.0,5294964000.0,,5.874,-246415000.0,1201625000.0,1201625000.0,1782788000.0,259943000.0,1.52,0.783,1405059000.0,771246000.0,633813000.0,1405059000.0,0.0,231942000.0,0.0,0.014,0.094,357010000.0,588952000.0,0.243,588952000.0,357010000.0,339191000.0,0.265,0.255,0.265,5796928000.0,,5796928000.0,26545539521.0,27.0,13.651,-25582000.0,-0.026,1.0,637377000.0,0.263,1187734000.0,17819000.0,6036485000.0,,983609000.0,379791000.0,0.0,379791000.0,4541538000.0,3317681000.0,1223857000.0,26453439521.0,-25935000.0,0.0,15821000.0,38000.0,-92441000.0,-76582000.0,-170186000.0,73422000.0,220833000.0,0.0,259943000.0,259943000.0,259943000.0,0.0,0.0,0.107,280367000.0,357010000.0,2057943000.0,0.355,4.563,26.229,28.237,3360841000.0,0.0,26.825,2.606,2.608,2384117000.0,7305160000.0,2420165000.0,2420165000.0,117953000.0,,,,,0.0,162414000.0,1.0,986148724.0,986852000,1018438000.0,2.452,9150732000.0,420207000.0,79248000.0,395560000.0,9.273,1725821000.0
98,SLB,MRQ,1996-12-31,1996-12-31,1996-12-31,2021-09-07,-14221000.0,10325051000.0,,5042617000.0,5282434000.0,,5.265,-403795000.0,1358948000.0,1358948000.0,2348671000.0,323067000.0,1.451,0.835,1451048000.0,813845000.0,637203000.0,1451048000.0,0.0,279881000.0,0.0,0.015,0.094,451612000.0,731493000.0,0.223,731493000.0,451612000.0,425755000.0,0.25,0.237,0.25,5626380000.0,,5626380000.0,24677531325.0,29.0,13.718,304809000.0,0.285,1.0,933832000.0,0.284,1225335000.0,25857000.0,5717406000.0,,938974000.0,323717000.0,0.0,323717000.0,4698671000.0,3474410000.0,1224261000.0,24599258325.0,39650000.0,-127372000.0,27272000.0,109095000.0,-100143000.0,36224000.0,-705178000.0,-176740000.0,708604000.0,0.0,323067000.0,323067000.0,323067000.0,0.0,0.0,0.098,482220000.0,451612000.0,2200161000.0,0.376,4.372,26.753,29.035,3358581000.0,0.0,24.97,2.517,2.73,2260091000.0,7137744000.0,3282503000.0,3282503000.0,142118000.0,,,,,0.0,340102000.0,1.0,985152516.0,1068596000,1091218000.0,3.072,9099716000.0,426439000.0,102688000.0,367562000.0,8.516,1568207000.0
99,SLB,MRQ,1996-09-30,1996-09-30,1996-09-30,2021-09-07,-17100000.0,9772739000.0,,4748023000.0,5024716000.0,,5.517,-242637000.0,1220614000.0,1220614000.0,1751739000.0,228835000.0,1.5,0.802,1298887000.0,685274000.0,613613000.0,1298887000.0,0.0,224019000.0,0.0,0.018,0.094,-75670000.0,148349000.0,0.065,148349000.0,-75670000.0,-94212000.0,0.235,0.233,0.235,5422555000.0,,5422555000.0,20803018042.0,34.0,13.96,166350000.0,0.169,1.0,528206000.0,0.232,1176300000.0,18542000.0,5510291000.0,,934550000.0,244861000.0,0.0,244861000.0,4350184000.0,3164421000.0,1185763000.0,20699630042.0,11488000.0,-28213000.0,24467000.0,31847000.0,-91827000.0,-35513000.0,-361986000.0,-88077000.0,408987000.0,0.0,228835000.0,228835000.0,228835000.0,0.0,0.0,0.1,603876000.0,-75670000.0,2048448000.0,0.4,3.817,27.125,27.258,3201302000.0,0.0,21.125,2.413,2.42,2180433000.0,6975122000.0,2279945000.0,2279945000.0,111218000.0,,,,,0.0,159567000.0,1.0,979864144.0,982922000,982924000.0,2.32,8596439000.0,423189000.0,-323047000.0,338126000.0,8.746,1583602000.0
100,SLB,MRQ,1996-06-30,1996-06-30,1996-06-30,2021-09-07,-20952000.0,9207136000.0,,4379460000.0,4827676000.0,,5.346,-259658000.0,1157535000.0,1157535000.0,1631997000.0,196718000.0,1.542,0.76,1260923000.0,683872000.0,577051000.0,1260923000.0,0.0,219669000.0,0.0,0.018,0.094,256103000.0,475772000.0,0.22,475772000.0,256103000.0,237983000.0,0.2,0.2,0.2,5231924000.0,,5231924000.0,20587547250.0,22.0,11.598,4257000.0,0.004,1.0,534860000.0,0.247,1294555000.0,18120000.0,5176370000.0,,914117000.0,207885000.0,0.0,207885000.0,3975212000.0,2839599000.0,1135613000.0,20427565250.0,-6844000.0,-6050000.0,66781000.0,86183000.0,-91368000.0,61596000.0,-332355000.0,-66862000.0,263915000.0,0.0,196718000.0,196718000.0,196718000.0,0.0,0.0,0.091,278757000.0,256103000.0,1790105000.0,0.47,3.904,29.054,29.196,3158286000.0,0.0,20.875,2.479,2.479,2100669000.0,6838462000.0,2166857000.0,2166857000.0,114740000.0,,,,,0.0,164017000.0,1.0,978566000.0,978682000,978682000.0,2.214,7912581000.0,0.0,41265000.0,273384000.0,8.085,1539861000.0
101,SLB,MRQ,1996-03-31,1996-03-31,1996-03-31,2021-09-07,-18975000.0,8958121000.0,,4094591000.0,4863530000.0,,5.227,-200197000.0,1025814000.0,1025814000.0,1549603000.0,170867000.0,1.494,0.761,1185796000.0,617321000.0,568475000.0,1185796000.0,0.0,217013000.0,0.0,0.019,0.094,226347000.0,443360000.0,0.217,443360000.0,226347000.0,209004000.0,0.175,0.175,0.175,5087805000.0,,5087805000.0,,,,-41134000.0,-0.042,1.0,495595000.0,0.242,1308611000.0,17343000.0,5069642000.0,,870121000.0,279972000.0,0.0,279972000.0,3870316000.0,2739850000.0,1130466000.0,19387838875.0,18973000.0,0.0,50534000.0,-11619000.0,-91151000.0,-52236000.0,-87854000.0,112765000.0,159063000.0,0.0,170867000.0,170867000.0,170867000.0,0.0,0.0,0.084,269248000.0,226347000.0,1743695000.0,0.537,3.811,28.799,28.797,3109227000.0,0.0,19.812,2.432,2.419,1988905000.0,6733571000.0,2045198000.0,2045198000.0,110799000.0,,,,,0.0,158449000.0,1.0,978566000.0,973430000,973432000.0,2.101,7649510000.0,0.0,38137000.0,287058000.0,7.858,1354741000.0
102,SLB,MRQ,1995-12-31,1995-12-31,1995-12-31,2021-09-07,-12806000.0,8910100000.0,,4023703000.0,4886397000.0,,5.109,-308475000.0,1120533000.0,1120533000.0,1594919000.0,166696000.0,1.456,0.795,1212524000.0,599120000.0,613404000.0,1212524000.0,0.0,209308000.0,0.0,0.021,0.094,213396000.0,422704000.0,0.203,422704000.0,213396000.0,194538000.0,0.165,0.16,0.165,4964017000.0,,4964017000.0,,,,84356000.0,0.087,1.0,491798000.0,0.236,1330490000.0,18858000.0,4907329000.0,,782168000.0,279950000.0,0.0,279950000.0,3946083000.0,2764272000.0,1181811000.0,,21280000.0,-113638000.0,12764000.0,89923000.0,-91011000.0,11676000.0,-383227000.0,20758000.0,392831000.0,0.0,166696000.0,166696000.0,166696000.0,0.0,0.0,0.08,278402000.0,213396000.0,1773605000.0,0.57,,,26.034,3118458000.0,0.0,17.312,,2.176,1939873000.0,6654072000.0,2086717000.0,2086717000.0,112714000.0,,,,,0.0,165688000.0,1.0,,971632000,996560000.0,2.148,7579610000.0,0.0,27842000.0,299841000.0,7.801,1259431000.0
103,SLB,MRQ,1995-09-30,1995-09-30,1995-09-30,2021-09-07,,,,,,,,-186986000.0,,,1445031000.0,168798000.0,,,,,,,,208245000.0,,0.021,0.094,225040000.0,433285000.0,0.223,433285000.0,225040000.0,204276000.0,0.175,0.175,0.175,,,,,,,55565000.0,0.057,1.0,496045000.0,0.256,,20764000.0,,,,,,,,,,,-5264000.0,-31418000.0,23768000.0,-75358000.0,-90741000.0,-142331000.0,-105484000.0,100200000.0,242551000.0,0.0,168798000.0,168798000.0,168798000.0,0.0,0.0,0.087,261005000.0,235040000.0,,0.537,,,,,0.0,16.345,,,,,1941076000.0,1941076000.0,106902000.0,,,,,0.0,154103000.0,1.0,,970600000,970600000.0,2.0,,,35478000.0,,,
104,SLB,MRQ,1995-06-30,1995-06-30,1995-06-30,2021-09-07,,,,,,,,-233207000.0,,,1417745000.0,166854000.0,,,,,,,,203713000.0,,0.021,0.094,218655000.0,422368000.0,0.222,422368000.0,218655000.0,197183000.0,0.172,0.172,0.172,,,,,,,141587000.0,0.146,1.0,481517000.0,0.254,,21472000.0,,,,,,,,,,,3934000.0,-2236000.0,14283000.0,-26363000.0,-72530000.0,-84610000.0,-286250000.0,-55541000.0,374794000.0,0.0,166854000.0,166854000.0,166854000.0,0.0,0.0,0.088,262862000.0,218655000.0,,0.547,,,,,0.0,15.533,,,,,1899262000.0,1899262000.0,104947000.0,,,,,0.0,157915000.0,1.0,,967548000,967548000.0,1.963,,,30329000.0,,,
105,SLB,MRQ,1995-03-31,1995-03-31,1995-03-31,2021-09-07,,,,,,,,-183243000.0,,,1336462000.0,146809000.0,,,,,,,,198930000.0,,0.02,0.075,194903000.0,393833000.0,0.22,393833000.0,194903000.0,174377000.0,0.152,0.152,0.152,,,,,,,925000.0,0.001,1.0,449713000.0,0.252,,20526000.0,,,,,,,,,,,-5106000.0,-53513000.0,-17690000.0,67417000.0,-72907000.0,-23180000.0,-166094000.0,63748000.0,184168000.0,0.0,146809000.0,146809000.0,146809000.0,0.0,0.0,0.082,254810000.0,194903000.0,,0.493,,,,,0.0,14.908,,,,,1786175000.0,1786175000.0,103285000.0,,,,,0.0,151525000.0,1.0,,968208000,968208000.0,1.845,,,27568000.0,,,
0,SLB,MRT,2021-06-30,2021-06-30,2021-06-30,2021-09-07,-4776000000.0,40908000000.0,42361000000.0,12077000000.0,28831000000.0,0.511,9.129,-1198000000.0,1439000000.0,1439000000.0,18724000000.0,1064000000.0,1.375,2.182,15723000000.0,36000000.0,15687000000.0,15723000000.0,0.0,2228000000.0,0.0,0.016,0.5,1857000000.0,4085000000.0,0.189,4085000000.0,1857000000.0,1303000000.0,0.73,0.72,0.73,12762000000.0,12329250000.0,12762000000.0,60075622141.0,32.0,14.706,1808000000.0,1.293,1.0,2923000000.0,0.135,16298000000.0,554000000.0,30110000000.0,31134750000.0,3267000000.0,3278000000.0,1243000000.0,2035000000.0,27849000000.0,8784000000.0,19065000000.0,44760622141.0,-27000000.0,98000000.0,123000000.0,-2094000000.0,-697000000.0,-2765000000.0,-268000000.0,879000000.0,3006000000.0,4000000.0,1022000000.0,1022000000.0,1022000000.0,0.0,42000000.0,0.047,1254000000.0,1669000000.0,7635000000.0,0.685,3.507,43.797,43.849,6473000000.0,0.0,32.01,2.068,2.067,5347000000.0,7399000000.0,21647000000.0,21647000000.0,534000000.0,0.024,0.083,0.06,0.086,340000000.0,308000000.0,1.0,1398332463.0,1398000000,1421000000.0,15.484,24610000000.0,0.0,281000000.0,924000000.0,17.604,3293000000.0
1,SLB,MRT,2021-03-31,2021-03-31,2021-03-31,2021-09-07,-4664000000.0,42036000000.0,43300750000.0,12807000000.0,29229000000.0,0.494,8.972,-1185000000.0,1268000000.0,1268000000.0,18881000000.0,-2807000000.0,1.297,2.317,16583000000.0,749000000.0,15834000000.0,16583000000.0,0.0,2306000000.0,0.0,0.018,0.5,-2298000000.0,8000000.0,0.0,8000000.0,-2298000000.0,-2860000000.0,-2.05,-2.05,-2.05,12543000000.0,12148750000.0,12543000000.0,53899342852.0,-23.0,6737.418,1404000000.0,1.004,1.0,2488000000.0,0.116,16673000000.0,562000000.0,30805000000.0,31600750000.0,3303000000.0,3732000000.0,1642000000.0,2090000000.0,29064000000.0,9873000000.0,19191000000.0,37857342852.0,-103000000.0,90000000.0,123000000.0,-654000000.0,-1216000000.0,-1862000000.0,-830000000.0,320000000.0,2589000000.0,-4000000.0,-2843000000.0,-2843000000.0,-2843000000.0,0.0,36000000.0,-0.133,4997000000.0,-2509000000.0,7956000000.0,-0.244,3.018,-13.316,-13.263,6620000000.0,0.0,27.19,1.772,1.779,5269000000.0,7142000000.0,21369000000.0,21369000000.0,542000000.0,-0.066,-0.234,-0.073,-0.108,373000000.0,319000000.0,1.0,1392325960.0,1398000000,1419000000.0,15.285,25363000000.0,0.0,-17000000.0,983000000.0,18.142,2934000000.0
2,SLB,MRT,2020-12-31,2020-12-31,2020-12-31,2021-09-07,-4884000000.0,42434000000.0,44940250000.0,12919000000.0,29515000000.0,0.525,8.684,-1520000000.0,844000000.0,844000000.0,21000000000.0,-10486000000.0,1.231,2.481,16886000000.0,850000000.0,16036000000.0,16886000000.0,0.0,2566000000.0,0.0,0.04,0.875,-10767000000.0,-8201000000.0,-0.347,-8201000000.0,-10767000000.0,-11330000000.0,-7.57,-7.57,-7.57,12071000000.0,12903250000.0,12071000000.0,46932015096.0,-4.0,-5.723,1424000000.0,1.024,1.0,2601000000.0,0.11,16435000000.0,563000000.0,31550000000.0,32261000000.0,3354000000.0,4223000000.0,2162000000.0,2061000000.0,29945000000.0,10491000000.0,19454000000.0,30388015096.0,-282000000.0,401000000.0,120000000.0,830000000.0,-1734000000.0,-873000000.0,-2353000000.0,-1141000000.0,2944000000.0,-11000000.0,-10518000000.0,-10518000000.0,-10518000000.0,0.0,32000000.0,-0.446,13603000000.0,-11002000000.0,8442000000.0,-0.116,2.517,-2.889,-2.884,6826000000.0,0.0,21.83,1.288,1.286,5247000000.0,7018000000.0,23601000000.0,23601000000.0,580000000.0,-0.234,-0.815,-0.334,-0.456,397000000.0,365000000.0,1.0,1392030009.0,1390000000,1390000000.0,16.979,25999000000.0,0.0,-812000000.0,1015000000.0,18.704,2428000000.0
3,SLB,MRT,2020-09-30,2020-09-30,2020-09-30,2021-09-07,-4743000000.0,44066000000.0,48409750000.0,14215000000.0,29851000000.0,0.543,8.584,-1995000000.0,1219000000.0,1219000000.0,23299000000.0,-10526000000.0,1.22,2.654,17763000000.0,1292000000.0,16471000000.0,17763000000.0,0.0,2831000000.0,0.0,0.08,1.25,-10786000000.0,-7955000000.0,-0.303,-7955000000.0,-10786000000.0,-11351000000.0,-7.61,-7.61,-7.61,11941000000.0,15825500000.0,11941000000.0,37502863121.0,-3.0,-4.714,2323000000.0,1.67,1.0,2998000000.0,0.114,16885000000.0,565000000.0,32074000000.0,32791500000.0,3542000000.0,4054000000.0,2618000000.0,1436000000.0,31697000000.0,11651000000.0,20046000000.0,21598863121.0,50000000.0,876000000.0,120000000.0,750000000.0,-2252000000.0,-1466000000.0,-2802000000.0,-1518000000.0,4318000000.0,-14000000.0,-10559000000.0,-10559000000.0,-10559000000.0,0.0,33000000.0,-0.402,14117000000.0,-11119000000.0,9201000000.0,-0.164,1.809,-2.046,-2.045,7396000000.0,0.0,15.56,0.821,0.823,5552000000.0,6818000000.0,26297000000.0,26297000000.0,642000000.0,-0.218,-0.667,-0.329,-0.41,394000000.0,422000000.0,1.0,1388101743.0,1391000000,1391000000.0,18.905,27181000000.0,33000000.0,-792000000.0,974000000.0,19.541,2564000000.0
4,SLB,MRT,2020-06-30,2020-06-30,2020-06-30,2021-09-07,-4738000000.0,44667000000.0,51890750000.0,14379000000.0,30288000000.0,0.57,8.674,-2421000000.0,1462000000.0,1462000000.0,26060000000.0,-21826000000.0,1.233,2.675,17366000000.0,603000000.0,16763000000.0,17366000000.0,0.0,3144000000.0,0.0,0.088,1.625,-22682000000.0,-19538000000.0,-0.661,-19538000000.0,-22682000000.0,-23269000000.0,-15.77,-15.77,-15.77,12040000000.0,18818500000.0,12040000000.0,40788879360.0,-2.0,-2.088,3163000000.0,2.279,1.0,3520000000.0,0.119,16932000000.0,587000000.0,31974000000.0,34025500000.0,3601000000.0,3611000000.0,2127000000.0,1484000000.0,32211000000.0,11665000000.0,20546000000.0,25521879360.0,11000000.0,848000000.0,93000000.0,234000000.0,-2770000000.0,-2577000000.0,-2996000000.0,-1246000000.0,5584000000.0,-15000000.0,-21860000000.0,-21860000000.0,-21860000000.0,0.0,34000000.0,-0.739,26533000000.0,-23013000000.0,9824000000.0,-0.103,2.12,-1.168,-1.166,7729000000.0,0.0,18.39,0.863,0.863,5808000000.0,7073000000.0,29580000000.0,29580000000.0,681000000.0,-0.421,-1.162,-0.667,-0.767,424000000.0,457000000.0,1.0,1387812907.0,1388000000,1388000000.0,21.311,27735000000.0,0.0,-1409000000.0,1096000000.0,19.982,2714000000.0
5,SLB,MRT,2020-03-31,2020-03-31,2020-03-31,2021-09-07,-4723000000.0,48594000000.0,58371750000.0,16266000000.0,32328000000.0,0.557,11.219,-2732000000.0,1375000000.0,1375000000.0,28387000000.0,-17904000000.0,1.227,2.096,16642000000.0,1233000000.0,15409000000.0,16642000000.0,0.0,3478000000.0,0.0,0.148,2.0,-18446000000.0,-14968000000.0,-0.461,-14968000000.0,-18446000000.0,-19045000000.0,-12.94,-12.95,-12.94,15561000000.0,24771500000.0,15561000000.0,32834112004.0,-2.0,-2.194,3157000000.0,2.276,1.0,4106000000.0,0.126,17153000000.0,599000000.0,33446000000.0,36136000000.0,4148000000.0,3484000000.0,1969000000.0,1515000000.0,32611000000.0,13262000000.0,19349000000.0,18677112004.0,152000000.0,861000000.0,-9000000.0,174000000.0,-2769000000.0,-2644000000.0,-3093000000.0,-1044000000.0,5889000000.0,-7000000.0,-17934000000.0,-17934000000.0,-17934000000.0,0.0,30000000.0,-0.552,22879000000.0,-18773000000.0,10168000000.0,-0.155,1.2,-1.041,-1.043,8550000000.0,0.0,13.49,0.575,0.576,7486000000.0,10681000000.0,32493000000.0,32493000000.0,718000000.0,-0.307,-0.724,-0.51,-0.568,405000000.0,490000000.0,1.0,1384515345.0,1387000000,1387000000.0,23.427,31441000000.0,155000000.0,-1111000000.0,1157000000.0,22.668,3004000000.0
6,SLB,MRT,2019-12-31,2019-12-31,2019-12-31,2021-09-07,-4438000000.0,56312000000.0,63803500000.0,15530000000.0,40782000000.0,0.516,17.155,-2736000000.0,1137000000.0,1137000000.0,28720000000.0,-10107000000.0,1.186,1.353,15294000000.0,524000000.0,14770000000.0,15294000000.0,0.0,3589000000.0,0.0,0.05,2.0,-9839000000.0,-6250000000.0,-0.19,-6250000000.0,-9839000000.0,-10448000000.0,-7.32,-7.32,-7.32,23760000000.0,29907000000.0,23760000000.0,71142448533.0,-7.0,-11.383,2695000000.0,1.946,1.0,4197000000.0,0.128,23699000000.0,609000000.0,33672000000.0,37725000000.0,4130000000.0,2595000000.0,1030000000.0,1565000000.0,32136000000.0,13098000000.0,19038000000.0,55652448533.0,-298000000.0,563000000.0,-59000000.0,-839000000.0,-2769000000.0,-3718000000.0,-2011000000.0,317000000.0,5431000000.0,2000000.0,-10137000000.0,-10137000000.0,-10137000000.0,0.0,30000000.0,-0.308,14339000000.0,-10142000000.0,10663000000.0,-0.273,2.342,-5.49,-5.492,9270000000.0,0.0,40.2,1.691,1.691,7747000000.0,18751000000.0,32917000000.0,32917000000.0,717000000.0,-0.159,-0.339,-0.261,-0.299,405000000.0,474000000.0,1.0,1384389267.0,1385000000,1385000000.0,23.767,32613000000.0,0.0,-311000000.0,1700000000.0,23.547,2432000000.0
7,SLB,MRT,2019-09-30,2019-09-30,2019-09-30,2021-09-07,-4569000000.0,57990000000.0,67352250000.0,16151000000.0,41839000000.0,0.488,17.266,-2857000000.0,1183000000.0,1183000000.0,28761000000.0,-9900000000.0,1.294,1.408,16673000000.0,340000000.0,16333000000.0,16673000000.0,0.0,3660000000.0,0.0,0.059,2.0,-9648000000.0,-5988000000.0,-0.182,-5988000000.0,-9648000000.0,-10252000000.0,-7.17,-7.19,-7.17,23913000000.0,33007500000.0,23913000000.0,62867283344.0,-7.0,-10.499,2653000000.0,1.916,1.0,4107000000.0,0.125,23987000000.0,604000000.0,37010000000.0,38652000000.0,4341000000.0,2444000000.0,1109000000.0,1335000000.0,33663000000.0,12483000000.0,21180000000.0,47257283344.0,-303000000.0,556000000.0,-154000000.0,-732000000.0,-2770000000.0,-3690000000.0,-2123000000.0,259000000.0,5510000000.0,-7000000.0,-9931000000.0,-9931000000.0,-9931000000.0,0.0,31000000.0,-0.302,14030000000.0,-9923000000.0,10364000000.0,-0.279,1.976,-4.759,-4.766,9605000000.0,0.0,34.17,1.438,1.44,8332000000.0,19111000000.0,32868000000.0,32868000000.0,706000000.0,-0.147,-0.301,-0.25,-0.294,415000000.0,460000000.0,1.0,1383005073.0,1385000000,1385000000.0,23.731,34003000000.0,0.0,-321000000.0,1669000000.0,24.551,3668000000.0
8,SLB,MRT,2019-06-30,2019-06-30,2019-06-30,2021-09-07,-4544000000.0,70591000000.0,70366250000.0,16333000000.0,54258000000.0,0.467,25.905,-3044000000.0,1466000000.0,1466000000.0,28700000000.0,2131000000.0,1.387,0.957,17076000000.0,98000000.0,16978000000.0,17076000000.0,0.0,3647000000.0,0.0,0.05,2.0,3093000000.0,6740000000.0,0.205,6740000000.0,3093000000.0,2502000000.0,1.51,1.49,1.51,35852000000.0,36162500000.0,35852000000.0,70362759089.0,23.0,10.44,2548000000.0,1.841,1.0,4131000000.0,0.126,34012000000.0,591000000.0,40416000000.0,38555500000.0,4389000000.0,2440000000.0,882000000.0,1558000000.0,34318000000.0,11773000000.0,22545000000.0,55044759089.0,8000000.0,317000000.0,-165000000.0,-574000000.0,-2770000000.0,-3500000000.0,-2084000000.0,715000000.0,5592000000.0,-3000000.0,2096000000.0,2096000000.0,2096000000.0,0.0,35000000.0,0.064,1324000000.0,2807000000.0,9851000000.0,1.325,1.535,26.262,26.318,11359000000.0,0.0,39.74,1.677,1.675,8471000000.0,31186000000.0,32831000000.0,32831000000.0,707000000.0,0.03,0.058,0.08,0.094,363000000.0,445000000.0,1.0,1385122272.0,1384000000,1395000000.0,23.722,36579000000.0,0.0,406000000.0,2453000000.0,26.43,4560000000.0
9,SLB,MRT,2019-03-31,2019-03-31,2019-03-31,2021-09-07,-4527000000.0,70321000000.0,70257500000.0,15773000000.0,54548000000.0,0.468,26.067,-3130000000.0,1230000000.0,1230000000.0,28627000000.0,2078000000.0,1.348,0.936,16548000000.0,99000000.0,16449000000.0,16548000000.0,0.0,3585000000.0,0.0,0.046,2.0,3026000000.0,6611000000.0,0.201,6611000000.0,3026000000.0,2447000000.0,1.46,1.45,1.46,36103000000.0,36320500000.0,36103000000.0,74873755597.0,25.0,11.326,2341000000.0,1.69,1.0,4238000000.0,0.129,34140000000.0,579000000.0,39802000000.0,37534250000.0,4224000000.0,2469000000.0,925000000.0,1544000000.0,33797000000.0,11697000000.0,22100000000.0,60255755597.0,-611000000.0,300000000.0,-160000000.0,-1498000000.0,-2770000000.0,-4530000000.0,-1552000000.0,1383000000.0,5471000000.0,-24000000.0,2034000000.0,2034000000.0,2034000000.0,0.0,44000000.0,0.062,1504000000.0,2734000000.0,9702000000.0,1.37,1.669,29.624,29.842,11533000000.0,0.0,43.57,1.833,1.836,8171000000.0,31386000000.0,32865000000.0,32865000000.0,703000000.0,0.029,0.056,0.081,0.092,363000000.0,445000000.0,1.0,1382964324.0,1385000000,1397000000.0,23.729,36181000000.0,0.0,413000000.0,2569000000.0,26.123,4076000000.0
10,SLB,MRT,2018-12-31,2018-12-31,2018-12-31,2021-09-07,-4622000000.0,70507000000.0,70546750000.0,15731000000.0,54776000000.0,0.465,26.11,-3241000000.0,1433000000.0,1433000000.0,28478000000.0,2177000000.0,1.166,0.938,16051000000.0,1407000000.0,14644000000.0,16051000000.0,0.0,3556000000.0,0.0,0.055,2.0,3160000000.0,6716000000.0,0.205,6716000000.0,3160000000.0,2585000000.0,1.54,1.53,1.54,36162000000.0,36525750000.0,36162000000.0,65844649305.0,21.0,9.804,2472000000.0,1.785,1.0,4337000000.0,0.132,34259000000.0,575000000.0,37380000000.0,36705250000.0,4010000000.0,2882000000.0,1344000000.0,1538000000.0,33921000000.0,13486000000.0,20435000000.0,49963649305.0,-347000000.0,287000000.0,-139000000.0,-2048000000.0,-2770000000.0,-5020000000.0,-1040000000.0,1943000000.0,5713000000.0,-19000000.0,2138000000.0,2138000000.0,2138000000.0,0.0,39000000.0,0.065,1502000000.0,2835000000.0,10223000000.0,1.299,1.382,23.369,23.429,11679000000.0,0.0,36.08,1.523,1.523,7881000000.0,31658000000.0,32815000000.0,32815000000.0,702000000.0,0.03,0.059,0.086,0.096,345000000.0,444000000.0,1.0,1384801810.0,1385000000,1393000000.0,23.693,36248000000.0,0.0,447000000.0,2596000000.0,26.172,2245000000.0
11,SLB,MRT,2018-09-30,2018-09-30,2018-09-30,2021-09-07,-4313000000.0,70046000000.0,70916750000.0,16483000000.0,53563000000.0,0.463,26.378,-4116000000.0,1493000000.0,1493000000.0,28505000000.0,-642000000.0,1.129,0.906,17374000000.0,3215000000.0,14159000000.0,17374000000.0,0.0,3543000000.0,0.0,0.033,2.0,332000000.0,3875000000.0,0.118,3875000000.0,332000000.0,-246000000.0,-0.47,-0.47,-0.47,36533000000.0,36695750000.0,36533000000.0,100460524058.0,303.0,25.925,1517000000.0,1.095,1.0,4310000000.0,0.131,34703000000.0,578000000.0,36624000000.0,36836750000.0,4108000000.0,2858000000.0,1361000000.0,1497000000.0,33098000000.0,14600000000.0,18498000000.0,84320524058.0,-183000000.0,-755000000.0,-109000000.0,240000000.0,-2769000000.0,-2673000000.0,-3143000000.0,1889000000.0,5633000000.0,-14000000.0,-655000000.0,-655000000.0,-655000000.0,0.0,13000000.0,-0.02,4135000000.0,175000000.0,9419000000.0,-4.255,2.308,-128.734,-129.617,11739000000.0,0.0,60.92,2.57,2.571,8409000000.0,31712000000.0,32815000000.0,32815000000.0,716000000.0,-0.009,-0.018,0.009,0.01,341000000.0,439000000.0,1.0,1384118911.0,1385000000,1392000000.0,23.693,35343000000.0,0.0,409000000.0,2794000000.0,25.518,1883000000.0
12,SLB,MRT,2018-06-30,2018-06-30,2018-06-30,2021-09-07,-4305000000.0,70156000000.0,71797500000.0,16900000000.0,53256000000.0,0.449,26.361,-4045000000.0,1461000000.0,1461000000.0,27978000000.0,-744000000.0,1.122,0.912,17601000000.0,3736000000.0,13865000000.0,17601000000.0,0.0,3612000000.0,0.0,0.03,2.0,220000000.0,3832000000.0,0.119,3832000000.0,220000000.0,-353000000.0,-0.54,-0.54,-0.54,36484000000.0,37455750000.0,36484000000.0,109092479401.0,496.0,28.469,1659000000.0,1.199,1.0,4238000000.0,0.132,34899000000.0,573000000.0,36331000000.0,37775750000.0,4120000000.0,3075000000.0,1588000000.0,1487000000.0,33259000000.0,15066000000.0,18193000000.0,92845479401.0,-438000000.0,-530000000.0,-112000000.0,-1224000000.0,-2770000000.0,-4115000000.0,-2027000000.0,2724000000.0,5704000000.0,-4000000.0,-754000000.0,-754000000.0,-754000000.0,0.0,10000000.0,-0.023,4206000000.0,32000000.0,9367000000.0,-3.704,2.545,-123.137,-124.13,11504000000.0,0.0,67.03,2.882,2.88,8606000000.0,31760000000.0,32216000000.0,32216000000.0,728000000.0,-0.011,-0.02,0.006,0.007,339000000.0,449000000.0,1.0,1385133215.0,1384000000,1392000000.0,23.277,35257000000.0,0.0,401000000.0,2805000000.0,25.475,1834000000.0
13,SLB,MRT,2018-03-31,2018-03-31,2018-03-31,2021-09-07,-4159000000.0,71478000000.0,72974000000.0,18055000000.0,53423000000.0,0.43,26.66,-4071000000.0,1865000000.0,1865000000.0,27267000000.0,-1266000000.0,1.115,0.925,18112000000.0,4586000000.0,13526000000.0,18112000000.0,0.0,3722000000.0,0.0,0.031,2.0,-294000000.0,3428000000.0,0.109,3428000000.0,-294000000.0,-865000000.0,-0.9,-0.9,-0.9,36924000000.0,38214750000.0,36924000000.0,106051165229.0,-361.0,30.937,1504000000.0,1.086,1.0,4108000000.0,0.131,35044000000.0,571000000.0,36486000000.0,39323000000.0,4174000000.0,3783000000.0,2300000000.0,1483000000.0,34152000000.0,16195000000.0,17957000000.0,89651165229.0,-50000000.0,-587000000.0,-405000000.0,-1074000000.0,-2774000000.0,-4183000000.0,-1442000000.0,3374000000.0,5575000000.0,13000000.0,-1258000000.0,-1258000000.0,-1258000000.0,0.0,-8000000.0,-0.04,4630000000.0,-522000000.0,9598000000.0,-2.222,2.428,-71.265,-71.978,11556000000.0,0.0,64.78,2.857,2.86,8472000000.0,32022000000.0,31375000000.0,31375000000.0,749000000.0,-0.017,-0.033,-0.007,-0.009,345000000.0,445000000.0,1.0,1383932776.0,1385000000,1394000000.0,22.653,36434000000.0,0.0,393000000.0,2890000000.0,26.306,1860000000.0
14,SLB,MRT,2017-12-31,2017-12-31,2017-12-31,2021-09-07,-4274000000.0,71987000000.0,74148250000.0,18497000000.0,53490000000.0,0.411,26.543,-3992000000.0,1799000000.0,1799000000.0,26543000000.0,-1513000000.0,1.21,0.943,18199000000.0,3324000000.0,14875000000.0,18199000000.0,0.0,3837000000.0,0.0,0.03,2.0,-609000000.0,3228000000.0,0.106,3228000000.0,-609000000.0,-1175000000.0,-1.08,-1.08,-1.08,36842000000.0,39135250000.0,36842000000.0,108822785289.0,-179.0,33.712,1671000000.0,1.204,1.0,3897000000.0,0.128,35199000000.0,566000000.0,37906000000.0,41103250000.0,4046000000.0,4809000000.0,3290000000.0,1519000000.0,34726000000.0,15282000000.0,19444000000.0,93352785289.0,-1149000000.0,-847000000.0,-672000000.0,-1612000000.0,-2778000000.0,-5033000000.0,-1779000000.0,3277000000.0,5663000000.0,19000000.0,-1505000000.0,-1505000000.0,-1505000000.0,0.0,-8000000.0,-0.049,4738000000.0,-841000000.0,10036000000.0,-1.852,2.534,-62.028,-62.398,11576000000.0,0.0,67.39,3.067,3.073,8084000000.0,32190000000.0,30440000000.0,30440000000.0,787000000.0,-0.02,-0.038,-0.015,-0.02,343000000.0,432000000.0,1.0,1385261690.0,1388000000,1388000000.0,21.931,36788000000.0,0.0,330000000.0,2873000000.0,26.504,3215000000.0
15,SLB,MRT,2017-09-30,2017-09-30,2017-09-30,2021-09-07,-4460000000.0,73569000000.0,75640500000.0,19914000000.0,53655000000.0,0.388,28.573,-3146000000.0,1690000000.0,1690000000.0,25534000000.0,564000000.0,1.53,0.848,17160000000.0,1289000000.0,15871000000.0,17160000000.0,0.0,3947000000.0,0.0,0.029,2.0,1357000000.0,5304000000.0,0.181,5304000000.0,1357000000.0,795000000.0,0.4,0.4,0.4,39573000000.0,40194250000.0,39573000000.0,113505406099.0,84.0,21.4,2279000000.0,1.645,1.0,3834000000.0,0.131,35645000000.0,562000000.0,40380000000.0,42543250000.0,4308000000.0,4743000000.0,3262000000.0,1481000000.0,33559000000.0,13014000000.0,20545000000.0,96584406099.0,-1668000000.0,-529000000.0,-652000000.0,-4250000000.0,-2782000000.0,-7700000000.0,607000000.0,4415000000.0,5425000000.0,-83000000.0,545000000.0,545000000.0,545000000.0,0.0,19000000.0,0.019,2677000000.0,1157000000.0,9715000000.0,5.0,2.441,177.219,174.4,12338000000.0,0.0,69.76,3.289,3.29,9436000000.0,35136000000.0,29368000000.0,29368000000.0,858000000.0,0.007,0.014,0.032,0.046,318000000.0,421000000.0,1.0,1384524170.0,1385000000,1392000000.0,21.204,37924000000.0,0.0,250000000.0,3203000000.0,27.382,6900000000.0
16,SLB,MRT,2017-06-30,2017-06-30,2017-06-30,2021-09-07,-4558000000.0,74862000000.0,77396750000.0,21273000000.0,53589000000.0,0.368,28.493,-3058000000.0,1903000000.0,1903000000.0,25028000000.0,198000000.0,1.573,0.883,18824000000.0,2224000000.0,16600000000.0,18824000000.0,0.0,3989000000.0,0.0,0.03,2.0,884000000.0,4873000000.0,0.171,4873000000.0,884000000.0,315000000.0,0.14,0.14,0.14,39520000000.0,40859500000.0,39520000000.0,108568156067.0,123.0,22.28,1875000000.0,1.352,1.0,3454000000.0,0.121,35736000000.0,569000000.0,42520000000.0,44353750000.0,4338000000.0,5881000000.0,4315000000.0,1566000000.0,34910000000.0,13527000000.0,21383000000.0,91483156067.0,-969000000.0,-542000000.0,-679000000.0,-2919000000.0,-2785000000.0,-6474000000.0,572000000.0,4313000000.0,4933000000.0,-75000000.0,176000000.0,176000000.0,176000000.0,0.0,22000000.0,0.006,2757000000.0,697000000.0,9444000000.0,14.286,2.315,519.791,470.286,12358000000.0,0.0,65.84,3.212,3.206,8925000000.0,35284000000.0,28482000000.0,28482000000.0,922000000.0,0.002,0.004,0.02,0.031,302000000.0,398000000.0,1.0,1389476854.0,1387000000,1387000000.0,20.535,39126000000.0,0.0,139000000.0,3159000000.0,28.209,7746000000.0
17,SLB,MRT,2017-03-31,2017-03-31,2017-03-31,2021-09-07,-4529000000.0,76175000000.0,78974000000.0,21883000000.0,54292000000.0,0.357,29.15,-3044000000.0,1902000000.0,1902000000.0,25025000000.0,-1867000000.0,1.588,0.865,18987000000.0,2449000000.0,16538000000.0,18987000000.0,0.0,4116000000.0,0.0,0.026,2.0,-1661000000.0,2455000000.0,0.087,2455000000.0,-1661000000.0,-2237000000.0,-1.37,-1.37,-1.37,40606000000.0,41632000000.0,40606000000.0,125361237331.0,-75.0,51.064,2663000000.0,1.912,1.0,3159000000.0,0.112,35877000000.0,576000000.0,43607000000.0,46158250000.0,4288000000.0,7171000000.0,5451000000.0,1720000000.0,35121000000.0,13776000000.0,21345000000.0,108674237331.0,-111000000.0,-2590000000.0,-288000000.0,-5540000000.0,-2714000000.0,-8652000000.0,2834000000.0,8520000000.0,5707000000.0,-67000000.0,-1910000000.0,-1910000000.0,-1910000000.0,0.0,43000000.0,-0.068,4978000000.0,-1819000000.0,9408000000.0,-1.46,2.676,-56.898,-57.007,12507000000.0,0.0,78.1,3.856,3.86,8636000000.0,36052000000.0,28184000000.0,28184000000.0,983000000.0,-0.024,-0.046,-0.036,-0.059,294000000.0,391000000.0,1.0,1391475510.0,1393000000,1402000000.0,20.233,40298000000.0,0.0,-327000000.0,3123000000.0,28.929,8107000000.0
18,SLB,MRT,2016-12-31,2016-12-31,2016-12-31,2021-09-07,-4643000000.0,77956000000.0,77215500000.0,23927000000.0,54029000000.0,0.36,30.271,-3716000000.0,2929000000.0,2929000000.0,24409000000.0,-1627000000.0,1.589,0.887,19616000000.0,3153000000.0,16463000000.0,19616000000.0,0.0,4094000000.0,0.0,0.024,2.0,-1395000000.0,2699000000.0,0.097,2699000000.0,-1395000000.0,-1965000000.0,-1.24,-1.24,-1.24,41078000000.0,40320250000.0,41078000000.0,134636340096.0,-97.0,49.884,2545000000.0,1.875,1.0,3401000000.0,0.122,35918000000.0,570000000.0,43666000000.0,48846500000.0,4225000000.0,7809000000.0,6328000000.0,1481000000.0,36427000000.0,15059000000.0,21368000000.0,116800340096.0,209000000.0,-2398000000.0,-363000000.0,-2377000000.0,-2647000000.0,-5428000000.0,-624000000.0,5544000000.0,6261000000.0,-73000000.0,-1687000000.0,-1687000000.0,-1687000000.0,0.0,60000000.0,-0.061,4936000000.0,-1535000000.0,10016000000.0,-1.613,2.843,-69.236,-67.702,12821000000.0,0.0,83.95,4.2,4.096,9387000000.0,36470000000.0,27810000000.0,27810000000.0,1012000000.0,-0.022,-0.042,-0.029,-0.05,267000000.0,403000000.0,1.0,1391308399.0,1357000000,1357000000.0,20.494,42038000000.0,0.0,-278000000.0,3068000000.0,30.979,8868000000.0
19,SLB,MRT,2016-09-30,2016-09-30,2016-09-30,2021-09-07,-4388000000.0,80594000000.0,74727750000.0,26425000000.0,54169000000.0,0.381,30.341,-4147000000.0,3441000000.0,3441000000.0,24509000000.0,-2423000000.0,1.765,0.9,21277000000.0,3739000000.0,17538000000.0,21277000000.0,0.0,4041000000.0,0.0,0.025,2.0,-2348000000.0,1693000000.0,0.06,1693000000.0,-2348000000.0,-2871000000.0,-1.83,-1.82,-1.83,42234000000.0,38959000000.0,42234000000.0,128040139199.0,-55.0,75.629,2279000000.0,1.637,1.0,3938000000.0,0.138,35836000000.0,523000000.0,47622000000.0,50152500000.0,4572000000.0,8952000000.0,7315000000.0,1637000000.0,38020000000.0,14972000000.0,23048000000.0,109364139199.0,246000000.0,-2405000000.0,-691000000.0,6171000000.0,-2584000000.0,2638000000.0,-8818000000.0,-2348000000.0,6426000000.0,23000000.0,-2499000000.0,-2499000000.0,-2499000000.0,0.0,76000000.0,-0.088,6444000000.0,-2506000000.0,9439000000.0,-1.093,2.589,-43.763,-42.973,13004000000.0,0.0,78.64,3.844,3.848,9565000000.0,37370000000.0,28447000000.0,28447000000.0,1025000000.0,-0.033,-0.064,-0.047,-0.083,286000000.0,437000000.0,1.0,1390693530.0,1392000000,1401000000.0,20.436,44758000000.0,391000000.0,-372000000.0,3714000000.0,32.154,11453000000.0
20,SLB,MRT,2016-06-30,2016-06-30,2016-06-30,2021-09-07,-4478000000.0,81171000000.0,70414750000.0,27195000000.0,53976000000.0,0.425,30.677,-4273000000.0,2947000000.0,2947000000.0,25016000000.0,-1610000000.0,1.862,0.896,21623000000.0,3371000000.0,18252000000.0,21623000000.0,0.0,4069000000.0,0.0,0.025,2.0,-1358000000.0,2711000000.0,0.091,2711000000.0,-1358000000.0,-1818000000.0,-1.18,-1.17,-1.18,42610000000.0,37885750000.0,42610000000.0,118441586085.0,-87.0,43.689,3290000000.0,2.369,1.0,4884000000.0,0.163,35500000000.0,460000000.0,49738000000.0,47574000000.0,5001000000.0,9907000000.0,8245000000.0,1662000000.0,38192000000.0,14609000000.0,23583000000.0,99034586085.0,-589000000.0,-2492000000.0,-1062000000.0,5361000000.0,-2523000000.0,1562000000.0,-9714000000.0,-2982000000.0,7563000000.0,-5000000.0,-1686000000.0,-1686000000.0,-1686000000.0,0.0,76000000.0,-0.056,6406000000.0,-1522000000.0,9494000000.0,-1.695,2.324,-58.739,-67.017,13226000000.0,0.0,79.08,3.312,3.674,9374000000.0,37889000000.0,29900000000.0,29900000000.0,1045000000.0,-0.024,-0.045,-0.029,-0.045,304000000.0,467000000.0,1.0,1252334169.0,1389000000,1389000000.0,21.526,45671000000.0,391000000.0,-132000000.0,3674000000.0,32.88,12586000000.0
21,SLB,MRT,2016-03-31,2016-03-31,2016-03-31,2021-09-07,-4466000000.0,69141000000.0,66310250000.0,27700000000.0,41441000000.0,0.479,28.197,-4346000000.0,2080000000.0,2080000000.0,25687000000.0,1670000000.0,2.151,0.947,21487000000.0,4254000000.0,17233000000.0,21487000000.0,0.0,4003000000.0,0.0,0.027,2.0,2533000000.0,6536000000.0,0.206,6536000000.0,2533000000.0,2136000000.0,1.27,1.27,1.27,35359000000.0,36724500000.0,35359000000.0,108863138525.0,43.0,16.656,3899000000.0,3.109,1.0,6059000000.0,0.191,21308000000.0,397000000.0,54360000000.0,45093500000.0,3612000000.0,16094000000.0,12352000000.0,3742000000.0,33479000000.0,12880000000.0,20599000000.0,92657138525.0,-30000000.0,-480000000.0,-1509000000.0,8746000000.0,-2536000000.0,4486000000.0,-12528000000.0,-7634000000.0,8245000000.0,-11000000.0,1598000000.0,1598000000.0,1598000000.0,0.0,72000000.0,0.05,3687000000.0,2372000000.0,6725000000.0,1.575,2.62,57.983,58.071,13259000000.0,0.0,73.75,2.919,2.913,8382000000.0,40745000000.0,31746000000.0,31746000000.0,1067000000.0,0.024,0.044,0.056,0.08,307000000.0,484000000.0,1.0,1256367980.0,1254000000,1259000000.0,25.316,47833000000.0,208000000.0,538000000.0,2192000000.0,38.144,14820000000.0
22,SLB,MRT,2015-12-31,2015-12-31,2015-12-31,2021-09-07,-4558000000.0,68005000000.0,65377750000.0,26912000000.0,41093000000.0,0.543,28.124,-3849000000.0,2793000000.0,2793000000.0,28321000000.0,2135000000.0,1.906,0.901,18999000000.0,4557000000.0,14442000000.0,18999000000.0,0.0,4078000000.0,0.0,0.029,2.0,3164000000.0,7242000000.0,0.204,7242000000.0,3164000000.0,2818000000.0,1.63,1.63,1.63,35633000000.0,37298750000.0,35633000000.0,97037983633.0,31.0,13.399,4956000000.0,3.912,1.0,7154000000.0,0.202,21200000000.0,346000000.0,48890000000.0,41630250000.0,3756000000.0,13970000000.0,10241000000.0,3729000000.0,32100000000.0,14121000000.0,17979000000.0,87961983633.0,-306000000.0,-443000000.0,-1734000000.0,5791000000.0,-2419000000.0,1374000000.0,-10252000000.0,-5848000000.0,8805000000.0,-31000000.0,2072000000.0,2072000000.0,2072000000.0,0.0,63000000.0,0.058,4163000000.0,2991000000.0,7727000000.0,1.227,2.469,42.453,42.791,13415000000.0,0.0,69.75,2.48,2.491,8780000000.0,40870000000.0,35475000000.0,35475000000.0,1094000000.0,0.032,0.056,0.076,0.089,326000000.0,494000000.0,1.0,1261103708.0,1267000000,1275000000.0,27.999,46805000000.0,208000000.0,746000000.0,2278000000.0,36.942,12791000000.0
23,SLB,MRT,2015-09-30,2015-09-30,2015-09-30,2021-09-07,-4193000000.0,63342000000.0,65102500000.0,21532000000.0,41810000000.0,0.62,29.993,-3959000000.0,3172000000.0,3172000000.0,31720000000.0,3443000000.0,1.537,0.663,12248000000.0,4761000000.0,7487000000.0,12248000000.0,0.0,4180000000.0,0.0,0.028,1.9,4987000000.0,9167000000.0,0.227,9167000000.0,4987000000.0,4646000000.0,2.68,2.67,2.68,37941000000.0,37853000000.0,37941000000.0,97078020772.0,19.0,10.59,6581000000.0,5.202,1.0,8651000000.0,0.214,21100000000.0,341000000.0,37308000000.0,39906250000.0,4228000000.0,7231000000.0,3433000000.0,3798000000.0,25163000000.0,14010000000.0,11153000000.0,87278020772.0,128000000.0,-741000000.0,-2427000000.0,-782000000.0,-2303000000.0,-5526000000.0,-4653000000.0,238000000.0,10540000000.0,-74000000.0,3390000000.0,3390000000.0,3390000000.0,0.0,53000000.0,0.084,3838000000.0,4813000000.0,7186000000.0,0.709,2.3,25.746,25.735,14554000000.0,0.0,68.97,2.162,2.161,9372000000.0,42515000000.0,40371000000.0,40371000000.0,1143000000.0,0.052,0.09,0.125,0.124,333000000.0,483000000.0,1.0,1265449047.0,1265000000,1272000000.0,31.914,42242000000.0,150000000.0,1256000000.0,2701000000.0,33.393,7522000000.0
24,SLB,MRT,2015-06-30,2015-06-30,2015-06-30,2021-09-07,-4108000000.0,64753000000.0,66347000000.0,22861000000.0,41892000000.0,0.671,29.917,-4356000000.0,3541000000.0,3541000000.0,34611000000.0,4404000000.0,1.66,0.7,13341000000.0,4231000000.0,9110000000.0,13341000000.0,0.0,4186000000.0,0.0,0.021,1.8,6257000000.0,10443000000.0,0.234,10443000000.0,6257000000.0,5912000000.0,3.41,3.38,3.41,37965000000.0,38494000000.0,37965000000.0,120042754961.0,19.0,11.495,6704000000.0,5.283,1.0,9934000000.0,0.223,20963000000.0,345000000.0,39816000000.0,41881000000.0,4581000000.0,7564000000.0,3733000000.0,3831000000.0,26568000000.0,13774000000.0,12794000000.0,109437754961.0,1357000000.0,-708000000.0,-3254000000.0,415000000.0,-2187000000.0,-5034000000.0,-4460000000.0,707000000.0,11060000000.0,-83000000.0,4350000000.0,4350000000.0,4350000000.0,0.0,54000000.0,0.098,3869000000.0,6065000000.0,7479000000.0,0.528,2.883,25.158,25.276,14848000000.0,0.0,86.19,2.457,2.455,9569000000.0,42158000000.0,44545000000.0,44545000000.0,1171000000.0,0.066,0.113,0.149,0.14,334000000.0,486000000.0,1.0,1269726824.0,1269000000,1280000000.0,35.102,43790000000.0,168000000.0,1562000000.0,2757000000.0,34.507,9087000000.0
25,SLB,MRT,2015-03-31,2015-03-31,2015-03-31,2021-09-07,-4285000000.0,65411000000.0,67180250000.0,23394000000.0,42017000000.0,0.708,29.511,-4705000000.0,2121000000.0,2121000000.0,36744000000.0,4886000000.0,1.605,0.731,12726000000.0,3828000000.0,8898000000.0,12726000000.0,0.0,4135000000.0,0.0,0.02,1.7,6936000000.0,11071000000.0,0.233,11071000000.0,6936000000.0,6587000000.0,3.75,3.71,3.75,37656000000.0,39136750000.0,37656000000.0,116612066990.0,17.0,10.533,6423000000.0,5.034,1.0,10845000000.0,0.228,20937000000.0,349000000.0,40507000000.0,43459000000.0,4666000000.0,8390000000.0,4682000000.0,3708000000.0,27545000000.0,14572000000.0,12973000000.0,106412066990.0,-1550000000.0,-813000000.0,-3771000000.0,175000000.0,-2070000000.0,-5713000000.0,-6989000000.0,-1437000000.0,11128000000.0,-81000000.0,4821000000.0,4821000000.0,4821000000.0,205000000.0,65000000.0,0.101,3902000000.0,6943000000.0,8469000000.0,0.453,2.826,22.073,22.251,15135000000.0,0.0,83.44,2.236,2.237,10443000000.0,41669000000.0,47589000000.0,47589000000.0,1201000000.0,0.072,0.123,0.16,0.146,332000000.0,489000000.0,1.0,1275312404.0,1276000000,1285000000.0,37.295,44474000000.0,156000000.0,1766000000.0,2994000000.0,34.854,8822000000.0
26,SLB,MRT,2014-12-31,2014-12-31,2014-12-31,2021-09-07,-4206000000.0,66904000000.0,67506750000.0,24694000000.0,42210000000.0,0.72,29.228,-5037000000.0,3130000000.0,3130000000.0,37398000000.0,5506000000.0,1.742,0.762,13330000000.0,2765000000.0,10565000000.0,13330000000.0,0.0,4094000000.0,0.0,0.019,1.6,7735000000.0,11829000000.0,0.243,11829000000.0,7735000000.0,7366000000.0,4.2,4.16,4.2,37850000000.0,39723750000.0,37850000000.0,119864067426.0,15.0,10.133,6158000000.0,4.755,1.0,11182000000.0,0.23,20934000000.0,369000000.0,41994000000.0,44160750000.0,4628000000.0,8048000000.0,4371000000.0,3677000000.0,28855000000.0,14176000000.0,14679000000.0,109905067426.0,-257000000.0,-1008000000.0,-3853000000.0,-37000000.0,-1968000000.0,-5896000000.0,-5580000000.0,446000000.0,11195000000.0,-85000000.0,5438000000.0,5438000000.0,5438000000.0,205000000.0,68000000.0,0.112,3465000000.0,7717000000.0,9246000000.0,0.381,2.904,20.211,20.336,15396000000.0,0.0,85.41,2.262,2.277,11171000000.0,41333000000.0,48580000000.0,48580000000.0,1217000000.0,0.081,0.137,0.175,0.159,329000000.0,475000000.0,1.0,1286793905.0,1295000000,1308000000.0,37.514,45970000000.0,144000000.0,1928000000.0,2943000000.0,35.498,10518000000.0
27,SLB,MRT,2014-09-30,2014-09-30,2014-09-30,2021-09-07,-2741000000.0,68320000000.0,67555750000.0,25473000000.0,42847000000.0,0.708,31.302,-5100000000.0,3118000000.0,3118000000.0,36987000000.0,6871000000.0,2.056,0.682,13077000000.0,1451000000.0,11626000000.0,13077000000.0,0.0,4017000000.0,0.0,0.015,1.513,9198000000.0,13215000000.0,0.276,13215000000.0,9198000000.0,8818000000.0,5.23,5.17,5.23,40505000000.0,40128500000.0,40505000000.0,142812608161.0,16.0,10.807,6301000000.0,4.869,1.0,10858000000.0,0.227,20684000000.0,380000000.0,45207000000.0,44461500000.0,4702000000.0,7337000000.0,3641000000.0,3696000000.0,27633000000.0,12388000000.0,15245000000.0,131834608161.0,11000000.0,-622000000.0,-3735000000.0,303000000.0,-1863000000.0,-5318000000.0,-6096000000.0,-464000000.0,11401000000.0,-42000000.0,6800000000.0,6800000000.0,6800000000.0,136000000.0,71000000.0,0.142,1663000000.0,9195000000.0,8916000000.0,0.289,3.255,19.387,19.444,15809000000.0,0.0,101.69,2.755,2.75,12352000000.0,41543000000.0,47845000000.0,47845000000.0,1198000000.0,0.101,0.169,0.207,0.192,306000000.0,465000000.0,1.0,1296436308.0,1294000000,1310000000.0,36.974,47636000000.0,287000000.0,2018000000.0,3232000000.0,36.813,13085000000.0
28,SLB,MRT,2014-06-30,2014-06-30,2014-06-30,2021-09-07,-2399000000.0,68086000000.0,66756500000.0,25414000000.0,42672000000.0,0.701,31.182,-5167000000.0,2267000000.0,2267000000.0,36224000000.0,6632000000.0,2.074,0.676,13245000000.0,1505000000.0,11740000000.0,13245000000.0,0.0,3973000000.0,0.0,0.012,1.425,8922000000.0,12895000000.0,0.275,12895000000.0,8922000000.0,8534000000.0,5.02,4.97,5.02,40536000000.0,39473500000.0,40536000000.0,162330549703.0,18.0,12.589,5947000000.0,4.575,1.0,10583000000.0,0.226,20685000000.0,388000000.0,46128000000.0,43567250000.0,4770000000.0,8254000000.0,4432000000.0,3822000000.0,27384000000.0,12251000000.0,15133000000.0,153593549703.0,-301000000.0,-964000000.0,-3138000000.0,615000000.0,-1759000000.0,-4296000000.0,-7150000000.0,-1149000000.0,11114000000.0,-18000000.0,6566000000.0,6566000000.0,6566000000.0,136000000.0,66000000.0,0.14,1633000000.0,8950000000.0,8692000000.0,0.284,3.789,23.392,23.496,15743000000.0,0.0,117.95,3.281,3.276,12251000000.0,40111000000.0,46807000000.0,46807000000.0,1183000000.0,0.098,0.166,0.205,0.191,309000000.0,450000000.0,1.0,1302192028.0,1300000000,1315000000.0,36.005,47401000000.0,235000000.0,1968000000.0,3185000000.0,36.462,13163000000.0
29,SLB,MRT,2014-03-31,2014-03-31,2014-03-31,2021-09-07,-2555000000.0,66717000000.0,65547750000.0,25353000000.0,41364000000.0,0.701,30.631,-5376000000.0,3752000000.0,3752000000.0,35667000000.0,7116000000.0,2.131,0.663,12489000000.0,1369000000.0,11120000000.0,12489000000.0,0.0,3984000000.0,0.0,0.014,1.337,9373000000.0,13357000000.0,0.291,13357000000.0,9373000000.0,8977000000.0,5.37,5.33,5.37,40004000000.0,38566750000.0,40004000000.0,137168710978.0,15.0,10.269,6013000000.0,4.604,1.0,10268000000.0,0.224,20241000000.0,396000000.0,43314000000.0,42148500000.0,4731000000.0,7091000000.0,3326000000.0,3765000000.0,26537000000.0,11899000000.0,14638000000.0,127464710978.0,1655000000.0,-1410000000.0,-2651000000.0,1157000000.0,-1653000000.0,-3122000000.0,-6601000000.0,18000000.0,11389000000.0,-32000000.0,7066000000.0,7066000000.0,7066000000.0,-69000000.0,50000000.0,0.154,1958000000.0,8310000000.0,8272000000.0,0.249,3.186,18.039,18.156,15114000000.0,0.0,97.5,2.775,2.772,11680000000.0,39036000000.0,45935000000.0,45935000000.0,1167000000.0,0.108,0.183,0.222,0.204,311000000.0,427000000.0,1.0,1307330369.0,1306000000,1318000000.0,35.172,46476000000.0,301000000.0,1911000000.0,3439000000.0,35.587,13454000000.0
30,SLB,MRT,2013-12-31,2013-12-31,2013-12-31,2021-09-07,-2554000000.0,67100000000.0,64225500000.0,26225000000.0,40875000000.0,0.705,29.833,-5239000000.0,3472000000.0,3472000000.0,35331000000.0,6774000000.0,1.939,0.696,13176000000.0,2783000000.0,10393000000.0,13176000000.0,0.0,3879000000.0,0.0,0.014,1.25,8971000000.0,12850000000.0,0.284,12850000000.0,8971000000.0,8580000000.0,5.09,5.05,5.09,39469000000.0,37480750000.0,39469000000.0,127935809193.0,14.0,9.956,5451000000.0,4.12,1.0,9935000000.0,0.219,20082000000.0,391000000.0,43197000000.0,40753000000.0,4603000000.0,8578000000.0,4898000000.0,3680000000.0,27465000000.0,13525000000.0,13940000000.0,118670809193.0,1582000000.0,-1210000000.0,-2059000000.0,1450000000.0,-1608000000.0,-2199000000.0,-6879000000.0,-648000000.0,10690000000.0,-15000000.0,6732000000.0,6732000000.0,6732000000.0,0.0,42000000.0,0.149,2046000000.0,7889000000.0,8837000000.0,0.246,3.007,17.628,17.703,15096000000.0,0.0,90.11,2.622,2.634,11497000000.0,37966000000.0,45266000000.0,45266000000.0,1174000000.0,0.105,0.18,0.22,0.198,315000000.0,416000000.0,1.0,1316954935.0,1323000000,1333000000.0,34.215,47018000000.0,288000000.0,1848000000.0,3198000000.0,35.539,12700000000.0
31,SLB,MRT,2013-09-30,2013-09-30,2013-09-30,2021-09-07,-3726000000.0,65123000000.0,62837250000.0,25093000000.0,40030000000.0,0.707,28.657,-5682000000.0,3149000000.0,3149000000.0,34808000000.0,6464000000.0,1.968,0.715,12414000000.0,2498000000.0,9916000000.0,12414000000.0,0.0,3968000000.0,0.0,0.014,1.212,8613000000.0,12581000000.0,0.283,12581000000.0,8613000000.0,8225000000.0,4.86,4.82,4.86,37885000000.0,36301250000.0,37885000000.0,126286469142.0,15.0,10.038,4368000000.0,3.304,1.0,9635000000.0,0.217,20005000000.0,388000000.0,41630000000.0,39703500000.0,4895000000.0,6947000000.0,3286000000.0,3661000000.0,27092000000.0,12753000000.0,14339000000.0,116916469142.0,1297000000.0,-1276000000.0,-1087000000.0,1093000000.0,-1561000000.0,-1548000000.0,-7244000000.0,-486000000.0,10050000000.0,0.0,6432000000.0,6432000000.0,6432000000.0,0.0,32000000.0,0.145,2140000000.0,7495000000.0,8366000000.0,0.249,3.086,18.177,18.181,14828000000.0,0.0,88.36,2.631,2.628,12057000000.0,36711000000.0,44443000000.0,44443000000.0,1175000000.0,0.102,0.177,0.217,0.194,339000000.0,416000000.0,1.0,1323183218.0,1322000000,1333000000.0,33.618,45118000000.0,278000000.0,1793000000.0,2950000000.0,34.129,12340000000.0
32,SLB,MRT,2013-06-30,2013-06-30,2013-06-30,2021-09-07,-3920000000.0,63251000000.0,61416750000.0,23799000000.0,39452000000.0,0.706,27.814,-5543000000.0,2586000000.0,2586000000.0,34119000000.0,6166000000.0,1.911,0.71,11956000000.0,2858000000.0,9098000000.0,11956000000.0,0.0,3844000000.0,0.0,0.016,1.175,8243000000.0,12087000000.0,0.279,12087000000.0,8243000000.0,7864000000.0,4.63,4.6,4.63,36909000000.0,35381000000.0,36909000000.0,104239392876.0,13.0,8.624,3770000000.0,2.841,1.0,9214000000.0,0.213,19714000000.0,379000000.0,40453000000.0,38636000000.0,4955000000.0,6991000000.0,3339000000.0,3652000000.0,26203000000.0,12454000000.0,13749000000.0,95268392876.0,1062000000.0,-880000000.0,-475000000.0,1342000000.0,-1512000000.0,-640000000.0,-7785000000.0,-1524000000.0,9313000000.0,3000000.0,6141000000.0,6141000000.0,6141000000.0,0.0,25000000.0,0.142,2162000000.0,7052000000.0,7815000000.0,0.254,2.581,15.513,15.477,14742000000.0,0.0,71.66,2.199,2.194,11277000000.0,35409000000.0,43333000000.0,43333000000.0,1180000000.0,0.1,0.174,0.213,0.19,336000000.0,401000000.0,1.0,1329450082.0,1327000000,1336000000.0,32.655,43537000000.0,294000000.0,1723000000.0,2811000000.0,32.809,11345000000.0
33,SLB,MRT,2013-03-31,2013-03-31,2013-03-31,2021-09-07,-3876000000.0,61428000000.0,59857250000.0,23727000000.0,37701000000.0,0.71,26.812,-5367000000.0,2129000000.0,2129000000.0,33526000000.0,5481000000.0,1.858,0.719,11100000000.0,2962000000.0,8138000000.0,11100000000.0,0.0,3692000000.0,0.0,0.015,1.138,7521000000.0,11213000000.0,0.264,11213000000.0,7521000000.0,7162000000.0,4.1,4.08,4.1,35660000000.0,34356250000.0,35660000000.0,109198074840.0,15.0,9.739,1928000000.0,1.45,1.0,8966000000.0,0.211,19896000000.0,359000000.0,37732000000.0,37133250000.0,4973000000.0,5318000000.0,3432000000.0,1886000000.0,25647000000.0,12771000000.0,12876000000.0,99473074840.0,784000000.0,-884000000.0,-468000000.0,1144000000.0,-1463000000.0,-768000000.0,-6907000000.0,-680000000.0,7295000000.0,-1000000.0,5449000000.0,5449000000.0,5449000000.0,0.0,32000000.0,0.128,1815000000.0,7151000000.0,7842000000.0,0.278,2.789,18.255,18.266,14805000000.0,0.0,74.89,2.341,2.344,11502000000.0,33729000000.0,42492000000.0,42492000000.0,1174000000.0,0.091,0.159,0.203,0.177,337000000.0,402000000.0,1.0,1328255773.0,1330000000,1340000000.0,31.949,41532000000.0,306000000.0,1713000000.0,3054000000.0,31.227,10956000000.0
34,SLB,MRT,2012-12-31,2012-12-31,2012-12-31,2021-09-07,-3888000000.0,61547000000.0,58591750000.0,24156000000.0,37391000000.0,0.712,26.129,-5417000000.0,1905000000.0,1905000000.0,32885000000.0,5519000000.0,1.953,0.768,11630000000.0,2121000000.0,9509000000.0,11630000000.0,0.0,3647000000.0,0.0,0.016,1.1,7530000000.0,11177000000.0,0.268,11177000000.0,7530000000.0,7190000000.0,4.13,4.1,4.13,34751000000.0,33528000000.0,34751000000.0,101335751549.0,13.0,9.066,1498000000.0,1.126,1.0,8846000000.0,0.212,19905000000.0,340000000.0,38999000000.0,36432000000.0,4785000000.0,6116000000.0,4369000000.0,1747000000.0,26689000000.0,12368000000.0,14321000000.0,91998751549.0,187000000.0,-845000000.0,-562000000.0,1636000000.0,-1432000000.0,-339000000.0,-7545000000.0,-1228000000.0,6915000000.0,13000000.0,5490000000.0,5490000000.0,5490000000.0,0.0,29000000.0,0.132,1719000000.0,7127000000.0,8453000000.0,0.266,2.647,16.758,16.779,14780000000.0,0.0,69.299,2.205,2.209,11351000000.0,32887000000.0,41731000000.0,41731000000.0,1153000000.0,0.094,0.164,0.207,0.18,335000000.0,405000000.0,1.0,1327570132.0,1330000000,1339000000.0,31.377,41642000000.0,343000000.0,1700000000.0,2919000000.0,31.31,11788000000.0
35,SLB,MRT,2012-09-30,2012-09-30,2012-09-30,2021-09-07,-3325000000.0,59441000000.0,57005250000.0,22951000000.0,36490000000.0,0.714,25.756,-4751000000.0,1852000000.0,1852000000.0,32018000000.0,5566000000.0,1.99,0.735,11189000000.0,1792000000.0,9397000000.0,11189000000.0,0.0,3429000000.0,0.0,0.015,1.075,7590000000.0,11019000000.0,0.271,11019000000.0,7590000000.0,7257000000.0,4.15,4.14,4.15,34204000000.0,32656000000.0,34204000000.0,104936946668.0,14.0,9.523,847000000.0,0.638,1.0,8660000000.0,0.213,19886000000.0,333000000.0,37360000000.0,35039750000.0,4921000000.0,4505000000.0,2908000000.0,1597000000.0,25130000000.0,11532000000.0,13598000000.0,95983946668.0,116000000.0,-751000000.0,-1210000000.0,-47000000.0,-1399000000.0,-2638000000.0,-4188000000.0,1438000000.0,5598000000.0,4000000.0,5541000000.0,5541000000.0,5541000000.0,0.0,25000000.0,0.136,1596000000.0,7064000000.0,7913000000.0,0.259,2.806,17.322,17.429,14104000000.0,0.0,72.33,2.36,2.361,11450000000.0,31889000000.0,40678000000.0,40678000000.0,1114000000.0,0.097,0.17,0.217,0.187,320000000.0,391000000.0,1.0,1327028158.0,1328000000,1336000000.0,30.631,39555000000.0,345000000.0,1716000000.0,3101000000.0,29.785,11419000000.0
36,SLB,MRT,2012-06-30,2012-06-30,2012-06-30,2021-09-07,-3572000000.0,57013000000.0,56040250000.0,21040000000.0,35973000000.0,0.709,24.651,-4709000000.0,1521000000.0,1521000000.0,31225000000.0,5444000000.0,1.825,0.733,10474000000.0,2521000000.0,7953000000.0,10474000000.0,0.0,3391000000.0,0.0,0.016,1.05,7410000000.0,10801000000.0,0.272,10801000000.0,7410000000.0,7096000000.0,4.05,4.03,4.05,32810000000.0,31980000000.0,32810000000.0,95382015195.0,13.0,8.831,501000000.0,0.376,1.0,8501000000.0,0.214,19998000000.0,314000000.0,34442000000.0,34333750000.0,4762000000.0,3497000000.0,1972000000.0,1525000000.0,24046000000.0,11526000000.0,12520000000.0,86561015195.0,156000000.0,-745000000.0,-1860000000.0,1537000000.0,-1370000000.0,-2292000000.0,-3945000000.0,1620000000.0,5210000000.0,-13000000.0,5418000000.0,5418000000.0,5418000000.0,0.0,26000000.0,0.136,1557000000.0,6944000000.0,7422000000.0,0.259,2.638,15.977,16.027,13689000000.0,0.0,64.91,2.179,2.175,10802000000.0,30830000000.0,39726000000.0,39726000000.0,1089000000.0,0.097,0.169,0.216,0.187,307000000.0,383000000.0,1.0,1333554386.0,1331000000,1339000000.0,29.847,37015000000.0,458000000.0,1678000000.0,3014000000.0,27.81,9514000000.0
37,SLB,MRT,2012-03-31,2012-03-31,2012-03-31,2021-09-07,-3365000000.0,56366000000.0,55291750000.0,21292000000.0,35074000000.0,0.694,24.248,-4501000000.0,1346000000.0,1346000000.0,30129000000.0,5371000000.0,1.971,0.738,10167000000.0,1728000000.0,8439000000.0,10167000000.0,0.0,3337000000.0,0.0,0.015,1.025,7264000000.0,10601000000.0,0.276,10601000000.0,7264000000.0,6959000000.0,3.99,3.96,3.99,32347000000.0,31739500000.0,32347000000.0,101498914142.0,14.0,9.574,1301000000.0,0.975,1.0,8246000000.0,0.215,19458000000.0,305000000.0,34927000000.0,33341000000.0,5118000000.0,4323000000.0,2739000000.0,1584000000.0,23878000000.0,10802000000.0,13076000000.0,93270914142.0,-129000000.0,-112000000.0,-2073000000.0,1720000000.0,-1343000000.0,-2309000000.0,-4257000000.0,148000000.0,5802000000.0,0.0,5354000000.0,5354000000.0,5354000000.0,0.0,17000000.0,0.14,1599000000.0,6647000000.0,7294000000.0,0.257,2.883,17.421,17.526,13314000000.0,0.0,69.93,2.431,2.431,10401000000.0,29794000000.0,38375000000.0,38375000000.0,1083000000.0,0.097,0.169,0.218,0.189,284000000.0,421000000.0,1.0,1333775406.0,1334000000,1344000000.0,28.767,36908000000.0,487000000.0,1605000000.0,3160000000.0,27.667,10490000000.0
38,SLB,MRT,2011-12-31,2011-12-31,2011-12-31,2021-09-07,-3557000000.0,55201000000.0,54293250000.0,20539000000.0,34662000000.0,0.674,23.175,-4293000000.0,1705000000.0,1705000000.0,28802000000.0,5007000000.0,1.949,0.762,9933000000.0,1377000000.0,8556000000.0,9933000000.0,0.0,3274000000.0,0.0,0.015,1.0,6787000000.0,10061000000.0,0.275,10061000000.0,6787000000.0,6489000000.0,3.7,3.67,3.7,31263000000.0,31506250000.0,31263000000.0,101431626992.0,15.0,10.082,1587000000.0,1.176,1.0,7777000000.0,0.213,19461000000.0,298000000.0,33430000000.0,32013750000.0,4700000000.0,4644000000.0,3122000000.0,1522000000.0,23809000000.0,10538000000.0,13271000000.0,91680626992.0,-56000000.0,-186000000.0,-2560000000.0,1773000000.0,-1300000000.0,-2700000000.0,-3898000000.0,351000000.0,5880000000.0,-3000000.0,4997000000.0,4997000000.0,4997000000.0,0.0,10000000.0,0.137,1591000000.0,6186000000.0,7579000000.0,0.27,2.933,18.347,18.462,12993000000.0,0.0,68.31,2.506,2.519,9500000000.0,28860000000.0,36579000000.0,36579000000.0,1061000000.0,0.092,0.159,0.212,0.186,272000000.0,417000000.0,1.0,1342125999.0,1349000000,1361000000.0,27.116,35740000000.0,456000000.0,1492000000.0,2976000000.0,26.494,10001000000.0
39,SLB,MRT,2011-09-30,2011-09-30,2011-09-30,2021-09-07,-2798000000.0,55581000000.0,53434750000.0,21260000000.0,34321000000.0,0.665,23.42,-4053000000.0,1732000000.0,1732000000.0,28082000000.0,4633000000.0,1.88,0.761,11483000000.0,2743000000.0,8740000000.0,11483000000.0,0.0,3221000000.0,0.0,0.016,0.96,6238000000.0,9459000000.0,0.266,9459000000.0,6238000000.0,5965000000.0,3.4,3.38,3.4,31500000000.0,31497000000.0,31500000000.0,88781710322.0,14.0,9.386,2078000000.0,1.545,1.0,7463000000.0,0.21,19489000000.0,273000000.0,34536000000.0,30591750000.0,4469000000.0,5809000000.0,4332000000.0,1477000000.0,23958000000.0,11307000000.0,12651000000.0,80597710322.0,618000000.0,-206000000.0,-2276000000.0,4670000000.0,-1252000000.0,526000000.0,-6427000000.0,-2463000000.0,6131000000.0,0.0,4627000000.0,4627000000.0,4627000000.0,0.0,6000000.0,0.13,1620000000.0,5843000000.0,7023000000.0,0.282,2.559,17.419,17.568,12583000000.0,0.0,59.73,2.267,2.26,9493000000.0,27780000000.0,35545000000.0,35545000000.0,1058000000.0,0.087,0.147,0.204,0.175,256000000.0,409000000.0,1.0,1349367325.0,1345000000,1357000000.0,26.428,36092000000.0,148000000.0,1338000000.0,2869000000.0,26.834,9953000000.0
40,SLB,MRT,2011-06-30,2011-06-30,2011-06-30,2021-09-07,-2594000000.0,54019000000.0,52003000000.0,19942000000.0,34077000000.0,0.632,23.556,-3830000000.0,1378000000.0,1378000000.0,26109000000.0,5059000000.0,1.611,0.689,9562000000.0,3817000000.0,5745000000.0,9562000000.0,0.0,3088000000.0,0.0,0.011,0.92,6459000000.0,9547000000.0,0.291,9547000000.0,6459000000.0,6209000000.0,3.82,3.8,3.82,31848000000.0,31346500000.0,31848000000.0,124375626282.0,19.0,13.028,1460000000.0,1.08,1.0,6735000000.0,0.205,19356000000.0,250000000.0,30471000000.0,28487250000.0,4306000000.0,5090000000.0,3555000000.0,1535000000.0,21957000000.0,12376000000.0,9581000000.0,117239626282.0,766000000.0,209000000.0,-1898000000.0,2273000000.0,-1166000000.0,-791000000.0,-4116000000.0,-703000000.0,5290000000.0,9000000.0,5060000000.0,5060000000.0,5060000000.0,0.0,-1000000.0,0.154,1952000000.0,4783000000.0,7013000000.0,0.241,3.681,23.17,22.618,12315000000.0,0.0,86.4,3.57,3.557,9356000000.0,26815000000.0,32844000000.0,32844000000.0,1032000000.0,0.097,0.161,0.227,0.197,235000000.0,397000000.0,1.0,1356940119.0,1352000000,1366000000.0,24.293,34663000000.0,190000000.0,1149000000.0,2698000000.0,25.638,7566000000.0
41,SLB,MRT,2011-03-31,2011-03-31,2011-03-31,2021-09-07,-2643000000.0,52372000000.0,46752500000.0,18211000000.0,34161000000.0,0.637,23.099,-3551000000.0,1475000000.0,1475000000.0,23738000000.0,4533000000.0,1.751,0.66,8611000000.0,2189000000.0,6422000000.0,8611000000.0,0.0,2925000000.0,0.0,0.009,0.88,5733000000.0,8658000000.0,0.291,8658000000.0,5733000000.0,5499000000.0,3.52,3.5,3.52,31414000000.0,28329000000.0,31414000000.0,133274291207.0,23.0,15.393,1805000000.0,1.327,1.0,6053000000.0,0.203,19491000000.0,234000000.0,29618000000.0,26600750000.0,4092000000.0,4344000000.0,2688000000.0,1656000000.0,20746000000.0,10399000000.0,10347000000.0,126926291207.0,828000000.0,-659000000.0,-1702000000.0,1376000000.0,-1077000000.0,-1389000000.0,-3122000000.0,1125000000.0,5356000000.0,7000000.0,4539000000.0,4539000000.0,4539000000.0,0.0,-6000000.0,0.152,1790000000.0,4263000000.0,6328000000.0,0.25,4.04,27.963,26.494,12218000000.0,0.0,93.26,4.261,4.257,8891000000.0,25814000000.0,29791000000.0,29791000000.0,967000000.0,0.097,0.16,0.216,0.192,218000000.0,332000000.0,1.0,1360993901.0,1360000000,1375000000.0,21.905,32881000000.0,14000000.0,960000000.0,3246000000.0,24.177,7812000000.0
42,SLB,MRT,2010-12-31,2010-12-31,2010-12-31,2021-09-07,-2768000000.0,51767000000.0,41880250000.0,18098000000.0,33669000000.0,0.637,24.981,-3238000000.0,1764000000.0,1764000000.0,21097000000.0,4265000000.0,1.666,0.651,8112000000.0,2595000000.0,5517000000.0,8112000000.0,0.0,2757000000.0,0.0,0.01,0.84,5353000000.0,8110000000.0,0.304,8110000000.0,5353000000.0,5146000000.0,3.41,3.38,3.41,31226000000.0,25332500000.0,31226000000.0,119547707622.0,22.0,14.741,2271000000.0,1.817,1.0,5575000000.0,0.209,19508000000.0,207000000.0,27742000000.0,25264750000.0,3804000000.0,4781000000.0,3226000000.0,1555000000.0,20323000000.0,10865000000.0,9458000000.0,113925707622.0,1147000000.0,-702000000.0,-1316000000.0,933000000.0,-1040000000.0,-1409000000.0,-2936000000.0,1023000000.0,5509000000.0,0.0,4267000000.0,4267000000.0,4267000000.0,0.0,-2000000.0,0.16,1721000000.0,3854000000.0,6488000000.0,0.246,3.648,26.699,24.487,12071000000.0,0.0,83.5,4.271,3.913,8278000000.0,25210000000.0,26672000000.0,26672000000.0,919000000.0,0.102,0.168,0.212,0.201,198000000.0,311000000.0,1.0,1364379732.0,1250000000,1263000000.0,21.338,32259000000.0,51000000.0,879000000.0,3129000000.0,25.807,7233000000.0
43,SLB,MRT,2010-09-30,2010-09-30,2010-09-30,2021-09-07,-2627000000.0,49854000000.0,37304750000.0,16446000000.0,33408000000.0,0.647,24.738,-2904000000.0,1114000000.0,1114000000.0,19209000000.0,4019000000.0,1.635,0.606,6736000000.0,1916000000.0,4820000000.0,6736000000.0,0.0,2579000000.0,0.0,0.014,0.84,4992000000.0,7571000000.0,0.314,7571000000.0,4992000000.0,4795000000.0,3.31,3.28,3.31,30898000000.0,22306000000.0,30898000000.0,77782295220.0,16.0,10.274,2159000000.0,1.729,1.0,4915000000.0,0.204,19297000000.0,197000000.0,26118000000.0,24501750000.0,3941000000.0,3116000000.0,1511000000.0,1605000000.0,18738000000.0,10061000000.0,8677000000.0,73515295220.0,594000000.0,-683000000.0,-1426000000.0,-659000000.0,-1004000000.0,-3075000000.0,-1349000000.0,2228000000.0,5063000000.0,-1000000.0,4020000000.0,4020000000.0,4020000000.0,0.0,-1000000.0,0.167,1403000000.0,3512000000.0,6308000000.0,0.254,2.379,18.287,18.613,11900000000.0,0.0,61.61,3.047,3.19,8600000000.0,24454000000.0,24124000000.0,24124000000.0,880000000.0,0.108,0.18,0.204,0.207,192000000.0,92000000.0,1.0,1193236410.0,1249000000,1258000000.0,19.315,30557000000.0,0.0,775000000.0,3108000000.0,24.465,6385000000.0
44,SLB,MRT,2010-06-30,2010-06-30,2010-06-30,2021-09-07,-2729000000.0,33017000000.0,33110000000.0,12230000000.0,20787000000.0,0.686,16.592,-2539000000.0,229000000.0,229000000.0,17882000000.0,3077000000.0,1.805,0.664,4496000000.0,767000000.0,3729000000.0,4496000000.0,0.0,2499000000.0,0.0,0.015,0.84,4034000000.0,6533000000.0,0.288,6533000000.0,4034000000.0,3830000000.0,2.58,2.55,2.58,19778000000.0,19420250000.0,19778000000.0,70725024825.0,18.0,10.826,2994000000.0,2.512,1.0,4827000000.0,0.213,7583000000.0,204000000.0,22925000000.0,24193250000.0,1865000000.0,5897000000.0,2849000000.0,3048000000.0,13133000000.0,6776000000.0,6357000000.0,66010024825.0,-33000000.0,-1350000000.0,-1044000000.0,-828000000.0,-1009000000.0,-2867000000.0,-2654000000.0,1124000000.0,5533000000.0,0.0,3073000000.0,3073000000.0,3073000000.0,0.0,4000000.0,0.135,1018000000.0,3809000000.0,4852000000.0,0.326,3.338,21.481,21.45,9657000000.0,0.0,55.34,2.907,2.905,6234000000.0,23007000000.0,22709000000.0,22709000000.0,838000000.0,0.093,0.158,0.167,0.178,189000000.0,145000000.0,1.0,1192808544.0,1192000000,1208000000.0,19.051,25434000000.0,347000000.0,757000000.0,908000000.0,21.337,5454000000.0
45,SLB,MRT,2010-03-31,2010-03-31,2010-03-31,2021-09-07,-2632000000.0,32883000000.0,33095750000.0,13065000000.0,19818000000.0,0.674,16.258,-2369000000.0,271000000.0,271000000.0,17662000000.0,2876000000.0,1.934,0.687,4986000000.0,934000000.0,4052000000.0,4986000000.0,0.0,2487000000.0,0.0,0.013,0.84,3812000000.0,6299000000.0,0.282,6299000000.0,3812000000.0,3600000000.0,2.4,2.38,2.4,19428000000.0,19132500000.0,19428000000.0,81172543588.0,21.0,12.887,3380000000.0,2.828,1.0,4638000000.0,0.208,6570000000.0,212000000.0,24274000000.0,24652000000.0,1851000000.0,7000000000.0,3932000000.0,3068000000.0,13344000000.0,6754000000.0,6590000000.0,75935543588.0,26000000.0,-619000000.0,-531000000.0,-1086000000.0,-1009000000.0,-2626000000.0,-3052000000.0,-221000000.0,5749000000.0,2000000.0,2868000000.0,2868000000.0,2868000000.0,0.0,8000000.0,0.129,1056000000.0,3582000000.0,4705000000.0,0.35,3.909,26.477,26.442,9545000000.0,0.0,63.46,3.405,3.401,5972000000.0,22440000000.0,22300000000.0,22300000000.0,819000000.0,0.087,0.15,0.155,0.171,186000000.0,202000000.0,1.0,1196589089.0,1195000000,1215000000.0,18.661,26313000000.0,455000000.0,732000000.0,865000000.0,22.019,6311000000.0
46,SLB,MRT,2009-12-31,2009-12-31,2009-12-31,2021-09-07,-2674000000.0,33465000000.0,33124285250.0,13650000000.0,19815000000.0,0.685,15.96,-2625000000.0,617000000.0,617000000.0,17519000000.0,3142000000.0,1.88,0.745,5480000000.0,1125000000.0,4355000000.0,5480000000.0,0.0,2476000000.0,0.0,0.013,0.84,4125000000.0,6601000000.0,0.291,6601000000.0,4125000000.0,3904000000.0,2.62,2.59,2.62,19120000000.0,18660221250.0,19120000000.0,83475747571.0,20.0,12.646,2686000000.0,2.242,1.0,5183000000.0,0.228,6379000000.0,221000000.0,24690000000.0,24851172000.0,1866000000.0,7043000000.0,3999000000.0,3044000000.0,14236000000.0,7259000000.0,6977000000.0,78157747571.0,8000000.0,-514000000.0,-294000000.0,108000000.0,-1006000000.0,-1188000000.0,-4070000000.0,-1159000000.0,5311000000.0,0.0,3134000000.0,3134000000.0,3134000000.0,0.0,8000000.0,0.138,1301000000.0,3882000000.0,5003000000.0,0.321,4.088,24.939,24.844,9660000000.0,0.0,65.09,3.443,3.435,6088000000.0,22019000000.0,22702000000.0,22702000000.0,802000000.0,0.095,0.168,0.166,0.182,186000000.0,261000000.0,1.0,1200764289.0,1198000000,1214000000.0,18.95,27086000000.0,530000000.0,770000000.0,878000000.0,22.609,6391000000.0
47,SLB,MRT,2009-09-30,2009-09-30,2009-09-30,2021-09-07,-2298000000.0,33075000000.0,32781535250.0,13382000000.0,19693000000.0,0.727,16.129,-3121000000.0,194000000.0,194000000.0,18109000000.0,3494000000.0,1.881,0.703,5512000000.0,1200000000.0,4312000000.0,5512000000.0,0.0,2461000000.0,0.0,0.014,0.84,4637000000.0,7098000000.0,0.298,7098000000.0,4637000000.0,4409000000.0,2.91,2.89,2.91,19355000000.0,18095721250.0,19355000000.0,77039223086.0,17.0,10.854,2228000000.0,1.857,1.0,5717000000.0,0.24,6394000000.0,228000000.0,24884000000.0,24359922000.0,1967000000.0,6903000000.0,4035000000.0,2868000000.0,13612000000.0,7115000000.0,6497000000.0,71390223086.0,-92000000.0,-475000000.0,81000000.0,-167000000.0,-1010000000.0,-1064000000.0,-4377000000.0,-954000000.0,5349000000.0,-2000000.0,3488000000.0,3488000000.0,3488000000.0,38000000.0,6000000.0,0.146,1391000000.0,4326000000.0,4736000000.0,0.289,3.688,20.467,20.481,9610000000.0,0.0,59.6,2.996,3.002,6087000000.0,21475000000.0,23826000000.0,23826000000.0,807000000.0,0.106,0.193,0.19,0.195,185000000.0,468000000.0,1.0,1197822535.0,1200000000,1218000000.0,19.855,26681000000.0,475000000.0,921000000.0,929000000.0,22.234,6267000000.0
48,SLB,MRT,2009-06-30,2009-06-30,2009-06-30,2021-09-07,-2363000000.0,32960000000.0,32412204250.0,13655000000.0,19305000000.0,0.792,15.561,-3576000000.0,216000000.0,216000000.0,18932000000.0,4244000000.0,1.83,0.764,5865000000.0,1574000000.0,4291000000.0,5865000000.0,0.0,2431000000.0,0.0,0.016,0.84,5610000000.0,8041000000.0,0.313,8041000000.0,5610000000.0,5375000000.0,3.52,3.49,3.52,18627000000.0,17706410250.0,18627000000.0,70711962732.0,13.0,8.794,2657000000.0,2.22,1.0,6723000000.0,0.262,6388000000.0,235000000.0,24760000000.0,23661156250.0,2021000000.0,6644000000.0,4195000000.0,2449000000.0,14226000000.0,7461000000.0,6765000000.0,64737571732.0,28000000.0,-361000000.0,-541000000.0,739000000.0,-1006000000.0,-799000000.0,-5406000000.0,-1547000000.0,6233000000.0,-4000000.0,4227000000.0,4227000000.0,4227000000.0,38000000.0,17000000.0,0.165,1446000000.0,5277000000.0,4710000000.0,0.239,3.475,15.315,15.372,9688000000.0,0.0,54.11,2.523,2.525,6107000000.0,20940000000.0,25655000000.0,25655000000.0,817000000.0,0.13,0.239,0.237,0.219,182000000.0,513000000.0,1.0,1196406796.0,1197000000,1214000000.0,21.433,26572000000.0,568000000.0,1148000000.0,924000000.0,22.199,6194000000.0
49,SLB,MRT,2009-03-31,2009-03-31,2009-03-31,2021-09-07,-2968605000.0,32997141000.0,31670939000.0,13934454000.0,19062687000.0,0.849,14.665,-4031622000.0,191695000.0,191695000.0,19109000000.0,5055000000.0,1.809,0.877,6166086000.0,1590623000.0,4575463000.0,6166086000.0,0.0,2361311000.0,0.0,0.021,0.84,6643000000.0,9004311000.0,0.335,9004311000.0,6643000000.0,6408000000.0,4.2,4.14,4.2,17538885000.0,17293764250.0,17538885000.0,53683066448.0,8.0,5.962,2288482000.0,1.913,1.0,7764000000.0,0.289,6198307000.0,235000000.0,25070688000.0,22828932000.0,2029800000.0,6389523000.0,3994063000.0,2395460000.0,15385302000.0,7702537000.0,7682765000.0,48581106448.0,46080000.0,-332733000.0,-967450000.0,1099179000.0,-1005796000.0,-821105000.0,-5452537000.0,-1072655000.0,6320104000.0,-4940000.0,5034000000.0,5034000000.0,5034000000.0,38000000.0,21000000.0,0.187,1487000000.0,6277000000.0,4902494000.0,0.2,2.77,9.651,9.671,9758322000.0,0.0,40.62,1.808,1.808,6653060000.0,20578132000.0,26873000000.0,26873000000.0,817000000.0,0.159,0.291,0.291,0.247,178164000.0,554000000.0,1.0,1195989819.0,1196000000,1210000000.0,22.469,26798834000.0,661327000.0,1374000000.0,956595000.0,22.407,6231917000.0
50,SLB,MRT,2008-12-31,2008-12-31,2008-12-31,2021-09-07,-2901000000.0,32094000000.0,30660246000.0,12986000000.0,19108000000.0,0.886,14.099,-4068000000.0,189000000.0,189000000.0,18957000000.0,5460000000.0,1.589,0.899,5291000000.0,1598000000.0,3693000000.0,5291000000.0,0.0,2269000000.0,0.0,0.02,0.84,7112000000.0,9381000000.0,0.345,9381000000.0,7112000000.0,6865000000.0,4.54,4.45,4.54,16862000000.0,16854705000.0,16862000000.0,56185221980.0,8.0,5.989,2831000000.0,2.367,1.0,8206000000.0,0.302,6296000000.0,247000000.0,22725000000.0,21802468250.0,1919000000.0,5843000000.0,3503000000.0,2340000000.0,15160000000.0,8175000000.0,6985000000.0,50633793980.0,-12000000.0,-345000000.0,-1468000000.0,470000000.0,-964000000.0,-1825000000.0,-5149000000.0,-604000000.0,6899000000.0,-2000000.0,5435000000.0,5435000000.0,5435000000.0,0.0,25000000.0,0.2,1519000000.0,6687000000.0,5318000000.0,0.185,3.003,9.316,9.324,9690000000.0,0.0,42.33,1.864,1.864,6258000000.0,19891000000.0,27163000000.0,27163000000.0,819000000.0,0.177,0.322,0.326,0.262,172000000.0,584000000.0,1.0,1196168060.0,1196000000,1224000000.0,22.712,25798000000.0,749000000.0,1430000000.0,1007000000.0,21.57,4811000000.0
51,SLB,MRT,2008-09-30,2008-09-30,2008-09-30,2021-09-07,-1125175000.0,31597676000.0,29600089000.0,13077861000.0,18519815000.0,0.897,14.844,-3799532000.0,187753000.0,187753000.0,18150985000.0,5693396000.0,1.516,0.775,5739181000.0,2211423000.0,3527758000.0,5739181000.0,0.0,2210430000.0,0.0,0.01,0.805,7389860000.0,9600290000.0,0.362,9600290000.0,7389860000.0,7129858000.0,4.74,4.62,4.74,17797756000.0,16358177000.0,17797756000.0,98857404970.0,13.0,10.297,3270198000.0,2.727,1.0,8392059000.0,0.316,6433930000.0,260002000.0,22088937000.0,20968799250.0,1877893000.0,5668303000.0,3305666000.0,2362637000.0,13799920000.0,8626237000.0,5173683000.0,93676550970.0,27829000.0,-1271742000.0,-1849387000.0,886761000.0,-920915000.0,-1776941000.0,-5327960000.0,-49658000.0,7069730000.0,-1022000.0,5668001000.0,5668001000.0,5668001000.0,0.0,25395000.0,0.214,1463199000.0,6928860000.0,4997311000.0,0.17,5.263,16.527,16.475,9213113000.0,0.0,78.09,3.529,3.527,6701875000.0,18991492000.0,26543044000.0,26543044000.0,792060000.0,0.191,0.346,0.352,0.278,159458000.0,671139000.0,1.0,1199597272.0,1199000000,1225000000.0,22.138,25163746000.0,411261000.0,1461857000.0,1164439000.0,20.987,4451624000.0
52,SLB,MRT,2008-06-30,2008-06-30,2008-06-30,2021-09-07,-1047558000.0,29994939000.0,28277298500.0,11897298000.0,18097641000.0,0.892,14.206,-3607257000.0,185724000.0,185724000.0,17089080000.0,5508393000.0,1.645,0.767,5366578000.0,1248099000.0,4118479000.0,5366578000.0,0.0,2125091000.0,0.0,0.007,0.77,7163647000.0,9288738000.0,0.368,9288738000.0,7163647000.0,6896023000.0,4.6,4.46,4.6,16976416000.0,15413168000.0,16976416000.0,133761112716.0,19.0,14.4,2923202000.0,2.446,1.0,8120626000.0,0.322,6513245000.0,267624000.0,21431103000.0,20091242250.0,1800479000.0,4752620000.0,2714169000.0,2038451000.0,13018523000.0,7231445000.0,5787078000.0,128173330716.0,35613000.0,-1157990000.0,-1517679000.0,411895000.0,-877427000.0,-1828371000.0,-4729475000.0,246372000.0,6530459000.0,3649000.0,5495998000.0,5495998000.0,5495998000.0,0.0,12395000.0,0.218,1431557000.0,6689069000.0,4768554000.0,0.167,7.55,23.321,23.354,8826709000.0,0.0,107.43,5.084,5.092,6211511000.0,17716804000.0,25209706000.0,25209706000.0,774254000.0,0.194,0.357,0.357,0.284,147717000.0,657303000.0,1.0,1193086947.0,1195000000,1230000000.0,21.096,23481694000.0,412866000.0,1400025000.0,961270000.0,19.65,4665853000.0
53,SLB,MRT,2008-03-31,2008-03-31,2008-03-31,2021-09-07,-1108155000.0,28954369000.0,26971754250.0,11645960000.0,17308409000.0,0.894,13.196,-3408310000.0,145093000.0,145093000.0,16216951000.0,5340872000.0,1.593,0.835,5732875000.0,1579449000.0,4153426000.0,5732875000.0,0.0,2029712000.0,0.0,0.008,0.735,6990279000.0,9019991000.0,0.374,9019991000.0,6990279000.0,6717385000.0,4.47,4.32,4.47,15782648000.0,14378727500.0,15782648000.0,109469754058.0,16.0,12.136,2991800000.0,2.502,1.0,7885517000.0,0.327,6268035000.0,272894000.0,20964833000.0,19073425500.0,1763169000.0,4939217000.0,3008346000.0,1930871000.0,13171721000.0,7309283000.0,5862438000.0,104200886058.0,5566000.0,-1125095000.0,-1070432000.0,479640000.0,-832878000.0,-1286916000.0,-5171010000.0,-410019000.0,6400110000.0,3791000.0,5334477000.0,5334477000.0,5334477000.0,0.0,6395000.0,0.221,1376300000.0,6509217000.0,4474466000.0,0.164,6.602,19.533,19.463,8350827000.0,0.0,87.0,4.323,4.317,5781455000.0,16548940000.0,24102468000.0,24102468000.0,751933000.0,0.198,0.371,0.366,0.29,140102000.0,624367000.0,1.0,1197711334.0,1195995000,1233244000.0,20.153,22686334000.0,378878000.0,1382908000.0,1002843000.0,18.969,4336677000.0
54,SLB,MRT,2007-12-31,2007-12-31,2007-12-31,2021-09-07,-1172999000.0,27853372000.0,25610358000.0,11055383000.0,16797989000.0,0.909,12.522,-3191000000.0,197233000.0,197233000.0,15481000000.0,5177000000.0,1.473,0.872,5466101000.0,1671635000.0,3794466000.0,5466101000.0,0.0,1954000000.0,0.0,0.007,0.7,6900000000.0,8854000000.0,0.38,8854000000.0,6900000000.0,6625000000.0,4.36,4.2,4.36,14875888000.0,13273079000.0,14875888000.0,122779633532.0,18.0,13.867,3096000000.0,2.606,1.0,7796000000.0,0.335,6227065000.0,275000000.0,19390324000.0,18064519250.0,1638192000.0,4824116000.0,2971800000.0,1852316000.0,12977484000.0,7504851000.0,5472633000.0,117637482532.0,28000000.0,-1119000000.0,-733000000.0,-201000000.0,-771000000.0,-1630000000.0,-4629000000.0,-89000000.0,6287000000.0,3000000.0,5177000000.0,5177000000.0,5177000000.0,0.0,0.0,0.222,1327000000.0,6469000000.0,4550728000.0,0.161,7.908,22.723,22.562,8007991000.0,0.0,98.37,5.054,5.021,5361114000.0,15461767000.0,23277000000.0,23277000000.0,728000000.0,0.202,0.39,0.382,0.296,136000000.0,599000000.0,1.0,1195867465.0,1188000000,1239000000.0,19.593,21626307000.0,397307000.0,1448000000.0,1071889000.0,18.204,3550532000.0
55,SLB,MRT,2007-09-30,2007-09-30,2007-09-30,2021-09-07,-1182324000.0,26306514000.0,24355049500.0,10935729000.0,15370785000.0,0.919,11.738,-3102295000.0,162010000.0,162010000.0,14841691000.0,4923919000.0,1.643,0.877,5304161000.0,1262385000.0,4041776000.0,5304161000.0,0.0,1838570000.0,0.0,0.006,0.65,6618052000.0,8456622000.0,0.378,8456622000.0,6618052000.0,6351713000.0,4.15,3.99,4.15,14017720000.0,12159077750.0,14017720000.0,130311372155.0,20.0,15.409,2630570000.0,2.203,1.0,7537006000.0,0.337,6212247000.0,266339000.0,18578709000.0,17235409250.0,1584412000.0,4817860000.0,3076109000.0,1741751000.0,12288794000.0,6657709000.0,5631085000.0,125166574155.0,2082000.0,-439026000.0,-300037000.0,495256000.0,-710043000.0,-409541000.0,-5321242000.0,-1598720000.0,5732865000.0,3807000.0,4923919000.0,4923919000.0,4923919000.0,0.0,0.0,0.22,1294576000.0,6242430000.0,4158374000.0,0.157,8.929,25.42,25.301,6686750000.0,0.0,105.0,5.593,5.603,5301612000.0,14287758000.0,22378697000.0,22378697000.0,701453000.0,0.202,0.405,0.384,0.296,132786000.0,593123000.0,1.0,1192062611.0,1194175000,1243808000.0,18.74,20094267000.0,526952000.0,1427794000.0,1026290000.0,16.827,4278020000.0
56,SLB,MRT,2007-06-30,2007-06-30,2007-06-30,2021-09-07,-1181793000.0,24772762000.0,22962637750.0,10047832000.0,14724930000.0,0.932,10.841,-2967395000.0,146555000.0,146555000.0,14298151000.0,4569746000.0,1.577,0.93,5291353000.0,1374980000.0,3916373000.0,5291353000.0,0.0,1733674000.0,0.0,0.007,0.6,6218874000.0,7952548000.0,0.371,7952548000.0,6218874000.0,5958806000.0,3.86,3.71,3.86,12838654000.0,11054513000.0,12838654000.0,105551514812.0,17.0,13.273,2465058000.0,2.082,1.0,7109702000.0,0.332,6186904000.0,260068000.0,17359836000.0,15990691000.0,1519751000.0,4348177000.0,2738032000.0,1610145000.0,11934108000.0,6370820000.0,5563288000.0,100107251812.0,-21342000.0,-407333000.0,-564962000.0,253124000.0,-649882000.0,-881677000.0,-4572118000.0,-1038425000.0,5432453000.0,-5115000.0,4569746000.0,4569746000.0,4569746000.0,0.0,0.0,0.213,1229564000.0,5880138000.0,3873109000.0,0.155,7.797,21.907,22.005,6282265000.0,0.0,84.94,4.676,4.699,4896449000.0,13143026000.0,21407853000.0,21407853000.0,660797000.0,0.199,0.413,0.389,0.29,130607000.0,568767000.0,1.0,1178564302.0,1184243000,1240911000.0,18.077,18585858000.0,576698000.0,1389060000.0,912824000.0,15.694,3677012000.0
57,SLB,MRT,2007-03-31,2007-03-31,2007-03-31,2021-09-07,-1166762000.0,23508784000.0,21825539000.0,9471627000.0,14037157000.0,0.937,9.64,-2755933000.0,135320000.0,135320000.0,13813206000.0,4168167000.0,1.603,1.069,5579583000.0,959907000.0,4619676000.0,5579583000.0,0.0,1647784000.0,0.0,0.008,0.55,5729982000.0,7377766000.0,0.361,7377766000.0,5729982000.0,5474763000.0,3.52,3.38,3.52,11360054000.0,10118375000.0,11360054000.0,87257033206.0,15.0,11.827,2441083000.0,2.071,1.0,6642660000.0,0.325,6115678000.0,255219000.0,16929208000.0,15010727250.0,1422691000.0,3958018000.0,2455585000.0,1502433000.0,12148730000.0,5908161000.0,6240569000.0,81437379206.0,-17869000.0,-2942262000.0,-683826000.0,1069552000.0,-591142000.0,-210896000.0,-5003989000.0,831190000.0,5197016000.0,-128000.0,4168167000.0,4168167000.0,4168167000.0,0.0,0.0,0.204,1211699000.0,5430961000.0,3647047000.0,0.156,7.169,19.538,19.631,5805745000.0,0.0,69.1,3.981,3.981,4688452000.0,12093060000.0,20455866000.0,20455866000.0,657008000.0,0.191,0.412,0.382,0.28,124749000.0,554691000.0,1.0,1178543838.0,1178453000,1236491000.0,17.358,17393106000.0,585495000.0,1306596000.0,1093566000.0,14.759,3563466000.0
58,SLB,MRT,2006-12-31,2006-12-31,2006-12-31,2021-09-07,-1168749000.0,22832138000.0,20583727000.0,9185662000.0,13646476000.0,0.934,8.818,-2647430000.0,165817000.0,165817000.0,13182753000.0,3709851000.0,1.423,1.191,5985471000.0,1321529000.0,4663942000.0,5985471000.0,0.0,1561410000.0,0.0,0.008,0.5,5134335000.0,6695745000.0,0.348,6695745000.0,5134335000.0,4899419000.0,3.14,3.01,3.14,10419883000.0,9311214750.0,10419883000.0,79425306601.0,15.0,11.862,2098024000.0,1.775,1.0,6047725000.0,0.314,6123113000.0,234916000.0,16073884000.0,14276280750.0,1246887000.0,4194379000.0,2833056000.0,1361323000.0,12412255000.0,6454795000.0,5957460000.0,74416078601.0,-24816000.0,-2990428000.0,-626297000.0,1516240000.0,-567673000.0,290506000.0,-5060776000.0,700986000.0,4745454000.0,-321000.0,3709851000.0,3709851000.0,3709851000.0,0.0,0.0,0.193,1151367000.0,4896358000.0,3848017000.0,0.159,7.142,20.059,20.115,5576041000.0,0.0,63.16,3.87,3.881,4242000000.0,11118479000.0,19230478000.0,19230478000.0,619316000.0,0.18,0.398,0.36,0.267,113843000.0,532051000.0,1.0,1178215304.0,1181683000,1242196000.0,16.274,16709025000.0,575686000.0,1189568000.0,1136529000.0,14.14,2730867000.0
59,SLB,MRT,2006-09-30,2006-09-30,2006-09-30,2021-09-07,-1047384000.0,20736867000.0,19395065500.0,7991981000.0,12744886000.0,0.923,8.11,-2276246000.0,156121000.0,156121000.0,12508928000.0,3239789000.0,1.28,1.16,5165349000.0,1234500000.0,3930849000.0,5165349000.0,0.0,1481291000.0,0.0,0.008,0.48,4520518000.0,6001809000.0,0.335,6001809000.0,4520518000.0,4299448000.0,2.73,2.63,2.73,9599461000.0,8604140250.0,9599461000.0,78622903027.0,17.0,13.1,1952829000.0,1.65,1.0,5395028000.0,0.301,5903155000.0,221070000.0,13599836000.0,13602076250.0,1235037000.0,2989511000.0,1745098000.0,1244413000.0,11137406000.0,6243104000.0,4894302000.0,73445793027.0,-28347000.0,-2652780000.0,-668577000.0,694313000.0,-543656000.0,-592567000.0,-3665883000.0,1372779000.0,4229075000.0,647000.0,3239789000.0,3239789000.0,3239789000.0,0.0,0.0,0.181,1084628000.0,4310400000.0,3704368000.0,0.176,7.651,22.67,22.722,5096474000.0,0.0,62.03,4.102,4.101,4143208000.0,10135189000.0,17903956000.0,17903956000.0,584226000.0,0.167,0.377,0.332,0.252,94566000.0,500402000.0,1.0,1184036644.0,1183683000,1243966000.0,15.126,14833712000.0,497187000.0,1059659000.0,1155402000.0,12.532,1748877000.0
60,SLB,MRT,2006-06-30,2006-06-30,2006-06-30,2021-09-07,-1036909000.0,20224367000.0,18519737750.0,7866884000.0,12357483000.0,0.899,7.679,-2044783000.0,173012000.0,173012000.0,11908964000.0,2780768000.0,1.29,1.224,5350122000.0,1212998000.0,4137124000.0,5350122000.0,0.0,1425633000.0,0.0,0.007,0.46,3907302000.0,5332935000.0,0.32,5332935000.0,3907302000.0,3697946000.0,2.35,2.26,2.35,9094102000.0,8023304250.0,9094102000.0,81105417709.0,21.0,15.208,1675999000.0,1.415,1.0,4738267000.0,0.285,5862534000.0,209356000.0,13439981000.0,13471774250.0,1158342000.0,3109068000.0,1935271000.0,1173797000.0,11130265000.0,6098962000.0,5031303000.0,76821382709.0,-4383000.0,-2676220000.0,-284196000.0,864521000.0,-518794000.0,-28116000.0,-3698077000.0,1054247000.0,3720782000.0,4900000.0,2780768000.0,2780768000.0,2780768000.0,0.0,0.0,0.167,1025945000.0,3712322000.0,3555789000.0,0.196,8.447,27.626,27.706,4767445000.0,0.0,65.11,4.615,4.632,3944713000.0,9283322000.0,16647231000.0,16647231000.0,562954000.0,0.15,0.347,0.29,0.235,74907000.0,462991000.0,1.0,1179870722.0,1184357000,1246077000.0,14.056,14361833000.0,522642000.0,917178000.0,1180949000.0,12.126,1767922000.0
61,SLB,MRT,2006-03-31,2006-03-31,2006-03-31,2021-09-07,-1049284000.0,18541536000.0,17686800500.0,8687603000.0,9853933000.0,0.87,6.889,-1851868000.0,153317000.0,153317000.0,11206092000.0,2406069000.0,1.628,1.28,4437352000.0,802196000.0,3635156000.0,4437352000.0,0.0,1377107000.0,0.0,0.007,0.44,3405323000.0,4782430000.0,0.311,4782430000.0,3405323000.0,3206951000.0,2.04,1.97,2.04,8131413000.0,7438350000.0,8131413000.0,78983212473.0,23.0,16.515,1366199000.0,1.157,1.0,4182996000.0,0.272,3496618000.0,198372000.0,13991422000.0,13253910000.0,1063471000.0,4513688000.0,3080525000.0,1433163000.0,10410123000.0,5337531000.0,5072592000.0,74786250473.0,-67750000.0,-64945000.0,-335606000.0,-115115000.0,-495101000.0,-975822000.0,-2311023000.0,-450159000.0,3218067000.0,-1174000.0,2406069000.0,2406069000.0,2406069000.0,-9000000.0,0.0,0.156,954793000.0,3228203000.0,3301342000.0,0.216,9.197,31.082,31.022,4410817000.0,0.0,63.285,4.86,4.854,3760505000.0,8574774000.0,15389088000.0,15389088000.0,513699000.0,0.136,0.323,0.257,0.221,57187000.0,441094000.0,1.0,1181737386.0,1180344000,1240694000.0,13.038,15044918000.0,505011000.0,800882000.0,1085610000.0,12.746,3350072000.0
62,SLB,MRT,2005-12-31,2005-12-31,2005-12-31,2021-09-07,-1045479000.0,18077492000.0,17152119000.0,8553913000.0,9523579000.0,0.834,6.441,-1455981000.0,190954000.0,190954000.0,10627316000.0,2206967000.0,1.574,1.381,4387916000.0,796578000.0,3591338000.0,4387916000.0,0.0,1350969000.0,0.0,0.009,0.42,3085984000.0,4436953000.0,0.31,4436953000.0,3085984000.0,2888894000.0,1.87,1.82,1.87,7591585000.0,7024811250.0,7591585000.0,61464234105.0,20.0,13.853,1550876000.0,1.316,1.0,3681866000.0,0.257,3464500000.0,197090000.0,13377066000.0,12907730000.0,1010448000.0,4653258000.0,3304727000.0,1348531000.0,10485907000.0,5432888000.0,5053019000.0,57229933105.0,-31320000.0,23264000.0,-266412000.0,-215697000.0,-481583000.0,-993692000.0,-2044485000.0,-706762000.0,3006857000.0,-1229000.0,2206967000.0,2206967000.0,2206967000.0,-7972000.0,0.0,0.154,920815000.0,2761051000.0,3564854000.0,0.225,7.539,25.931,25.976,4200638000.0,0.0,48.575,4.0,4.001,3383803000.0,7999770000.0,14309182000.0,14309182000.0,505513000.0,0.129,0.314,0.239,0.216,40204000.0,415302000.0,1.0,1178176698.0,1178576000,1229716000.0,12.141,14612992000.0,564204000.0,681927000.0,946723000.0,12.399,3121025000.0
63,SLB,MRT,2005-09-30,2005-09-30,2005-09-30,2021-09-07,-912377000.0,17235556000.0,16632940250.0,7772326000.0,9463230000.0,0.803,6.168,-1390492000.0,183821000.0,183821000.0,10119868000.0,1876185000.0,1.595,1.369,4418122000.0,674275000.0,3743847000.0,4418122000.0,0.0,1331390000.0,0.0,0.01,0.409,2624406000.0,3955796000.0,0.296,3955796000.0,2624406000.0,2431982000.0,1.59,1.545,1.59,7276117000.0,6656099250.0,7276117000.0,53938915595.0,21.0,13.635,1161066000.0,0.984,1.0,3233638000.0,0.242,3519051000.0,192424000.0,13078628000.0,12626894250.0,974253000.0,4118287000.0,2819171000.0,1299116000.0,9959439000.0,4872178000.0,5087261000.0,49640882595.0,-264677000.0,-163091000.0,-219501000.0,-4335000.0,-467969000.0,-706805000.0,-2133097000.0,-687594000.0,2551558000.0,-1703000.0,1876185000.0,1876185000.0,1876185000.0,13654000.0,0.0,0.141,876834000.0,2356804000.0,3121868000.0,0.257,6.822,26.458,26.535,4020664000.0,0.0,42.19,3.717,3.727,3260056000.0,7463073000.0,13353506000.0,13353506000.0,487552000.0,0.113,0.282,0.208,0.197,35584000.0,389282000.0,1.0,1176603048.0,1179640000,1231846000.0,11.32,13716505000.0,507513000.0,555797000.0,951298000.0,11.628,2900148000.0
64,SLB,MRT,2005-06-30,2005-06-30,2005-06-30,2021-09-07,-1011058000.0,16892618000.0,16237920000.0,7559051000.0,9333567000.0,0.774,5.736,-1334094000.0,172495000.0,172495000.0,9659515000.0,1653587000.0,1.493,1.501,4470528000.0,691091000.0,3779437000.0,4470528000.0,0.0,1317285000.0,0.0,0.01,0.397,2294314000.0,3611599000.0,0.288,3611599000.0,2294314000.0,2108821000.0,1.4,1.37,1.4,6754285000.0,6318209000.0,6754285000.0,49087977758.0,21.0,13.592,1011068000.0,0.859,1.0,2901825000.0,0.231,3557652000.0,185493000.0,12568524000.0,12243447250.0,944913000.0,3956157000.0,2740985000.0,1215172000.0,10138333000.0,5064475000.0,5073858000.0,44741911758.0,3087000.0,170182000.0,-310487000.0,-35841000.0,-455148000.0,-801476000.0,-1589391000.0,-572823000.0,2345162000.0,-798000.0,1653587000.0,1653587000.0,1653587000.0,-6586000.0,0.0,0.132,868328000.0,2033497000.0,3281193000.0,0.284,6.624,27.057,27.121,3920597000.0,0.0,37.97,3.562,3.559,3056509000.0,7046212000.0,12561340000.0,12561340000.0,477699000.0,0.102,0.262,0.187,0.183,32550000.0,390629000.0,1.0,1178349006.0,1177482000,1225964000.0,10.668,13334966000.0,617490000.0,455234000.0,967906000.0,11.325,2494576000.0
65,SLB,MRT,2005-03-31,2005-03-31,2005-03-31,2021-09-07,-997158000.0,16402810000.0,15948411250.0,7498822000.0,8903988000.0,0.75,5.495,-1252770000.0,222241000.0,222241000.0,9341435000.0,1526993000.0,1.593,1.532,4568307000.0,622249000.0,3946058000.0,4568307000.0,0.0,1310786000.0,0.0,0.011,0.386,2072049000.0,3382835000.0,0.283,3382835000.0,2072049000.0,1895812000.0,1.29,1.265,1.29,6477258000.0,6097709250.0,6477258000.0,45967465738.0,22.0,13.588,850206000.0,0.721,1.0,2624873000.0,0.219,3436209000.0,176237000.0,12606702000.0,12003112000.0,874765000.0,3956240000.0,2817783000.0,1138457000.0,9925552000.0,4705965000.0,5219587000.0,41530916738.0,63716000.0,1596807000.0,-185450000.0,-1516782000.0,-441709000.0,-2214436000.0,182862000.0,-208717000.0,2102976000.0,1197000.0,1526993000.0,1526993000.0,1526993000.0,-95942000.0,0.0,0.128,858646000.0,1766227000.0,3028360000.0,0.299,6.412,27.198,27.318,3774730000.0,0.0,35.24,3.471,3.471,2979832000.0,6687500000.0,11966308000.0,11966308000.0,478774000.0,0.096,0.25,0.173,0.173,28853000.0,379872000.0,1.0,1178516366.0,1178666000,1227530000.0,10.152,12966601000.0,593676000.0,368819000.0,930745000.0,11.001,2792857000.0
66,SLB,MRT,2004-12-31,2004-12-31,2004-12-31,2021-09-07,-940993000.0,16000777000.0,16181784750.0,7059749000.0,8941028000.0,0.709,5.192,-1356224000.0,223503000.0,223503000.0,9057370000.0,1223870000.0,1.502,1.616,4660052000.0,715872000.0,3944180000.0,4660052000.0,0.0,1307931000.0,0.0,0.011,0.375,1773267000.0,3081198000.0,0.268,3081198000.0,1773267000.0,1500819000.0,1.04,1.02,1.04,6116737000.0,5907815750.0,6116737000.0,43598631089.0,25.0,14.15,489654000.0,0.416,1.0,2422795000.0,0.211,3482403000.0,272448000.0,12253723000.0,12074705750.0,819745000.0,3861270000.0,2773922000.0,1087348000.0,9884040000.0,4701200000.0,5182840000.0,39416353089.0,-11862000.0,2884989000.0,-42116000.0,-3036586000.0,-441219000.0,-3590416000.0,1681889000.0,104820000.0,1845878000.0,1173000.0,1223870000.0,1223870000.0,1223870000.0,-209818000.0,0.0,0.107,836714000.0,1586081000.0,2980790000.0,0.361,6.444,32.206,32.188,3761729000.0,0.0,33.475,3.433,3.435,2633049000.0,6287905000.0,11480165000.0,11480165000.0,467354000.0,0.076,0.207,0.147,0.154,26466000.0,369360000.0,1.0,1177486276.0,1178178000,1225745000.0,9.744,12518374000.0,582695000.0,276949000.0,858785000.0,10.625,2358549000.0
67,SLB,MRT,2004-09-30,2004-09-30,2004-09-30,2021-09-07,-955826000.0,15655475000.0,17191922000.0,6869677000.0,8785798000.0,0.631,5.021,-1330649000.0,201201000.0,201201000.0,8707582000.0,1071139000.0,1.438,1.642,4383479000.0,645073000.0,3738406000.0,4383479000.0,0.0,1277600000.0,0.0,0.011,0.375,1711936000.0,2989536000.0,0.275,2989536000.0,1711936000.0,1411030000.0,0.91,0.895,0.91,5924556000.0,5848953750.0,5924556000.0,44015271793.0,26.0,14.723,800560000.0,0.679,1.0,2148949000.0,0.198,3514953000.0,300906000.0,11544840000.0,13069851000.0,822391000.0,3402676000.0,2339148000.0,1063528000.0,9730919000.0,4777960000.0,4952959000.0,39746700793.0,304941000.0,3236093000.0,28074000.0,-3046784000.0,-440619000.0,-3529824000.0,1738734000.0,-404784000.0,2131209000.0,4462000.0,1071139000.0,1071139000.0,1071139000.0,-215840000.0,0.0,0.099,804199000.0,1344750000.0,3189805000.0,0.412,6.709,37.107,36.984,3620087000.0,0.0,33.655,3.661,3.658,2893882000.0,6068472000.0,10856531000.0,10856531000.0,451629000.0,0.062,0.183,0.131,0.158,33348000.0,352570000.0,1.0,1181004332.0,1179872000,1227574000.0,9.201,12140522000.0,601233000.0,339891000.0,832093000.0,10.29,2091717000.0
68,SLB,MRT,2004-06-30,2004-06-30,2004-06-30,2021-09-07,-936519000.0,15734583000.0,18032283750.0,7085343000.0,8649240000.0,0.584,4.978,-1168773000.0,170206000.0,170206000.0,8863987000.0,697611000.0,1.442,1.679,4438777000.0,691528000.0,3747249000.0,4438777000.0,0.0,1305566000.0,0.0,0.012,0.375,1236593000.0,2542159000.0,0.242,2542159000.0,1236593000.0,903467000.0,0.595,0.585,0.595,5872286000.0,5788212750.0,5872286000.0,43235881595.0,35.0,17.008,821364000.0,0.696,1.0,1661071000.0,0.158,3482800000.0,333126000.0,11607183000.0,13834829750.0,768869000.0,3348753000.0,2388895000.0,959858000.0,9862297000.0,4913171000.0,4949126000.0,37417869595.0,-99846000.0,3163815000.0,196662000.0,-4680230000.0,-439180000.0,-4993243000.0,2910320000.0,747447000.0,1990137000.0,6087000.0,697611000.0,697611000.0,697611000.0,-228291000.0,0.0,0.066,801293000.0,859778000.0,3220300000.0,0.63,6.372,53.637,53.37,3542473000.0,0.0,31.755,3.555,3.559,2778049000.0,5860594000.0,10525058000.0,10525058000.0,450265000.0,0.039,0.121,0.089,0.117,25961000.0,351028000.0,1.0,1178330014.0,1179766000,1226760000.0,8.921,12251783000.0,714318000.0,205856000.0,859481000.0,10.385,2172172000.0
69,SLB,MRT,2004-03-31,2004-03-31,2004-03-31,2021-09-07,-776617000.0,17336304000.0,19346814500.0,8020548000.0,9315756000.0,0.531,4.864,-1072135000.0,157328000.0,157328000.0,8634377000.0,454126000.0,1.294,2.032,5975340000.0,1753416000.0,4221924000.0,5975340000.0,0.0,1319726000.0,0.0,0.012,0.375,1031266000.0,2350992000.0,0.229,2350992000.0,1031266000.0,647020000.0,0.39,0.385,0.39,5717684000.0,5745232250.0,5717684000.0,44860580695.0,44.0,19.082,959154000.0,0.816,1.0,1637307000.0,0.159,4061880000.0,384246000.0,12893077000.0,14904550500.0,862944000.0,4240824000.0,3261179000.0,979645000.0,11618620000.0,6199359000.0,5419261000.0,37586186695.0,4382000.0,1891272000.0,291422000.0,-1829738000.0,-437969000.0,-1976285000.0,-126117000.0,-1175149000.0,2031289000.0,7440000.0,454126000.0,454126000.0,454126000.0,-96341000.0,0.0,0.044,786710000.0,850597000.0,3409287000.0,0.962,6.574,82.766,81.859,3618568000.0,0.0,31.925,3.659,3.653,2819721000.0,5615655000.0,10271684000.0,10271684000.0,433620000.0,0.023,0.079,0.069,0.1,19687000.0,353090000.0,1.0,1177327696.0,1175476000,1185510000.0,8.738,13274424000.0,656876000.0,192894000.0,839851000.0,11.293,1821189000.0
70,SLB,MRT,2003-12-31,2003-12-31,2003-12-31,2021-09-07,-374704000.0,20041326000.0,19823708500.0,10369121000.0,9672205000.0,0.505,5.036,-1057843000.0,234192000.0,234192000.0,8428631000.0,383002000.0,1.526,2.408,7508586000.0,1411168000.0,6097418000.0,7508586000.0,0.0,1341102000.0,0.0,0.014,0.375,927719000.0,2268821000.0,0.226,2268821000.0,927719000.0,593383000.0,0.33,0.325,0.33,5881289000.0,5717864250.0,5881289000.0,39029833973.0,42.0,17.203,957545000.0,0.82,1.0,1588584000.0,0.159,4286686000.0,334336000.0,16234304000.0,15251252250.0,796559000.0,3875046000.0,2874781000.0,1000265000.0,14160037000.0,6794730000.0,7365307000.0,32035501973.0,59627000.0,581219000.0,172493000.0,-317808000.0,-437023000.0,-582338000.0,-1392429000.0,-1145700000.0,2015388000.0,6455000.0,383002000.0,383002000.0,383002000.0,15167000.0,0.0,0.038,795716000.0,792868000.0,3247545000.0,1.136,5.447,83.643,82.909,3799711000.0,0.0,27.36,3.198,3.19,2568425000.0,5505744000.0,10017215000.0,10017215000.0,430801000.0,0.019,0.067,0.061,0.093,13229000.0,364915000.0,1.0,1170888230.0,1167808000,1172982000.0,8.578,15754640000.0,631627000.0,210381000.0,807938000.0,13.491,3574391000.0
71,SLB,MRT,2003-09-30,2003-09-30,2003-09-30,2021-09-07,-485394000.0,19016922000.0,19672175750.0,7531757000.0,11485165000.0,0.383,4.855,-712666000.0,140798000.0,140798000.0,6732659000.0,-2655378000.0,1.276,2.347,7135130000.0,956310000.0,6178820000.0,7135130000.0,0.0,1191910000.0,0.0,0.015,0.375,-2170148000.0,-978238000.0,-0.13,-978238000.0,-2170148000.0,-2522307000.0,-2.295,-2.285,-2.295,5681592000.0,5649076500.0,5681592000.0,36609967213.0,-17.0,-37.424,842391000.0,0.72,1.0,792804000.0,0.105,5503688000.0,352159000.0,14604755000.0,14735953500.0,879785000.0,2885693000.0,1877415000.0,1008278000.0,13335330000.0,5902811000.0,7432519000.0,28198517213.0,-15841000.0,576430000.0,127573000.0,-1016854000.0,-436166000.0,-1325447000.0,-434246000.0,-322910000.0,1555057000.0,2808000.0,-2655378000.0,-2655378000.0,-2655378000.0,2835171000.0,0.0,-0.353,307058000.0,485746000.0,4148617000.0,-0.163,4.963,-10.619,-10.545,4316035000.0,0.0,24.2,3.747,3.764,3759873000.0,5438553000.0,7525463000.0,7525463000.0,339926000.0,-0.135,-0.47,-0.147,-0.288,0.0,-32868000.0,1.0,1165227984.0,1170358000,1170358000.0,6.43,13513234000.0,600953000.0,133071000.0,687495000.0,11.546,1628946000.0
72,SLB,MRT,2003-06-30,2003-06-30,2003-06-30,2021-09-07,-508939000.0,20992706000.0,20520037250.0,9008343000.0,11984363000.0,0.408,4.893,-852125000.0,263965000.0,263965000.0,6974297000.0,-2427218000.0,1.19,2.683,8675415000.0,2321944000.0,6353471000.0,8675415000.0,0.0,1243222000.0,0.0,0.016,0.375,-1803153000.0,-559931000.0,-0.067,-559931000.0,-1803153000.0,-2177624000.0,-2.1,-2.09,-2.1,5700364000.0,6404100250.0,5700364000.0,34721630372.0,-19.0,-62.011,966195000.0,0.829,1.0,1406614000.0,0.168,5947478000.0,374471000.0,15886066000.0,15007097750.0,893641000.0,3996911000.0,2953887000.0,1043024000.0,15292342000.0,7570612000.0,7721730000.0,27698865372.0,106612000.0,343690000.0,126553000.0,148978000.0,-435179000.0,-159648000.0,-1694140000.0,-1210605000.0,1818320000.0,3994000.0,-2427218000.0,-2427218000.0,-2427218000.0,2863263000.0,0.0,-0.29,504762000.0,901852000.0,4492882000.0,-0.179,4.859,-11.412,-11.326,4448867000.0,0.0,23.785,3.305,3.306,3785572000.0,5603604000.0,8380911000.0,8380911000.0,377202000.0,-0.118,-0.379,-0.12,-0.215,0.0,127560000.0,1.0,1164551834.0,1164950000,1178048000.0,7.194,15045228000.0,513783000.0,249594000.0,645895000.0,12.915,1437731000.0
73,SLB,MRT,2003-03-31,2003-03-31,2003-03-31,2021-09-07,-588116000.0,19243880000.0,20983951250.0,7105140000.0,12138740000.0,0.434,4.816,-1006161000.0,145506000.0,145506000.0,7529459000.0,-2343305000.0,1.16,2.431,7168271000.0,1022714000.0,6145557000.0,7168271000.0,0.0,1294394000.0,0.0,0.02,0.375,-1712478000.0,-418084000.0,-0.046,-418084000.0,-1712478000.0,-2091061000.0,-2.025,-2.015,-2.025,5608212000.0,7108075750.0,5608212000.0,29125568998.0,-17.0,-69.664,673080000.0,0.578,1.0,1579949000.0,0.173,5860071000.0,378583000.0,14279884000.0,15164901500.0,1042503000.0,2414498000.0,1324767000.0,1089731000.0,13635668000.0,6126690000.0,7508978000.0,22129596998.0,11510000.0,162500000.0,141101000.0,-787726000.0,-434059000.0,-1080684000.0,-708298000.0,110463000.0,1679241000.0,6342000.0,-2343305000.0,-2343305000.0,-2343305000.0,2823659000.0,0.0,-0.257,704021000.0,875928000.0,4374340000.0,-0.185,3.946,-9.444,-9.385,4523859000.0,0.0,19.005,2.429,2.429,3657754000.0,5600711000.0,9109408000.0,9109408000.0,425768000.0,-0.112,-0.33,-0.113,-0.188,0.0,278253000.0,1.0,1164409208.0,1164418000,1167962000.0,7.823,13383809000.0,568887000.0,252244000.0,619811000.0,11.494,978450000.0
74,SLB,MRT,2002-12-31,2002-12-31,2002-12-31,2021-09-07,-547181000.0,19435195000.0,21694971000.0,7185440000.0,12249755000.0,0.445,4.845,-1269283000.0,168110000.0,168110000.0,7935757000.0,-2319995000.0,1.114,2.467,7164082000.0,1135533000.0,6028549000.0,7164082000.0,0.0,1308658000.0,0.0,0.018,0.375,-1700390000.0,-391732000.0,-0.041,-391732000.0,-1700390000.0,-2068363000.0,-2.005,-1.995,-2.005,5606138000.0,7817964750.0,5606138000.0,31804863375.0,-19.0,-81.19,611281000.0,0.528,1.0,1721650000.0,0.178,5807140000.0,367973000.0,14173109000.0,15495363500.0,1043057000.0,2662930000.0,1567906000.0,1095024000.0,13829057000.0,6450918000.0,7378139000.0,24440018375.0,-16180000.0,12345000.0,175085000.0,-591235000.0,-433134000.0,-849284000.0,-1180704000.0,51334000.0,1880564000.0,6586000.0,-2319995000.0,-2319995000.0,-2319995000.0,2808852000.0,0.0,-0.24,837728000.0,883922000.0,4580762000.0,-0.187,4.36,-10.535,-10.496,4663756000.0,0.0,21.045,2.531,2.522,3489406000.0,5560712000.0,9657407000.0,9657407000.0,451527000.0,-0.107,-0.297,-0.11,-0.176,0.0,386201000.0,1.0,1161321852.0,1157176000,1163866000.0,8.346,13628055000.0,582900000.0,251632000.0,625058000.0,11.777,734522000.0
75,SLB,MRT,2002-09-30,2002-09-30,2002-09-30,2021-09-07,-355865000.0,22408368000.0,22417764000.0,7480231000.0,14928137000.0,0.592,7.506,-1828744000.0,153831000.0,153831000.0,10274396000.0,726310000.0,1.354,1.575,7518676000.0,761586000.0,6757090000.0,7518676000.0,0.0,1656130000.0,0.0,0.02,0.375,1495152000.0,3151282000.0,0.237,3151282000.0,1495152000.0,1120629000.0,0.63,0.63,0.63,8701687000.0,8511050500.0,8701687000.0,30097592983.0,20.0,9.551,272946000.0,0.235,1.0,3004701000.0,0.226,8558037000.0,374523000.0,15689332000.0,15717210250.0,1213949000.0,2667144000.0,1404458000.0,1262686000.0,13706681000.0,5525844000.0,8180837000.0,22208191983.0,-71940000.0,324247000.0,173993000.0,-505708000.0,-432208000.0,-763923000.0,-1467228000.0,37269000.0,2101690000.0,-1118000.0,726310000.0,726310000.0,726310000.0,-51596000.0,0.0,0.055,1557752000.0,1446949000.0,4166845000.0,0.595,2.552,30.577,30.524,4721705000.0,0.0,19.23,1.672,1.679,3746090000.0,8530954000.0,13279097000.0,13279097000.0,595371000.0,0.032,0.085,0.095,0.113,0.0,962381000.0,1.0,1154872178.0,1159264000,1163712000.0,11.455,13850331000.0,510220000.0,394319000.0,487880000.0,11.948,1954387000.0
76,SLB,MRT,2002-06-30,2002-06-30,2002-06-30,2021-09-07,-347867000.0,22848362000.0,22581681000.0,7810687000.0,15037675000.0,0.605,7.377,-2058394000.0,153359000.0,153359000.0,10431870000.0,748121000.0,1.367,1.683,8042760000.0,872228000.0,7170532000.0,8042760000.0,0.0,1718617000.0,0.0,0.016,0.375,1621524000.0,3340141000.0,0.244,3340141000.0,1621524000.0,1242920000.0,0.65,0.65,0.65,8516266000.0,8402773250.0,8516266000.0,34022978384.0,21.0,10.186,-57719000.0,-0.05,1.0,3230560000.0,0.236,8507489000.0,378604000.0,16517281000.0,15477159000.0,1232877000.0,2906142000.0,1559045000.0,1347097000.0,14332096000.0,5712993000.0,8619103000.0,26835193384.0,-71006000.0,577271000.0,186445000.0,-269815000.0,-431510000.0,-514880000.0,-1607794000.0,-126671000.0,2000675000.0,3864000.0,748121000.0,748121000.0,748121000.0,-46997000.0,0.0,0.055,1633276000.0,1597284000.0,4244850000.0,0.577,3.151,35.87,35.769,4784215000.0,0.0,23.25,1.964,1.965,3900196000.0,8466987000.0,13662430000.0,13662430000.0,618412000.0,0.033,0.089,0.105,0.119,0.0,1014864000.0,1.0,1154201866.0,1154484000,1162890000.0,11.834,14340873000.0,501461000.0,494799000.0,487009000.0,12.422,2097694000.0
77,SLB,MRT,2002-03-31,2002-03-31,2002-03-31,2021-09-07,-318973000.0,22087959000.0,22541533250.0,7506217000.0,14581742000.0,0.629,7.329,-2407030000.0,127654000.0,127654000.0,11081728000.0,458801000.0,1.334,1.615,7315439000.0,836025000.0,6479414000.0,7315439000.0,0.0,1817783000.0,0.0,0.013,0.375,1370242000.0,3188025000.0,0.225,3188025000.0,1370242000.0,979294000.0,0.4,0.4,0.4,8447768000.0,8292308250.0,8447768000.0,40947319936.0,30.0,12.844,-750798000.0,-0.651,1.0,3102805000.0,0.219,8045054000.0,390948000.0,15601732000.0,15019684000.0,1255590000.0,2636024000.0,1293531000.0,1342493000.0,13640191000.0,5628958000.0,8011233000.0,33894133936.0,33790000.0,-3171792000.0,143707000.0,2614675000.0,-430927000.0,2327455000.0,-3995642000.0,1583180000.0,1656232000.0,-13238000.0,458801000.0,458801000.0,458801000.0,-40987000.0,0.0,0.032,1744598000.0,1358207000.0,4134746000.0,0.938,4.012,73.875,73.525,4843105000.0,0.0,29.41,2.39,2.39,3914222000.0,8379194000.0,14184533000.0,14184533000.0,639990000.0,0.02,0.055,0.091,0.097,0.0,1104608000.0,1.0,1152469702.0,1152612000,1162208000.0,12.306,14042905000.0,511260000.0,520493000.0,549479000.0,12.184,1877259000.0
78,SLB,MRT,2001-12-31,2001-12-31,2001-12-31,2021-09-07,-286838000.0,22326367000.0,21575285000.0,7704890000.0,14621477000.0,0.649,7.294,-2451654000.0,177704000.0,177704000.0,10816096000.0,522217000.0,1.239,1.665,7230890000.0,1015181000.0,6215709000.0,7230890000.0,0.0,1875559000.0,0.0,0.014,0.375,1471574000.0,3347133000.0,0.239,3347133000.0,1471574000.0,1086678000.0,0.455,0.455,0.455,8378481000.0,8280182500.0,8378481000.0,37957685517.0,26.0,11.34,-890249000.0,-0.775,1.0,3182088000.0,0.227,8101272000.0,384896000.0,15060496000.0,14381212500.0,1204263000.0,2664180000.0,1439997000.0,1224183000.0,13947886000.0,6217785000.0,7730101000.0,31635817517.0,29360000.0,-4328496000.0,121760000.0,3092966000.0,-430328000.0,2784398000.0,-4349239000.0,2430911000.0,1561405000.0,-12374000.0,522217000.0,522217000.0,522217000.0,-28363000.0,0.0,0.037,1710332000.0,1471756000.0,4506634000.0,0.824,3.776,60.58,60.385,4827879000.0,0.0,27.475,2.26,2.255,4028450000.0,8314766000.0,13998184000.0,13998184000.0,653928000.0,0.024,0.063,0.102,0.105,0.0,1056404000.0,1.0,1151440128.0,1148656000,1160428000.0,12.187,14225095000.0,447824000.0,564461000.0,587328000.0,12.384,1487105000.0
79,SLB,MRT,2001-09-30,2001-09-30,2001-09-30,2021-09-07,-296520000.0,23064036000.0,20286876000.0,8346892000.0,14717144000.0,0.682,7.19,-2271399000.0,1483742000.0,1483742000.0,10757364000.0,575168000.0,1.28,1.789,7805610000.0,1228095000.0,6577515000.0,7805610000.0,0.0,1712215000.0,0.0,0.016,0.375,1366749000.0,3078964000.0,0.223,3078964000.0,1366749000.0,1004305000.0,0.505,0.5,0.505,8268578000.0,8259366250.0,8268578000.0,32558800078.0,24.0,10.575,-816546000.0,-0.71,1.0,3072796000.0,0.222,8133512000.0,362444000.0,14729127000.0,14239632000.0,1393308000.0,1363160000.0,0.0,1363160000.0,14795458000.0,6523265000.0,8272193000.0,26226415078.0,105187000.0,-5550395000.0,126147000.0,3630018000.0,-429692000.0,3326473000.0,-4691571000.0,3058106000.0,1454853000.0,-23664000.0,575168000.0,575168000.0,575168000.0,-14142000.0,0.0,0.042,1701440000.0,1371356000.0,4610622000.0,0.743,3.172,45.598,45.248,4840216000.0,0.0,22.85,1.896,1.9,4493966000.0,8237779000.0,13830160000.0,13830160000.0,660218000.0,0.028,0.07,0.096,0.099,0.0,1041222000.0,1.0,1147764336.0,1150038000,1158944000.0,12.026,14930524000.0,504153000.0,429137000.0,574396000.0,12.983,1823627000.0
80,SLB,MRT,2001-06-30,2001-06-30,2001-06-30,2021-09-07,-313427000.0,22687771000.0,18451369250.0,7991952000.0,14695819000.0,0.68,7.04,-2052839000.0,1505515000.0,1505515000.0,9791899000.0,585118000.0,1.258,1.81,7837900000.0,1221328000.0,6616572000.0,7837900000.0,0.0,1542708000.0,0.0,0.014,0.375,1241491000.0,2784199000.0,0.222,2784199000.0,1241491000.0,908871000.0,0.515,0.505,0.515,8074406000.0,8225361750.0,8074406000.0,32374220961.0,26.0,11.628,-751682000.0,-0.655,1.0,2761981000.0,0.22,7980327000.0,332620000.0,14687381000.0,13283553500.0,1407986000.0,1350103000.0,0.0,1350103000.0,14613365000.0,6352448000.0,8260917000.0,30181425961.0,93485000.0,-5790679000.0,142294000.0,3940653000.0,-428937000.0,3654010000.0,-4877114000.0,2925357000.0,1301157000.0,-31364000.0,585118000.0,585118000.0,585118000.0,-14142000.0,0.0,0.047,1528999000.0,1232982000.0,4535773000.0,0.728,3.738,51.582,51.117,4950878000.0,0.0,26.325,2.404,2.405,4253233000.0,8151074000.0,12553880000.0,12553880000.0,617130000.0,0.032,0.071,0.093,0.099,0.0,911869000.0,1.0,1146492914.0,1146902000,1146902000.0,10.946,14707444000.0,488458000.0,323753000.0,487139000.0,12.824,1639504000.0
81,SLB,MRT,2001-03-31,2001-03-31,2001-03-31,2021-09-07,-178629000.0,18222966000.0,16685130000.0,7689593000.0,10533373000.0,0.668,7.328,-1675595000.0,2526782000.0,2526782000.0,8415522000.0,834326000.0,1.633,1.17,4719577000.0,944421000.0,3775156000.0,4719577000.0,0.0,1369743000.0,0.0,0.013,0.375,1407417000.0,2777160000.0,0.249,2777160000.0,1407417000.0,1118213000.0,0.73,0.72,0.73,8399265000.0,8181749750.0,8399265000.0,34142872582.0,24.0,12.294,-39744000.0,-0.035,1.0,2729339000.0,0.245,2660389000.0,289204000.0,13047846000.0,12330895000.0,1316584000.0,2652268000.0,0.0,2652268000.0,9823701000.0,4707526000.0,5116175000.0,33017754582.0,-19416000.0,-2199734000.0,160467000.0,923800000.0,-427732000.0,656535000.0,-2327234000.0,1516681000.0,1635851000.0,-19073000.0,834326000.0,834326000.0,834326000.0,-14142000.0,0.0,0.075,1334394000.0,1394945000.0,3196394000.0,0.514,3.931,39.574,39.459,4423171000.0,0.0,28.805,2.963,2.962,3172804000.0,8351903000.0,11144861000.0,11144861000.0,571661000.0,0.05,0.102,0.114,0.126,0.0,762733000.0,1.0,1146250810.0,1146120000,1162824000.0,9.724,15562577000.0,560491000.0,283887000.0,458586000.0,13.578,2982067000.0
82,SLB,MRT,2000-12-31,2000-12-31,2000-12-31,2021-09-07,-139204000.0,17172731000.0,15922508750.0,7493211000.0,9679520000.0,0.644,7.276,-1418085000.0,160718000.0,160718000.0,7779578000.0,734596000.0,1.878,1.07,4165268000.0,592221000.0,3573047000.0,4165268000.0,0.0,1263060000.0,0.0,0.009,0.375,1229032000.0,2492092000.0,0.243,2492092000.0,1229032000.0,952933000.0,0.645,0.635,0.645,8295216000.0,8041892500.0,8295216000.0,46073063328.0,37.0,18.488,252511000.0,0.221,1.0,2475149000.0,0.241,2692202000.0,276099000.0,14494174000.0,11586955750.0,1111585000.0,5081080000.0,2879432000.0,2201648000.0,8877515000.0,3990905000.0,4886610000.0,45769796328.0,47202000.0,-920603000.0,229370000.0,345338000.0,-426465000.0,148243000.0,-1787069000.0,551619000.0,1670596000.0,-19073000.0,734596000.0,734596000.0,734596000.0,-14142000.0,0.0,0.072,1262422000.0,1212727000.0,2910725000.0,0.581,5.518,62.306,61.969,4394514000.0,0.0,39.97,4.463,4.444,2768848000.0,8223476000.0,10254727000.0,10254727000.0,529107000.0,0.046,0.091,0.106,0.12,0.0,733315000.0,1.0,1145103736.0,1140056000,1160152000.0,8.995,14480529000.0,530243000.0,218337000.0,379916000.0,12.702,3502306000.0
83,SLB,MRT,2000-09-30,2000-09-30,2000-09-30,2021-09-07,-161550000.0,15722009000.0,15399624000.0,7875251000.0,7846758000.0,0.612,7.117,-1166486000.0,3750870000.0,3750870000.0,7283305000.0,507938000.0,2.275,0.933,4054137000.0,637348000.0,3416789000.0,4054137000.0,0.0,1236524000.0,0.0,0.009,0.376,943285000.0,2179809000.0,0.231,2179809000.0,943285000.0,682307000.0,0.45,0.435,0.45,8132560000.0,7898345500.0,8132560000.0,47290798962.0,50.0,21.695,632862000.0,0.554,1.0,2147351000.0,0.228,1659505000.0,260978000.0,10904813000.0,10327570250.0,1056769000.0,1946525000.0,0.0,1946525000.0,7589449000.0,3460958000.0,4128491000.0,46918170962.0,-58898000.0,-302446000.0,701336000.0,-147579000.0,-422207000.0,131550000.0,-1989796000.0,-410390000.0,1799348000.0,0.0,507938000.0,507938000.0,507938000.0,47212000.0,0.0,0.054,1138961000.0,1008390000.0,2377627000.0,0.836,5.769,92.37,91.456,3813751000.0,0.0,41.155,4.975,4.987,2530680000.0,8092938000.0,9430656000.0,9430656000.0,528761000.0,0.033,0.064,0.091,0.1,0.0,610200000.0,1.0,1140035742.0,1142702000,1163474000.0,8.253,14062504000.0,507418000.0,174369000.0,338011000.0,12.306,4414293000.0
84,SLB,MRT,2000-06-30,2000-06-30,2000-06-30,2021-09-07,-146957000.0,15622814000.0,15558971250.0,7861583000.0,7761231000.0,0.581,6.938,-1020560000.0,3695676000.0,3695676000.0,7009227000.0,442321000.0,2.285,0.978,4068304000.0,494759000.0,3573545000.0,4068304000.0,0.0,1221667000.0,0.0,0.01,0.376,832171000.0,2053838000.0,0.227,2053838000.0,832171000.0,598608000.0,0.395,0.385,0.395,7899958000.0,7936733500.0,7899958000.0,42052030081.0,51.0,20.475,614343000.0,0.54,1.0,2030838000.0,0.225,1678047000.0,233563000.0,10876747000.0,10502612500.0,1018757000.0,1919901000.0,0.0,1919901000.0,7722856000.0,3440648000.0,4282208000.0,42468891081.0,1034000.0,-667203000.0,703534000.0,303219000.0,-418023000.0,588730000.0,-2222599000.0,-343619000.0,1634903000.0,0.0,442321000.0,442321000.0,442321000.0,18910000.0,0.0,0.049,1163424000.0,867414000.0,2418102000.0,0.952,5.376,96.014,94.468,3753442000.0,0.0,37.315,4.698,4.7,2616429000.0,7995648000.0,9040065000.0,9040065000.0,525825000.0,0.028,0.056,0.079,0.092,0.0,637599000.0,1.0,1138118480.0,1138586000,1159414000.0,7.94,13944767000.0,530015000.0,156287000.0,420334000.0,12.247,4420935000.0
85,SLB,MRT,2000-03-31,2000-03-31,2000-03-31,2021-09-07,-132202000.0,15172481000.0,15588939500.0,8711894000.0,6460587000.0,0.557,6.915,-963168000.0,4299436000.0,4299436000.0,6762076000.0,413685000.0,2.616,0.935,3882575000.0,601498000.0,3281077000.0,3882575000.0,0.0,1210679000.0,0.0,0.01,0.376,750418000.0,1961097000.0,0.226,1961097000.0,750418000.0,539322000.0,0.375,0.36,0.375,7839836000.0,7997941500.0,7839836000.0,42847582686.0,57.0,21.849,651317000.0,0.574,1.0,1921766000.0,0.221,1352945000.0,211096000.0,10072089000.0,10445875250.0,1306558000.0,1283324000.0,0.0,1283324000.0,7332645000.0,3330586000.0,4002059000.0,43352453686.0,12841000.0,-488066000.0,686239000.0,98861000.0,-414210000.0,370890000.0,-1972534000.0,-273278000.0,1614485000.0,0.0,413685000.0,413685000.0,413685000.0,-17236000.0,0.0,0.048,1175126000.0,746640000.0,2216185000.0,1.003,5.53,104.796,102.0,3495448000.0,0.0,38.25,4.992,4.994,2542726000.0,7946514000.0,8683842000.0,8683842000.0,521439000.0,0.027,0.052,0.072,0.086,0.0,653687000.0,1.0,1133397482.0,1133772000,1153082000.0,7.659,13819536000.0,483454000.0,125637000.0,406107000.0,12.189,5381308000.0
86,SLB,MRT,1999-12-31,1999-12-31,1999-12-31,2021-09-07,-137158000.0,15081192000.0,15744149750.0,8261429000.0,6819763000.0,0.556,7.036,-950903000.0,4389837000.0,4389837000.0,6877635000.0,366694000.0,2.378,0.953,3884966000.0,701792000.0,3183174000.0,3884966000.0,0.0,1150344000.0,0.0,0.013,0.376,700420000.0,1850764000.0,0.211,1850764000.0,700420000.0,507466000.0,0.335,0.325,0.335,7721028000.0,8066316750.0,7721028000.0,31146105422.0,44.0,16.829,753403000.0,0.687,1.0,1874070000.0,0.214,1645201000.0,192954000.0,9456632000.0,10591331000.0,956980000.0,1261930000.0,0.0,1261930000.0,7360164000.0,3474488000.0,3885676000.0,30862763422.0,27268000.0,-460338000.0,623474000.0,-95321000.0,-410494000.0,117659000.0,-1794697000.0,-91503000.0,1704306000.0,0.0,366694000.0,366694000.0,366694000.0,-37360000.0,0.0,0.042,1199806000.0,674264000.0,2282884000.0,1.122,3.997,84.165,83.776,3560740000.0,0.0,28.065,3.526,3.519,2429842000.0,7916612000.0,8751705000.0,8751705000.0,522240000.0,0.023,0.045,0.066,0.08,0.0,677566000.0,1.0,1099688702.0,1097360000,1127578000.0,7.975,13435991000.0,468854000.0,140772000.0,383159000.0,12.244,4786941000.0
87,SLB,MRT,1999-09-30,1999-09-30,1999-09-30,2021-09-07,-103516000.0,16359398000.0,15993334000.0,8637996000.0,7721402000.0,0.515,7.551,-1005084000.0,4021531000.0,4021531000.0,6424682000.0,633281000.0,2.325,0.974,4304873000.0,741727000.0,3563146000.0,4304873000.0,0.0,1165232000.0,0.0,0.012,0.376,945236000.0,2110468000.0,0.256,2110468000.0,945236000.0,767971000.0,0.57,0.565,0.57,8286112000.0,8165828500.0,8286112000.0,33927265450.0,36.0,16.076,949755000.0,0.866,1.0,1805675000.0,0.219,1321744000.0,177265000.0,11604982000.0,10972431250.0,1342401000.0,1210868000.0,0.0,1210868000.0,8073286000.0,3716014000.0,4357272000.0,34120644450.0,70888000.0,-327680000.0,149672000.0,128360000.0,-409772000.0,-131740000.0,-1752211000.0,213646000.0,1954839000.0,0.0,633281000.0,633281000.0,633281000.0,-480809000.0,0.0,0.077,1332801000.0,472874000.0,2459195000.0,0.66,4.118,53.879,54.658,4869269000.0,0.0,31.155,4.146,4.154,2694001000.0,8929792000.0,8230357000.0,8230357000.0,515537000.0,0.04,0.078,0.086,0.115,0.0,817264000.0,1.0,1095190000.0,1097342000,1131102000.0,7.5,15037654000.0,503719000.0,134690000.0,411502000.0,13.704,4921982000.0
88,SLB,MRT,1999-06-30,1999-06-30,1999-06-30,2021-09-07,-106114000.0,15742687000.0,15943712750.0,8566903000.0,7175784000.0,0.569,7.443,-1278617000.0,4022846000.0,4022846000.0,7388826000.0,464825000.0,2.36,0.933,3829467000.0,622427000.0,3207040000.0,3829467000.0,0.0,1173308000.0,0.0,0.012,0.376,756796000.0,1930104000.0,0.213,1930104000.0,756796000.0,582946000.0,0.42,0.415,0.42,8144790000.0,8082233500.0,8144790000.0,34777219230.0,46.0,18.018,997667000.0,0.912,1.0,1676176000.0,0.185,1269463000.0,173850000.0,10649798000.0,10856301750.0,1330656000.0,652573000.0,0.0,652573000.0,7597897000.0,3630047000.0,3967850000.0,34839944230.0,-48738000.0,26577000.0,145088000.0,1707275000.0,-402632000.0,1449731000.0,-3774753000.0,-1955110000.0,2276284000.0,0.0,464825000.0,464825000.0,464825000.0,-452507000.0,0.0,0.051,1363440000.0,312736000.0,2494610000.0,0.895,4.278,74.953,75.821,4822351000.0,0.0,31.845,3.843,3.844,2658038000.0,8893861000.0,9065002000.0,9065002000.0,521587000.0,0.029,0.058,0.07,0.083,0.0,841853000.0,1.0,1094047550.0,1094224000,1127058000.0,8.284,14473224000.0,483188000.0,118121000.0,409845000.0,13.227,4936856000.0
89,SLB,MRT,1999-03-31,1999-03-31,1999-03-31,2021-09-07,-95127000.0,15793322000.0,15189413750.0,8478302000.0,7315020000.0,0.666,7.425,-1472257000.0,3902836000.0,3902836000.0,8019614000.0,725039000.0,2.223,0.947,3840111000.0,723112000.0,3116999000.0,3840111000.0,0.0,1156337000.0,0.0,0.012,0.376,1093543000.0,2249880000.0,0.222,2249880000.0,1093543000.0,936882000.0,0.66,0.65,0.66,8113337000.0,7857548000.0,8113337000.0,33010134792.0,30.0,14.672,906208000.0,0.829,1.0,2100961000.0,0.208,1262707000.0,156661000.0,10653912000.0,10210745250.0,1343204000.0,862313000.0,0.0,862313000.0,7679985000.0,3813978000.0,3866007000.0,32885684792.0,-24271000.0,78190000.0,144783000.0,1826623000.0,-395551000.0,1575855000.0,-3978591000.0,-2085906000.0,2378465000.0,0.0,725039000.0,725039000.0,725039000.0,-416361000.0,0.0,0.072,1415332000.0,685629000.0,2536322000.0,0.57,4.053,45.357,45.598,4769009000.0,0.0,30.095,3.249,3.249,2739300000.0,8869179000.0,10120575000.0,10120575000.0,545025000.0,0.048,0.092,0.107,0.108,0.0,870307000.0,1.0,1092729184.0,1092754000,1119828000.0,9.262,14530615000.0,478285000.0,211843000.0,451535000.0,13.297,4664324000.0
90,SLB,MRT,1998-12-31,1998-12-31,1998-12-31,2021-09-07,-81480000.0,16077929000.0,14306586000.0,8805224000.0,7272705000.0,0.762,7.458,-1539112000.0,3956694000.0,3956694000.0,8405936000.0,1014199000.0,2.247,0.98,4081144000.0,795700000.0,3285444000.0,4081144000.0,0.0,1177347000.0,0.0,0.016,0.376,1427641000.0,2604988000.0,0.239,2604988000.0,1427641000.0,1290430000.0,0.93,0.905,0.93,8119075000.0,7568573750.0,8119075000.0,25669312941.0,18.0,9.854,877220000.0,0.806,1.0,2492100000.0,0.229,1302678000.0,137211000.0,10981033000.0,9489242750.0,1333131000.0,940016000.0,0.0,940016000.0,7958854000.0,3918668000.0,4040186000.0,25318747941.0,-42074000.0,61662000.0,139241000.0,1980434000.0,-388379000.0,1731296000.0,-4189702000.0,-2292163000.0,2416332000.0,0.0,1014199000.0,1014199000.0,1014199000.0,-396237000.0,0.0,0.093,1452249000.0,1039851000.0,2539954000.0,0.404,3.118,24.964,24.935,4694465000.0,0.0,23.19,2.323,2.317,2968070000.0,8882455000.0,10898036000.0,10898036000.0,556882000.0,0.071,0.134,0.15,0.131,0.0,895367000.0,1.0,1091795944.0,1088676000,1123710000.0,10.01,14775251000.0,498604000.0,276231000.0,480123000.0,13.572,4886556000.0
91,SLB,MRT,1998-09-30,1998-09-30,1998-09-30,2021-09-07,-65437000.0,16160913000.0,13583574000.0,8989642000.0,7171271000.0,0.843,7.294,-1751558000.0,3867241000.0,3867241000.0,8701246000.0,1135279000.0,2.245,1.032,4217806000.0,784518000.0,3433288000.0,4217806000.0,0.0,1007911000.0,0.0,0.015,0.376,1581083000.0,2588994000.0,0.226,2588994000.0,1581083000.0,1479388000.0,1.05,1.01,1.05,7951732000.0,7384097250.0,7951732000.0,25559213584.0,16.0,9.872,307525000.0,0.282,1.0,2750419000.0,0.24,1366522000.0,101695000.0,11140464000.0,8777518000.0,1435551000.0,791012000.0,0.0,791012000.0,8209181000.0,4004492000.0,4204689000.0,25397771584.0,-10255000.0,-46476000.0,152961000.0,2324926000.0,-381176000.0,2096711000.0,-4166049000.0,-2331941000.0,2059083000.0,0.0,1135279000.0,1135279000.0,1135279000.0,-297321000.0,0.0,0.099,1466657000.0,1283762000.0,2608139000.0,0.358,3.194,22.371,24.229,4514129000.0,0.0,25.44,2.218,2.422,3158799000.0,8707005000.0,11451665000.0,11451665000.0,559683000.0,0.084,0.154,0.18,0.138,0.0,906974000.0,1.0,998340078.0,1090220000,1121546000.0,10.504,14794391000.0,473849000.0,344109000.0,509024000.0,13.57,4985150000.0
92,SLB,MRT,1998-06-30,1998-06-30,1998-06-30,2021-09-07,-49162000.0,12725491000.0,12419207500.0,6520080000.0,6205411000.0,0.924,6.665,-1535766000.0,1781252000.0,1781252000.0,8258331000.0,1548346000.0,1.775,0.756,1942694000.0,804916000.0,1137778000.0,1942694000.0,0.0,1010985000.0,0.0,0.011,0.376,2082440000.0,3093425000.0,0.27,3093425000.0,2082440000.0,1996588000.0,1.43,1.375,1.43,7246048000.0,6987877000.0,7246048000.0,34222420764.0,16.0,11.063,516997000.0,0.476,1.0,3218708000.0,0.28,1146923000.0,85852000.0,8067572000.0,7749922250.0,1224328000.0,679978000.0,0.0,679978000.0,5479443000.0,3672438000.0,1807005000.0,34073095764.0,48713000.0,-47729000.0,169271000.0,472217000.0,-383254000.0,258234000.0,-2262284000.0,-684786000.0,2052763000.0,0.0,1548346000.0,1548346000.0,1548346000.0,-297321000.0,0.0,0.135,1433589000.0,1785119000.0,2337198000.0,0.263,4.702,22.006,23.885,4007987000.0,0.0,34.155,2.969,3.235,3110759000.0,8584835000.0,11477039000.0,11477039000.0,551384000.0,0.125,0.222,0.269,0.181,0.0,882205000.0,1.0,997601984.0,1087120000,1129568000.0,10.557,11578568000.0,398603000.0,448242000.0,436281000.0,10.651,2847642000.0
93,SLB,MRT,1998-03-31,1998-03-31,1998-03-31,2021-09-07,-54954000.0,12262011000.0,11938021000.0,6235655000.0,6026356000.0,0.92,6.41,-1365184000.0,1704732000.0,1704732000.0,7974011000.0,1467351000.0,1.788,0.762,1854057000.0,750578000.0,1103479000.0,1854057000.0,0.0,965299000.0,0.0,0.01,0.376,1958841000.0,2924140000.0,0.266,2924140000.0,1958841000.0,1879357000.0,1.385,1.33,1.385,6957440000.0,6680669000.0,6957440000.0,37907813260.0,19.0,12.964,624454000.0,0.575,1.0,3004288000.0,0.274,1156833000.0,79484000.0,7767902000.0,7306822250.0,1171884000.0,709978000.0,0.0,709978000.0,5304571000.0,3486601000.0,1817970000.0,37745294260.0,25836000.0,-44761000.0,147776000.0,543772000.0,-380419000.0,311129000.0,-2274931000.0,-871405000.0,1989638000.0,0.0,1467351000.0,1467351000.0,1467351000.0,-297321000.0,0.0,0.134,1342768000.0,1661520000.0,2223989000.0,0.271,5.425,25.723,27.347,3809022000.0,0.0,37.875,3.438,3.745,2952583000.0,8319034000.0,10978299000.0,10978299000.0,520489000.0,0.123,0.22,0.268,0.178,0.0,822279000.0,1.0,996575426.0,1085456000,1127708000.0,10.114,11105178000.0,377375000.0,412006000.0,418119000.0,10.231,2749054000.0
94,SLB,MRT,1997-12-31,1997-12-31,1997-12-31,2021-09-07,-63332000.0,13185881000.0,11457134750.0,6577721000.0,6608160000.0,0.939,6.843,-1306933000.0,1818332000.0,1818332000.0,7847796000.0,1384549000.0,1.692,0.786,2034016000.0,854660000.0,1179356000.0,2034016000.0,0.0,924223000.0,0.0,0.009,0.376,1848627000.0,2772850000.0,0.258,2772850000.0,1848627000.0,1772950000.0,1.285,1.235,1.285,7381169000.0,6390541000.0,7381169000.0,40296188914.0,22.0,14.532,553594000.0,0.513,1.0,2907393000.0,0.27,1379412000.0,75677000.0,8134134000.0,6873968000.0,1300541000.0,742751000.0,0.0,742751000.0,5804712000.0,3888019000.0,1916693000.0,40067070914.0,-9725000.0,-28233000.0,147954000.0,556448000.0,-377636000.0,326766000.0,-2197018000.0,-867894000.0,1860527000.0,0.0,1384549000.0,1384549000.0,1384549000.0,-297321000.0,0.0,0.129,1356087000.0,1551306000.0,2514220000.0,0.293,5.428,28.939,31.323,4121951000.0,0.0,40.25,3.725,4.037,2997010000.0,8265642000.0,10755189000.0,10755189000.0,509562000.0,0.121,0.217,0.269,0.172,0.0,846525000.0,1.0,995455178.0,1078660000,1119306000.0,9.971,11806469000.0,394099000.0,388401000.0,425318000.0,10.945,2689702000.0
95,SLB,MRT,1997-09-30,1997-09-30,1997-09-30,2021-09-07,-42229000.0,11503447000.0,10741927250.0,5665252000.0,5838195000.0,1.055,5.896,-1229092000.0,1506751000.0,1506751000.0,8199224000.0,1273108000.0,1.594,0.807,1735869000.0,879242000.0,856627000.0,1735869000.0,0.0,1041281000.0,0.0,0.009,0.375,1743375000.0,2784656000.0,0.246,2784656000.0,1743375000.0,1654560000.0,1.18,1.132,1.18,6366851000.0,5951843750.0,6366851000.0,41847153685.0,24.0,15.028,728512000.0,0.675,1.0,3132244000.0,0.276,1147947000.0,88815000.0,7030081000.0,6269786000.0,1101414000.0,774499000.0,0.0,774499000.0,5136596000.0,3554537000.0,1582059000.0,41707435685.0,26161000.0,-139125000.0,153570000.0,484500000.0,-382654000.0,255416000.0,-2186859000.0,-822895000.0,1957604000.0,0.0,1273108000.0,1273108000.0,1273108000.0,0.0,0.0,0.112,1388869000.0,1743375000.0,2160435000.0,0.318,6.551,32.76,35.699,3548502000.0,0.0,42.125,3.681,4.014,2680662000.0,7782432000.0,11331468000.0,11331468000.0,508061000.0,0.119,0.214,0.278,0.154,0.0,880808000.0,1.0,990087494.0,1079868000,1125318000.0,10.493,10355500000.0,375640000.0,381452000.0,421240000.0,9.59,2110715000.0
96,SLB,MRT,1997-06-30,1997-06-30,1997-06-30,2021-09-07,-36048000.0,10800745000.0,10309250250.0,5492470000.0,5308275000.0,1.029,6.092,-1203277000.0,1442165000.0,1442165000.0,7812522000.0,1118351000.0,1.583,0.795,1581883000.0,855815000.0,726068000.0,1581883000.0,0.0,973747000.0,0.0,0.012,0.375,1136835000.0,2110582000.0,0.199,2110582000.0,1136835000.0,1055300000.0,1.06,1.025,1.06,6017216000.0,5715769750.0,6017216000.0,31059879000.0,27.0,14.716,535526000.0,0.542,1.0,2792508000.0,0.263,1175128000.0,81535000.0,6295172000.0,5889838500.0,1053522000.0,370222000.0,0.0,370222000.0,4783529000.0,3470163000.0,1313366000.0,30856445000.0,51389000.0,-155585000.0,115768000.0,323725000.0,-376938000.0,62555000.0,-1749969000.0,-396553000.0,1738803000.0,0.0,1118351000.0,1118351000.0,1118351000.0,0.0,0.0,0.105,1655673000.0,1136835000.0,2131038000.0,0.354,5.128,27.591,29.481,3441097000.0,0.0,31.25,2.91,2.911,2568068000.0,7519045000.0,10605030000.0,10605030000.0,490186000.0,0.108,0.196,0.193,0.107,0.0,832396000.0,1.0,987406240.0,987726000,1021922000.0,10.737,9625617000.0,394704000.0,-63051000.0,390281000.0,9.745,2022307000.0
97,SLB,MRT,1997-03-31,1997-03-31,1997-03-31,2021-09-07,-26910000.0,10338466000.0,9910848000.0,5043502000.0,5294964000.0,1.024,5.874,-1152505000.0,1201625000.0,1201625000.0,7515195000.0,1008563000.0,1.52,0.783,1405059000.0,771246000.0,633813000.0,1405059000.0,0.0,955511000.0,0.0,0.014,0.375,989055000.0,1944566000.0,0.192,1944566000.0,989055000.0,908717000.0,0.95,0.925,0.95,5796928000.0,5519446750.0,5796928000.0,26545539521.0,27.0,13.651,449834000.0,0.456,1.0,2634275000.0,0.26,1187734000.0,80338000.0,6036485000.0,5610138000.0,983609000.0,379791000.0,0.0,379791000.0,4541538000.0,3317681000.0,1223857000.0,26453439521.0,18359000.0,-161635000.0,134341000.0,227163000.0,-375779000.0,-14275000.0,-1569705000.0,-258257000.0,1602339000.0,0.0,1008563000.0,1008563000.0,1008563000.0,0.0,0.0,0.099,1645220000.0,989055000.0,2057943000.0,0.395,4.563,26.229,28.237,3360841000.0,0.0,26.825,2.606,2.608,2384117000.0,7305160000.0,10149470000.0,10149470000.0,486029000.0,0.102,0.183,0.176,0.097,0.0,826100000.0,1.0,986148724.0,986852000,1018438000.0,10.285,9150732000.0,420207000.0,-99846000.0,395560000.0,9.273,1725821000.0
98,SLB,MRT,1996-12-31,1996-12-31,1996-12-31,2021-09-07,-14221000.0,10325051000.0,9565761750.0,5042617000.0,5282434000.0,1.022,5.265,-1106287000.0,1358948000.0,1358948000.0,7282010000.0,919487000.0,1.451,0.835,1451048000.0,813845000.0,637203000.0,1451048000.0,0.0,940582000.0,0.0,0.015,0.375,858392000.0,1798974000.0,0.184,1798974000.0,858392000.0,778530000.0,0.86,0.845,0.86,5626380000.0,5342166000.0,5626380000.0,24677531325.0,29.0,13.718,434282000.0,0.406,1.0,2492493000.0,0.255,1225335000.0,79862000.0,5717406000.0,5368427250.0,938974000.0,323717000.0,0.0,323717000.0,4698671000.0,3474410000.0,1224261000.0,24599258325.0,63267000.0,-161635000.0,169054000.0,215506000.0,-374489000.0,10071000.0,-1487373000.0,-218914000.0,1540569000.0,0.0,919487000.0,919487000.0,919487000.0,0.0,0.0,0.094,1634101000.0,858392000.0,2200161000.0,0.436,4.372,26.753,29.035,3358581000.0,0.0,24.97,2.517,2.73,2260091000.0,7137744000.0,9774503000.0,9774503000.0,478875000.0,0.096,0.172,0.16,0.088,0.0,822135000.0,1.0,985152516.0,1068596000,1091218000.0,9.147,9099716000.0,426439000.0,-140957000.0,367562000.0,8.516,1568207000.0
99,SLB,MRT,1996-09-30,1996-09-30,1996-09-30,2021-09-07,-17100000.0,9772739000.0,9212024000.0,4748023000.0,5024716000.0,0.931,5.517,-1010967000.0,1220614000.0,1220614000.0,6528258000.0,763116000.0,1.5,0.802,1298887000.0,685274000.0,613613000.0,1298887000.0,0.0,870009000.0,0.0,0.018,0.375,620176000.0,1490185000.0,0.174,1490185000.0,620176000.0,547313000.0,0.775,0.767,0.775,5422555000.0,5176575250.0,5422555000.0,20803018042.0,34.0,13.96,213829000.0,0.218,1.0,2050459000.0,0.239,1176300000.0,72863000.0,5510291000.0,5165908000.0,934550000.0,244861000.0,0.0,244861000.0,4350184000.0,3164421000.0,1185763000.0,20699630042.0,44897000.0,-147901000.0,154546000.0,196334000.0,-365357000.0,-14477000.0,-1165422000.0,-21416000.0,1224796000.0,0.0,763116000.0,763116000.0,763116000.0,0.0,0.0,0.089,1430283000.0,620176000.0,2048448000.0,0.484,3.817,27.125,27.258,3201302000.0,0.0,21.125,2.413,2.42,2180433000.0,6975122000.0,8578717000.0,8578717000.0,449471000.0,0.083,0.147,0.12,0.072,0.0,647721000.0,1.0,979864144.0,982922000,982924000.0,8.728,8596439000.0,423189000.0,-215803000.0,338126000.0,8.746,1583602000.0
100,SLB,MRT,1996-06-30,1996-06-30,1996-06-30,2021-09-07,-20952000.0,9207136000.0,,4379460000.0,4827676000.0,,5.346,-955316000.0,1157535000.0,1157535000.0,6221550000.0,703079000.0,1.542,0.76,1260923000.0,683872000.0,577051000.0,1260923000.0,0.0,854235000.0,0.0,0.018,0.375,920886000.0,1775121000.0,0.215,1775121000.0,920886000.0,845801000.0,0.715,0.71,0.715,5231924000.0,,5231924000.0,20587547250.0,22.0,11.598,103044000.0,0.105,1.0,2018298000.0,0.245,1294555000.0,75085000.0,5176370000.0,,914117000.0,207885000.0,0.0,207885000.0,3975212000.0,2839599000.0,1135613000.0,20427565250.0,28145000.0,-151106000.0,153847000.0,89129000.0,-364271000.0,-121295000.0,-908920000.0,166861000.0,1058360000.0,0.0,703079000.0,703079000.0,703079000.0,0.0,0.0,0.085,1087412000.0,930886000.0,1790105000.0,0.524,3.904,29.054,29.196,3158286000.0,0.0,20.875,2.479,2.479,2100669000.0,6838462000.0,8239848000.0,8239848000.0,445155000.0,,,,0.112,0.0,642257000.0,1.0,978566000.0,978682000,978682000.0,8.419,7912581000.0,0.0,142722000.0,273384000.0,8.085,1539861000.0
101,SLB,MRT,1996-03-31,1996-03-31,1996-03-31,2021-09-07,-18975000.0,8958121000.0,,4094591000.0,4863530000.0,,5.227,-928865000.0,1025814000.0,1025814000.0,6007298000.0,673215000.0,1.494,0.761,1185796000.0,617321000.0,568475000.0,1185796000.0,0.0,838279000.0,0.0,0.019,0.375,883438000.0,1721717000.0,0.216,1721717000.0,883438000.0,805001000.0,0.688,0.682,0.688,5087805000.0,,5087805000.0,,,,240374000.0,0.247,1.0,1964955000.0,0.246,1308611000.0,78437000.0,5069642000.0,,870121000.0,279972000.0,0.0,279972000.0,3870316000.0,2739850000.0,1130466000.0,19387838875.0,38923000.0,-147292000.0,101349000.0,-23417000.0,-345433000.0,-267501000.0,-862815000.0,178182000.0,1169239000.0,0.0,673215000.0,673215000.0,673215000.0,0.0,0.0,0.084,1071517000.0,893438000.0,1743695000.0,0.545,3.811,28.799,28.797,3109227000.0,0.0,19.812,2.432,2.419,1988905000.0,6733571000.0,7972253000.0,7972253000.0,435362000.0,,,,0.111,0.0,636155000.0,1.0,978566000.0,973430000,973432000.0,8.19,7649510000.0,0.0,131786000.0,287058000.0,7.858,1354741000.0
102,SLB,MRT,1995-12-31,1995-12-31,1995-12-31,2021-09-07,-12806000.0,8910100000.0,,4023703000.0,4886397000.0,,5.12,-911911000.0,1120533000.0,1120533000.0,5804157000.0,649157000.0,1.456,0.795,1212524000.0,599120000.0,613404000.0,1212524000.0,0.0,820196000.0,0.0,0.021,0.356,851994000.0,1672190000.0,0.217,1672190000.0,851994000.0,770374000.0,0.665,0.66,0.665,4964017000.0,,4964017000.0,,,,282433000.0,0.291,1.0,1909073000.0,0.248,1330490000.0,81620000.0,4907329000.0,,782168000.0,279950000.0,0.0,279950000.0,3946083000.0,2764272000.0,1181811000.0,,14844000.0,-200805000.0,33125000.0,55619000.0,-327189000.0,-238445000.0,-941055000.0,129165000.0,1194344000.0,0.0,649157000.0,649157000.0,649157000.0,0.0,0.0,0.084,1057079000.0,851994000.0,1773605000.0,0.535,,,26.034,3118458000.0,0.0,17.312,,2.176,1939873000.0,6654072000.0,7713230000.0,7713230000.0,427848000.0,,,,0.11,0.0,629231000.0,1.0,,969496000,975728000.0,7.956,7579610000.0,0.0,121217000.0,299841000.0,7.818,1259431000.0
103,SLB,MRT,1995-09-30,1995-09-30,1995-09-30,2021-09-07,,,,,,,,,,,,,,,,,,,,,,0.021,0.338,,,,,,,,,,,,,,,,,,1.0,,,,,,,,,,,,,,,,,,,,,,,,,,,,,,,,,,,,,,,,16.345,,,,,,,,,,,,,,1.0,,970600000,,,,,,,,
104,SLB,MRT,1995-06-30,1995-06-30,1995-06-30,2021-09-07,,,,,,,,,,,,,,,,,,,,,,0.021,0.319,,,,,,,,,,,,,,,,,,1.0,,,,,,,,,,,,,,,,,,,,,,,,,,,,,,,,,,,,,,,,15.533,,,,,,,,,,,,,,1.0,,967548000,,,,,,,,
105,SLB,MRT,1995-03-31,1995-03-31,1995-03-31,2021-09-07,,,,,,,,,,,,,,,,,,,,,,0.02,0.3,,,,,,,,,,,,,,,,,,1.0,,,,,,,,,,,,,,,,,,,,,,,,,,,,,,,,,,,,,,,,14.908,,,,,,,,,,,,,,1.0,,968208000,,,,,,,,
106,SLB,MRT,1994-12-31,1994-12-31,1994-12-31,2021-09-07,,,,,,,,-677597000.0,,,5107889000.0,536077000.0,,,,,,,,776167000.0,,0.024,0.3,680800000.0,1456967000.0,0.215,1456967000.0,680800000.0,617472000.0,0.552,,0.552,,,,,,,265466000.0,0.273,1.0,1672854000.0,0.247,,63328000.0,,,,,,,,,,,-6067000.0,-171631000.0,-86761000.0,229085000.0,-292368000.0,-150044000.0,-799086000.0,50230000.0,943063000.0,0.0,536077000.0,536077000.0,536077000.0,0.0,0.0,0.079,992054000.0,680800000.0,,0.543,,,22.817,,0.0,12.595,,1.809,,,6780743000.0,6780743000.0,418871000.0,,,,0.1,0.0,573183000.0,1.0,,973692000,,6.964,,,81395000.0,,,
