None,ticker,dimension,calendardate,datekey,reportperiod,lastupdated,accoci,assets,assetsavg,assetsc,assetsnc,assetturnover,bvps,capex,cashneq,cashnequsd,cor,consolinc,currentratio,de,debt,debtc,debtnc,debtusd,deferredrev,depamor,deposits,divyield,dps,ebit,ebitda,ebitdamargin,ebitdausd,ebitusd,ebt,eps,epsdil,epsusd,equity,equityavg,equityusd,ev,evebit,evebitda,fcf,fcfps,fxusd,gp,grossmargin,intangibles,intexp,invcap,invcapavg,inventory,investments,investmentsc,investmentsnc,liabilities,liabilitiesc,liabilitiesnc,marketcap,ncf,ncfbus,ncfcommon,ncfdebt,ncfdiv,ncff,ncfi,ncfinv,ncfo,ncfx,netinc,netinccmn,netinccmnusd,netincdis,netincnci,netmargin,opex,opinc,payables,payoutratio,pb,pe,pe1,ppnenet,prefdivis,price,ps,ps1,receivables,retearn,revenue,revenueusd,rnd,roa,roe,roic,ros,sbcomp,sgna,sharefactor,sharesbas,shareswa,shareswadil,sps,tangibles,taxassets,taxexp,taxliabilities,tbvps,workingcapital
0,GPC,MRY,2020-12-31,2020-12-31,2020-12-31,2021-10-21,-1036502000.0,13440215000.0,13657748250.0,7113763000.0,6326452000.0,1.211,22.183,-135438000.0,990166000.0,990166000.0,10882592000.0,-29102000.0,1.207,3.19,3466439000.0,160531000.0,3305908000.0,3466439000.0,0.0,272842000.0,0.0,0.031,3.16,280584000.0,553426000.0,0.033,553426000.0,280584000.0,186871000.0,-0.2,-0.2,-0.2,3204796000.0,3117713250.0,3204796000.0,17277305851.0,62.0,31.219,1884123000.0,13.041,1.0,5654841000.0,0.342,3415734000.0,93713000.0,6606670000.0,7245371750.0,3506271000.0,0.0,0.0,0.0,10222212000.0,5894084000.0,4328128000.0,14491009851.0,713174000.0,318206000.0,-96215000.0,-895003000.0,-453277000.0,-1513765000.0,171637000.0,0.0,2019561000.0,35741000.0,-29102000.0,-29102000.0,-29102000.0,192497000.0,0.0,-0.002,5239898000.0,414943000.0,4128084000.0,-15.8,4.522,-497.939,-502.15,2200920000.0,0.0,100.43,0.876,0.877,1556966000.0,3979779000.0,16537433000.0,16537433000.0,0.0,-0.002,-0.009,0.039,0.017,21944000.0,4386739000.0,1.0,144289653.0,144474000.0,145115000.0,114.466,10024481000.0,65658000.0,215973000.0,212910000.0,69.386,1219679000.0
1,GPC,MRY,2019-12-31,2019-12-31,2019-12-31,2021-10-21,-1141308000.0,14645629000.0,14467205250.0,7938616000.0,6707013000.0,1.211,25.215,-253486000.0,276992000.0,276992000.0,11662551000.0,621085000.0,1.242,2.98,4182618000.0,624043000.0,3558575000.0,4182618000.0,0.0,257263000.0,0.0,0.029,3.05,929476000.0,1186739000.0,0.068,1186739000.0,929476000.0,833893000.0,4.26,4.24,4.26,3674707000.0,3633289250.0,3674707000.0,19198388606.0,21.0,16.177,638524000.0,4.381,1.0,5859683000.0,0.334,3785616000.0,95583000.0,8371519000.0,8119325500.0,3443876000.0,0.0,0.0,0.0,10950129000.0,6394120000.0,4556009000.0,15434487606.0,-56555000.0,-290109000.0,-74187000.0,139399000.0,-438890000.0,-385962000.0,-563206000.0,0.0,892010000.0,603000.0,621085000.0,621085000.0,621085000.0,25390000.0,0.0,0.035,4948772000.0,910911000.0,3948000000.0,0.716,4.2,24.851,24.937,2169355000.0,0.0,106.23,0.881,0.884,2440252000.0,4571860000.0,17522234000.0,17522234000.0,0.0,0.043,0.171,0.114,0.053,23783000.0,4577610000.0,1.0,145293115.0,145736000.0,146417000.0,120.233,10860013000.0,45921000.0,212808000.0,233044000.0,74.518,1544496000.0
2,GPC,MRY,2018-12-31,2018-12-31,2018-12-31,2021-10-21,-1115078000.0,12683040000.0,12666518750.0,7575690000.0,5107350000.0,1.329,23.527,-212115000.0,333547000.0,333547000.0,11311850000.0,810474000.0,1.284,2.67,3143280000.0,711147000.0,2432133000.0,3143280000.0,0.0,227584000.0,0.0,0.03,2.88,1157374000.0,1384958000.0,0.082,1384958000.0,1157374000.0,1055578000.0,5.53,5.5,5.53,3450451000.0,3520889000.0,3450451000.0,16646665393.0,14.0,12.02,933049000.0,6.362,1.0,5519755000.0,0.328,3540418000.0,101796000.0,6051622000.0,6172413250.0,3609389000.0,0.0,0.0,0.0,9211049000.0,5900733000.0,3310316000.0,14091825393.0,18648000.0,-257823000.0,-91983000.0,-59974000.0,-415983000.0,-608830000.0,-496124000.0,0.0,1145164000.0,-21562000.0,810474000.0,810474000.0,810474000.0,-60940000.0,0.0,0.048,4484716000.0,1035039000.0,3995789000.0,0.521,4.084,17.387,17.363,1027231000.0,0.0,96.02,0.837,0.837,2493636000.0,4341212000.0,16831605000.0,16831605000.0,0.0,0.064,0.23,0.188,0.069,13505000.0,4241203000.0,1.0,146759273.0,146657000.0,147241000.0,114.769,9142622000.0,29509000.0,245104000.0,196843000.0,62.34,1674957000.0
3,GPC,MRY,2017-12-31,2017-12-31,2017-12-31,2021-10-21,-852592000.0,12412381000.0,10121396250.0,7312893000.0,5099488000.0,1.611,23.19,-135485000.0,314899000.0,314899000.0,11402403000.0,616757000.0,1.336,2.622,3245009000.0,694989000.0,2550020000.0,3245009000.0,0.0,167691000.0,0.0,0.028,2.7,1050754000.0,1218445000.0,0.075,1218445000.0,1050754000.0,1009268000.0,4.19,4.18,4.19,3412152000.0,3324371000.0,3412152000.0,14864666255.0,14.0,12.2,679558000.0,4.618,1.0,4906398000.0,0.301,3554380000.0,41486000.0,6314086000.0,4478174000.0,3771089000.0,0.0,0.0,0.0,8948225000.0,5474025000.0,3474200000.0,13929748255.0,72020000.0,-1494795000.0,-173524000.0,1446297000.0,-395475000.0,872059000.0,-1630280000.0,0.0,815043000.0,15198000.0,616757000.0,616757000.0,616757000.0,0.0,0.0,0.038,3907856000.0,998542000.0,3634859000.0,0.644,4.082,22.585,22.675,936702000.0,0.0,95.01,0.854,0.857,2421563000.0,4049965000.0,16308801000.0,16308801000.0,0.0,0.061,0.186,0.235,0.064,13758000.0,3726233000.0,1.0,146613496.0,147140000.0,147701000.0,110.839,8858001000.0,40158000.0,392511000.0,193308000.0,60.201,1838868000.0
4,GPC,MRY,2016-12-31,2016-12-31,2016-12-31,2021-10-21,-1013021000.0,8859400000.0,8673352000.0,5948431000.0,2910969000.0,1.769,21.427,-131832000.0,242879000.0,242879000.0,10740106000.0,687240000.0,1.402,1.77,875000000.0,325000000.0,550000000.0,875000000.0,0.0,147487000.0,0.0,0.028,2.63,1095424000.0,1242911000.0,0.081,1242911000.0,1095424000.0,1074340000.0,4.61,4.59,4.61,3193728000.0,3246322250.0,3193728000.0,14760179005.0,13.0,11.875,814246000.0,5.463,1.0,4599607000.0,0.3,1574663000.0,21084000.0,3672708000.0,3407858000.0,3210320000.0,0.0,0.0,0.0,5652044000.0,4244150000.0,1407894000.0,14210356005.0,31248000.0,-462167000.0,-181417000.0,250000000.0,-386863000.0,-322406000.0,-593999000.0,0.0,946078000.0,1575000.0,687240000.0,687240000.0,687240000.0,0.0,0.0,0.045,3550973000.0,1048634000.0,3081111000.0,0.57,4.449,20.677,20.725,728124000.0,0.0,95.54,0.926,0.928,1938562000.0,4001734000.0,15339713000.0,15339713000.0,0.0,0.079,0.212,0.321,0.071,7698000.0,3391971000.0,1.0,148737241.0,149051000.0,149804000.0,102.916,7284737000.0,132652000.0,387100000.0,48326000.0,48.874,1704281000.0
5,GPC,MRY,2015-12-31,2015-12-31,2015-12-31,2021-10-21,-930618000.0,8144771000.0,8249971750.0,5555316000.0,2589455000.0,1.852,20.747,-100926000.0,211631000.0,211631000.0,10724192000.0,705672000.0,1.41,1.584,625000000.0,375000000.0,250000000.0,625000000.0,0.0,141675000.0,0.0,0.029,2.46,1145343000.0,1287018000.0,0.084,1287018000.0,1145343000.0,1123681000.0,4.65,4.63,4.65,3146567000.0,3182276500.0,3146567000.0,13374759309.0,12.0,10.392,1058447000.0,6.979,1.0,4555852000.0,0.298,1361795000.0,21662000.0,3255691000.0,3610322750.0,2999966000.0,0.0,0.0,0.0,4985529000.0,3940654000.0,1044875000.0,12949053309.0,73901000.0,-162701000.0,-292275000.0,-142967000.0,-368284000.0,-806074000.0,-263627000.0,0.0,1159373000.0,-15771000.0,705672000.0,705672000.0,705672000.0,0.0,0.0,0.046,3431438000.0,1124414000.0,2821526000.0,0.529,4.115,18.35,18.471,648217000.0,0.0,85.89,0.847,0.853,1822419000.0,3885751000.0,15280044000.0,15280044000.0,0.0,0.086,0.222,0.317,0.075,10693000.0,3277390000.0,1.0,150763224.0,151667000.0,152496000.0,100.747,6782976000.0,118525000.0,418009000.0,50684000.0,44.723,1614662000.0
6,GPC,MRY,2014-12-31,2014-12-31,2014-12-31,2021-10-21,-720211000.0,8246238000.0,8205404250.0,5592525000.0,2653713000.0,1.87,21.535,-98815000.0,137730000.0,137730000.0,10747886000.0,711286000.0,1.56,1.495,765466000.0,265466000.0,500000000.0,765466000.0,0.0,148313000.0,0.0,0.022,2.3,1142827000.0,1291140000.0,0.084,1291140000.0,1142827000.0,1117739000.0,4.64,4.61,4.64,3301248000.0,3431838750.0,3301248000.0,16989789764.0,15.0,13.159,691330000.0,4.51,1.0,4593761000.0,0.299,1386590000.0,25088000.0,3903269000.0,3943970000.0,3043848000.0,0.0,0.0,0.0,4933874000.0,3584115000.0,1349759000.0,16289932764.0,-59163000.0,-287900000.0,-95946000.0,-7938000.0,-347271000.0,-455440000.0,-386715000.0,0.0,790145000.0,-7153000.0,711286000.0,711286000.0,711286000.0,0.0,0.0,0.046,3469535000.0,1124226000.0,2554759000.0,0.496,4.934,22.902,22.968,670102000.0,0.0,106.57,1.062,1.065,1872365000.0,3841932000.0,15341647000.0,15341647000.0,0.0,0.087,0.207,0.29,0.074,-1527000.0,3314030000.0,1.0,152856646.0,153299000.0,154375000.0,100.077,6859648000.0,145331000.0,406453000.0,72479000.0,44.747,2008410000.0
7,GPC,MRY,2013-12-31,2013-12-31,2013-12-31,2021-10-21,-397655000.0,7680297000.0,7655743750.0,5221491000.0,2458806000.0,1.839,21.658,-113406000.0,196893000.0,196893000.0,9857923000.0,684959000.0,1.64,1.29,764658000.0,264658000.0,500000000.0,764658000.0,0.0,133957000.0,0.0,0.026,2.15,1071275000.0,1205232000.0,0.086,1205232000.0,1071275000.0,1044304000.0,4.43,4.4,4.43,3349074000.0,3158213750.0,3349074000.0,13354001302.0,12.0,11.08,943325000.0,6.1,1.0,4219920000.0,0.3,1289356000.0,26971000.0,3775662000.0,3790951500.0,2946021000.0,0.0,0.0,0.0,4321529000.0,3183044000.0,1138485000.0,12840975302.0,-206202000.0,-712173000.0,-120673000.0,24596000.0,-326217000.0,-425117000.0,-825579000.0,0.0,1056731000.0,-12237000.0,684959000.0,684959000.0,684959000.0,0.0,0.0,0.049,3170676000.0,1049244000.0,2269671000.0,0.485,3.834,18.747,18.779,670061000.0,0.0,83.19,0.912,0.914,1664819000.0,3578021000.0,14077843000.0,14077843000.0,0.0,0.089,0.217,0.283,0.076,-257000.0,3028028000.0,1.0,154357198.0,154636000.0,155714000.0,91.039,6390941000.0,97555000.0,359345000.0,83316000.0,41.329,2038447000.0
8,GPC,MRY,2012-12-31,2012-12-31,2012-12-31,2021-10-21,-501492000.0,6807061000.0,6383425250.0,4820131000.0,1986930000.0,2.039,19.29,-93483000.0,403095000.0,403095000.0,9235777000.0,648041000.0,1.938,1.267,500000000.0,250000000.0,250000000.0,500000000.0,0.0,98383000.0,0.0,0.031,1.98,1039414000.0,1137797000.0,0.087,1137797000.0,1039414000.0,1018932000.0,4.17,4.14,4.17,2997887000.0,2965002000.0,2997887000.0,9965085866.0,10.0,8.758,812955000.0,5.231,1.0,3778091000.0,0.29,497839000.0,20482000.0,3918489000.0,3961098750.0,2602560000.0,0.0,0.0,0.0,3798882000.0,2487638000.0,1311244000.0,9863203866.0,-121959000.0,-558384000.0,-88869000.0,0.0,-300983000.0,-378834000.0,-651867000.0,0.0,906438000.0,2304000.0,648041000.0,648041000.0,648041000.0,0.0,0.0,0.05,2762960000.0,1015131000.0,1681900000.0,0.475,3.29,15.22,15.247,566365000.0,0.0,63.58,0.758,0.759,1490028000.0,3344538000.0,13013868000.0,13013868000.0,0.0,0.102,0.219,0.262,0.08,-271000.0,2656530000.0,1.0,155130605.0,155413000.0,156420000.0,83.737,6309222000.0,279463000.0,370891000.0,4354000.0,40.596,2332493000.0
9,GPC,MRY,2011-12-31,2011-12-31,2011-12-31,2021-10-21,-482038000.0,6202774000.0,5818503250.0,4754710000.0,1448064000.0,2.141,17.516,-94561000.0,525054000.0,525054000.0,8852837000.0,565116000.0,2.363,1.257,500000000.0,0.0,500000000.0,500000000.0,0.0,88936000.0,0.0,0.029,1.8,917842000.0,1006778000.0,0.081,1006778000.0,917842000.0,890806000.0,3.61,3.58,3.61,2744007000.0,2854505250.0,2744007000.0,9491187692.0,10.0,9.427,530366000.0,3.386,1.0,3606040000.0,0.289,279775000.0,27036000.0,3885397000.0,3463094750.0,2440111000.0,0.0,0.0,0.0,3449183000.0,2012548000.0,1436635000.0,9525988692.0,-4914000.0,-136936000.0,-123127000.0,0.0,-276369000.0,-394140000.0,-231497000.0,0.0,624927000.0,-4204000.0,565116000.0,565116000.0,565116000.0,0.0,0.0,0.045,2696556000.0,909484000.0,1440762000.0,0.499,3.472,16.857,16.953,500204000.0,0.0,61.2,0.765,0.77,1461011000.0,3070394000.0,12458877000.0,12458877000.0,0.0,0.097,0.198,0.265,0.074,2191000.0,2594372000.0,1.0,155653410.0,156656000.0,157660000.0,79.53,5922999000.0,261608000.0,325690000.0,21081000.0,37.809,2742162000.0
10,GPC,MRY,2010-12-31,2010-12-31,2010-12-31,2021-10-21,-298352000.0,5465044000.0,5316734000.0,4414887000.0,1050157000.0,2.108,17.679,-81703000.0,529968000.0,529968000.0,7954645000.0,475511000.0,2.239,0.953,500000000.0,250000000.0,250000000.0,500000000.0,0.0,89332000.0,0.0,0.032,1.64,789844000.0,879176000.0,0.078,879176000.0,789844000.0,761783000.0,3.01,3.0,3.01,2793819000.0,2726272250.0,2793819000.0,8056102295.0,10.0,9.163,596960000.0,3.777,1.0,3252944000.0,0.29,209548000.0,28061000.0,3253714000.0,3463652250.0,2224717000.0,0.0,0.0,0.0,2662330000.0,1971814000.0,690516000.0,8087833295.0,193165000.0,-90645000.0,-65922000.0,0.0,-257898000.0,-320569000.0,-172348000.0,0.0,678663000.0,7419000.0,475511000.0,475511000.0,475511000.0,0.0,0.0,0.042,2466596000.0,786348000.0,1374930000.0,0.545,2.895,17.009,17.056,484130000.0,0.0,51.34,0.722,0.724,1364406000.0,2934535000.0,11207589000.0,11207589000.0,0.0,0.089,0.174,0.228,0.07,3765000.0,2366667000.0,1.0,157534735.0,158032000.0,158461000.0,70.92,5255496000.0,157392000.0,286272000.0,23145000.0,33.256,2443073000.0
11,GPC,MRY,2009-12-31,2009-12-31,2009-12-31,2021-10-21,-309897000.0,5004689000.0,4890432250.0,4032828000.0,971861000.0,2.057,16.444,-130217000.0,336803000.0,336803000.0,7047750000.0,399575000.0,2.864,0.906,500000000.0,0.0,500000000.0,500000000.0,0.0,90411000.0,0.0,0.042,1.6,672050000.0,762461000.0,0.076,762461000.0,672050000.0,644165000.0,2.51,2.5,2.51,2621330000.0,2518710000.0,2621330000.0,6193466804.0,9.0,8.123,715081000.0,4.486,1.0,3009762000.0,0.299,171532000.0,27885000.0,3588070000.0,3574743000.0,2214076000.0,0.0,0.0,0.0,2375317000.0,1408284000.0,967033000.0,6056599804.0,269026000.0,-134203000.0,-24141000.0,-52000000.0,-253558000.0,-330383000.0,-264420000.0,0.0,845298000.0,18531000.0,399575000.0,399575000.0,399575000.0,0.0,0.0,0.04,2338809000.0,670953000.0,1094347000.0,0.637,2.311,15.158,15.124,485024000.0,0.0,37.96,0.602,0.602,1187075000.0,2772309000.0,10057512000.0,10057512000.0,0.0,0.082,0.159,0.188,0.067,9262000.0,2219935000.0,1.0,159552155.0,159410000.0,159707000.0,63.092,4833157000.0,167722000.0,244590000.0,42988000.0,30.319,2624544000.0
12,GPC,MRY,2008-12-31,2008-12-31,2008-12-31,2021-10-21,-478562000.0,4786350000.0,4789592250.0,3871420000.0,914930000.0,2.3,14.317,-93305000.0,67777000.0,67777000.0,7742773000.0,475417000.0,3.008,1.03,500000000.0,0.0,500000000.0,500000000.0,0.0,88698000.0,0.0,0.041,1.56,800189000.0,888887000.0,0.081,888887000.0,800189000.0,768468000.0,2.93,2.92,2.93,2324332000.0,2590088000.0,2324332000.0,6411815818.0,8.0,7.213,437004000.0,2.692,1.0,3272490000.0,0.297,158825000.0,31721000.0,3772645000.0,3514483500.0,2316880000.0,0.0,0.0,0.0,2392972000.0,1287103000.0,1105869000.0,6036243818.0,-164060000.0,-121029000.0,-272179000.0,52000000.0,-251808000.0,-472573000.0,-214334000.0,0.0,530309000.0,-7462000.0,475417000.0,475417000.0,475417000.0,0.0,0.0,0.043,2472410000.0,800080000.0,1009423000.0,0.532,2.597,12.697,12.922,423265000.0,0.0,37.86,0.548,0.558,1224525000.0,2643451000.0,11015263000.0,11015263000.0,0.0,0.099,0.184,0.228,0.073,13563000.0,2359829000.0,1.0,159435917.0,162351000.0,162986000.0,67.848,4627525000.0,218503000.0,293051000.0,24685000.0,28.503,2584317000.0
13,GPC,MRY,2007-12-31,2007-12-31,2007-12-31,2021-10-21,-123715000.0,4774069000.0,4740075500.0,4053012000.0,721057000.0,2.288,16.063,-47992000.0,231837000.0,231837000.0,7625972000.0,506339000.0,2.618,0.757,500000000.0,250000000.0,250000000.0,500000000.0,0.0,87702000.0,0.0,0.032,1.46,848072000.0,935774000.0,0.086,935774000.0,848072000.0,816745000.0,2.99,2.98,2.99,2716716000.0,2683147750.0,2716716000.0,7943731381.0,9.0,8.489,593479000.0,3.509,1.0,3217223000.0,0.297,82453000.0,31327000.0,3411803000.0,3527612750.0,2335716000.0,0.0,0.0,0.0,2057353000.0,1547976000.0,509377000.0,7773783381.0,95864000.0,-39606000.0,-230690000.0,0.0,-243244000.0,-469496000.0,-87598000.0,0.0,641471000.0,11487000.0,506339000.0,506339000.0,506339000.0,0.0,0.0,0.047,2379371000.0,837852000.0,989816000.0,0.488,2.861,15.353,15.485,425989000.0,0.0,46.3,0.717,0.722,1216220000.0,2674366000.0,10843195000.0,10843195000.0,0.0,0.107,0.189,0.24,0.078,9862000.0,2278155000.0,1.0,167900289.0,169129000.0,170135000.0,64.112,4691616000.0,35778000.0,310406000.0,45578000.0,27.74,2505036000.0
14,GPC,MRY,2006-12-31,2006-12-31,2006-12-31,2021-10-21,-242534000.0,4496984000.0,4767571250.0,3835127000.0,661857000.0,2.194,14.862,-121592000.0,135973000.0,135973000.0,7353447000.0,475405000.0,3.199,0.764,500000000.0,0.0,500000000.0,500000000.0,0.0,73423000.0,0.0,0.028,1.35,802492000.0,875915000.0,0.084,875915000.0,802492000.0,770916000.0,2.77,2.76,2.77,2549991000.0,2705572000.0,2549991000.0,8367819579.0,10.0,9.553,311908000.0,1.818,1.0,3104495000.0,0.297,62254000.0,31576000.0,3599989000.0,3787501000.0,2236368000.0,0.0,0.0,0.0,1946993000.0,1198768000.0,748225000.0,8082213579.0,-52938000.0,-29007000.0,-114801000.0,-881000.0,-228052000.0,-340729000.0,-145599000.0,0.0,433500000.0,-110000.0,475405000.0,475405000.0,475405000.0,0.0,0.0,0.045,2307777000.0,796718000.0,910263000.0,0.487,3.17,17.001,17.123,429260000.0,0.0,47.43,0.773,0.778,1227805000.0,2621994000.0,10457942000.0,10457942000.0,0.0,0.1,0.176,0.212,0.077,8943000.0,2217882000.0,1.0,170402985.0,171576000.0,172486000.0,60.952,4434730000.0,0.0,295511000.0,37899000.0,25.847,2636359000.0
15,GPC,MRY,2005-12-31,2005-12-31,2005-12-31,2021-10-21,45535000.0,4771538000.0,4670648500.0,3806882000.0,964656000.0,2.095,15.478,-78604000.0,188911000.0,188911000.0,6884964000.0,437434000.0,3.048,0.771,500881000.0,881000.0,500000000.0,500881000.0,0.0,65529000.0,0.0,0.028,1.25,743088000.0,808617000.0,0.083,808617000.0,743088000.0,709064000.0,2.51,2.5,2.51,2693957000.0,2628114000.0,2693957000.0,7782470794.0,10.0,9.624,361913000.0,2.079,1.0,2898086000.0,0.296,62717000.0,34024000.0,3771687000.0,3626211500.0,2216542000.0,0.0,0.0,0.0,2077581000.0,1249104000.0,828477000.0,7621067794.0,53971000.0,8430000.0,-101514000.0,-87000.0,-215868000.0,-317469000.0,-70174000.0,0.0,440517000.0,1097000.0,437434000.0,437434000.0,437434000.0,0.0,0.0,0.045,2160193000.0,737893000.0,973615000.0,0.498,2.829,17.422,17.498,392295000.0,0.0,43.92,0.779,0.781,1186865000.0,2475389000.0,9783050000.0,9783050000.0,0.0,0.094,0.166,0.205,0.076,12126000.0,2078308000.0,1.0,173521580.0,174054000.0,175007000.0,56.207,4708821000.0,0.0,271630000.0,193103000.0,27.054,2557778000.0
16,GPC,MRY,2004-12-31,2004-12-31,2004-12-31,2021-10-21,26478000.0,4455247000.0,4330631000.0,3633484000.0,821763000.0,2.101,14.565,-64937000.0,134940000.0,134940000.0,6267544000.0,395552000.0,3.208,0.751,500968000.0,968000.0,500000000.0,500968000.0,0.0,62207000.0,0.0,0.027,1.2,674547000.0,736754000.0,0.081,736754000.0,674547000.0,635919000.0,2.26,2.25,2.26,2544377000.0,2453705500.0,2544377000.0,8035352424.0,12.0,10.906,490299000.0,2.807,1.0,2829723000.0,0.311,57672000.0,38628000.0,3630888000.0,3580707000.0,2198957000.0,0.0,0.0,0.0,1910870000.0,1132715000.0,778155000.0,7694215424.0,119547000.0,-3018000.0,16048000.0,-176801000.0,-208575000.0,-369328000.0,-67955000.0,0.0,555236000.0,1594000.0,395552000.0,395552000.0,395552000.0,0.0,0.0,0.043,2156708000.0,673015000.0,856653000.0,0.531,3.024,19.452,19.496,379388000.0,0.0,44.06,0.846,0.846,1123900000.0,2286363000.0,9097267000.0,9097267000.0,0.0,0.091,0.161,0.188,0.074,8590000.0,2073804000.0,1.0,174630400.0,174687000.0,175660000.0,52.078,4397575000.0,0.0,240367000.0,158615000.0,25.174,2500769000.0
17,GPC,MRY,2003-12-31,2003-12-31,2003-12-31,2021-10-21,4835000.0,4127956000.0,4044789000.0,3402210000.0,725746000.0,2.089,13.289,-60285000.0,15393000.0,15393000.0,5826684000.0,334101000.0,3.517,0.785,677633000.0,52525000.0,625108000.0,677633000.0,0.0,69013000.0,0.0,0.036,1.18,552202000.0,621215000.0,0.074,621215000.0,552202000.0,552202000.0,1.92,1.91,1.92,2312283000.0,2235404000.0,2312283000.0,6445934012.0,12.0,10.376,341900000.0,1.965,1.0,2622616000.0,0.31,58028000.0,0.0,3764830000.0,3739576250.0,2140811000.0,0.0,0.0,0.0,1815673000.0,967338000.0,848335000.0,5775743012.0,-4602000.0,-14990000.0,-13108000.0,-112976000.0,-204556000.0,-330640000.0,-75275000.0,0.0,402185000.0,-872000.0,334101000.0,334101000.0,334101000.0,0.0,0.0,0.04,2050873000.0,571743000.0,706609000.0,0.615,2.498,17.287,17.292,342992000.0,0.0,33.2,0.684,0.684,1084874000.0,2100550000.0,8449300000.0,8449300000.0,0.0,0.083,0.149,0.148,0.065,1254000.0,2050873000.0,1.0,173968163.0,173995000.0,174480000.0,48.561,4069928000.0,0.0,218101000.0,133108000.0,23.391,2434872000.0
18,GPC,MRY,2002-12-31,2002-12-31,2002-12-31,2021-10-21,-60522000.0,4061055000.0,3876029750.0,3376987000.0,684068000.0,2.131,12.216,-54621000.0,19995000.0,19995000.0,5704749000.0,-27590000.0,3.04,0.907,791701000.0,116905000.0,674796000.0,791701000.0,0.0,70151000.0,0.0,0.038,1.16,210646000.0,280797000.0,0.034,280797000.0,210646000.0,210646000.0,-0.16,-0.16,-0.16,2130009000.0,2073427250.0,2130009000.0,6058839743.0,29.0,21.577,217787000.0,1.249,1.0,2554178000.0,0.309,58705000.0,0.0,3663126000.0,3550669250.0,2144787000.0,0.0,0.0,0.0,1931046000.0,1110930000.0,820116000.0,5379393743.0,-65775000.0,-6042000.0,24394000.0,-101069000.0,-201150000.0,-277825000.0,-60663000.0,0.0,272408000.0,305000.0,-27590000.0,-27590000.0,-27590000.0,0.0,0.0,-0.003,1948442000.0,605736000.0,735183000.0,-7.25,2.526,-194.976,-192.5,333051000.0,0.0,30.8,0.651,0.65,1039843000.0,1971779000.0,8258927000.0,8258927000.0,0.0,-0.007,-0.013,0.059,0.026,4468000.0,1948442000.0,1.0,174655641.0,174369000.0,175104000.0,47.365,4002350000.0,0.0,238236000.0,119278000.0,22.953,2266057000.0
19,GPC,MRY,2001-12-31,2001-12-31,2001-12-31,2021-10-21,-46094000.0,4206646000.0,4163046750.0,3146212000.0,1060434000.0,1.975,13.574,-36683000.0,85770000.0,85770000.0,5699174000.0,297147000.0,3.423,0.794,892770000.0,57190000.0,835580000.0,892770000.0,0.0,85793000.0,0.0,0.039,1.425,496013000.0,581806000.0,0.071,581806000.0,496013000.0,496013000.0,1.72,1.71,1.72,2345123000.0,2331932000.0,2345123000.0,7039128438.0,14.0,12.099,298957000.0,1.73,1.0,2521494000.0,0.307,442078000.0,0.0,3652387000.0,3568994500.0,1890037000.0,0.0,0.0,0.0,1861523000.0,919181000.0,942342000.0,6356900438.0,58032000.0,-16358000.0,-745000.0,-28303000.0,-195022000.0,-224070000.0,-53041000.0,0.0,335640000.0,-497000.0,297147000.0,297147000.0,297147000.0,0.0,0.0,0.036,2025481000.0,496013000.0,644084000.0,0.828,2.711,21.393,21.337,345132000.0,0.0,36.7,0.773,0.771,1010728000.0,2201663000.0,8220668000.0,8220668000.0,0.0,0.071,0.127,0.139,0.06,2488000.0,1951559000.0,1.0,173212546.0,172765000.0,173633000.0,47.583,3764568000.0,0.0,198866000.0,60985000.0,21.79,2227031000.0
20,GPC,MRY,2000-12-31,2000-12-31,2000-12-31,2021-10-21,-13041000.0,4142114000.0,4057963500.0,3019481000.0,1122633000.0,2.063,12.918,-60524000.0,27738000.0,27738000.0,5764360000.0,385323000.0,3.055,0.832,922033000.0,151452000.0,770581000.0,922033000.0,0.0,92303000.0,0.0,0.042,1.1,646750000.0,739053000.0,0.088,739053000.0,646750000.0,646750000.0,2.2,2.2,2.2,2260806000.0,2224850000.0,2260806000.0,5327039690.0,8.0,7.208,253901000.0,1.451,1.0,2605497000.0,0.311,451435000.0,0.0,3596661000.0,3465938750.0,1864334000.0,0.0,0.0,0.0,1881308000.0,988313000.0,892995000.0,4532879690.0,-17997000.0,-46226000.0,-117807000.0,82219000.0,-189995000.0,-225583000.0,-106750000.0,0.0,314425000.0,-89000.0,385323000.0,385323000.0,385323000.0,0.0,0.0,0.046,1958747000.0,646750000.0,635499000.0,0.5,2.005,11.764,11.905,395260000.0,0.0,26.19,0.542,0.548,1031662000.0,2101457000.0,8369857000.0,8369857000.0,0.0,0.095,0.173,0.187,0.077,0.0,1958747000.0,1.0,173076735.0,175009000.0,175327000.0,47.825,3690679000.0,0.0,261427000.0,114857000.0,21.089,2031168000.0
21,GPC,MRY,1999-12-31,1999-12-31,1999-12-31,2021-10-21,-6857000.0,3929672000.0,3887415500.0,2895203000.0,1034469000.0,2.045,12.182,-78029000.0,45735000.0,45735000.0,5436056000.0,377622000.0,3.161,0.805,835473000.0,133056000.0,702417000.0,835473000.0,0.0,89967000.0,0.0,0.042,1.04,628067000.0,718034000.0,0.09,718034000.0,628067000.0,628067000.0,2.11,2.11,2.11,2177517000.0,2130729750.0,2177517000.0,5167445638.0,8.0,7.197,289738000.0,1.621,1.0,2514766000.0,0.316,440299000.0,0.0,3363099000.0,3303756500.0,1771789000.0,0.0,0.0,0.0,1752155000.0,916012000.0,836143000.0,4411454638.0,-39237000.0,-89272000.0,-104638000.0,49246000.0,-184247000.0,-239639000.0,-167301000.0,0.0,367767000.0,-64000.0,377622000.0,377622000.0,377622000.0,0.0,0.0,0.047,1886699000.0,628067000.0,581010000.0,0.493,2.026,11.682,11.758,413543000.0,0.0,24.81,0.555,0.558,1006663000.0,2007098000.0,7950822000.0,7950822000.0,0.0,0.097,0.177,0.19,0.079,0.0,1886699000.0,1.0,177809538.0,178746000.0,179238000.0,44.481,3489373000.0,0.0,250445000.0,115498000.0,19.521,1979191000.0
22,GPC,MRY,1998-12-31,1998-12-31,1998-12-31,2021-10-21,-3110000.0,3600380000.0,3127108750.0,2683357000.0,917023000.0,2.107,11.445,-20739000.0,84972000.0,84972000.0,4468568000.0,355794000.0,3.279,0.753,744956000.0,156316000.0,588640000.0,744956000.0,0.0,69305000.0,0.0,0.03,1.0,589117000.0,658422000.0,0.1,658422000.0,589117000.0,589117000.0,1.98,1.98,1.98,2053332000.0,1969630000.0,2053332000.0,6347261399.0,11.0,9.64,272539000.0,1.519,1.0,2119008000.0,0.322,344733000.0,0.0,3097222000.0,2611890000.0,1660233000.0,0.0,0.0,0.0,1547048000.0,818409000.0,728639000.0,6015573399.0,12149000.0,-310911000.0,-70586000.0,299184000.0,-178027000.0,50571000.0,-331650000.0,0.0,293278000.0,-50000.0,355794000.0,355794000.0,355794000.0,0.0,0.0,0.054,1529891000.0,589117000.0,509532000.0,0.505,2.93,16.907,16.889,404008000.0,0.0,33.44,0.913,0.911,907561000.0,1856948000.0,6587576000.0,6587576000.0,0.0,0.114,0.181,0.226,0.089,0.0,1529891000.0,1.0,179891549.0,179416000.0,180081000.0,36.717,3255647000.0,0.0,233323000.0,116793000.0,18.146,1864948000.0
23,GPC,MRY,1997-12-31,1997-12-31,1997-12-31,2021-10-21,0.0,2754363000.0,2652362500.0,2093551000.0,660812000.0,2.264,10.354,-78845000.0,72823000.0,72823000.0,4178642000.0,342397000.0,3.759,0.481,246160000.0,36670000.0,209490000.0,246160000.0,0.0,58867000.0,0.0,0.028,0.96,565600000.0,624467000.0,0.104,624467000.0,565600000.0,565600000.0,1.91,1.9,1.91,1859468000.0,1804261750.0,1859468000.0,6190828240.0,11.0,9.914,171764000.0,0.956,1.0,1826603000.0,0.304,62091000.0,0.0,2308671000.0,2188613000.0,1321597000.0,0.0,0.0,0.0,894895000.0,556938000.0,337957000.0,6064873240.0,5450000.0,-16045000.0,-63834000.0,88288000.0,-169156000.0,-142399000.0,-102760000.0,0.0,250609000.0,0.0,342397000.0,342397000.0,342397000.0,0.0,0.0,0.057,1261003000.0,565600000.0,405141000.0,0.503,3.262,17.713,17.77,372514000.0,0.0,33.94,1.01,1.015,686551000.0,1680520000.0,6005245000.0,6005245000.0,0.0,0.129,0.19,0.258,0.094,0.0,1261003000.0,1.0,178693967.0,179592000.0,180165000.0,33.438,2692272000.0,0.0,223203000.0,103421000.0,14.991,1536613000.0
24,GPC,MRY,1996-12-31,1996-12-31,1996-12-31,2021-10-21,0.0,2521631000.0,2397881500.0,1937642000.0,583989000.0,2.386,9.539,-90773000.0,67373000.0,67373000.0,4002971000.0,330076000.0,3.409,0.456,157241000.0,47000000.0,110241000.0,157241000.0,0.0,50445000.0,0.0,0.03,0.893,545233000.0,595678000.0,0.104,595678000.0,545233000.0,545233000.0,1.82,1.81,1.82,1732054000.0,1691468000.0,1732054000.0,,,,237242000.0,1.307,1.0,1717503000.0,0.3,0.0,0.0,2043120000.0,1951540500.0,1233820000.0,237994000.0,0.0,237994000.0,789577000.0,568379000.0,221198000.0,5334619283.0,23119000.0,-413000.0,-86834000.0,51676000.0,-160214000.0,-190817000.0,-114079000.0,0.0,328015000.0,0.0,330076000.0,330076000.0,330076000.0,0.0,0.0,0.058,1172270000.0,545233000.0,401842000.0,0.491,3.08,16.162,16.3,345995000.0,0.0,29.667,0.933,0.942,622836000.0,1552006000.0,5720474000.0,5720474000.0,0.0,0.138,0.195,0.279,0.095,0.0,1172270000.0,1.0,179818628.0,181567000.0,182189000.0,31.506,2521631000.0,0.0,215157000.0,91153000.0,13.888,1369263000.0
25,GPC,MRY,1995-12-31,1995-12-31,1995-12-31,2021-10-21,0.0,2274132000.0,,1763961000.0,510171000.0,,8.976,-85933000.0,44254000.0,44254000.0,3654703000.0,309168000.0,3.71,0.378,105607000.0,45000000.0,60607000.0,105607000.0,0.0,43234000.0,0.0,0.031,0.84,510794000.0,554028000.0,0.105,554028000.0,510794000.0,510794000.0,1.68,1.68,1.68,1650882000.0,,1650882000.0,,,,72754000.0,0.396,1.0,1607201000.0,0.305,0.0,0.0,1859961000.0,,1127456000.0,206932000.0,0.0,206932000.0,623250000.0,475524000.0,147726000.0,,-38156000.0,0.0,-36077000.0,93833000.0,-151257000.0,-92711000.0,-104132000.0,0.0,158687000.0,0.0,309168000.0,309168000.0,309168000.0,0.0,0.0,0.059,1096407000.0,510794000.0,331704000.0,0.5,,,16.27,303239000.0,0.0,27.333,,0.955,565305000.0,1528969000.0,5261904000.0,5261904000.0,0.0,,,,0.097,0.0,1096407000.0,1.0,,183923000.0,184375000.0,28.609,2274132000.0,0.0,201626000.0,60497000.0,12.365,1288437000.0
26,GPC,MRY,1994-12-31,1994-12-31,1994-12-31,2021-10-21,,,,,,,,-63117000.0,,,3343699000.0,288548000.0,,,,,,,,37374000.0,,0.032,0.768,474868000.0,512242000.0,0.105,512242000.0,474868000.0,474868000.0,,,,,,,,,,135837000.0,,1.0,1514716000.0,0.312,,0.0,,,,,,,,,,,-40821000.0,-26009000.0,-65977000.0,-698000.0,-140289000.0,-206186000.0,-33589000.0,64599000.0,198954000.0,0.0,288548000.0,288548000.0,288548000.0,0.0,0.0,0.059,1039848000.0,474868000.0,,,,,,,0.0,24.0,,,,,4858415000.0,4858415000.0,0.0,,,,0.098,0.0,1039848000.0,1.0,,,,,,,186320000.0,,,
0,GPC,MRQ,2021-09-30,2021-09-30,2021-09-30,2021-10-21,-1073086000.0,13974938000.0,,7782184000.0,6192754000.0,,22.28,-46094000.0,919097000.0,919097000.0,3108082000.0,228585000.0,1.19,3.386,3214289000.0,0.0,3214289000.0,3214289000.0,0.0,72121000.0,0.0,0.027,0.815,313932000.0,386053000.0,0.08,386053000.0,313932000.0,298974000.0,1.6,1.59,1.6,3183177000.0,,3183177000.0,19693415254.0,17.0,13.682,257672000.0,1.804,1.0,1710767000.0,0.355,3300707000.0,14958000.0,6432100000.0,,3748418000.0,0.0,0.0,0.0,10778380000.0,6537323000.0,4241057000.0,17361651254.0,-68292000.0,-42417000.0,-99521000.0,-50098000.0,-117666000.0,-270547000.0,-88511000.0,0.0,303766000.0,-13000000.0,228585000.0,228585000.0,228585000.0,0.0,0.0,0.047,1415173000.0,295594000.0,4819084000.0,0.509,5.454,21.329,21.419,2148098000.0,0.0,121.23,0.948,0.945,1888253000.0,3995537000.0,4818849000.0,4818849000.0,0.0,,,,,6280000.0,1338768000.0,1.0,143212499.0,142871000.0,143589000.0,33.729,10674231000.0,43726000.0,70389000.0,222467000.0,74.712,1244861000.0
1,GPC,MRQ,2021-06-30,2021-06-30,2021-06-30,2021-10-21,-1003554000.0,14085982000.0,,7721594000.0,6364388000.0,,22.425,-36400000.0,987389000.0,987389000.0,3094633000.0,196496000.0,1.184,3.352,3319153000.0,48094000.0,3271059000.0,3319153000.0,0.0,73960000.0,0.0,0.025,0.815,285714000.0,359674000.0,0.075,359674000.0,285714000.0,269607000.0,1.36,1.36,1.36,3233879000.0,,3233879000.0,20560713158.0,18.0,14.274,367088000.0,2.545,1.0,1689105000.0,0.353,3384430000.0,16107000.0,6512121000.0,,3679113000.0,0.0,0.0,0.0,10840837000.0,6521195000.0,4319642000.0,18271401158.0,-130599000.0,-74319000.0,-184365000.0,-115528000.0,-117584000.0,-432183000.0,-110719000.0,0.0,403488000.0,8815000.0,196496000.0,196496000.0,196496000.0,0.0,0.0,0.041,1428306000.0,260799000.0,4729240000.0,0.599,5.65,22.476,22.424,2235021000.0,0.0,126.47,1.022,1.021,1899978000.0,3982159000.0,4783738000.0,4783738000.0,0.0,,,,,3423000.0,1349309000.0,1.0,144472216.0,144211000.0,144983000.0,33.172,10701552000.0,52380000.0,73111000.0,230463000.0,74.208,1200399000.0
2,GPC,MRQ,2021-03-31,2021-03-31,2021-03-31,2021-10-21,-1023760000.0,13943543000.0,,7678160000.0,6265383000.0,,23.021,-31528000.0,1117988000.0,1117988000.0,2923899000.0,217710000.0,1.212,3.191,3407300000.0,160373000.0,3246927000.0,3407300000.0,0.0,72296000.0,0.0,0.028,0.815,304921000.0,377217000.0,0.084,377217000.0,304921000.0,285859000.0,1.51,1.5,1.51,3324563000.0,,3324563000.0,19167932747.0,49.0,28.71,269414000.0,1.866,1.0,1540815000.0,0.345,3340780000.0,19062000.0,6555724000.0,,3600658000.0,0.0,0.0,0.0,10607434000.0,6336351000.0,4271083000.0,16691659747.0,127822000.0,-9144000.0,0.0,4832000.0,-114043000.0,-115994000.0,-40672000.0,0.0,300942000.0,-16454000.0,217710000.0,217710000.0,217710000.0,0.0,0.0,0.049,1272369000.0,268446000.0,4479398000.0,0.54,5.021,320.543,312.405,2209363000.0,0.0,115.59,0.987,0.987,1809637000.0,4085998000.0,4464714000.0,4464714000.0,0.0,,,,,4471000.0,1195164000.0,1.0,144404012.0,144413000.0,145300000.0,30.916,10602763000.0,51907000.0,68149000.0,206630000.0,73.42,1341809000.0
3,GPC,MRQ,2020-12-31,2020-12-31,2020-12-31,2021-10-21,-1036502000.0,13440215000.0,,7113763000.0,6326452000.0,,22.207,-41685000.0,990166000.0,990166000.0,2803484000.0,171204000.0,1.207,3.19,3466439000.0,160531000.0,3305908000.0,3466439000.0,0.0,69758000.0,0.0,0.031,0.79,246613000.0,316371000.0,0.074,316371000.0,246613000.0,225118000.0,1.19,1.19,1.19,3204796000.0,,3204796000.0,17277305851.0,62.0,31.219,537369000.0,3.724,1.0,1448110000.0,0.341,3415734000.0,21495000.0,6606670000.0,,3506271000.0,0.0,0.0,0.0,10222212000.0,5894084000.0,4328128000.0,14491009851.0,90043000.0,-5469000.0,-496000.0,-317594000.0,-113983000.0,-484557000.0,-47154000.0,0.0,579054000.0,42700000.0,171204000.0,171204000.0,171204000.0,428000.0,0.0,0.04,1213190000.0,234920000.0,4128084000.0,0.664,4.522,-497.939,-502.15,2200920000.0,0.0,100.43,0.876,0.877,1556966000.0,3979779000.0,4251594000.0,4251594000.0,0.0,,,,,5295000.0,1132297000.0,1.0,144289653.0,144312000.0,146876000.0,29.461,10024481000.0,65658000.0,53914000.0,212910000.0,69.464,1219679000.0
4,GPC,MRQ,2020-09-30,2020-09-30,2020-09-30,2021-10-21,-1166572000.0,13475461000.0,,7375285000.0,6100176000.0,,20.892,-26233000.0,900123000.0,900123000.0,2842020000.0,227531000.0,1.234,3.464,3686419000.0,206335000.0,3480084000.0,3686419000.0,0.0,69097000.0,0.0,0.033,0.79,318066000.0,387163000.0,0.089,387163000.0,318066000.0,292278000.0,1.58,1.57,1.58,3014080000.0,,3014080000.0,16719166867.0,192.0,46.383,461886000.0,3.201,1.0,1528066000.0,0.35,3279392000.0,25788000.0,7005667000.0,,3419383000.0,0.0,0.0,0.0,10440688000.0,5976698000.0,4463990000.0,13729622867.0,-83636000.0,-43669000.0,0.0,-380247000.0,-113967000.0,-501853000.0,-69902000.0,0.0,488119000.0,0.0,227531000.0,227531000.0,227531000.0,5387000.0,0.0,0.052,1225854000.0,302212000.0,4030319000.0,0.5,4.555,-71.737,-71.556,2165872000.0,0.0,95.17,0.829,0.829,1952225000.0,3923113000.0,4370086000.0,4370086000.0,0.0,,,,,6633000.0,1140156000.0,1.0,144264189.0,144273000.0,145035000.0,30.29,10196069000.0,67594000.0,64747000.0,214738000.0,70.672,1398587000.0
5,GPC,MRQ,2020-06-30,2020-06-30,2020-06-30,2021-10-21,-1212372000.0,13263962000.0,,7291328000.0,5972634000.0,,19.751,-31933000.0,983759000.0,983759000.0,2532740000.0,-564372000.0,1.222,3.648,3973303000.0,489028000.0,3484275000.0,3973303000.0,0.0,66733000.0,0.0,0.036,0.79,-479842000.0,-413109000.0,-0.108,-413109000.0,-479842000.0,-505307000.0,-3.91,-3.91,-3.91,2849275000.0,,2849275000.0,16629226123.0,176.0,45.619,846395000.0,5.867,1.0,1290487000.0,0.338,3194515000.0,25465000.0,7090261000.0,,3351751000.0,0.0,0.0,0.0,10393074000.0,5968730000.0,4424344000.0,12544874123.0,629290000.0,360735000.0,0.0,-458400000.0,-114476000.0,-580811000.0,324166000.0,0.0,878328000.0,7607000.0,-564372000.0,-564372000.0,-564372000.0,200871000.0,0.0,-0.148,1581402000.0,-290915000.0,3745031000.0,-0.202,4.403,-65.532,-64.415,2131136000.0,0.0,86.96,0.75,0.75,1823357000.0,3809564000.0,3823227000.0,3823227000.0,0.0,,,,,5742000.0,971589000.0,1.0,144260282.0,144262000.0,144262000.0,26.502,10069447000.0,76154000.0,59065000.0,210003000.0,69.8,1322598000.0
6,GPC,MRQ,2020-03-31,2020-03-31,2020-03-31,2021-10-21,-1333329000.0,14451355000.0,,7993050000.0,6458305000.0,,23.458,-35587000.0,354469000.0,354469000.0,2704348000.0,136535000.0,1.215,3.241,4438821000.0,908865000.0,3529956000.0,4438821000.0,0.0,67254000.0,0.0,0.046,0.79,195747000.0,263001000.0,0.064,263001000.0,195747000.0,174782000.0,0.94,0.94,0.94,3402702000.0,,3402702000.0,13763218677.0,15.0,11.892,38473000.0,0.265,1.0,1388178000.0,0.339,3675598000.0,20965000.0,8278889000.0,,3698928000.0,0.0,0.0,0.0,11028324000.0,6581220000.0,4447104000.0,9788544677.0,77477000.0,6609000.0,-95719000.0,261238000.0,-110851000.0,53456000.0,-35473000.0,0.0,74060000.0,-14566000.0,136535000.0,136535000.0,136535000.0,-14189000.0,0.0,0.033,1219452000.0,168726000.0,4067400000.0,0.84,2.877,16.386,16.875,2229743000.0,0.0,67.33,0.564,0.563,2705192000.0,4487904000.0,4092526000.0,4092526000.0,0.0,,,,,4274000.0,1142697000.0,1.0,145381623.0,145052000.0,145623000.0,28.214,10775757000.0,61572000.0,38247000.0,211160000.0,74.289,1411830000.0
7,GPC,MRQ,2019-12-31,2019-12-31,2019-12-31,2021-10-21,-1141308000.0,14645629000.0,,7938616000.0,6707013000.0,,25.287,-87446000.0,276992000.0,276992000.0,2800942000.0,8918000.0,1.242,2.98,4182618000.0,624043000.0,3558575000.0,4182618000.0,0.0,70295000.0,0.0,0.029,0.762,53108000.0,123403000.0,0.029,123403000.0,53108000.0,31092000.0,0.06,0.06,0.06,3674707000.0,,3674707000.0,19198388606.0,21.0,16.177,59352000.0,0.408,1.0,1478948000.0,0.346,3785616000.0,22016000.0,8371519000.0,,3443876000.0,0.0,0.0,0.0,10950129000.0,6394120000.0,4556009000.0,15434487606.0,-174283000.0,-70756000.0,-1135000.0,-39808000.0,-110784000.0,-156516000.0,-171813000.0,0.0,146798000.0,7248000.0,8918000.0,8918000.0,8918000.0,70098000.0,0.0,0.002,1336960000.0,141988000.0,3948000000.0,12.7,4.2,24.851,24.937,2169355000.0,0.0,106.23,0.881,0.884,2440252000.0,4571860000.0,4279890000.0,4279890000.0,0.0,,,,,10527000.0,1163196000.0,1.0,145293115.0,145319000.0,146081000.0,29.452,10860013000.0,45921000.0,22174000.0,233044000.0,74.732,1544496000.0
8,GPC,MRQ,2019-09-30,2019-09-30,2019-09-30,2021-10-21,-1268580000.0,14513190000.0,,8058671000.0,6454519000.0,,25.02,-72748000.0,451275000.0,451275000.0,3020051000.0,227487000.0,1.265,2.979,4215176000.0,622132000.0,3593044000.0,4215176000.0,0.0,65667000.0,0.0,0.03,0.762,325561000.0,391228000.0,0.086,391228000.0,325561000.0,299110000.0,1.56,1.56,1.56,3642191000.0,,3642191000.0,18592515769.0,16.0,13.489,371089000.0,2.549,1.0,1505233000.0,0.333,3801722000.0,26451000.0,8102556000.0,,3718307000.0,0.0,0.0,0.0,10848453000.0,6372813000.0,4475640000.0,14547944769.0,-111276000.0,146856000.0,-73052000.0,-434054000.0,-111382000.0,-618612000.0,72605000.0,0.0,443837000.0,-9106000.0,227487000.0,227487000.0,227487000.0,-15231000.0,0.0,0.05,1242558000.0,262675000.0,4195869000.0,0.488,3.994,18.211,18.546,2167374000.0,0.0,99.59,0.886,0.883,2739971000.0,4674918000.0,4525284000.0,4525284000.0,0.0,,,,,5835000.0,1175699000.0,1.0,146078369.0,145572000.0,146189000.0,31.086,10711468000.0,30301000.0,71623000.0,236064000.0,73.582,1685858000.0
9,GPC,MRQ,2019-06-30,2019-06-30,2019-06-30,2021-10-21,-1195179000.0,14639472000.0,,8184670000.0,6454802000.0,,25.092,-50406000.0,562551000.0,562551000.0,2975227000.0,224430000.0,1.26,2.988,4607122000.0,1011334000.0,3595788000.0,4607122000.0,0.0,59324000.0,0.0,0.029,0.762,320372000.0,379696000.0,0.085,379696000.0,320372000.0,297110000.0,1.43,1.43,1.43,3665328000.0,,3665328000.0,18910677901.0,17.0,13.854,189239000.0,1.295,1.0,1482704000.0,0.333,3847167000.0,23262000.0,8338648000.0,,3750778000.0,0.0,0.0,0.0,10951497000.0,6498228000.0,4453269000.0,15129299901.0,205626000.0,-225057000.0,0.0,355374000.0,-111355000.0,243487000.0,-279960000.0,0.0,239645000.0,2454000.0,224430000.0,224430000.0,224430000.0,-14911000.0,0.0,0.05,1195493000.0,287211000.0,4064547000.0,0.533,4.128,19.112,19.507,2051738000.0,0.0,103.58,0.91,0.91,2836875000.0,4630480000.0,4457931000.0,4457931000.0,0.0,,,,,5223000.0,1127296000.0,1.0,146063911.0,146075000.0,146736000.0,30.518,10792305000.0,27698000.0,72680000.0,212308000.0,73.882,1686442000.0
10,GPC,MRQ,2019-03-31,2019-03-31,2019-03-31,2021-10-21,-1189987000.0,14070530000.0,,7886391000.0,6184139000.0,,24.325,-42886000.0,356925000.0,356925000.0,3228665000.0,160250000.0,1.205,2.956,4138303000.0,1032382000.0,3105921000.0,4138303000.0,0.0,61977000.0,0.0,0.026,0.762,235395000.0,297372000.0,0.063,297372000.0,235395000.0,211512000.0,1.1,1.09,1.1,3550931000.0,,3550931000.0,19159812993.0,17.0,13.98,18844000.0,0.129,1.0,1508168000.0,0.318,3641995000.0,23883000.0,7664579000.0,,3684580000.0,0.0,0.0,0.0,10497698000.0,6545334000.0,3952364000.0,16350079993.0,23378000.0,-141152000.0,0.0,257887000.0,-105369000.0,145679000.0,-184038000.0,0.0,61730000.0,7000.0,160250000.0,160250000.0,160250000.0,0.0,0.0,0.034,1269851000.0,238317000.0,4058211000.0,0.693,4.604,20.588,20.632,1998341000.0,0.0,112.03,0.963,0.963,2741916000.0,4517430000.0,4736833000.0,4736833000.0,0.0,,,,,2198000.0,1203905000.0,1.0,145943765.0,145981000.0,146694000.0,32.448,10428535000.0,21178000.0,51262000.0,194178000.0,71.438,1341057000.0
11,GPC,MRQ,2018-12-31,2018-12-31,2018-12-31,2021-10-21,-1115078000.0,12683040000.0,,7575690000.0,5107350000.0,,23.57,-120173000.0,333547000.0,333547000.0,1622197000.0,186699000.0,1.284,2.67,3143280000.0,711147000.0,2432133000.0,3143280000.0,0.0,49688000.0,0.0,0.03,0.72,260380000.0,310068000.0,0.115,310068000.0,260380000.0,234253000.0,1.28,1.27,1.28,3450451000.0,,3450451000.0,16646665393.0,14.0,12.02,99465000.0,0.679,1.0,1078127000.0,0.399,3540418000.0,26127000.0,6051622000.0,,3609389000.0,0.0,0.0,0.0,9211049000.0,5900733000.0,3310316000.0,14091825393.0,-25558000.0,-103835000.0,-90065000.0,243985000.0,-105673000.0,13217000.0,-250194000.0,0.0,219638000.0,-8219000.0,186699000.0,186699000.0,186699000.0,-60940000.0,0.0,0.069,894260000.0,183867000.0,3995789000.0,0.562,4.084,17.387,17.363,1027231000.0,0.0,96.02,0.837,0.837,2493636000.0,4341212000.0,2700324000.0,2700324000.0,0.0,,,,,1167000.0,839949000.0,1.0,146759273.0,146390000.0,147004000.0,18.446,9142622000.0,29509000.0,47554000.0,196843000.0,62.454,1674957000.0
12,GPC,MRQ,2018-09-30,2018-09-30,2018-09-30,2021-10-21,-962277000.0,12657119000.0,,7550495000.0,5106624000.0,,24.605,-26796000.0,359105000.0,359105000.0,3238687000.0,220227000.0,1.334,2.491,2913945000.0,450493000.0,2463452000.0,2913945000.0,0.0,61082000.0,0.0,0.029,0.72,316819000.0,377901000.0,0.08,377901000.0,316819000.0,291735000.0,1.5,1.49,1.5,3611054000.0,,3611054000.0,17409047561.0,15.0,12.752,443655000.0,3.023,1.0,1484235000.0,0.314,3518470000.0,25084000.0,6032300000.0,,3536503000.0,0.0,0.0,0.0,8994040000.0,5661189000.0,3332851000.0,14587221561.0,3964000.0,-71443000.0,-1918000.0,-257581000.0,-105661000.0,-366169000.0,-98239000.0,0.0,470451000.0,-2079000.0,220227000.0,220227000.0,220227000.0,0.0,0.0,0.047,1185287000.0,298948000.0,4036006000.0,0.48,4.04,19.929,19.92,937740000.0,0.0,99.4,0.795,0.796,2655888000.0,4349014000.0,4722922000.0,4722922000.0,0.0,,,,,5902000.0,1119266000.0,1.0,146752732.0,146763000.0,147453000.0,32.181,9138649000.0,22898000.0,71508000.0,212431000.0,62.268,1889306000.0
13,GPC,MRQ,2018-06-30,2018-06-30,2018-06-30,2021-10-21,-943351000.0,12566522000.0,,7523369000.0,5043153000.0,,23.932,-33513000.0,355141000.0,355141000.0,3300479000.0,226972000.0,1.33,2.564,3176967000.0,686415000.0,2490552000.0,3176967000.0,0.0,58451000.0,0.0,0.03,0.72,326747000.0,385198000.0,0.08,385198000.0,326747000.0,300271000.0,1.55,1.54,1.55,3511972000.0,,3511972000.0,16458814937.0,15.0,12.829,283195000.0,1.93,1.0,1521586000.0,0.316,3498971000.0,26476000.0,6232483000.0,,3484949000.0,0.0,0.0,0.0,9004195000.0,5656894000.0,3347301000.0,13469062937.0,29168000.0,-43957000.0,0.0,-94069000.0,-105649000.0,-200393000.0,-77470000.0,0.0,316708000.0,-9677000.0,226972000.0,226972000.0,226972000.0,0.0,0.0,0.047,1210334000.0,311252000.0,3831274000.0,0.465,3.835,20.098,20.085,918578000.0,0.0,91.79,0.76,0.761,2669649000.0,4236359000.0,4822065000.0,4822065000.0,0.0,,,,,5267000.0,1148217000.0,1.0,146737803.0,146748000.0,147260000.0,32.859,9067551000.0,25480000.0,73299000.0,192346000.0,61.79,1866475000.0
14,GPC,MRQ,2018-03-31,2018-03-31,2018-03-31,2021-10-21,-819258000.0,12759394000.0,,7581612000.0,5177782000.0,,23.923,-31633000.0,325973000.0,325973000.0,3150487000.0,176576000.0,1.317,2.62,3315725000.0,751614000.0,2564111000.0,3315725000.0,0.0,58363000.0,0.0,0.031,0.72,253428000.0,311791000.0,0.068,311791000.0,253428000.0,229319000.0,1.2,1.2,1.2,3510079000.0,,3510079000.0,16112746823.0,15.0,12.978,106734000.0,0.727,1.0,1435807000.0,0.313,3618426000.0,24109000.0,6373248000.0,,3772919000.0,0.0,0.0,0.0,9198013000.0,5757472000.0,3440541000.0,13182636823.0,11074000.0,-38588000.0,0.0,47691000.0,-99000000.0,-55485000.0,-70221000.0,0.0,138367000.0,-1587000.0,176576000.0,176576000.0,176576000.0,0.0,0.0,0.039,1194835000.0,240972000.0,3773149000.0,0.6,3.756,20.82,20.845,931288000.0,0.0,89.84,0.776,0.776,2641151000.0,4114472000.0,4586294000.0,4586294000.0,0.0,,,,,1169000.0,1133771000.0,1.0,146734604.0,146727000.0,147322000.0,31.257,9140968000.0,39830000.0,52743000.0,212527000.0,62.299,1824140000.0
15,GPC,MRQ,2017-12-31,2017-12-31,2017-12-31,2021-10-21,-852592000.0,12412381000.0,,7312893000.0,5099488000.0,,23.271,-38304000.0,314899000.0,314899000.0,2923001000.0,108183000.0,1.336,2.622,3245009000.0,694989000.0,2550020000.0,3245009000.0,0.0,50051000.0,0.0,0.028,0.675,240224000.0,290275000.0,0.069,290275000.0,240224000.0,222001000.0,0.74,0.74,0.74,3412152000.0,,3412152000.0,14864666255.0,14.0,12.2,234382000.0,1.599,1.0,1284075000.0,0.305,3554380000.0,18223000.0,6314086000.0,,3771089000.0,0.0,0.0,0.0,8948225000.0,5474025000.0,3474200000.0,13929748255.0,104817000.0,-1205442000.0,-1640000.0,1176297000.0,-98958000.0,1073749000.0,-1243746000.0,0.0,272686000.0,2128000.0,108183000.0,108183000.0,108183000.0,0.0,0.0,0.026,1065235000.0,218840000.0,3634859000.0,0.912,4.082,22.585,22.675,936702000.0,0.0,95.01,0.854,0.857,2421563000.0,4049965000.0,4207076000.0,4207076000.0,0.0,,,,,3350000.0,1010434000.0,1.0,146613496.0,146624000.0,147185000.0,28.693,8858001000.0,40158000.0,113818000.0,193308000.0,60.413,1838868000.0
16,GPC,MRQ,2017-09-30,2017-09-30,2017-09-30,2021-10-21,-876934000.0,9494234000.0,,6316608000.0,3177626000.0,,23.025,-43086000.0,210082000.0,210082000.0,2869016000.0,158442000.0,1.315,1.807,1145000000.0,595000000.0,550000000.0,1145000000.0,0.0,40276000.0,0.0,0.028,0.675,255393000.0,295669000.0,0.072,295669000.0,255393000.0,246355000.0,1.08,1.08,1.08,3378235000.0,,3378235000.0,14971239863.0,14.0,12.224,153987000.0,1.05,1.0,1226890000.0,0.3,1713569000.0,9038000.0,3912916000.0,,3354178000.0,0.0,0.0,0.0,6104106000.0,4802667000.0,1301439000.0,14044384863.0,6937000.0,-49137000.0,-18376000.0,15000000.0,-99109000.0,-102760000.0,-92223000.0,0.0,197073000.0,4847000.0,158442000.0,158442000.0,158442000.0,0.0,0.0,0.039,975284000.0,251606000.0,3275155000.0,0.625,4.157,21.244,21.35,760213000.0,0.0,95.65,0.884,0.884,2155948000.0,4042404000.0,4095906000.0,4095906000.0,0.0,,,,,4567000.0,931500000.0,1.0,146830997.0,146720000.0,147222000.0,27.916,7780665000.0,122797000.0,87913000.0,76772000.0,53.031,1513941000.0
17,GPC,MRQ,2017-06-30,2017-06-30,2017-06-30,2021-10-21,-921389000.0,9412144000.0,,6301416000.0,3110728000.0,,22.356,-29289000.0,203145000.0,203145000.0,2860466000.0,189972000.0,1.312,1.858,1130000000.0,580000000.0,550000000.0,1130000000.0,0.0,39232000.0,0.0,0.029,0.675,304583000.0,343815000.0,0.084,343815000.0,304583000.0,297137000.0,1.29,1.29,1.29,3288124000.0,,3288124000.0,14519352202.0,13.0,11.54,214175000.0,1.456,1.0,1239712000.0,0.302,1677748000.0,7446000.0,3860084000.0,,3330189000.0,0.0,0.0,0.0,6110801000.0,4801167000.0,1309634000.0,13672269202.0,25228000.0,-133980000.0,-61524000.0,105000000.0,-99824000.0,-57738000.0,-163269000.0,0.0,243464000.0,2771000.0,189972000.0,189972000.0,189972000.0,0.0,0.0,0.046,948721000.0,290991000.0,3302969000.0,0.523,4.158,19.873,19.991,740776000.0,0.0,92.76,0.869,0.867,2169970000.0,4001073000.0,4100178000.0,4100178000.0,0.0,,,,,4670000.0,906943000.0,1.0,147394019.0,147079000.0,147650000.0,27.877,7734396000.0,126299000.0,107165000.0,76556000.0,52.587,1500249000.0
18,GPC,MRQ,2017-03-31,2017-03-31,2017-03-31,2021-10-21,-950269000.0,9166826000.0,,6194062000.0,2972764000.0,,21.727,-24806000.0,177917000.0,177917000.0,2749920000.0,160160000.0,1.352,1.844,1025000000.0,475000000.0,550000000.0,1025000000.0,0.0,38132000.0,0.0,0.029,0.675,250554000.0,288686000.0,0.074,288686000.0,250554000.0,243775000.0,1.08,1.08,1.08,3218973000.0,,3218973000.0,14343787980.0,13.0,11.472,77014000.0,0.52,1.0,1155721000.0,0.296,1608466000.0,6779000.0,3825610000.0,,3287042000.0,0.0,0.0,0.0,5934482000.0,4579833000.0,1354649000.0,13711666980.0,-64962000.0,-106236000.0,-91984000.0,150000000.0,-97584000.0,-41192000.0,-131042000.0,0.0,101820000.0,5452000.0,160160000.0,160160000.0,160160000.0,0.0,0.0,0.041,918616000.0,237105000.0,3230985000.0,0.625,4.26,19.89,19.959,737206000.0,0.0,92.41,0.883,0.882,2084871000.0,3964184000.0,3905641000.0,3905641000.0,0.0,,,,,1171000.0,877356000.0,1.0,148378606.0,148154000.0,148788000.0,26.362,7558360000.0,129539000.0,83615000.0,114598000.0,51.017,1614229000.0
19,GPC,MRQ,2016-12-31,2016-12-31,2016-12-31,2021-10-21,-1013021000.0,8859400000.0,,5948431000.0,2910969000.0,,21.51,-45182000.0,242879000.0,242879000.0,2648982000.0,152520000.0,1.402,1.77,875000000.0,325000000.0,550000000.0,875000000.0,0.0,39240000.0,0.0,0.028,0.657,257370000.0,296610000.0,0.078,296610000.0,257370000.0,236286000.0,1.03,1.03,1.03,3193728000.0,,3193728000.0,14760179005.0,13.0,11.875,159544000.0,1.075,1.0,1131083000.0,0.299,1574663000.0,21084000.0,3672708000.0,,3210320000.0,0.0,0.0,0.0,5652044000.0,4244150000.0,1407894000.0,14210356005.0,17702000.0,-96622000.0,-37607000.0,100000000.0,-97954000.0,-38220000.0,-141804000.0,0.0,204726000.0,-7000000.0,152520000.0,152520000.0,152520000.0,0.0,0.0,0.04,920503000.0,210580000.0,3081111000.0,0.638,4.449,20.677,20.725,728124000.0,0.0,95.54,0.926,0.928,1938562000.0,4001734000.0,3780065000.0,3780065000.0,0.0,,,,,2811000.0,869748000.0,1.0,148737241.0,148475000.0,149144000.0,25.459,7284737000.0,132652000.0,83766000.0,48326000.0,49.064,1704281000.0
20,GPC,MRQ,2016-09-30,2016-09-30,2016-09-30,2021-10-21,-865510000.0,8749372000.0,,5908482000.0,2840890000.0,,22.312,-36939000.0,225177000.0,225177000.0,2743142000.0,185326000.0,1.342,1.63,775000000.0,475000000.0,300000000.0,775000000.0,0.0,37682000.0,0.0,0.026,0.657,291357000.0,329039000.0,0.083,329039000.0,291357000.0,291357000.0,1.24,1.24,1.24,3322212000.0,,3322212000.0,15499771945.0,14.0,12.248,173921000.0,1.168,1.0,1198601000.0,0.304,1550435000.0,0.0,3347229000.0,,3146157000.0,0.0,0.0,0.0,5414078000.0,4401531000.0,1012547000.0,14958398945.0,-8450000.0,-60110000.0,-24413000.0,0.0,-97975000.0,-122768000.0,-97049000.0,0.0,210860000.0,507000.0,185326000.0,185326000.0,185326000.0,0.0,0.0,0.047,907244000.0,291357000.0,3099438000.0,0.53,4.503,21.492,21.602,688851000.0,0.0,100.45,0.981,0.981,2032548000.0,3983984000.0,3941743000.0,3941743000.0,0.0,,,,,2425000.0,869562000.0,1.0,148913877.0,148899000.0,149727000.0,26.473,7198937000.0,109679000.0,106031000.0,84066000.0,48.348,1506951000.0
21,GPC,MRQ,2016-06-30,2016-06-30,2016-06-30,2021-10-21,-882165000.0,8634109000.0,,5866142000.0,2767967000.0,,21.694,-38041000.0,233627000.0,233627000.0,2734186000.0,191369000.0,1.331,1.663,775000000.0,525000000.0,250000000.0,775000000.0,0.0,35911000.0,0.0,0.025,0.657,300052000.0,335963000.0,0.086,335963000.0,300052000.0,300052000.0,1.28,1.28,1.28,3237619000.0,,3237619000.0,15644204280.0,14.0,12.306,357406000.0,2.395,1.0,1165452000.0,0.299,1478298000.0,0.0,3291014000.0,,3062673000.0,0.0,0.0,0.0,5383880000.0,4406170000.0,977710000.0,15149339280.0,28492000.0,-231810000.0,-72966000.0,75000000.0,-98338000.0,-96949000.0,-269851000.0,0.0,395447000.0,-155000.0,191369000.0,191369000.0,191369000.0,0.0,0.0,0.049,865400000.0,300052000.0,3075769000.0,0.513,4.679,21.683,21.774,685385000.0,0.0,101.25,0.995,0.993,2031094000.0,3920775000.0,3899638000.0,3899638000.0,0.0,,,,,3357000.0,829489000.0,1.0,149623104.0,149241000.0,150029000.0,26.13,7155811000.0,112316000.0,108683000.0,80159000.0,47.948,1459972000.0
22,GPC,MRQ,2016-03-31,2016-03-31,2016-03-31,2021-10-21,-862519000.0,8450527000.0,,5770268000.0,2680259000.0,,21.603,-11670000.0,205135000.0,205135000.0,2613796000.0,158025000.0,1.37,1.611,700000000.0,450000000.0,250000000.0,700000000.0,0.0,34654000.0,0.0,0.025,0.657,246645000.0,281299000.0,0.076,281299000.0,246645000.0,246645000.0,1.06,1.05,1.06,3231730000.0,,3231730000.0,15269238817.0,13.0,11.919,123375000.0,0.825,1.0,1104471000.0,0.297,1412985000.0,0.0,3320481000.0,,3074641000.0,0.0,0.0,0.0,5206815000.0,4211926000.0,994889000.0,14855869817.0,-6496000.0,-73625000.0,-46431000.0,75000000.0,-92596000.0,-64469000.0,-85295000.0,0.0,135045000.0,8223000.0,158025000.0,158025000.0,158025000.0,0.0,0.0,0.042,857826000.0,246645000.0,2961318000.0,0.62,4.597,21.142,21.368,648204000.0,0.0,99.36,0.973,0.974,1981651000.0,3899582000.0,3718267000.0,3718267000.0,0.0,,,,,-895000.0,823172000.0,1.0,149515598.0,149593000.0,150342000.0,24.856,7037542000.0,114917000.0,88620000.0,96873000.0,47.045,1558342000.0
23,GPC,MRQ,2015-12-31,2015-12-31,2015-12-31,2021-10-21,-930618000.0,8144771000.0,,5555316000.0,2589455000.0,,20.902,-38932000.0,211631000.0,211631000.0,2586312000.0,161273000.0,1.41,1.584,625000000.0,375000000.0,250000000.0,625000000.0,0.0,35911000.0,0.0,0.029,0.615,283270000.0,319181000.0,0.087,319181000.0,283270000.0,261608000.0,1.07,1.07,1.07,3146567000.0,,3146567000.0,13374759309.0,12.0,10.392,224454000.0,1.491,1.0,1095478000.0,0.298,1361795000.0,21662000.0,3255691000.0,,2999966000.0,0.0,0.0,0.0,4985529000.0,3940654000.0,1044875000.0,12949053309.0,12337000.0,-47287000.0,-67100000.0,0.0,-92905000.0,-161904000.0,-86219000.0,0.0,263386000.0,-2926000.0,161273000.0,161273000.0,161273000.0,0.0,0.0,0.044,833137000.0,262341000.0,2821526000.0,0.575,4.115,18.35,18.471,648217000.0,0.0,85.89,0.847,0.853,1822419000.0,3885751000.0,3681790000.0,3681790000.0,0.0,,,,,2492000.0,784853000.0,1.0,150763224.0,150539000.0,151314000.0,24.457,6782976000.0,118525000.0,100335000.0,50684000.0,45.058,1614662000.0
24,GPC,MRQ,2015-09-30,2015-09-30,2015-09-30,2021-10-21,-914586000.0,8203128000.0,,5623482000.0,2579646000.0,,20.87,-24530000.0,199294000.0,199294000.0,2752577000.0,188016000.0,1.494,1.593,625000000.0,125000000.0,500000000.0,625000000.0,0.0,34277000.0,0.0,0.029,0.615,300575000.0,334852000.0,0.085,334852000.0,300575000.0,300575000.0,1.24,1.24,1.24,3158786000.0,,3158786000.0,13192056716.0,11.0,10.164,417349000.0,2.757,1.0,1169225000.0,0.298,1328431000.0,0.0,3536335000.0,,2967724000.0,0.0,0.0,0.0,5032104000.0,3764068000.0,1268036000.0,12565896716.0,-24546000.0,-35274000.0,-79956000.0,-225000000.0,-93496000.0,-398487000.0,-59804000.0,0.0,441879000.0,-8134000.0,188016000.0,188016000.0,188016000.0,0.0,0.0,0.048,868650000.0,300575000.0,2851022000.0,0.496,3.978,17.699,17.826,628461000.0,0.0,82.89,0.815,0.814,1963158000.0,3883403000.0,3921802000.0,3921802000.0,0.0,,,,,4855000.0,834372000.0,1.0,151597258.0,151354000.0,152143000.0,25.911,6874697000.0,136618000.0,112559000.0,69062000.0,45.421,1859414000.0
25,GPC,MRQ,2015-06-30,2015-06-30,2015-06-30,2021-10-21,-809501000.0,8413633000.0,,5763520000.0,2650113000.0,,21.322,-21037000.0,223840000.0,223840000.0,2762071000.0,195373000.0,1.49,1.59,850000000.0,350000000.0,500000000.0,850000000.0,0.0,35603000.0,0.0,0.027,0.615,310117000.0,345720000.0,0.088,345720000.0,310117000.0,310117000.0,1.28,1.28,1.28,3243815000.0,,3243815000.0,14353702559.0,12.0,11.073,310559000.0,2.041,1.0,1178330000.0,0.299,1382766000.0,0.0,3789405000.0,,3025165000.0,0.0,0.0,0.0,5158135000.0,3867622000.0,1290513000.0,13626500559.0,57345000.0,-50011000.0,-60967000.0,-47877000.0,-93844000.0,-203232000.0,-71048000.0,0.0,331596000.0,29000.0,195373000.0,195373000.0,195373000.0,0.0,0.0,0.05,868213000.0,310117000.0,2743444000.0,0.48,4.201,19.126,19.212,640534000.0,0.0,89.53,0.88,0.88,2008445000.0,3867298000.0,3940401000.0,3940401000.0,0.0,,,,,3764000.0,832610000.0,1.0,152200386.0,152134000.0,152989000.0,25.901,7030867000.0,139928000.0,114744000.0,69497000.0,46.215,1895898000.0
26,GPC,MRQ,2015-03-31,2015-03-31,2015-03-31,2021-10-21,-827682000.0,8238355000.0,,5634699000.0,2603656000.0,,20.831,-16427000.0,166495000.0,166495000.0,2623232000.0,161010000.0,1.499,1.587,893697000.0,393697000.0,500000000.0,893697000.0,0.0,35884000.0,0.0,0.025,0.615,251381000.0,287265000.0,0.077,287265000.0,251381000.0,251381000.0,1.05,1.05,1.05,3179938000.0,,3179938000.0,14857797373.0,13.0,11.45,106085000.0,0.695,1.0,1112819000.0,0.298,1346336000.0,0.0,3859860000.0,,3007295000.0,0.0,0.0,0.0,5047313000.0,3759361000.0,1287952000.0,14230061373.0,28765000.0,-30129000.0,-84252000.0,129910000.0,-88039000.0,-42451000.0,-46556000.0,0.0,122512000.0,-4740000.0,161010000.0,161010000.0,161010000.0,0.0,0.0,0.043,861438000.0,251381000.0,2608491000.0,0.586,4.475,19.907,19.955,646116000.0,0.0,93.19,0.921,0.921,1978233000.0,3825716000.0,3736051000.0,3736051000.0,0.0,,,,,-418000.0,825554000.0,1.0,152699446.0,152656000.0,153574000.0,24.474,6892019000.0,144112000.0,90371000.0,94151000.0,45.147,1875338000.0
27,GPC,MRQ,2014-12-31,2014-12-31,2014-12-31,2021-10-21,-720211000.0,8246238000.0,,5592525000.0,2653713000.0,,21.578,-25030000.0,137730000.0,137730000.0,2675913000.0,165559000.0,1.56,1.495,765466000.0,265466000.0,500000000.0,765466000.0,0.0,39690000.0,0.0,0.022,0.575,290392000.0,330082000.0,0.086,330082000.0,290392000.0,265304000.0,1.08,1.08,1.08,3301248000.0,,3301248000.0,16989789764.0,15.0,13.159,175792000.0,1.149,1.0,1146541000.0,0.3,1386590000.0,25088000.0,3903269000.0,,3043848000.0,0.0,0.0,0.0,4933874000.0,3584115000.0,1349759000.0,16289932764.0,2193000.0,-12605000.0,-400000.0,-65907000.0,-87906000.0,-157501000.0,-37635000.0,0.0,200822000.0,-3493000.0,165559000.0,165559000.0,165559000.0,0.0,0.0,0.043,874750000.0,271791000.0,2554759000.0,0.532,4.934,22.902,22.968,670102000.0,0.0,106.57,1.062,1.065,1872365000.0,3841932000.0,3822454000.0,3822454000.0,0.0,,,,,-6899000.0,827868000.0,1.0,152856646.0,152993000.0,154111000.0,24.985,6859648000.0,145331000.0,99745000.0,72479000.0,44.836,2008410000.0
28,GPC,MRQ,2014-09-30,2014-09-30,2014-09-30,2021-10-21,-446854000.0,8341457000.0,,5585377000.0,2756080000.0,,22.855,-33862000.0,135537000.0,135537000.0,2802487000.0,190516000.0,1.536,1.382,835394000.0,335394000.0,500000000.0,835394000.0,0.0,34983000.0,0.0,0.026,0.575,298283000.0,333266000.0,0.084,333266000.0,298283000.0,298283000.0,1.25,1.24,1.25,3497175000.0,,3497175000.0,14080900491.0,13.0,11.179,188359000.0,1.231,1.0,1183422000.0,0.297,1444356000.0,0.0,3961176000.0,,3014102000.0,0.0,0.0,0.0,4833309000.0,3635782000.0,1197527000.0,13427405491.0,-17326000.0,-96406000.0,-41777000.0,25525000.0,-88194000.0,-104637000.0,-130268000.0,0.0,222221000.0,-4642000.0,190516000.0,190516000.0,190516000.0,0.0,0.0,0.048,885139000.0,298283000.0,2549193000.0,0.46,3.84,19.287,19.319,662253000.0,0.0,87.71,0.893,0.893,1976056000.0,3764807000.0,3985909000.0,3985909000.0,0.0,,,,,3465000.0,850156000.0,1.0,153088650.0,153018000.0,154098000.0,26.049,6897101000.0,90539000.0,107767000.0,104171000.0,45.074,1949595000.0
29,GPC,MRQ,2014-06-30,2014-06-30,2014-06-30,2021-10-21,-351415000.0,8251548000.0,,5512361000.0,2739187000.0,,22.984,-21536000.0,152863000.0,152863000.0,2729219000.0,197727000.0,1.572,1.336,806358000.0,306358000.0,500000000.0,806358000.0,0.0,36784000.0,0.0,0.025,0.575,310180000.0,346964000.0,0.089,346964000.0,310180000.0,310180000.0,1.29,1.28,1.29,3527170000.0,,3527170000.0,14282727141.0,13.0,11.581,285787000.0,1.862,1.0,1179168000.0,0.302,1432862000.0,0.0,3965327000.0,,2987143000.0,0.0,0.0,0.0,4714054000.0,3506854000.0,1207200000.0,13486443141.0,49391000.0,-22036000.0,-31060000.0,-96964000.0,-88421000.0,-216621000.0,-43572000.0,0.0,307323000.0,2261000.0,197727000.0,197727000.0,197727000.0,0.0,0.0,0.051,868988000.0,310180000.0,2489570000.0,0.446,3.824,19.85,19.909,661304000.0,0.0,87.8,0.915,0.914,1909268000.0,3703462000.0,3908387000.0,3908387000.0,0.0,,,,,2940000.0,832205000.0,1.0,153604136.0,153463000.0,154532000.0,25.468,6818686000.0,89196000.0,112453000.0,108223000.0,44.432,2005507000.0
30,GPC,MRQ,2014-03-31,2014-03-31,2014-03-31,2021-10-21,-393762000.0,7982374000.0,,5346431000.0,2635943000.0,,22.128,-18387000.0,103472000.0,103472000.0,2540267000.0,157484000.0,1.562,1.344,899756000.0,399756000.0,500000000.0,899756000.0,0.0,36856000.0,0.0,0.025,0.575,243972000.0,280828000.0,0.077,280828000.0,243972000.0,243972000.0,1.02,1.02,1.02,3401762000.0,,3401762000.0,13918973449.0,13.0,11.244,41392000.0,0.269,1.0,1084630000.0,0.299,1409812000.0,0.0,3946108000.0,,2974306000.0,0.0,0.0,0.0,4571165000.0,3422738000.0,1148427000.0,13351208449.0,-93421000.0,-156853000.0,-22709000.0,129408000.0,-82750000.0,23319000.0,-175240000.0,0.0,59779000.0,-1279000.0,157484000.0,157484000.0,157484000.0,0.0,0.0,0.043,840658000.0,243972000.0,2335327000.0,0.564,3.925,19.126,19.215,664689000.0,0.0,86.85,0.921,0.921,1828309000.0,3624642000.0,3624897000.0,3624897000.0,0.0,,,,,-1033000.0,803802000.0,1.0,153727213.0,153729000.0,154796000.0,23.58,6572562000.0,92539000.0,86488000.0,164408000.0,42.754,1923693000.0
31,GPC,MRQ,2013-12-31,2013-12-31,2013-12-31,2021-10-21,-397655000.0,7680297000.0,,5221491000.0,2458806000.0,,21.742,-29260000.0,196893000.0,196893000.0,2425660000.0,150467000.0,1.64,1.29,764658000.0,264658000.0,500000000.0,764658000.0,0.0,35885000.0,0.0,0.026,0.537,262664000.0,298549000.0,0.085,298549000.0,262664000.0,235693000.0,0.98,0.97,0.98,3349074000.0,,3349074000.0,13354001302.0,12.0,11.08,189986000.0,1.233,1.0,1092141000.0,0.31,1289356000.0,26971000.0,3775662000.0,,2946021000.0,0.0,0.0,0.0,4321529000.0,3183044000.0,1138485000.0,12840975302.0,-123977000.0,-98064000.0,-48935000.0,-79750000.0,-82955000.0,-212170000.0,-127324000.0,0.0,219246000.0,-3729000.0,150467000.0,150467000.0,150467000.0,0.0,0.0,0.043,851508000.0,240633000.0,2269671000.0,0.548,3.834,18.747,18.779,670061000.0,0.0,83.19,0.912,0.914,1664819000.0,3578021000.0,3517801000.0,3517801000.0,0.0,,,,,2831000.0,806932000.0,1.0,154357198.0,154039000.0,155105000.0,22.837,6390941000.0,97555000.0,85226000.0,83316000.0,41.489,2038447000.0
32,GPC,MRQ,2013-09-30,2013-09-30,2013-09-30,2021-10-21,-581652000.0,7943903000.0,,5295475000.0,2648428000.0,,20.335,-33339000.0,320870000.0,320870000.0,2584320000.0,173746000.0,1.533,1.524,833896000.0,583896000.0,250000000.0,833896000.0,0.0,35220000.0,0.0,0.026,0.537,271746000.0,306966000.0,0.083,306966000.0,271746000.0,271746000.0,1.12,1.12,1.12,3143061000.0,,3143061000.0,13229909190.0,12.0,10.987,337068000.0,2.181,1.0,1100923000.0,0.299,1280182000.0,0.0,3722653000.0,,2832108000.0,0.0,0.0,0.0,4790728000.0,3454094000.0,1336634000.0,12526577190.0,124100000.0,-18004000.0,-45420000.0,-66206000.0,-83354000.0,-195735000.0,-51343000.0,0.0,370407000.0,771000.0,173746000.0,173746000.0,173746000.0,0.0,0.0,0.047,829177000.0,271746000.0,2213190000.0,0.479,3.985,18.031,18.056,648503000.0,0.0,80.89,0.916,0.914,1759517000.0,3570356000.0,3685243000.0,3685243000.0,0.0,,,,,867000.0,793957000.0,1.0,154859404.0,154567000.0,155663000.0,23.842,6663721000.0,257571000.0,98000000.0,109760000.0,43.112,1841381000.0
33,GPC,MRQ,2013-06-30,2013-06-30,2013-06-30,2021-10-21,-600223000.0,7660313000.0,,5107741000.0,2552572000.0,,19.841,-37883000.0,196770000.0,196770000.0,2570889000.0,216357000.0,1.537,1.487,900102000.0,650102000.0,250000000.0,900102000.0,0.0,36853000.0,0.0,0.026,0.537,314728000.0,351581000.0,0.096,351581000.0,314728000.0,314728000.0,1.4,1.39,1.4,3076371000.0,,3076371000.0,12171077190.0,11.0,10.191,312817000.0,2.018,1.0,1105108000.0,0.301,1270447000.0,0.0,3770251000.0,,2799150000.0,0.0,0.0,0.0,4574174000.0,3322947000.0,1251227000.0,12098229190.0,-645124000.0,-589360000.0,-26208000.0,-244190000.0,-83267000.0,-354618000.0,-627243000.0,0.0,350700000.0,-13963000.0,216357000.0,216357000.0,216357000.0,0.0,0.0,0.059,790380000.0,314728000.0,2064878000.0,0.384,3.933,17.435,17.465,642955000.0,0.0,78.07,0.905,0.905,1759176000.0,3521735000.0,3675997000.0,3675997000.0,0.0,,,,,-2592000.0,753527000.0,1.0,154966430.0,155050000.0,156144000.0,23.708,6389866000.0,179850000.0,98371000.0,10865000.0,41.212,1784794000.0
34,GPC,MRQ,2013-03-31,2013-03-31,2013-03-31,2021-10-21,-497934000.0,7338462000.0,,5351604000.0,1986858000.0,,19.784,-12924000.0,841894000.0,841894000.0,2277054000.0,144389000.0,1.77,1.391,914742000.0,664742000.0,250000000.0,914742000.0,0.0,25999000.0,0.0,0.026,0.537,222137000.0,248136000.0,0.078,248136000.0,222137000.0,222137000.0,0.93,0.93,0.93,3064349000.0,,3064349000.0,12176610014.0,12.0,10.73,103454000.0,0.668,1.0,921748000.0,0.288,492756000.0,0.0,3895240000.0,,2560077000.0,0.0,0.0,0.0,4264019000.0,3023314000.0,1240705000.0,12079705014.0,438799000.0,-6745000.0,-110000.0,414742000.0,-76641000.0,337406000.0,-19669000.0,0.0,116378000.0,4684000.0,144389000.0,144389000.0,144389000.0,0.0,0.0,0.045,699611000.0,222137000.0,1800726000.0,0.577,3.942,18.694,18.795,581279000.0,0.0,78.0,0.927,0.927,1624954000.0,3407317000.0,3198802000.0,3198802000.0,0.0,,,,,-1363000.0,673612000.0,1.0,154868013.0,154891000.0,155931000.0,20.652,6845706000.0,273488000.0,77748000.0,68375000.0,44.197,2328290000.0
35,GPC,MRQ,2012-12-31,2012-12-31,2012-12-31,2021-10-21,-501492000.0,6807061000.0,,4820131000.0,1986930000.0,,19.348,-21856000.0,403095000.0,403095000.0,2208308000.0,160225000.0,1.938,1.267,500000000.0,250000000.0,250000000.0,500000000.0,0.0,25054000.0,0.0,0.031,0.495,272408000.0,297462000.0,0.095,297462000.0,272408000.0,251926000.0,1.03,1.03,1.03,2997887000.0,,2997887000.0,9965085866.0,10.0,8.758,119762000.0,0.773,1.0,910658000.0,0.292,497839000.0,20482000.0,3918489000.0,,2602560000.0,0.0,0.0,0.0,3798882000.0,2487638000.0,1311244000.0,9863203866.0,4977000.0,-13006000.0,-30061000.0,0.0,-76813000.0,-101087000.0,-34862000.0,0.0,141618000.0,-692000.0,160225000.0,160225000.0,160225000.0,0.0,0.0,0.051,662533000.0,248125000.0,1681900000.0,0.481,3.29,15.22,15.247,566365000.0,0.0,63.58,0.758,0.759,1490028000.0,3344538000.0,3118966000.0,3118966000.0,0.0,,,,,870000.0,629432000.0,1.0,155130605.0,154948000.0,155862000.0,20.129,6309222000.0,279463000.0,91701000.0,4354000.0,40.718,2332493000.0
36,GPC,MRQ,2012-09-30,2012-09-30,2012-09-30,2021-10-21,-420845000.0,6445882000.0,,4664575000.0,1781307000.0,,19.696,-20259000.0,398118000.0,398118000.0,2399742000.0,172943000.0,2.22,1.106,500000000.0,0.0,500000000.0,500000000.0,0.0,25609000.0,0.0,0.032,0.495,271533000.0,297142000.0,0.088,297142000.0,271533000.0,271533000.0,1.11,1.11,1.11,3055803000.0,,3055803000.0,9794222871.0,10.0,8.908,323248000.0,2.083,1.0,976036000.0,0.289,504192000.0,0.0,3941955000.0,,2351321000.0,0.0,0.0,0.0,3379713000.0,2101617000.0,1278096000.0,9465799871.0,226541000.0,-19477000.0,-3793000.0,0.0,-76983000.0,-79816000.0,-39736000.0,0.0,343507000.0,2586000.0,172943000.0,172943000.0,172943000.0,0.0,0.0,0.051,704503000.0,271533000.0,1754253000.0,0.446,3.098,15.199,15.258,560900000.0,0.0,61.03,0.733,0.733,1606297000.0,3321517000.0,3375778000.0,3375778000.0,0.0,,,,,934000.0,678894000.0,1.0,155100768.0,155147000.0,156135000.0,21.759,5941690000.0,232845000.0,98590000.0,26682000.0,38.297,2562958000.0
37,GPC,MRQ,2012-06-30,2012-06-30,2012-06-30,2021-10-21,-458444000.0,6184929000.0,,4423375000.0,1761554000.0,,18.759,-34479000.0,171577000.0,171577000.0,2365550000.0,168618000.0,2.236,1.113,500000000.0,0.0,500000000.0,500000000.0,0.0,24735000.0,0.0,0.031,0.495,267305000.0,292040000.0,0.087,292040000.0,267305000.0,267305000.0,1.08,1.08,1.08,2921809000.0,,2921809000.0,9469146511.0,10.0,8.842,214537000.0,1.377,1.0,972286000.0,0.291,498288000.0,0.0,4036808000.0,,2333592000.0,0.0,0.0,0.0,3253107000.0,1978256000.0,1274851000.0,9393570511.0,-252847000.0,-336983000.0,-54719000.0,0.0,-77168000.0,-129829000.0,-371462000.0,0.0,249016000.0,-572000.0,168618000.0,168618000.0,168618000.0,0.0,0.0,0.051,704981000.0,267305000.0,1599695000.0,0.458,3.215,15.613,15.609,567013000.0,0.0,60.25,0.733,0.732,1605696000.0,3225152000.0,3337836000.0,3337836000.0,0.0,,,,,1511000.0,680246000.0,1.0,155909884.0,155753000.0,156772000.0,21.43,5686641000.0,240261000.0,98687000.0,32789000.0,36.511,2445119000.0
38,GPC,MRQ,2012-03-31,2012-03-31,2012-03-31,2021-10-21,-453519000.0,6095829000.0,,4601546000.0,1494283000.0,,18.513,-16889000.0,424424000.0,424424000.0,2262177000.0,146255000.0,2.383,1.11,500000000.0,0.0,500000000.0,500000000.0,0.0,22985000.0,0.0,0.029,0.495,228168000.0,251153000.0,0.079,251153000.0,228168000.0,228168000.0,0.94,0.93,0.94,2884509000.0,,2884509000.0,9749668806.0,10.0,9.344,155408000.0,0.997,1.0,919111000.0,0.289,292893000.0,0.0,3947143000.0,,2264398000.0,0.0,0.0,0.0,3201835000.0,1931369000.0,1270466000.0,9774722806.0,-100630000.0,-188918000.0,-296000.0,0.0,-70019000.0,-68102000.0,-205807000.0,0.0,172297000.0,982000.0,146255000.0,146255000.0,146255000.0,0.0,0.0,0.046,690943000.0,228168000.0,1559874000.0,0.527,3.389,16.713,16.733,500845000.0,0.0,62.75,0.772,0.772,1605469000.0,3182118000.0,3181288000.0,3181288000.0,0.0,,,,,-3586000.0,667958000.0,1.0,155772475.0,155810000.0,156949000.0,20.418,5802936000.0,246590000.0,81913000.0,86266000.0,37.244,2670177000.0
39,GPC,MRQ,2011-12-31,2011-12-31,2011-12-31,2021-10-21,-482038000.0,6202774000.0,,4754710000.0,1448064000.0,,17.64,-30629000.0,525054000.0,525054000.0,2121535000.0,134957000.0,2.363,1.257,500000000.0,0.0,500000000.0,500000000.0,0.0,21998000.0,0.0,0.029,0.45,237211000.0,259209000.0,0.086,259209000.0,237211000.0,210175000.0,0.87,0.86,0.87,2744007000.0,,2744007000.0,9491187692.0,10.0,9.427,96890000.0,0.623,1.0,892600000.0,0.296,279775000.0,27036000.0,3885397000.0,,2440111000.0,0.0,0.0,0.0,3449183000.0,2012548000.0,1436635000.0,9525988692.0,-9747000.0,-31807000.0,-11406000.0,0.0,-70133000.0,-78629000.0,-62436000.0,0.0,127519000.0,3799000.0,134957000.0,134957000.0,134957000.0,0.0,0.0,0.045,663747000.0,228853000.0,1440762000.0,0.517,3.472,16.857,16.953,500204000.0,0.0,61.2,0.765,0.77,1461011000.0,3070394000.0,3014135000.0,3014135000.0,0.0,,,,,-1198000.0,628501000.0,1.0,155653410.0,155552000.0,156673000.0,19.377,5922999000.0,261608000.0,75218000.0,21081000.0,38.077,2742162000.0
40,GPC,MRQ,2011-09-30,2011-09-30,2011-09-30,2021-10-21,-325392000.0,5784718000.0,,4646313000.0,1138405000.0,,18.448,-22184000.0,534801000.0,534801000.0,2337028000.0,151832000.0,2.074,1.004,500000000.0,250000000.0,250000000.0,500000000.0,0.0,21465000.0,0.0,0.035,0.45,247100000.0,268565000.0,0.082,268565000.0,247100000.0,247100000.0,0.97,0.97,0.97,2881728000.0,,2881728000.0,7947032755.0,9.0,8.077,225273000.0,1.442,1.0,948532000.0,0.289,277924000.0,0.0,3231333000.0,,2250309000.0,0.0,0.0,0.0,2893327000.0,2240660000.0,652667000.0,7963760755.0,18073000.0,-67003000.0,-57607000.0,0.0,-70686000.0,-127649000.0,-89187000.0,0.0,247457000.0,-12548000.0,151832000.0,151832000.0,151832000.0,0.0,0.0,0.046,701432000.0,247100000.0,1587326000.0,0.464,2.764,14.511,14.556,479547000.0,0.0,50.8,0.65,0.648,1531046000.0,3051467000.0,3285560000.0,3285560000.0,0.0,,,,,1168000.0,679967000.0,1.0,156766944.0,156206000.0,157148000.0,21.034,5506794000.0,153319000.0,95268000.0,44812000.0,35.253,2405653000.0
41,GPC,MRQ,2011-06-30,2011-06-30,2011-06-30,2021-10-21,-258480000.0,5717001000.0,,4633291000.0,1083710000.0,,18.582,-27214000.0,516728000.0,516728000.0,2268870000.0,151812000.0,2.199,0.953,500000000.0,250000000.0,250000000.0,500000000.0,0.0,22928000.0,0.0,0.032,0.45,241551000.0,264479000.0,0.083,264479000.0,241551000.0,241551000.0,0.97,0.96,0.97,2922024000.0,,2922024000.0,8592383011.0,10.0,9.045,169326000.0,1.077,1.0,916114000.0,0.288,227935000.0,0.0,3364923000.0,,2251595000.0,0.0,0.0,0.0,2785705000.0,2107415000.0,678290000.0,8558265011.0,50846000.0,-4223000.0,-45628000.0,0.0,-70950000.0,-115305000.0,-31437000.0,0.0,196540000.0,1048000.0,151812000.0,151812000.0,151812000.0,0.0,0.0,0.048,674563000.0,241551000.0,1492041000.0,0.464,2.929,16.185,16.19,486283000.0,0.0,54.4,0.718,0.718,1565889000.0,3023737000.0,3184984000.0,3184984000.0,0.0,,,,,2238000.0,651635000.0,1.0,157321048.0,157248000.0,158243000.0,20.255,5489066000.0,151042000.0,89739000.0,33520000.0,34.907,2525876000.0
42,GPC,MRQ,2011-03-31,2011-03-31,2011-03-31,2021-10-21,-270029000.0,5569520000.0,,4495229000.0,1074291000.0,,18.209,-14534000.0,465882000.0,465882000.0,2125404000.0,126515000.0,2.244,0.937,500000000.0,250000000.0,250000000.0,500000000.0,0.0,22545000.0,0.0,0.031,0.45,191980000.0,214525000.0,0.072,214525000.0,191980000.0,191980000.0,0.8,0.8,0.8,2870262000.0,,2870262000.0,8426729825.0,10.0,9.266,38877000.0,0.247,1.0,848794000.0,0.285,229276000.0,0.0,3370726000.0,,2236758000.0,0.0,0.0,0.0,2690652000.0,2003636000.0,687016000.0,8456697825.0,-64086000.0,-33903000.0,-8486000.0,0.0,-64600000.0,-72557000.0,-48437000.0,0.0,53411000.0,3497000.0,126515000.0,126515000.0,126515000.0,0.0,0.0,0.043,656814000.0,191980000.0,1369542000.0,0.562,2.946,16.866,16.868,479816000.0,0.0,53.64,0.73,0.73,1490744000.0,2982748000.0,2974198000.0,2974198000.0,0.0,,,,,-17000.0,634269000.0,1.0,157656559.0,157633000.0,158656000.0,18.868,5340244000.0,155543000.0,65465000.0,74661000.0,33.878,2491593000.0
43,GPC,MRQ,2010-12-31,2010-12-31,2010-12-31,2021-10-21,-298352000.0,5465044000.0,,4414887000.0,1050157000.0,,17.734,-22772000.0,529968000.0,529968000.0,1990600000.0,118650000.0,2.239,0.953,500000000.0,250000000.0,250000000.0,500000000.0,0.0,21910000.0,0.0,0.032,0.41,214447000.0,236357000.0,0.084,236357000.0,214447000.0,186386000.0,0.75,0.75,0.75,2793819000.0,,2793819000.0,8056102295.0,10.0,9.163,87469000.0,0.555,1.0,817128000.0,0.291,209548000.0,28061000.0,3253714000.0,,2224717000.0,0.0,0.0,0.0,2662330000.0,1971814000.0,690516000.0,8087833295.0,-1763000.0,-7565000.0,-3661000.0,0.0,-64585000.0,-66495000.0,-30337000.0,0.0,110241000.0,-15172000.0,118650000.0,118650000.0,118650000.0,0.0,0.0,0.042,606177000.0,210951000.0,1374930000.0,0.547,2.895,17.009,17.056,484130000.0,0.0,51.34,0.722,0.724,1364406000.0,2934535000.0,2807728000.0,2807728000.0,0.0,,,,,591000.0,573670000.0,1.0,157534735.0,157537000.0,158059000.0,17.823,5255496000.0,157392000.0,67736000.0,23145000.0,33.36,2443073000.0
44,GPC,MRQ,2010-09-30,2010-09-30,2010-09-30,2021-10-21,-268502000.0,5413770000.0,,4391301000.0,1022469000.0,,17.574,-31019000.0,531731000.0,531731000.0,2097529000.0,131785000.0,2.552,0.952,500000000.0,0.0,500000000.0,500000000.0,0.0,22093000.0,0.0,0.037,0.41,212489000.0,234582000.0,0.08,234582000.0,212489000.0,212489000.0,0.84,0.83,0.84,2769188000.0,,2769188000.0,7116076242.0,9.0,8.31,184951000.0,1.174,1.0,853031000.0,0.289,207237000.0,0.0,3453917000.0,,2182413000.0,0.0,0.0,0.0,2635988000.0,1720885000.0,915103000.0,7027948242.0,119859000.0,-15387000.0,-4508000.0,0.0,-64686000.0,-68779000.0,-46406000.0,0.0,215970000.0,19074000.0,131785000.0,131785000.0,131785000.0,0.0,0.0,0.045,640542000.0,212489000.0,1371718000.0,0.488,2.538,15.411,15.429,478436000.0,0.0,44.59,0.646,0.646,1394870000.0,2880155000.0,2950560000.0,2950560000.0,0.0,,,,,1126000.0,618449000.0,1.0,157612654.0,157573000.0,157980000.0,18.725,5206533000.0,152248000.0,80704000.0,46144000.0,33.042,2670416000.0
45,GPC,MRQ,2010-06-30,2010-06-30,2010-06-30,2021-10-21,-308540000.0,5219360000.0,,4210497000.0,1008863000.0,,16.836,-18062000.0,411872000.0,411872000.0,2024876000.0,124467000.0,2.673,0.956,500000000.0,0.0,500000000.0,500000000.0,0.0,23186000.0,0.0,0.041,0.41,200793000.0,223979000.0,0.079,223979000.0,200793000.0,200793000.0,0.79,0.78,0.79,2664500000.0,,2664500000.0,6430826809.0,9.0,7.89,194745000.0,1.231,1.0,822310000.0,0.289,201326000.0,0.0,3530789000.0,,2164548000.0,0.0,0.0,0.0,2546153000.0,1575373000.0,970780000.0,6264363809.0,78335000.0,-1921000.0,-51028000.0,0.0,-65083000.0,-115026000.0,-19983000.0,0.0,212807000.0,537000.0,124467000.0,124467000.0,124467000.0,0.0,0.0,0.044,621517000.0,200793000.0,1286681000.0,0.519,2.351,14.505,14.504,469150000.0,0.0,39.45,0.595,0.593,1353918000.0,2815427000.0,2847186000.0,2847186000.0,0.0,,,,,957000.0,598331000.0,1.0,158792492.0,158260000.0,158662000.0,17.991,5018034000.0,164657000.0,76326000.0,35494000.0,31.708,2635124000.0
46,GPC,MRQ,2010-03-31,2010-03-31,2010-03-31,2021-10-21,-283579000.0,5168762000.0,,4146231000.0,1022531000.0,,16.864,-9850000.0,333537000.0,333537000.0,1841640000.0,100609000.0,2.738,0.927,500000000.0,0.0,500000000.0,500000000.0,0.0,22143000.0,0.0,0.038,0.41,162115000.0,184258000.0,0.071,184258000.0,162115000.0,162115000.0,0.63,0.63,0.63,2677582000.0,,2677582000.0,6866848596.0,10.0,8.809,129795000.0,0.817,1.0,760475000.0,0.292,204907000.0,0.0,3616189000.0,,2211457000.0,0.0,0.0,0.0,2483196000.0,1514129000.0,969067000.0,6703651596.0,-3266000.0,-65772000.0,-6725000.0,0.0,-63544000.0,-70269000.0,-75622000.0,0.0,139645000.0,2980000.0,100609000.0,100609000.0,100609000.0,0.0,0.0,0.039,598360000.0,162115000.0,1185177000.0,0.651,2.504,16.31,16.372,477269000.0,0.0,42.24,0.656,0.657,1323980000.0,2802369000.0,2602115000.0,2602115000.0,0.0,,,,,1091000.0,576217000.0,1.0,158703873.0,158771000.0,159179000.0,16.389,4963855000.0,167632000.0,61506000.0,78609000.0,31.264,2632102000.0
47,GPC,MRQ,2009-12-31,2009-12-31,2009-12-31,2021-10-21,-309897000.0,5004689000.0,,4032828000.0,971861000.0,,16.472,-8046000.0,336803000.0,336803000.0,1703754000.0,99167000.0,2.864,0.906,500000000.0,0.0,500000000.0,500000000.0,0.0,22917000.0,0.0,0.042,0.4,190626000.0,213543000.0,0.086,213543000.0,190626000.0,162741000.0,0.63,0.62,0.63,2621330000.0,,2621330000.0,6193466804.0,9.0,8.123,70749000.0,0.445,1.0,767460000.0,0.311,171532000.0,27885000.0,3588070000.0,,2214076000.0,0.0,0.0,0.0,2375317000.0,1408284000.0,967033000.0,6056599804.0,-26330000.0,-11156000.0,-26160000.0,0.0,-63819000.0,-90726000.0,-19202000.0,0.0,78795000.0,4803000.0,99167000.0,99167000.0,99167000.0,0.0,0.0,0.04,577931000.0,189529000.0,1094347000.0,0.635,2.311,15.158,15.124,485024000.0,0.0,37.96,0.602,0.602,1187075000.0,2772309000.0,2471214000.0,2471214000.0,0.0,,,,,2616000.0,526551000.0,1.0,159552155.0,159140000.0,159524000.0,15.529,4833157000.0,167722000.0,63574000.0,42988000.0,30.37,2624544000.0
48,GPC,MRQ,2009-09-30,2009-09-30,2009-09-30,2021-10-21,-313788000.0,4977241000.0,,4034291000.0,942950000.0,,16.34,-85216000.0,363133000.0,363133000.0,1841511000.0,107639000.0,2.793,0.906,500000000.0,0.0,500000000.0,500000000.0,0.0,22562000.0,0.0,0.042,0.4,170706000.0,193268000.0,0.074,193268000.0,170706000.0,170706000.0,0.67,0.67,0.67,2606895000.0,,2606895000.0,6333158462.0,10.0,8.409,192456000.0,1.206,1.0,765246000.0,0.294,171573000.0,0.0,3498024000.0,,2188133000.0,0.0,0.0,0.0,2362899000.0,1444511000.0,918388000.0,6071747462.0,124544000.0,-15642000.0,-5000.0,0.0,-63813000.0,-63755000.0,-100858000.0,0.0,277672000.0,11485000.0,107639000.0,107639000.0,107639000.0,0.0,0.0,0.041,594540000.0,170706000.0,1124276000.0,0.597,2.329,15.641,15.598,485647000.0,0.0,38.06,0.601,0.601,1250575000.0,2752450000.0,2606757000.0,2606757000.0,0.0,,,,,1907000.0,571978000.0,1.0,159530937.0,159541000.0,159876000.0,16.339,4805668000.0,152787000.0,63067000.0,56997000.0,30.122,2589780000.0
49,GPC,MRQ,2009-06-30,2009-06-30,2009-06-30,2021-10-21,-366973000.0,4854944000.0,,3916015000.0,938929000.0,,15.722,-22858000.0,238589000.0,238589000.0,1790190000.0,103610000.0,2.772,0.933,500000000.0,0.0,500000000.0,500000000.0,0.0,22411000.0,0.0,0.047,0.4,166050000.0,188461000.0,0.074,188461000.0,166050000.0,166050000.0,0.65,0.65,0.65,2507862000.0,,2507862000.0,5717737835.0,8.0,7.215,265551000.0,1.665,1.0,744855000.0,0.294,166683000.0,0.0,3537105000.0,,2215709000.0,0.0,0.0,0.0,2339260000.0,1412567000.0,926693000.0,5351018835.0,105308000.0,-101626000.0,1998000.0,0.0,-63778000.0,-61780000.0,-124484000.0,0.0,288409000.0,3163000.0,103610000.0,103610000.0,103610000.0,0.0,0.0,0.041,578805000.0,166050000.0,1063260000.0,0.615,2.134,13.001,13.008,487307000.0,0.0,33.56,0.515,0.516,1239318000.0,2708629000.0,2535045000.0,2535045000.0,0.0,,,,,2369000.0,556394000.0,1.0,159446330.0,159513000.0,159766000.0,15.892,4688261000.0,160581000.0,62440000.0,44687000.0,29.391,2503448000.0
50,GPC,MRQ,2009-03-31,2009-03-31,2009-03-31,2021-10-21,-491917000.0,4724855000.0,,3819907000.0,904948000.0,,14.668,-14097000.0,133281000.0,133281000.0,1712295000.0,89159000.0,3.038,0.99,500000000.0,0.0,500000000.0,500000000.0,0.0,22521000.0,0.0,0.053,0.4,144668000.0,167189000.0,0.068,167189000.0,144668000.0,144668000.0,0.56,0.56,0.56,2338753000.0,,2338753000.0,5193183933.0,7.0,6.17,186325000.0,1.169,1.0,732201000.0,0.3,158427000.0,0.0,3675773000.0,,2253036000.0,0.0,0.0,0.0,2316425000.0,1257374000.0,1059051000.0,4760960933.0,65504000.0,-5779000.0,26000.0,-52000000.0,-62148000.0,-114122000.0,-19876000.0,0.0,200422000.0,-920000.0,89159000.0,89159000.0,89159000.0,0.0,0.0,0.036,587533000.0,144668000.0,964267000.0,0.714,2.036,10.795,10.898,412366000.0,0.0,29.86,0.444,0.444,1211337000.0,2671224000.0,2444496000.0,2444496000.0,0.0,,,,,2370000.0,565012000.0,1.0,159442764.0,159444000.0,159663000.0,15.331,4566428000.0,216653000.0,55509000.0,70883000.0,28.64,2562533000.0
51,GPC,MRQ,2008-12-31,2008-12-31,2008-12-31,2021-10-21,-478562000.0,4786350000.0,,3871420000.0,914930000.0,,14.579,-33214000.0,67777000.0,67777000.0,1768401000.0,87784000.0,3.008,1.03,500000000.0,0.0,500000000.0,500000000.0,0.0,22229000.0,0.0,0.041,0.39,181955000.0,204184000.0,0.081,204184000.0,181955000.0,150234000.0,0.56,0.56,0.56,2324332000.0,,2324332000.0,6411815818.0,8.0,7.213,28090000.0,0.176,1.0,751789000.0,0.298,158825000.0,31721000.0,3772645000.0,,2316880000.0,0.0,0.0,0.0,2392972000.0,1287103000.0,1105869000.0,6036243818.0,-56651000.0,-22294000.0,-44680000.0,52000000.0,-63003000.0,-56582000.0,-55508000.0,0.0,61304000.0,-5865000.0,87784000.0,87784000.0,87784000.0,0.0,0.0,0.035,569943000.0,181846000.0,1009423000.0,0.696,2.597,12.697,12.922,423265000.0,0.0,37.86,0.548,0.558,1224525000.0,2643451000.0,2520190000.0,2520190000.0,0.0,,,,,3858000.0,523831000.0,1.0,159435917.0,159432000.0,159905000.0,15.807,4627525000.0,218503000.0,62450000.0,24685000.0,29.025,2584317000.0
52,GPC,MRQ,2008-09-30,2008-09-30,2008-09-30,2021-10-21,-150773000.0,4819258000.0,,4073143000.0,746115000.0,,16.516,-15761000.0,124428000.0,124428000.0,2033110000.0,131017000.0,2.506,0.806,500000000.0,250000000.0,250000000.0,500000000.0,0.0,21768000.0,0.0,0.038,0.39,210842000.0,232610000.0,0.081,232610000.0,210842000.0,210842000.0,0.81,0.81,0.81,2669105000.0,,2669105000.0,6870348078.0,8.0,7.284,176044000.0,1.089,1.0,849005000.0,0.295,147940000.0,0.0,3421234000.0,,2318215000.0,0.0,0.0,0.0,2150153000.0,1625656000.0,524497000.0,6506192078.0,-11416000.0,-45079000.0,-77750000.0,0.0,-63751000.0,-141475000.0,-60840000.0,0.0,191805000.0,-906000.0,131017000.0,131017000.0,131017000.0,0.0,0.0,0.045,638163000.0,210842000.0,1070513000.0,0.481,2.438,12.665,12.888,412755000.0,0.0,40.21,0.585,0.584,1350568000.0,2659321000.0,2882115000.0,2882115000.0,0.0,,,,,3433000.0,616395000.0,1.0,161805324.0,161603000.0,162276000.0,17.835,4671318000.0,0.0,79825000.0,18506000.0,28.906,2447487000.0
53,GPC,MRQ,2008-06-30,2008-06-30,2008-06-30,2021-10-21,-128842000.0,4797343000.0,,4062768000.0,734575000.0,,16.506,-22568000.0,135844000.0,135844000.0,2021272000.0,133073000.0,2.569,0.779,500000000.0,250000000.0,250000000.0,500000000.0,0.0,22017000.0,0.0,0.038,0.39,215711000.0,237728000.0,0.083,237728000.0,215711000.0,215711000.0,0.81,0.81,0.81,2697241000.0,,2697241000.0,6838764916.0,8.0,7.276,108745000.0,0.665,1.0,852213000.0,0.297,126010000.0,0.0,3454097000.0,,2319485000.0,0.0,0.0,0.0,2100102000.0,1581392000.0,518710000.0,6500283916.0,-25675000.0,-14653000.0,-56176000.0,0.0,-64265000.0,-120371000.0,-37221000.0,0.0,131313000.0,604000.0,133073000.0,133073000.0,133073000.0,0.0,0.0,0.046,636502000.0,215711000.0,1064882000.0,0.481,2.41,12.714,12.925,422151000.0,0.0,39.68,0.589,0.587,1342635000.0,2663606000.0,2873485000.0,2873485000.0,0.0,,,,,4889000.0,614485000.0,1.0,163817639.0,163411000.0,164127000.0,17.584,4671333000.0,0.0,82638000.0,15059000.0,28.586,2481376000.0
54,GPC,MRQ,2008-03-31,2008-03-31,2008-03-31,2021-10-21,-138260000.0,4755418000.0,,4025733000.0,729685000.0,,16.182,-21762000.0,161519000.0,161519000.0,1919990000.0,123543000.0,2.565,0.781,500000000.0,250000000.0,250000000.0,500000000.0,0.0,22684000.0,0.0,0.037,0.39,191681000.0,214365000.0,0.078,214365000.0,191681000.0,191681000.0,0.75,0.75,0.75,2669674000.0,,2669674000.0,6916730945.0,8.0,7.411,124125000.0,0.752,1.0,819483000.0,0.299,114489000.0,0.0,3409958000.0,,2314536000.0,0.0,0.0,0.0,2085744000.0,1569452000.0,516292000.0,6648567945.0,-70318000.0,-39003000.0,-93573000.0,0.0,-60789000.0,-154145000.0,-60765000.0,0.0,145887000.0,-1295000.0,123543000.0,123543000.0,123543000.0,0.0,0.0,0.045,627802000.0,191681000.0,1002742000.0,0.52,2.49,13.079,13.318,419825000.0,0.0,40.22,0.608,0.607,1303787000.0,2644116000.0,2739473000.0,2739473000.0,0.0,,,,,1383000.0,605118000.0,1.0,165305021.0,164977000.0,165706000.0,16.605,4640929000.0,0.0,68138000.0,78994000.0,28.131,2456281000.0
55,GPC,MRQ,2007-12-31,2007-12-31,2007-12-31,2021-10-21,-123715000.0,4774069000.0,,4053012000.0,721057000.0,,16.275,35789000.0,231837000.0,231837000.0,1849063000.0,126085000.0,2.618,0.757,500000000.0,250000000.0,250000000.0,500000000.0,0.0,23688000.0,0.0,0.032,0.365,234759000.0,258447000.0,0.098,258447000.0,234759000.0,203432000.0,0.75,0.75,0.75,2716716000.0,,2716716000.0,7943731381.0,9.0,8.489,68540000.0,0.411,1.0,778206000.0,0.296,82453000.0,31327000.0,3411803000.0,,2335716000.0,0.0,0.0,0.0,2057353000.0,1547976000.0,509377000.0,7773783381.0,-98215000.0,-19290000.0,-88663000.0,0.0,-61319000.0,-149720000.0,16499000.0,0.0,32751000.0,2255000.0,126085000.0,126085000.0,126085000.0,0.0,0.0,0.048,553667000.0,224539000.0,989816000.0,0.487,2.861,15.353,15.485,425989000.0,0.0,46.3,0.717,0.722,1216220000.0,2674366000.0,2627269000.0,2627269000.0,0.0,,,,,3288000.0,516465000.0,1.0,167900289.0,166930000.0,167888000.0,15.739,4691616000.0,35778000.0,77347000.0,45578000.0,28.105,2505036000.0
56,GPC,MRQ,2007-09-30,2007-09-30,2007-09-30,2021-10-21,-150022000.0,4835094000.0,,4133375000.0,701719000.0,,16.052,-31015000.0,330052000.0,330052000.0,1973068000.0,128580000.0,3.02,0.784,500000000.0,0.0,500000000.0,500000000.0,0.0,21994000.0,0.0,0.029,0.365,207387000.0,229381000.0,0.082,229381000.0,207387000.0,207387000.0,0.76,0.76,0.76,2709963000.0,,2709963000.0,8721925050.0,10.0,9.471,224945000.0,1.332,1.0,824488000.0,0.295,70539000.0,0.0,3565896000.0,,2225718000.0,0.0,0.0,0.0,2125131000.0,1368607000.0,756524000.0,8496485050.0,55492000.0,-13987000.0,-99232000.0,0.0,-62206000.0,-161046000.0,-45002000.0,0.0,255960000.0,5580000.0,128580000.0,128580000.0,128580000.0,0.0,0.0,0.046,617101000.0,207387000.0,1088201000.0,0.48,3.135,17.002,17.065,458597000.0,0.0,50.0,0.79,0.785,1334309000.0,2692085000.0,2797556000.0,2797556000.0,0.0,,,,,3158000.0,595107000.0,1.0,169929701.0,168819000.0,169825000.0,16.571,4764555000.0,0.0,78807000.0,19559000.0,28.223,2764768000.0
57,GPC,MRQ,2007-06-30,2007-06-30,2007-06-30,2021-10-21,-190496000.0,4725076000.0,,4040287000.0,684789000.0,,15.838,-29083000.0,274560000.0,274560000.0,1944942000.0,130121000.0,3.143,0.752,500000000.0,0.0,500000000.0,500000000.0,0.0,21318000.0,0.0,0.028,0.365,209816000.0,231134000.0,0.083,231134000.0,209816000.0,209816000.0,0.76,0.76,0.76,2697529000.0,,2697529000.0,8700658269.0,11.0,9.576,117626000.0,0.691,1.0,824585000.0,0.298,61960000.0,0.0,3603218000.0,,2223066000.0,0.0,0.0,0.0,2027547000.0,1285338000.0,742209000.0,8450740269.0,24478000.0,-6329000.0,-28210000.0,0.0,-62174000.0,-88900000.0,-36084000.0,0.0,146709000.0,2753000.0,130121000.0,130121000.0,130121000.0,0.0,0.0,0.047,614769000.0,209816000.0,1028705000.0,0.48,3.133,17.16,17.222,445179000.0,0.0,49.6,0.793,0.792,1322973000.0,2718095000.0,2769527000.0,2769527000.0,0.0,,,,,3066000.0,593451000.0,1.0,170377828.0,170318000.0,171380000.0,16.261,4663116000.0,0.0,79695000.0,21535000.0,27.379,2754949000.0
58,GPC,MRQ,2007-03-31,2007-03-31,2007-03-31,2021-10-21,-233812000.0,4626063000.0,,3962444000.0,663619000.0,,15.301,-23683000.0,250082000.0,250082000.0,1858899000.0,121553000.0,3.085,0.774,500000000.0,0.0,500000000.0,500000000.0,0.0,20702000.0,0.0,0.028,0.365,196110000.0,216812000.0,0.082,216812000.0,196110000.0,196110000.0,0.71,0.71,0.71,2608383000.0,,2608383000.0,8718085363.0,11.0,9.789,182368000.0,1.07,1.0,789944000.0,0.298,62136000.0,0.0,3529534000.0,,2201446000.0,0.0,0.0,0.0,2017680000.0,1284311000.0,733369000.0,8354058363.0,114109000.0,0.0,-14585000.0,0.0,-57545000.0,-69830000.0,-23011000.0,0.0,206051000.0,899000.0,121553000.0,121553000.0,121553000.0,0.0,0.0,0.046,593834000.0,196110000.0,971400000.0,0.514,3.203,17.295,17.376,430807000.0,0.0,49.0,0.792,0.791,1296800000.0,2671817000.0,2648843000.0,2648843000.0,0.0,,,,,350000.0,573132000.0,1.0,170490987.0,170466000.0,171501000.0,15.539,4563927000.0,0.0,74557000.0,86004000.0,26.773,2678133000.0
59,GPC,MRQ,2006-12-31,2006-12-31,2006-12-31,2021-10-21,-242534000.0,4496984000.0,,3835127000.0,661857000.0,,14.96,-28437000.0,135973000.0,135973000.0,1898403000.0,119467000.0,3.199,0.764,500000000.0,0.0,500000000.0,500000000.0,0.0,17932000.0,0.0,0.028,0.338,225653000.0,243585000.0,0.096,243585000.0,225653000.0,194077000.0,0.7,0.7,0.7,2549991000.0,,2549991000.0,8367819579.0,10.0,9.553,-9572000.0,-0.056,1.0,644541000.0,0.253,62254000.0,31576000.0,3599989000.0,,2236368000.0,0.0,0.0,0.0,1946993000.0,1198768000.0,748225000.0,8082213579.0,-78421000.0,-29007000.0,1565000.0,0.0,-57522000.0,-54772000.0,-40830000.0,0.0,18865000.0,-1684000.0,119467000.0,119467000.0,119467000.0,0.0,0.0,0.047,424662000.0,219879000.0,910263000.0,0.483,3.17,17.001,17.123,429260000.0,0.0,47.43,0.773,0.778,1227805000.0,2621994000.0,2542944000.0,2542944000.0,0.0,,,,,2094000.0,390258000.0,1.0,170402985.0,170454000.0,171403000.0,14.919,4434730000.0,0.0,74610000.0,37899000.0,26.017,2636359000.0
60,GPC,MRQ,2006-09-30,2006-09-30,2006-09-30,2021-10-21,60524000.0,4911942000.0,,3918531000.0,993411000.0,,16.295,-34564000.0,214394000.0,214394000.0,1868346000.0,121333000.0,3.07,0.764,500000000.0,0.0,500000000.0,500000000.0,0.0,20236000.0,0.0,0.031,0.338,196850000.0,217086000.0,0.08,217086000.0,196850000.0,196850000.0,0.71,0.71,0.71,2785012000.0,,2785012000.0,7699367142.0,10.0,8.98,135460000.0,0.793,1.0,831295000.0,0.308,62398000.0,0.0,3858848000.0,,2189845000.0,0.0,0.0,0.0,2126930000.0,1276302000.0,850628000.0,7388512142.0,25249000.0,0.0,-38048000.0,0.0,-58104000.0,-95952000.0,-48994000.0,0.0,170024000.0,171000.0,121333000.0,121333000.0,121333000.0,0.0,0.0,0.045,634445000.0,196850000.0,1013215000.0,0.476,2.653,15.892,15.974,431123000.0,0.0,43.13,0.716,0.714,1301384000.0,2554085000.0,2699641000.0,2699641000.0,0.0,,,,,3079000.0,614209000.0,1.0,171307956.0,170912000.0,171737000.0,15.796,4849544000.0,0.0,75517000.0,188098000.0,28.375,2642229000.0
61,GPC,MRQ,2006-06-30,2006-06-30,2006-06-30,2021-10-21,59987000.0,4845953000.0,,3851098000.0,994855000.0,,16.002,-31070000.0,189145000.0,189145000.0,1836623000.0,120680000.0,3.066,0.759,500000000.0,0.0,500000000.0,500000000.0,0.0,17632000.0,0.0,0.031,0.338,195494000.0,213126000.0,0.08,213126000.0,195494000.0,195494000.0,0.7,0.7,0.7,2755326000.0,,2755326000.0,7543603437.0,10.0,9.007,153486000.0,0.891,1.0,825182000.0,0.31,62504000.0,0.0,3838381000.0,,2162405000.0,0.0,0.0,0.0,2090627000.0,1255923000.0,834704000.0,7193774437.0,38974000.0,0.0,-58984000.0,0.0,-58285000.0,-116998000.0,-29987000.0,0.0,184556000.0,1403000.0,120680000.0,120680000.0,120680000.0,0.0,0.0,0.045,629688000.0,195494000.0,1018914000.0,0.483,2.611,15.829,15.84,416135000.0,0.0,41.66,0.707,0.705,1307071000.0,2524031000.0,2661805000.0,2661805000.0,0.0,,,,,2329000.0,612056000.0,1.0,172678215.0,172186000.0,173079000.0,15.459,4783449000.0,0.0,74814000.0,190185000.0,27.781,2595175000.0
62,GPC,MRQ,2006-03-31,2006-03-31,2006-03-31,2021-10-21,43085000.0,4815406000.0,,3831421000.0,983985000.0,,15.812,-27521000.0,150171000.0,150171000.0,1750075000.0,113925000.0,3.066,0.763,500000000.0,0.0,500000000.0,500000000.0,0.0,17623000.0,0.0,0.029,0.338,184495000.0,202118000.0,0.079,202118000.0,184495000.0,184495000.0,0.66,0.66,0.66,2731959000.0,,2731959000.0,7890895549.0,10.0,9.606,32534000.0,0.188,1.0,803477000.0,0.315,62611000.0,0.0,3852786000.0,,2184823000.0,0.0,0.0,0.0,2083447000.0,1249838000.0,833609000.0,7578925549.0,-38740000.0,0.0,-19334000.0,-881000.0,-54141000.0,-73007000.0,-25788000.0,0.0,60055000.0,0.0,113925000.0,113925000.0,113925000.0,0.0,0.0,0.045,618982000.0,184495000.0,954276000.0,0.512,2.774,17.04,17.054,400444000.0,0.0,43.83,0.758,0.758,1297836000.0,2516196000.0,2553552000.0,2553552000.0,0.0,,,,,1441000.0,601359000.0,1.0,172916394.0,172773000.0,173685000.0,14.78,4752795000.0,0.0,70570000.0,240331000.0,27.509,2581583000.0
63,GPC,MRQ,2005-12-31,2005-12-31,2005-12-31,2021-10-21,45535000.0,4771538000.0,,3806882000.0,964656000.0,,15.549,-19294000.0,188911000.0,188911000.0,1787842000.0,108993000.0,3.048,0.771,500881000.0,881000.0,500000000.0,500881000.0,0.0,14100000.0,0.0,0.028,0.312,210941000.0,225041000.0,0.093,225041000.0,210941000.0,176917000.0,0.63,0.63,0.63,2693957000.0,,2693957000.0,7782470794.0,10.0,9.624,-72604000.0,-0.419,1.0,621847000.0,0.258,62717000.0,34024000.0,3771687000.0,,2216542000.0,0.0,0.0,0.0,2077581000.0,1249104000.0,828477000.0,7621067794.0,-150594000.0,8430000.0,-21729000.0,-28000.0,-54332000.0,-76089000.0,-22292000.0,0.0,-53310000.0,1097000.0,108993000.0,108993000.0,108993000.0,0.0,0.0,0.045,416101000.0,205746000.0,973615000.0,0.495,2.829,17.422,17.498,392295000.0,0.0,43.92,0.779,0.781,1186865000.0,2475389000.0,2409689000.0,2409689000.0,0.0,,,,,7253000.0,385645000.0,1.0,173521580.0,173256000.0,174164000.0,13.908,4708821000.0,0.0,67924000.0,193103000.0,27.178,2557778000.0
64,GPC,MRQ,2005-09-30,2005-09-30,2005-09-30,2021-10-21,42435000.0,4769293000.0,,3893123000.0,876170000.0,,15.239,-18986000.0,339505000.0,339505000.0,1777001000.0,110876000.0,2.924,0.799,500908000.0,908000.0,500000000.0,500908000.0,0.0,17169000.0,0.0,0.029,0.312,180099000.0,197268000.0,0.077,197268000.0,180099000.0,180099000.0,0.64,0.63,0.64,2650467000.0,,2650467000.0,7707607042.0,11.0,9.8,157614000.0,0.906,1.0,778502000.0,0.305,62478000.0,0.0,3536802000.0,,2157824000.0,0.0,0.0,0.0,2118826000.0,1331416000.0,787410000.0,7467216042.0,78967000.0,0.0,-29371000.0,-22000.0,-54411000.0,-83804000.0,-13829000.0,0.0,176600000.0,0.0,110876000.0,110876000.0,110876000.0,0.0,0.0,0.043,598403000.0,180099000.0,1041335000.0,0.487,2.817,17.58,17.582,383292000.0,0.0,42.9,0.776,0.775,1227836000.0,2434510000.0,2555503000.0,2555503000.0,0.0,,,,,1826000.0,581234000.0,1.0,174060980.0,173929000.0,174885000.0,14.693,4706815000.0,0.0,69223000.0,172154000.0,27.062,2561707000.0
65,GPC,MRQ,2005-06-30,2005-06-30,2005-06-30,2021-10-21,20415000.0,4610791000.0,,3764149000.0,846642000.0,,14.916,-19556000.0,260538000.0,260538000.0,1714400000.0,110967000.0,3.064,0.774,500929000.0,929000.0,500000000.0,500929000.0,0.0,17189000.0,0.0,0.03,0.312,179838000.0,197027000.0,0.08,197027000.0,179838000.0,179838000.0,0.64,0.63,0.64,2599432000.0,,2599432000.0,7511244101.0,11.0,9.837,181460000.0,1.041,1.0,761257000.0,0.307,62615000.0,0.0,3560214000.0,,2125366000.0,0.0,0.0,0.0,2011359000.0,1228353000.0,783006000.0,7168164101.0,102721000.0,0.0,-23610000.0,34000.0,-54630000.0,-78206000.0,-20089000.0,0.0,201016000.0,0.0,110967000.0,110967000.0,110967000.0,0.0,0.0,0.045,581419000.0,179838000.0,974846000.0,0.487,2.758,17.408,17.411,380692000.0,0.0,41.09,0.761,0.76,1225674000.0,2394849000.0,2475657000.0,2475657000.0,0.0,,,,,2012000.0,564230000.0,1.0,174450331.0,174270000.0,175232000.0,14.206,4548176000.0,0.0,68871000.0,160415000.0,26.098,2535796000.0
66,GPC,MRQ,2005-03-31,2005-03-31,2005-03-31,2021-10-21,24503000.0,4530972000.0,,3689502000.0,841470000.0,,14.697,-20768000.0,157817000.0,157817000.0,1605721000.0,106598000.0,3.126,0.764,500897000.0,897000.0,500000000.0,500897000.0,0.0,17071000.0,0.0,0.028,0.312,172210000.0,189281000.0,0.081,189281000.0,172210000.0,172210000.0,0.61,0.61,0.61,2568600000.0,,2568600000.0,7964487856.0,12.0,10.656,95443000.0,0.546,1.0,736480000.0,0.314,57583000.0,0.0,3636143000.0,,2149814000.0,0.0,0.0,0.0,1962372000.0,1180326000.0,782046000.0,7598459856.0,22877000.0,0.0,-26804000.0,-71000.0,-52495000.0,-79370000.0,-13964000.0,0.0,116211000.0,0.0,106598000.0,106598000.0,106598000.0,0.0,0.0,0.046,564270000.0,172210000.0,878640000.0,0.511,2.958,18.904,18.909,379587000.0,0.0,43.49,0.822,0.822,1195034000.0,2338331000.0,2342201000.0,2342201000.0,0.0,,,,,1035000.0,547199000.0,1.0,174717403.0,174772000.0,176036000.0,13.401,4473389000.0,0.0,65612000.0,215683000.0,25.596,2509176000.0
67,GPC,MRQ,2004-12-31,2004-12-31,2004-12-31,2021-10-21,26478000.0,4455247000.0,,3633484000.0,821763000.0,,14.556,-18387000.0,134940000.0,134940000.0,1502953000.0,96314000.0,3.208,0.751,500968000.0,968000.0,500000000.0,500968000.0,0.0,12432000.0,0.0,0.027,0.3,190499000.0,202931000.0,0.09,202931000.0,190499000.0,151871000.0,0.55,0.54,0.55,2544377000.0,,2544377000.0,8035352424.0,12.0,10.906,66642000.0,0.381,1.0,750354000.0,0.333,57672000.0,38628000.0,3630888000.0,,2198957000.0,0.0,0.0,0.0,1910870000.0,1132715000.0,778155000.0,7694215424.0,-149764000.0,-3018000.0,4685000.0,-167242000.0,-52425000.0,-214982000.0,-21405000.0,0.0,85029000.0,1594000.0,96314000.0,96314000.0,96314000.0,0.0,0.0,0.043,561387000.0,188967000.0,856653000.0,0.545,3.024,19.452,19.496,379388000.0,0.0,44.06,0.846,0.846,1123900000.0,2286363000.0,2253307000.0,2253307000.0,0.0,,,,,8590000.0,478483000.0,1.0,174630400.0,174804000.0,176170000.0,12.89,4397575000.0,0.0,55557000.0,158615000.0,25.157,2500769000.0
68,GPC,MRQ,2004-09-30,2004-09-30,2004-09-30,2021-10-21,16086000.0,4438016000.0,,3727864000.0,710152000.0,,14.18,-20979000.0,284704000.0,284704000.0,1649890000.0,97893000.0,2.881,0.791,625841000.0,125841000.0,500000000.0,625841000.0,0.0,16584000.0,0.0,0.031,0.3,157718000.0,174302000.0,0.074,174302000.0,157718000.0,157718000.0,0.56,0.56,0.56,2478594000.0,,2478594000.0,7215663203.0,12.0,10.546,211553000.0,1.21,1.0,699393000.0,0.298,57761000.0,0.0,3427320000.0,,2163049000.0,0.0,0.0,0.0,1959422000.0,1294072000.0,665350000.0,6716223203.0,156972000.0,0.0,-14439000.0,12341000.0,-52483000.0,-54581000.0,-20979000.0,0.0,232532000.0,0.0,97893000.0,97893000.0,97893000.0,0.0,0.0,0.042,541675000.0,157718000.0,836883000.0,0.536,2.71,17.401,17.367,339397000.0,0.0,38.38,0.752,0.751,1166533000.0,2242545000.0,2349283000.0,2349283000.0,0.0,,,,,0.0,541675000.0,1.0,174992788.0,174792000.0,175813000.0,13.44,4380255000.0,0.0,59825000.0,174128000.0,25.06,2433792000.0
69,GPC,MRQ,2004-06-30,2004-06-30,2004-06-30,2021-10-21,-3955000.0,4262090000.0,,3551642000.0,710448000.0,,13.875,-13514000.0,127732000.0,127732000.0,1604621000.0,101146000.0,3.032,0.757,627172000.0,127172000.0,500000000.0,627172000.0,0.0,16998000.0,0.0,0.03,0.3,163933000.0,180931000.0,0.079,180931000.0,163933000.0,163933000.0,0.58,0.58,0.58,2425821000.0,,2425821000.0,7555668933.0,12.0,11.256,143034000.0,0.818,1.0,693065000.0,0.302,57850000.0,0.0,3532179000.0,,2139207000.0,0.0,0.0,0.0,1836269000.0,1171501000.0,664768000.0,6921856933.0,99644000.0,0.0,15113000.0,-6167000.0,-52336000.0,-43390000.0,-13514000.0,0.0,156548000.0,0.0,101146000.0,101146000.0,101146000.0,0.0,0.0,0.044,529132000.0,163933000.0,772563000.0,0.517,2.853,18.389,18.37,332863000.0,0.0,39.68,0.789,0.791,1173766000.0,2197076000.0,2297686000.0,2297686000.0,0.0,,,,,0.0,529132000.0,1.0,174441959.0,174829000.0,175644000.0,13.142,4204240000.0,0.0,62787000.0,158640000.0,24.048,2380141000.0
70,GPC,MRQ,2004-03-31,2004-03-31,2004-03-31,2021-10-21,31000.0,4167171000.0,,3446988000.0,720183000.0,,13.573,-12057000.0,28088000.0,28088000.0,1510080000.0,100199000.0,3.411,0.761,661900000.0,36900000.0,625000000.0,661900000.0,0.0,16193000.0,0.0,0.036,0.3,162397000.0,178590000.0,0.081,178590000.0,162397000.0,162397000.0,0.57,0.57,0.57,2366030000.0,,2366030000.0,6364598688.0,11.0,9.686,69070000.0,0.396,1.0,686911000.0,0.313,57939000.0,0.0,3732441000.0,,2129236000.0,0.0,0.0,0.0,1801141000.0,1010603000.0,790538000.0,5702358688.0,12695000.0,0.0,10689000.0,-15733000.0,-51331000.0,-56375000.0,-12057000.0,0.0,81127000.0,0.0,100199000.0,100199000.0,100199000.0,0.0,0.0,0.046,524514000.0,162397000.0,668442000.0,0.526,2.41,15.605,15.581,337960000.0,0.0,32.72,0.661,0.661,1154981000.0,2148413000.0,2196991000.0,2196991000.0,0.0,,,,,0.0,524514000.0,1.0,174277466.0,174320000.0,174900000.0,12.603,4109232000.0,0.0,62198000.0,185036000.0,23.573,2436385000.0
71,GPC,MRQ,2003-12-31,2003-12-31,2003-12-31,2021-10-21,4835000.0,4127956000.0,,3402210000.0,725746000.0,,13.289,3328000.0,15393000.0,15393000.0,1404316000.0,86737000.0,3.517,0.785,677633000.0,52525000.0,625108000.0,677633000.0,0.0,16907000.0,0.0,0.036,0.295,133475000.0,150382000.0,0.072,150382000.0,133475000.0,133475000.0,0.5,0.49,0.5,2312283000.0,,2312283000.0,6445934012.0,12.0,10.376,79530000.0,0.457,1.0,680944000.0,0.327,58028000.0,0.0,3764830000.0,,2140811000.0,0.0,0.0,0.0,1815673000.0,967338000.0,848335000.0,5775743012.0,-16083000.0,-14990000.0,1731000.0,-22942000.0,-51303000.0,-72514000.0,-18899000.0,0.0,76202000.0,-872000.0,86737000.0,86737000.0,86737000.0,0.0,0.0,0.042,547469000.0,133475000.0,706609000.0,0.59,2.498,17.287,17.292,342992000.0,0.0,33.2,0.684,0.684,1084874000.0,2100550000.0,2085260000.0,2085260000.0,0.0,,,,,1254000.0,547469000.0,1.0,173968163.0,173995000.0,174459000.0,11.985,4069928000.0,0.0,46738000.0,133108000.0,23.391,2434872000.0
72,GPC,MRQ,2003-09-30,2003-09-30,2003-09-30,2021-10-21,-10273000.0,4052149000.0,,3325341000.0,726808000.0,,12.985,-26425000.0,31476000.0,31476000.0,1537439000.0,88333000.0,3.429,0.794,701667000.0,30009000.0,671658000.0,701667000.0,0.0,16335000.0,0.0,0.037,0.295,145046000.0,161381000.0,0.074,161381000.0,145046000.0,145046000.0,0.51,0.51,0.51,2258783000.0,,2258783000.0,6343019543.0,11.0,9.943,153643000.0,0.883,1.0,651949000.0,0.298,58163000.0,0.0,3694374000.0,,2083143000.0,0.0,0.0,0.0,1793366000.0,969803000.0,823563000.0,5562461543.0,9534000.0,0.0,131000.0,-101033000.0,-51307000.0,-152209000.0,-18325000.0,0.0,180068000.0,0.0,88333000.0,88333000.0,88333000.0,0.0,0.0,0.04,506903000.0,145046000.0,667846000.0,0.578,2.463,16.469,16.4,346960000.0,0.0,31.98,0.666,0.666,1132837000.0,2065144000.0,2189388000.0,2189388000.0,0.0,,,,,0.0,506903000.0,1.0,173935633.0,173948000.0,174429000.0,12.586,3993986000.0,0.0,56713000.0,144287000.0,22.961,2355538000.0
73,GPC,MRQ,2003-06-30,2003-06-30,2003-06-30,2021-10-21,-12339000.0,4021493000.0,,3289443000.0,732050000.0,,12.764,-11529000.0,21942000.0,21942000.0,1501411000.0,90148000.0,3.353,0.812,802500000.0,130818000.0,671682000.0,802500000.0,0.0,18740000.0,0.0,0.037,0.295,148027000.0,166767000.0,0.077,166767000.0,148027000.0,148027000.0,0.52,0.52,0.52,2219567000.0,,2219567000.0,6387116616.0,11.0,9.85,91958000.0,0.529,1.0,651383000.0,0.303,58297000.0,0.0,3762666000.0,,2044336000.0,0.0,0.0,0.0,1801926000.0,981088000.0,820838000.0,5564873616.0,-3088000.0,0.0,773000.0,-44999000.0,-50820000.0,-95046000.0,-11529000.0,0.0,103487000.0,0.0,90148000.0,90148000.0,90148000.0,0.0,0.0,0.042,503356000.0,148027000.0,624476000.0,0.567,2.507,16.203,16.167,338982000.0,0.0,32.01,0.668,0.669,1138389000.0,2028124000.0,2152794000.0,2152794000.0,0.0,,,,,0.0,503356000.0,1.0,173847973.0,173895000.0,174460000.0,12.38,3963196000.0,0.0,57879000.0,124702000.0,22.791,2308355000.0
74,GPC,MRQ,2003-03-31,2003-03-31,2003-03-31,2021-10-21,-40758000.0,3977558000.0,,3271162000.0,706396000.0,,12.352,-25659000.0,25030000.0,25030000.0,1383518000.0,68883000.0,3.257,0.849,847273000.0,172540000.0,674733000.0,847273000.0,0.0,17031000.0,0.0,0.038,0.295,125654000.0,142685000.0,0.071,142685000.0,125654000.0,125654000.0,0.4,0.39,0.4,2150983000.0,,2150983000.0,6081231785.0,10.0,9.252,16769000.0,0.096,1.0,638340000.0,0.316,58932000.0,0.0,3736435000.0,,2057917000.0,0.0,0.0,0.0,1826575000.0,1004434000.0,822141000.0,5309525785.0,5035000.0,0.0,-15743000.0,55998000.0,-51126000.0,-10871000.0,-26522000.0,0.0,42428000.0,0.0,68883000.0,68883000.0,68883000.0,0.0,0.0,0.034,493145000.0,145195000.0,596255000.0,0.738,2.468,15.198,15.179,346520000.0,0.0,30.51,0.639,0.64,1110334000.0,1988733000.0,2021858000.0,2021858000.0,0.0,,,,,0.0,493145000.0,1.0,174025755.0,174146000.0,174602000.0,11.61,3918626000.0,0.0,56771000.0,153537000.0,22.502,2266728000.0
75,GPC,MRQ,2002-12-31,2002-12-31,2002-12-31,2021-10-21,-60522000.0,4061055000.0,,3376987000.0,684068000.0,,12.211,-8116000.0,19995000.0,19995000.0,1337317000.0,90399000.0,3.04,0.907,791701000.0,116905000.0,674796000.0,791701000.0,0.0,17154000.0,0.0,0.038,0.29,149962000.0,167116000.0,0.084,167116000.0,149962000.0,149962000.0,0.52,0.51,0.52,2130009000.0,,2130009000.0,6058839743.0,29.0,21.577,-32156000.0,-0.184,1.0,656184000.0,0.329,58705000.0,0.0,3663126000.0,,2144787000.0,0.0,0.0,0.0,1931046000.0,1110930000.0,820116000.0,5379393743.0,-19605000.0,-6042000.0,-8320000.0,72681000.0,-48171000.0,16190000.0,-12060000.0,0.0,-24040000.0,305000.0,90399000.0,90399000.0,90399000.0,0.0,0.0,0.045,506222000.0,149962000.0,735183000.0,0.558,2.526,-194.976,-192.5,333051000.0,0.0,30.8,0.651,0.65,1039843000.0,1971779000.0,1993501000.0,1993501000.0,0.0,,,,,4468000.0,506222000.0,1.0,174655641.0,174435000.0,174939000.0,11.428,4002350000.0,0.0,59563000.0,119278000.0,22.945,2266057000.0
76,GPC,MRQ,2002-09-30,2002-09-30,2002-09-30,2021-10-21,-64115000.0,3860559000.0,,3156925000.0,703634000.0,,11.965,-20523000.0,39600000.0,39600000.0,1506966000.0,94027000.0,3.266,0.847,719046000.0,43780000.0,675266000.0,719046000.0,0.0,16698000.0,0.0,0.047,0.29,155160000.0,171858000.0,0.08,171858000.0,155160000.0,155160000.0,0.54,0.54,0.54,2090429000.0,,2090429000.0,6049338184.0,59.0,34.979,70523000.0,0.404,1.0,649793000.0,0.301,59829000.0,0.0,3513435000.0,,1967400000.0,0.0,0.0,0.0,1770130000.0,966741000.0,803389000.0,5353698184.0,15051000.0,0.0,-2302000.0,-329000.0,-50743000.0,-53374000.0,-22621000.0,0.0,91046000.0,0.0,94027000.0,94027000.0,94027000.0,0.0,0.0,0.044,494633000.0,155160000.0,690900000.0,0.537,2.561,-57.555,-56.741,333003000.0,0.0,30.64,0.652,0.652,1084270000.0,1931939000.0,2156759000.0,2156759000.0,0.0,,,,,0.0,494633000.0,1.0,174729053.0,174709000.0,175251000.0,12.345,3800730000.0,0.0,61133000.0,117539000.0,21.755,2190184000.0
77,GPC,MRQ,2002-06-30,2002-06-30,2002-06-30,2021-10-21,-49700000.0,3827480000.0,,3133655000.0,693825000.0,,11.831,-14540000.0,24549000.0,24549000.0,1486692000.0,96047000.0,3.266,0.855,720189000.0,44782000.0,675407000.0,720189000.0,0.0,17882000.0,0.0,0.041,0.29,157712000.0,175594000.0,0.082,175594000.0,157712000.0,157712000.0,0.55,0.55,0.55,2063786000.0,,2063786000.0,6805853875.0,72.0,40.062,70680000.0,0.405,1.0,644232000.0,0.302,59363000.0,0.0,3504274000.0,,1921481000.0,0.0,0.0,0.0,1763694000.0,959483000.0,804211000.0,6076000875.0,-31809000.0,0.0,15070000.0,-66862000.0,-50697000.0,-102489000.0,-14540000.0,0.0,85220000.0,0.0,96047000.0,96047000.0,96047000.0,0.0,0.0,0.045,486520000.0,157712000.0,689987000.0,0.527,2.944,-61.479,-61.175,332577000.0,0.0,34.87,0.745,0.746,1112717000.0,1888579000.0,2130924000.0,2130924000.0,0.0,,,,,0.0,486520000.0,1.0,174247229.0,174445000.0,175348000.0,12.215,3768117000.0,0.0,61665000.0,116113000.0,21.601,2174172000.0
78,GPC,MRQ,2002-03-31,2002-03-31,2002-03-31,2021-10-21,-43132000.0,3755025000.0,,3068036000.0,686989000.0,,11.557,-11442000.0,56358000.0,56358000.0,1373774000.0,-308063000.0,3.398,0.869,786211000.0,50750000.0,735461000.0,786211000.0,0.0,18417000.0,0.0,0.039,0.29,-252188000.0,-233771000.0,-0.118,-233771000.0,-252188000.0,-252188000.0,-1.77,-1.76,-1.77,2009485000.0,,2009485000.0,7198396920.0,76.0,40.852,108740000.0,0.625,1.0,603969000.0,0.305,60052000.0,0.0,3521842000.0,,1864095000.0,0.0,0.0,0.0,1745540000.0,902984000.0,842556000.0,6391396920.0,-29412000.0,0.0,19946000.0,-106559000.0,-51539000.0,-138152000.0,-11442000.0,0.0,120182000.0,0.0,-308063000.0,-308063000.0,-308063000.0,0.0,0.0,-0.156,461067000.0,142902000.0,613392000.0,-0.164,3.181,-63.793,-64.509,337435000.0,0.0,36.77,0.785,0.785,1088018000.0,1843116000.0,1977743000.0,1977743000.0,0.0,,,,,0.0,461067000.0,1.0,173820966.0,173877000.0,174882000.0,11.374,3694973000.0,0.0,55875000.0,104736000.0,21.25,2165052000.0
79,GPC,MRQ,2001-12-31,2001-12-31,2001-12-31,2021-10-21,-46094000.0,4206646000.0,,3146212000.0,1060434000.0,,13.525,-1242000.0,85770000.0,85770000.0,1322483000.0,24970000.0,3.423,0.794,892770000.0,57190000.0,835580000.0,892770000.0,0.0,16875000.0,0.0,0.039,0.57,42385000.0,59260000.0,0.03,59260000.0,42385000.0,42385000.0,0.14,0.14,0.14,2345123000.0,,2345123000.0,7039128438.0,14.0,12.099,-82689000.0,-0.477,1.0,625046000.0,0.321,442078000.0,0.0,3652387000.0,,1890037000.0,0.0,0.0,0.0,1861523000.0,919181000.0,942342000.0,6356900438.0,-23144000.0,977000.0,3851000.0,102915000.0,-47701000.0,59065000.0,-265000.0,0.0,-81447000.0,-497000.0,24970000.0,24970000.0,24970000.0,0.0,0.0,0.013,582661000.0,42385000.0,644084000.0,4.071,2.711,21.393,21.337,345132000.0,0.0,36.7,0.773,0.771,1010728000.0,2201663000.0,1947529000.0,1947529000.0,0.0,,,,,2488000.0,508739000.0,1.0,173212546.0,173398000.0,174329000.0,11.232,3764568000.0,0.0,17415000.0,60985000.0,21.711,2227031000.0
80,GPC,MRQ,2001-09-30,2001-09-30,2001-09-30,2021-10-21,-42498000.0,4103624000.0,,3010867000.0,1092757000.0,,13.676,-11871000.0,108914000.0,108914000.0,1468879000.0,88216000.0,2.996,0.734,791142000.0,163883000.0,627259000.0,791142000.0,0.0,21776000.0,0.0,0.035,0.285,147026000.0,168802000.0,0.08,168802000.0,147026000.0,147026000.0,0.51,0.51,0.51,2366993000.0,,2366993000.0,6360993919.0,10.0,8.775,224927000.0,1.3,1.0,630312000.0,0.3,451191000.0,0.0,3329770000.0,,1763518000.0,0.0,0.0,0.0,1736631000.0,1004891000.0,731740000.0,5498693919.0,63229000.0,-17335000.0,5992000.0,-116843000.0,-50847000.0,-161698000.0,-11871000.0,0.0,236798000.0,0.0,88216000.0,88216000.0,88216000.0,0.0,0.0,0.042,483286000.0,147026000.0,606129000.0,0.559,2.323,14.568,14.548,359872000.0,0.0,31.86,0.663,0.665,1085419000.0,2226152000.0,2099191000.0,2099191000.0,0.0,,,,,0.0,483286000.0,1.0,172589263.0,173081000.0,173982000.0,12.128,3652433000.0,0.0,58810000.0,149340000.0,21.102,2005976000.0
81,GPC,MRQ,2001-06-30,2001-06-30,2001-06-30,2021-10-21,-20474000.0,4151238000.0,,3032795000.0,1118443000.0,,13.585,-11456000.0,45685000.0,45685000.0,1475999000.0,94688000.0,3.096,0.772,907985000.0,198046000.0,709939000.0,907985000.0,0.0,24104000.0,0.0,0.036,0.285,157813000.0,181917000.0,0.086,181917000.0,157813000.0,157813000.0,0.55,0.55,0.55,2343203000.0,,2343203000.0,6358642052.0,10.0,8.688,141242000.0,0.819,1.0,642977000.0,0.303,453448000.0,0.0,3580517000.0,,1796781000.0,0.0,0.0,0.0,1808035000.0,979573000.0,828462000.0,5418286052.0,-3501000.0,0.0,1375000.0,-81884000.0,-49067000.0,-129576000.0,-26623000.0,0.0,152698000.0,0.0,94688000.0,94688000.0,94688000.0,0.0,0.0,0.045,485164000.0,157813000.0,628618000.0,0.518,2.312,14.223,14.253,370725000.0,0.0,31.5,0.649,0.651,1131433000.0,2187252000.0,2118976000.0,2118976000.0,0.0,,,,,0.0,485164000.0,1.0,172009081.0,172483000.0,173361000.0,12.285,3697790000.0,0.0,63125000.0,95027000.0,21.439,2053222000.0
82,GPC,MRQ,2001-03-31,2001-03-31,2001-03-31,2021-10-21,-31468000.0,4190679000.0,,3081022000.0,1109657000.0,,13.205,-12114000.0,49186000.0,49186000.0,1431813000.0,89273000.0,3.167,0.844,989542000.0,166936000.0,822606000.0,989542000.0,0.0,23038000.0,0.0,0.043,0.285,148789000.0,171827000.0,0.084,171827000.0,148789000.0,148789000.0,0.52,0.52,0.52,2272409000.0,,2272409000.0,5350492420.0,8.0,7.286,15477000.0,0.09,1.0,623159000.0,0.303,444955000.0,0.0,3713304000.0,,1865894000.0,0.0,0.0,0.0,1918270000.0,972776000.0,945494000.0,4456197420.0,21448000.0,0.0,-11963000.0,67509000.0,-47407000.0,8139000.0,-14282000.0,0.0,27591000.0,0.0,89273000.0,89273000.0,89273000.0,0.0,0.0,0.043,474370000.0,148789000.0,603420000.0,0.548,1.961,11.639,11.724,380327000.0,0.0,25.91,0.533,0.534,1094723000.0,2131868000.0,2054972000.0,2054972000.0,0.0,,,,,0.0,474370000.0,1.0,171987550.0,172087000.0,172826000.0,11.941,3745724000.0,0.0,59516000.0,136077000.0,21.766,2108246000.0
83,GPC,MRQ,2000-12-31,2000-12-31,2000-12-31,2021-10-21,-13041000.0,4142114000.0,,3019481000.0,1122633000.0,,13.087,-8481000.0,27738000.0,27738000.0,1338939000.0,105272000.0,3.055,0.832,922033000.0,151452000.0,770581000.0,922033000.0,0.0,22543000.0,0.0,0.042,0.275,179800000.0,202343000.0,0.1,202343000.0,179800000.0,179800000.0,0.61,0.61,0.61,2260806000.0,,2260806000.0,5327039690.0,8.0,7.208,-37172000.0,-0.215,1.0,679977000.0,0.337,451435000.0,0.0,3596661000.0,,1864334000.0,0.0,0.0,0.0,1881308000.0,988313000.0,892995000.0,4532879690.0,-13190000.0,-2758000.0,-13362000.0,86976000.0,-46785000.0,26829000.0,-11239000.0,0.0,-28691000.0,-89000.0,105272000.0,105272000.0,105272000.0,0.0,0.0,0.052,500177000.0,179800000.0,635499000.0,0.451,2.005,11.764,11.905,395260000.0,0.0,26.19,0.542,0.548,1031662000.0,2101457000.0,2018916000.0,2018916000.0,0.0,,,,,0.0,500177000.0,1.0,173076735.0,172747000.0,173026000.0,11.687,3690679000.0,0.0,74528000.0,114857000.0,21.365,2031168000.0
84,GPC,MRQ,2000-09-30,2000-09-30,2000-09-30,2021-10-21,-13086000.0,4004112000.0,,2938719000.0,1065393000.0,,12.723,-17655000.0,40928000.0,40928000.0,1494775000.0,91729000.0,3.0,0.807,835088000.0,158650000.0,676438000.0,835088000.0,0.0,22386000.0,0.0,0.057,0.275,153394000.0,175780000.0,0.082,175780000.0,153394000.0,153394000.0,0.53,0.53,0.53,2216292000.0,,2216292000.0,4151523140.0,6.0,5.6,119756000.0,0.687,1.0,655797000.0,0.305,430277000.0,0.0,3388361000.0,,1758566000.0,0.0,0.0,0.0,1787820000.0,979634000.0,808186000.0,3334630140.0,-12296000.0,-6313000.0,-37923000.0,-39401000.0,-48415000.0,-125739000.0,-23968000.0,0.0,137411000.0,0.0,91729000.0,91729000.0,91729000.0,0.0,0.0,0.043,502403000.0,153394000.0,650894000.0,0.519,1.505,8.586,8.624,404518000.0,0.0,19.06,0.402,0.4,1087834000.0,2056301000.0,2150572000.0,2150572000.0,0.0,,,,,0.0,502403000.0,1.0,174954362.0,174192000.0,174459000.0,12.346,3573835000.0,0.0,61665000.0,109894000.0,20.517,1959085000.0
85,GPC,MRQ,2000-06-30,2000-06-30,2000-06-30,2021-10-21,-10119000.0,4021633000.0,,2952050000.0,1069583000.0,,12.551,-14491000.0,53224000.0,53224000.0,1479706000.0,96593000.0,3.022,0.817,870117000.0,170304000.0,699813000.0,870117000.0,0.0,23550000.0,0.0,0.053,0.275,160827000.0,184377000.0,0.087,184377000.0,160827000.0,160827000.0,0.55,0.55,0.55,2213170000.0,,2213170000.0,4349026980.0,7.0,5.874,96160000.0,0.545,1.0,649671000.0,0.305,432200000.0,0.0,3429393000.0,,1733618000.0,0.0,0.0,0.0,1808463000.0,976933000.0,831530000.0,3537145980.0,-27235000.0,-7671000.0,-44196000.0,-22222000.0,-49306000.0,-115724000.0,-22162000.0,0.0,110651000.0,0.0,96593000.0,96593000.0,96593000.0,0.0,0.0,0.045,488844000.0,160827000.0,663024000.0,0.5,1.598,9.133,9.132,408754000.0,0.0,20.0,0.43,0.429,1122953000.0,2048335000.0,2129377000.0,2129377000.0,0.0,,,,,0.0,488844000.0,1.0,176857299.0,176340000.0,176709000.0,12.075,3589433000.0,0.0,64234000.0,106019000.0,20.355,1975117000.0
86,GPC,MRQ,2000-03-31,2000-03-31,2000-03-31,2021-10-21,-10386000.0,4063995000.0,,2987302000.0,1076693000.0,,12.497,-19897000.0,80459000.0,80459000.0,1450940000.0,91729000.0,3.019,0.84,892340000.0,168345000.0,723995000.0,892340000.0,0.0,23824000.0,0.0,0.044,0.275,152729000.0,176553000.0,0.085,176553000.0,152729000.0,152729000.0,0.52,0.52,0.52,2209132000.0,,2209132000.0,5011752853.0,8.0,6.872,75157000.0,0.425,1.0,620052000.0,0.299,436957000.0,0.0,3449340000.0,,1743235000.0,0.0,0.0,0.0,1854863000.0,989579000.0,865284000.0,4222014853.0,34724000.0,-29484000.0,-22326000.0,56866000.0,-45489000.0,-10949000.0,-49381000.0,0.0,95054000.0,0.0,91729000.0,91729000.0,91729000.0,0.0,0.0,0.044,467323000.0,152729000.0,626063000.0,0.529,1.911,11.015,11.056,411092000.0,0.0,23.88,0.52,0.52,1108076000.0,2042661000.0,2070992000.0,2070992000.0,0.0,,,,,0.0,467323000.0,1.0,176801292.0,176774000.0,177074000.0,11.715,3627038000.0,0.0,61000000.0,150970000.0,20.518,1997723000.0
87,GPC,MRQ,1999-12-31,1999-12-31,1999-12-31,2021-10-21,-6857000.0,3929672000.0,,2895203000.0,1034469000.0,,12.264,-19019000.0,45735000.0,45735000.0,1173687000.0,108350000.0,3.161,0.805,835473000.0,133056000.0,702417000.0,835473000.0,0.0,22333000.0,0.0,0.042,0.26,182253000.0,204586000.0,0.105,204586000.0,182253000.0,182253000.0,0.61,0.61,0.61,2177517000.0,,2177517000.0,5167445638.0,8.0,7.197,22618000.0,0.127,1.0,770655000.0,0.396,440299000.0,0.0,3363099000.0,,1771789000.0,0.0,0.0,0.0,1752155000.0,916012000.0,836143000.0,4411454638.0,-30760000.0,27048000.0,-15865000.0,-18375000.0,-46122000.0,-80362000.0,8029000.0,0.0,41637000.0,-64000.0,108350000.0,108350000.0,108350000.0,0.0,0.0,0.056,588402000.0,182253000.0,581010000.0,0.426,2.026,11.682,11.758,413543000.0,0.0,24.81,0.555,0.558,1006663000.0,2007098000.0,1944342000.0,1944342000.0,0.0,,,,,0.0,588402000.0,1.0,177809538.0,177555000.0,177921000.0,10.951,3489373000.0,0.0,73903000.0,115498000.0,19.652,1979191000.0
88,GPC,MRQ,1999-09-30,1999-09-30,1999-09-30,2021-10-21,3490000.0,3877883000.0,,2857422000.0,1020461000.0,,11.971,-20685000.0,76495000.0,76495000.0,1479065000.0,90637000.0,3.101,0.814,832486000.0,157861000.0,674625000.0,832486000.0,0.0,24836000.0,0.0,0.039,0.26,150061000.0,174897000.0,0.084,174897000.0,150061000.0,150061000.0,0.51,0.51,0.51,2137335000.0,,2137335000.0,5498187161.0,9.0,7.772,103967000.0,0.582,1.0,603164000.0,0.29,412868000.0,0.0,3299490000.0,,1698081000.0,0.0,0.0,0.0,1740548000.0,921516000.0,819032000.0,4755199161.0,-36737000.0,-12462000.0,-37669000.0,-43643000.0,-46930000.0,-128242000.0,-33147000.0,0.0,124652000.0,0.0,90637000.0,90637000.0,90637000.0,0.0,0.0,0.044,453103000.0,150061000.0,612304000.0,0.51,2.225,12.747,12.769,414320000.0,0.0,26.56,0.619,0.617,1041633000.0,1956035000.0,2082229000.0,2082229000.0,0.0,,,,,0.0,453103000.0,1.0,179036113.0,178546000.0,179026000.0,11.662,3465015000.0,0.0,59424000.0,112879000.0,19.407,1935906000.0
89,GPC,MRQ,1999-06-30,1999-06-30,1999-06-30,2021-10-21,3205000.0,3874204000.0,,2857796000.0,1016408000.0,,11.893,-17949000.0,113232000.0,113232000.0,1432837000.0,92569000.0,3.042,0.82,856220000.0,190116000.0,666104000.0,856220000.0,0.0,20058000.0,0.0,0.029,0.26,153259000.0,173317000.0,0.086,173317000.0,153259000.0,153259000.0,0.52,0.52,0.52,2129236000.0,,2129236000.0,7049504160.0,12.0,10.199,108331000.0,0.605,1.0,590057000.0,0.292,402430000.0,0.0,3275451000.0,,1678829000.0,0.0,0.0,0.0,1744968000.0,939311000.0,805657000.0,6267204160.0,-35565000.0,-18189000.0,-4411000.0,-74877000.0,-46419000.0,-125707000.0,-36138000.0,0.0,126280000.0,0.0,92569000.0,92569000.0,92569000.0,0.0,0.0,0.046,436798000.0,153259000.0,599656000.0,0.5,2.943,17.005,17.073,416900000.0,0.0,35.0,0.852,0.851,1033434000.0,1942360000.0,2022894000.0,2022894000.0,0.0,,,,,0.0,436798000.0,1.0,179062976.0,179032000.0,179589000.0,11.299,3471774000.0,0.0,60690000.0,114806000.0,19.392,1918485000.0
90,GPC,MRQ,1999-03-31,1999-03-31,1999-03-31,2021-10-21,-2328000.0,3867903000.0,,2858710000.0,1009193000.0,,11.563,-20376000.0,148797000.0,148797000.0,1350467000.0,86066000.0,2.934,0.861,931097000.0,259027000.0,672070000.0,931097000.0,0.0,22740000.0,0.0,0.035,0.26,142494000.0,165234000.0,0.087,165234000.0,142494000.0,142494000.0,0.48,0.48,0.48,2078831000.0,,2078831000.0,5832423535.0,10.0,8.641,54822000.0,0.305,1.0,550890000.0,0.29,398748000.0,0.0,3276986000.0,,1680375000.0,0.0,0.0,0.0,1789072000.0,974469000.0,814603000.0,5172439535.0,63825000.0,-85669000.0,-46693000.0,186141000.0,-44776000.0,94672000.0,-106045000.0,0.0,75198000.0,0.0,86066000.0,86066000.0,86066000.0,0.0,0.0,0.045,408396000.0,142494000.0,541082000.0,0.542,2.488,14.294,14.333,416814000.0,0.0,28.81,0.744,0.745,990153000.0,1896595000.0,1901357000.0,1901357000.0,0.0,,,,,0.0,408396000.0,1.0,179536256.0,179784000.0,180292000.0,10.576,3469155000.0,0.0,56428000.0,142447000.0,19.296,1884241000.0
91,GPC,MRQ,1998-12-31,1998-12-31,1998-12-31,2021-10-21,-3110000.0,3600380000.0,,2683357000.0,917023000.0,,11.434,43215000.0,84972000.0,84972000.0,994509000.0,103773000.0,3.279,0.753,744956000.0,156316000.0,588640000.0,744956000.0,0.0,21581000.0,0.0,0.03,0.25,172436000.0,194017000.0,0.116,194017000.0,172436000.0,172436000.0,0.57,0.58,0.57,2053332000.0,,2053332000.0,6347261399.0,11.0,9.64,115308000.0,0.642,1.0,680444000.0,0.406,344733000.0,0.0,3097222000.0,,1660233000.0,0.0,0.0,0.0,1547048000.0,818409000.0,728639000.0,6015573399.0,-8141000.0,-262237000.0,-6459000.0,203295000.0,-45154000.0,138838000.0,-219022000.0,0.0,72093000.0,-50000.0,103773000.0,103773000.0,103773000.0,0.0,0.0,0.062,508008000.0,172436000.0,509532000.0,0.439,2.93,16.907,16.889,404008000.0,0.0,33.44,0.913,0.911,907561000.0,1856948000.0,1674953000.0,1674953000.0,0.0,,,,,0.0,508008000.0,1.0,179891549.0,179575000.0,180312000.0,9.327,3255647000.0,0.0,68663000.0,116793000.0,18.13,1864948000.0
92,GPC,MRQ,1998-09-30,1998-09-30,1998-09-30,2021-10-21,0.0,3183009000.0,,2349014000.0,833995000.0,,11.136,-23830000.0,93113000.0,93113000.0,1245677000.0,86139000.0,3.041,0.584,424801000.0,164000000.0,260801000.0,424801000.0,0.0,16106000.0,0.0,0.033,0.25,142496000.0,158602000.0,0.09,158602000.0,142496000.0,142496000.0,0.48,0.48,0.48,2008911000.0,,2008911000.0,5535967677.0,10.0,8.628,61234000.0,0.339,1.0,514425000.0,0.292,220270000.0,0.0,2522037000.0,,1404318000.0,224477000.0,0.0,224477000.0,1174098000.0,772390000.0,401708000.0,5371379677.0,28273000.0,-53357000.0,-43371000.0,111889000.0,-44717000.0,20396000.0,-77187000.0,0.0,85064000.0,0.0,86139000.0,86139000.0,86139000.0,0.0,0.0,0.049,371929000.0,142496000.0,473166000.0,0.521,2.674,15.331,15.337,389248000.0,0.0,30.06,0.84,0.848,817674000.0,1829019000.0,1760102000.0,1760102000.0,0.0,,,,,0.0,371929000.0,1.0,178688612.0,180392000.0,181186000.0,9.757,2962739000.0,0.0,56357000.0,106212000.0,16.424,1576624000.0
93,GPC,MRQ,1998-06-30,1998-06-30,1998-06-30,2021-10-21,0.0,2873032000.0,,2208397000.0,664635000.0,,10.754,-20089000.0,64840000.0,64840000.0,1141980000.0,85884000.0,3.676,0.494,229428000.0,20000000.0,209428000.0,229428000.0,0.0,15133000.0,0.0,0.028,0.25,141957000.0,157090000.0,0.097,157090000.0,141957000.0,141957000.0,0.48,0.48,0.48,1923371000.0,,1923371000.0,6337202646.0,11.0,9.96,40546000.0,0.227,1.0,477403000.0,0.295,0.0,0.0,2436810000.0,,1331442000.0,289357000.0,0.0,289357000.0,949661000.0,600810000.0,348851000.0,6185572646.0,-33970000.0,-6179000.0,-11967000.0,-21000000.0,-44720000.0,-68337000.0,-26268000.0,0.0,60635000.0,0.0,85884000.0,85884000.0,85884000.0,0.0,0.0,0.053,335446000.0,141957000.0,457906000.0,0.521,3.216,17.778,17.723,375278000.0,0.0,34.56,0.999,0.999,781848000.0,1744682000.0,1619383000.0,1619383000.0,0.0,,,,,0.0,335446000.0,1.0,178980690.0,178859000.0,179447000.0,9.054,2873032000.0,0.0,56073000.0,112131000.0,16.063,1607587000.0
94,GPC,MRQ,1998-03-31,1998-03-31,1998-03-31,2021-10-21,0.0,2852014000.0,,2190440000.0,661574000.0,,10.585,-20035000.0,98810000.0,98810000.0,1086402000.0,79998000.0,3.578,0.507,250440000.0,41000000.0,209440000.0,250440000.0,0.0,16485000.0,0.0,0.025,0.25,132228000.0,148713000.0,0.097,148713000.0,132228000.0,132228000.0,0.45,0.45,0.45,1892906000.0,,1892906000.0,6988642887.0,12.0,11.065,55451000.0,0.31,1.0,446736000.0,0.291,0.0,0.0,2391491000.0,,1315065000.0,288728000.0,0.0,288728000.0,959108000.0,612153000.0,346955000.0,6815975887.0,25987000.0,10862000.0,-8789000.0,5000000.0,-43436000.0,-40326000.0,-9173000.0,0.0,75486000.0,0.0,79998000.0,79998000.0,79998000.0,0.0,0.0,0.052,314508000.0,132228000.0,412162000.0,0.556,3.601,19.711,19.649,372846000.0,0.0,38.12,1.121,1.121,746522000.0,1713925000.0,1533138000.0,1533138000.0,0.0,,,,,0.0,314508000.0,1.0,178803145.0,178822000.0,179555000.0,8.574,2852014000.0,0.0,52230000.0,148400000.0,15.949,1578287000.0
95,GPC,MRQ,1997-12-31,1997-12-31,1997-12-31,2021-10-21,0.0,2754363000.0,,2093551000.0,660812000.0,,10.39,-5394000.0,72823000.0,72823000.0,993118000.0,98349000.0,3.759,0.481,246160000.0,36670000.0,209490000.0,246160000.0,0.0,14985000.0,0.0,0.028,0.24,162257000.0,177242000.0,0.12,177242000.0,162257000.0,162257000.0,0.55,0.55,0.55,1859468000.0,,1859468000.0,6190828240.0,11.0,9.914,33743000.0,0.189,1.0,488249000.0,0.33,62091000.0,0.0,2308671000.0,,1321597000.0,0.0,0.0,0.0,894895000.0,556938000.0,337957000.0,6064873240.0,18836000.0,-16045000.0,1186000.0,65288000.0,-42492000.0,13887000.0,-34188000.0,0.0,39137000.0,0.0,98349000.0,98349000.0,98349000.0,0.0,0.0,0.066,325992000.0,162257000.0,405141000.0,0.436,3.262,17.713,17.77,372514000.0,0.0,33.94,1.01,1.015,686551000.0,1680520000.0,1481367000.0,1481367000.0,0.0,,,,,0.0,325992000.0,1.0,178693967.0,178968000.0,179235000.0,8.277,2692272000.0,0.0,63908000.0,103421000.0,15.043,1536613000.0
96,GPC,MRQ,1997-09-30,1997-09-30,1997-09-30,2021-10-21,0.0,2640788000.0,,2032109000.0,608679000.0,,9.999,-26324000.0,53987000.0,53987000.0,1091809000.0,83712000.0,3.56,0.472,179942000.0,20000000.0,159942000.0,179942000.0,0.0,14868000.0,0.0,0.031,0.24,138366000.0,153234000.0,0.098,153234000.0,138366000.0,138366000.0,0.47,0.47,0.47,1794343000.0,,1794343000.0,5668753080.0,10.0,9.244,84631000.0,0.472,1.0,463967000.0,0.298,0.0,0.0,2195915000.0,,1249165000.0,240938000.0,0.0,240938000.0,846445000.0,570828000.0,275617000.0,5548558080.0,-21094000.0,0.0,-52327000.0,-15000000.0,-43214000.0,-106073000.0,-25976000.0,0.0,110955000.0,0.0,83712000.0,83712000.0,83712000.0,0.0,0.0,0.054,325601000.0,138366000.0,430621000.0,0.511,3.092,16.421,,367741000.0,0.0,30.81,0.937,0.933,709597000.0,1615649000.0,1555776000.0,1555776000.0,0.0,,,,,0.0,325601000.0,1.0,180089519.0,179447000.0,180024000.0,8.67,2640788000.0,0.0,54654000.0,91515000.0,14.716,1461281000.0
97,GPC,MRQ,1997-06-30,1997-06-30,1997-06-30,2021-10-21,0.0,2616468000.0,,2018897000.0,597571000.0,,10.006,-24098000.0,75081000.0,75081000.0,1065336000.0,83741000.0,3.416,0.453,195276000.0,85000000.0,110276000.0,195276000.0,0.0,14018000.0,0.0,0.027,0.24,138415000.0,152433000.0,0.101,152433000.0,138415000.0,138415000.0,0.47,0.46,0.47,1801186000.0,,1801186000.0,6218236820.0,11.0,10.187,44302000.0,0.246,1.0,445120000.0,0.295,0.0,0.0,2145581000.0,,1232656000.0,239022000.0,0.0,239022000.0,815282000.0,591082000.0,224200000.0,6098952820.0,-922000.0,0.0,-4932000.0,0.0,-43192000.0,-44594000.0,-24728000.0,0.0,68400000.0,0.0,83741000.0,83741000.0,83741000.0,0.0,0.0,0.055,306705000.0,138415000.0,402077000.0,0.511,3.386,18.167,,358549000.0,0.0,33.88,1.044,1.044,691638000.0,1621096000.0,1510456000.0,1510456000.0,0.0,,,,,0.0,306705000.0,1.0,180016317.0,180018000.0,180752000.0,8.391,2616468000.0,0.0,54674000.0,91524000.0,14.534,1427815000.0
98,GPC,MRQ,1997-03-31,1997-03-31,1997-03-31,2021-10-21,0.0,2597831000.0,,2010970000.0,586861000.0,,9.792,-23029000.0,76003000.0,76003000.0,1028379000.0,76595000.0,3.281,0.474,195287000.0,85000000.0,110287000.0,195287000.0,0.0,14996000.0,0.0,0.029,0.24,126562000.0,141558000.0,0.097,141558000.0,126562000.0,126562000.0,0.43,0.42,0.43,1762050000.0,,1762050000.0,5678630943.0,10.0,9.411,9088000.0,0.051,1.0,429267000.0,0.294,0.0,0.0,2104285000.0,,1236686000.0,235686000.0,0.0,235686000.0,835781000.0,612830000.0,222951000.0,5588762943.0,8630000.0,0.0,-7761000.0,38000000.0,-40258000.0,-5619000.0,-17868000.0,0.0,32117000.0,0.0,76595000.0,76595000.0,76595000.0,0.0,0.0,0.053,302705000.0,126562000.0,379389000.0,0.558,3.172,16.793,,351175000.0,0.0,31.08,0.967,0.968,680676000.0,1582034000.0,1457646000.0,1457646000.0,0.0,,,,,0.0,302705000.0,1.0,179818628.0,179942000.0,180657000.0,8.101,2597831000.0,0.0,49967000.0,128589000.0,14.437,1398140000.0
99,GPC,MRQ,1996-12-31,1996-12-31,1996-12-31,2021-10-21,0.0,2521631000.0,,1937642000.0,583989000.0,,9.539,-12955000.0,67373000.0,67373000.0,952173000.0,93837000.0,3.409,0.456,157241000.0,47000000.0,110241000.0,157241000.0,0.0,11274000.0,0.0,0.03,0.223,154756000.0,166030000.0,0.119,166030000.0,154756000.0,154756000.0,,,,1732054000.0,,1732054000.0,,,,54775000.0,0.302,1.0,448670000.0,0.32,0.0,0.0,2043120000.0,,1233820000.0,237994000.0,0.0,237994000.0,789577000.0,568379000.0,221198000.0,5334619283.0,-6846000.0,-413000.0,-18105000.0,16676000.0,-40389000.0,-37692000.0,-36884000.0,0.0,67730000.0,0.0,93837000.0,93837000.0,93837000.0,0.0,0.0,0.067,293914000.0,154756000.0,401842000.0,,3.08,16.162,16.3,345995000.0,0.0,29.667,0.933,0.942,622836000.0,1552006000.0,1400843000.0,1400843000.0,0.0,,,,,0.0,293914000.0,1.0,179818628.0,181567000.0,,7.715,2521631000.0,0.0,60919000.0,91153000.0,13.888,1369263000.0
100,GPC,MRQ,1996-09-30,1996-09-30,1996-09-30,2021-10-21,,,,,,,,-36345000.0,,,1039564000.0,81552000.0,,,,,,,,15612000.0,,0.03,0.223,134796000.0,150408000.0,0.102,150408000.0,134796000.0,134796000.0,,,,,,,,,,10646000.0,,1.0,435272000.0,0.295,,0.0,,,,,,,,,,,13697000.0,0.0,-28463000.0,75000000.0,-40636000.0,877000.0,-34171000.0,0.0,46991000.0,0.0,81552000.0,81552000.0,81552000.0,0.0,0.0,0.055,300476000.0,134796000.0,,,,,,,0.0,29.167,,,,,1474836000.0,1474836000.0,0.0,,,,,0.0,300476000.0,1.0,,,,,,,53244000.0,,,
101,GPC,MRQ,1996-06-30,1996-06-30,1996-06-30,2021-10-21,,,,,,,,-20923000.0,,,1020932000.0,80813000.0,,,,,,,,11819000.0,,0.028,0.223,133575000.0,145394000.0,0.101,145394000.0,133575000.0,133575000.0,,,,,,,,,,75305000.0,,1.0,423941000.0,0.293,,0.0,,,,,,,,,,,-13157000.0,0.0,-25924000.0,-20000000.0,-40788000.0,-86278000.0,-23107000.0,0.0,96228000.0,0.0,80813000.0,80813000.0,80813000.0,0.0,0.0,0.056,290366000.0,133575000.0,,,,,,,0.0,30.5,,,,,1444873000.0,1444873000.0,0.0,,,,,0.0,290366000.0,1.0,,,,,,,52762000.0,,,
102,GPC,MRQ,1996-03-31,1996-03-31,1996-03-31,2021-10-21,,,,,,,,-20550000.0,,,990302000.0,73874000.0,,,,,,,,11740000.0,,0.028,0.223,122106000.0,133846000.0,0.096,133846000.0,122106000.0,122106000.0,,,,,,,,,,96516000.0,,1.0,409620000.0,0.293,,0.0,,,,,,,,,,,29425000.0,0.0,-14342000.0,-20000000.0,-38401000.0,-67724000.0,-19917000.0,0.0,117066000.0,0.0,73874000.0,73874000.0,73874000.0,0.0,0.0,0.053,287514000.0,122106000.0,,,,,,,0.0,30.0,,,,,1399922000.0,1399922000.0,0.0,,,,,0.0,287514000.0,1.0,,,,,,,48232000.0,,,
103,GPC,MRQ,1995-12-31,1995-12-31,1995-12-31,2021-10-21,0.0,2274132000.0,,1763961000.0,510171000.0,,8.976,,44254000.0,44254000.0,,,3.71,0.378,105607000.0,45000000.0,60607000.0,105607000.0,0.0,,0.0,0.031,0.21,,,,,,,,,,1650882000.0,,1650882000.0,,,,,,1.0,,,0.0,,1859961000.0,,1127456000.0,206932000.0,0.0,206932000.0,623250000.0,475524000.0,147726000.0,,,,,,,,,,,,,,,,,,,,331704000.0,,,,16.27,303239000.0,,27.333,,0.955,565305000.0,1528969000.0,,,,,,,,,,1.0,,183923000.0,,,2274132000.0,0.0,,60497000.0,12.365,1288437000.0
0,GPC,MRT,2021-09-30,2021-09-30,2021-09-30,2021-10-21,-1073086000.0,13974938000.0,13861169500.0,7782184000.0,6192754000.0,1.322,22.28,-155707000.0,919097000.0,919097000.0,11930098000.0,813995000.0,1.19,3.386,3214289000.0,0.0,3214289000.0,3214289000.0,0.0,288135000.0,0.0,0.027,3.235,1151180000.0,1439315000.0,0.079,1439315000.0,1151180000.0,1079558000.0,5.66,5.64,5.66,3183177000.0,3236603750.0,3183177000.0,19693415254.0,17.0,13.682,1431543000.0,10.02,1.0,6388797000.0,0.349,3300707000.0,71622000.0,6432100000.0,6526653750.0,3748418000.0,0.0,0.0,0.0,10778380000.0,6537323000.0,4241057000.0,17361651254.0,18974000.0,-131349000.0,-284382000.0,-478388000.0,-463276000.0,-1303281000.0,-287056000.0,0.0,1587250000.0,22061000.0,813995000.0,813995000.0,813995000.0,428000.0,0.0,0.044,5329038000.0,1059759000.0,4819084000.0,0.572,5.454,21.329,21.419,2148098000.0,0.0,121.23,0.948,0.945,1888253000.0,3995537000.0,18318895000.0,18318895000.0,0.0,0.059,0.251,0.176,0.063,19469000.0,5015538000.0,1.0,143212499.0,142871000.0,143589000.0,128.22,10674231000.0,43726000.0,265563000.0,222467000.0,74.712,1244861000.0
1,GPC,MRT,2021-06-30,2021-06-30,2021-06-30,2021-10-21,-1003554000.0,14085982000.0,13736300250.0,7721594000.0,6364388000.0,1.301,22.425,-135846000.0,987389000.0,987389000.0,11664036000.0,812941000.0,1.184,3.352,3319153000.0,48094000.0,3271059000.0,3319153000.0,0.0,285111000.0,0.0,0.025,3.21,1155314000.0,1440425000.0,0.081,1440425000.0,1155314000.0,1072862000.0,5.64,5.62,5.64,3233879000.0,3194329500.0,3233879000.0,20560713158.0,18.0,14.274,1635757000.0,11.343,1.0,6206096000.0,0.347,3384430000.0,82452000.0,6512121000.0,6670045500.0,3679113000.0,0.0,0.0,0.0,10840837000.0,6521195000.0,4319642000.0,18271401158.0,3630000.0,-132601000.0,-184861000.0,-808537000.0,-459577000.0,-1534587000.0,-268447000.0,0.0,1771603000.0,35061000.0,812941000.0,812941000.0,812941000.0,5815000.0,0.0,0.045,5139719000.0,1066377000.0,4729240000.0,0.569,5.65,22.476,22.424,2235021000.0,0.0,126.47,1.022,1.021,1899978000.0,3982159000.0,17870132000.0,17870132000.0,0.0,0.059,0.254,0.173,0.065,19822000.0,4816926000.0,1.0,144472216.0,144211000.0,144983000.0,123.917,10701552000.0,52380000.0,259921000.0,230463000.0,74.208,1200399000.0
2,GPC,MRT,2021-03-31,2021-03-31,2021-03-31,2021-10-21,-1023760000.0,13943543000.0,13530795250.0,7678160000.0,6265383000.0,1.25,23.021,-131379000.0,1117988000.0,1117988000.0,11102143000.0,52073000.0,1.212,3.191,3407300000.0,160373000.0,3246927000.0,3407300000.0,0.0,277884000.0,0.0,0.028,3.185,389758000.0,667642000.0,0.039,667642000.0,389758000.0,297948000.0,0.37,0.35,0.37,3324563000.0,3098178500.0,3324563000.0,19167932747.0,49.0,28.71,2115064000.0,14.646,1.0,5807478000.0,0.343,3340780000.0,91810000.0,6555724000.0,6814580500.0,3600658000.0,0.0,0.0,0.0,10607434000.0,6336351000.0,4271083000.0,16691659747.0,763519000.0,302453000.0,-496000.0,-1151409000.0,-456469000.0,-1683215000.0,166438000.0,0.0,2246443000.0,33853000.0,52073000.0,52073000.0,52073000.0,206686000.0,0.0,0.003,5292815000.0,514663000.0,4479398000.0,8.608,5.021,320.543,312.405,2209363000.0,0.0,115.59,0.987,0.987,1809637000.0,4085998000.0,16909621000.0,16909621000.0,0.0,0.004,0.017,0.057,0.023,22141000.0,4439206000.0,1.0,144404012.0,144413000.0,145300000.0,117.092,10602763000.0,51907000.0,245875000.0,206630000.0,73.42,1341809000.0
3,GPC,MRT,2020-12-31,2020-12-31,2020-12-31,2021-10-21,-1036502000.0,13440215000.0,13657748250.0,7113763000.0,6326452000.0,1.211,22.183,-135438000.0,990166000.0,990166000.0,10882592000.0,-29102000.0,1.207,3.19,3466439000.0,160531000.0,3305908000.0,3466439000.0,0.0,272842000.0,0.0,0.031,3.16,280584000.0,553426000.0,0.033,553426000.0,280584000.0,186871000.0,-0.2,-0.2,-0.2,3204796000.0,3117713250.0,3204796000.0,17277305851.0,62.0,31.219,1884123000.0,13.041,1.0,5654841000.0,0.342,3415734000.0,93713000.0,6606670000.0,7245371750.0,3506271000.0,0.0,0.0,0.0,10222212000.0,5894084000.0,4328128000.0,14491009851.0,713174000.0,318206000.0,-96215000.0,-895003000.0,-453277000.0,-1513765000.0,171637000.0,0.0,2019561000.0,35741000.0,-29102000.0,-29102000.0,-29102000.0,192497000.0,0.0,-0.002,5239898000.0,414943000.0,4128084000.0,-15.8,4.522,-497.939,-502.15,2200920000.0,0.0,100.43,0.876,0.877,1556966000.0,3979779000.0,16537433000.0,16537433000.0,0.0,-0.002,-0.009,0.039,0.017,21944000.0,4386739000.0,1.0,144289653.0,144474000.0,145115000.0,114.466,10024481000.0,65658000.0,215973000.0,212910000.0,69.386,1219679000.0
4,GPC,MRT,2020-09-30,2020-09-30,2020-09-30,2021-10-21,-1166572000.0,13475461000.0,13959101750.0,7375285000.0,6100176000.0,1.187,20.892,-181199000.0,900123000.0,900123000.0,10880050000.0,-191388000.0,1.234,3.464,3686419000.0,206335000.0,3480084000.0,3686419000.0,0.0,273379000.0,0.0,0.033,3.133,87079000.0,360458000.0,0.022,360458000.0,87079000.0,-7155000.0,-1.33,-1.34,-1.33,3014080000.0,3235191000.0,3014080000.0,16719166867.0,192.0,46.383,1406106000.0,9.746,1.0,5685679000.0,0.343,3279392000.0,94234000.0,7005667000.0,7686584000.0,3419383000.0,0.0,0.0,0.0,10440688000.0,5976698000.0,4463990000.0,13729622867.0,448848000.0,252919000.0,-96854000.0,-617217000.0,-450078000.0,-1185724000.0,46978000.0,0.0,1587305000.0,289000.0,-191388000.0,-191388000.0,-191388000.0,262167000.0,0.0,-0.012,5363668000.0,322011000.0,4030319000.0,-2.356,4.555,-71.737,-71.556,2165872000.0,0.0,95.17,0.829,0.829,1952225000.0,3923113000.0,16565729000.0,16565729000.0,0.0,-0.014,-0.059,0.011,0.005,27176000.0,4417638000.0,1.0,144264189.0,144273000.0,145035000.0,114.822,10196069000.0,67594000.0,184233000.0,214738000.0,70.672,1398587000.0
5,GPC,MRT,2020-06-30,2020-06-30,2020-06-30,2021-10-21,-1212372000.0,13263962000.0,14218534000.0,7291328000.0,5972634000.0,1.176,19.751,-227714000.0,983759000.0,983759000.0,11058081000.0,-191432000.0,1.222,3.648,3973303000.0,489028000.0,3484275000.0,3973303000.0,0.0,269949000.0,0.0,0.036,3.105,94574000.0,364523000.0,0.022,364523000.0,94574000.0,-323000.0,-1.35,-1.35,-1.35,2849275000.0,3392218750.0,2849275000.0,16629226123.0,176.0,45.619,1315309000.0,9.118,1.0,5662846000.0,0.339,3194515000.0,94897000.0,7090261000.0,7960806250.0,3351751000.0,0.0,0.0,0.0,10393074000.0,5968730000.0,4424344000.0,12544874123.0,421208000.0,443444000.0,-169906000.0,-671024000.0,-447493000.0,-1302483000.0,189485000.0,0.0,1543023000.0,-8817000.0,-191432000.0,-191432000.0,-191432000.0,241549000.0,0.0,-0.011,5380372000.0,282474000.0,3745031000.0,-2.3,4.403,-65.532,-64.415,2131136000.0,0.0,86.96,0.75,0.75,1823357000.0,3809564000.0,16720927000.0,16720927000.0,0.0,-0.013,-0.056,0.012,0.006,26378000.0,4453181000.0,1.0,144260282.0,144262000.0,144262000.0,115.907,10069447000.0,76154000.0,191109000.0,210003000.0,69.8,1322598000.0
6,GPC,MRT,2020-03-31,2020-03-31,2020-03-31,2021-10-21,-1333329000.0,14451355000.0,14562411500.0,7993050000.0,6458305000.0,1.192,23.458,-246187000.0,354469000.0,354469000.0,11500568000.0,597370000.0,1.215,3.241,4438821000.0,908865000.0,3529956000.0,4438821000.0,0.0,262540000.0,0.0,0.046,3.078,894788000.0,1157328000.0,0.067,1157328000.0,894788000.0,802094000.0,3.99,3.99,3.99,3402702000.0,3596232000.0,3402702000.0,13763218677.0,15.0,11.892,658153000.0,4.537,1.0,5855063000.0,0.337,3675598000.0,92694000.0,8278889000.0,8272903000.0,3698928000.0,0.0,0.0,0.0,11028324000.0,6581220000.0,4447104000.0,9788544677.0,-2456000.0,-142348000.0,-169906000.0,142750000.0,-444372000.0,-478185000.0,-414641000.0,0.0,904340000.0,-13970000.0,597370000.0,597370000.0,597370000.0,25767000.0,0.0,0.034,4994463000.0,860600000.0,4067400000.0,0.771,2.877,16.386,16.875,2229743000.0,0.0,67.33,0.564,0.563,2705192000.0,4487904000.0,17355631000.0,17355631000.0,0.0,0.041,0.166,0.108,0.052,25859000.0,4608888000.0,1.0,145381623.0,145052000.0,145623000.0,119.651,10775757000.0,61572000.0,204724000.0,211160000.0,74.289,1411830000.0
7,GPC,MRT,2019-12-31,2019-12-31,2019-12-31,2021-10-21,-1141308000.0,14645629000.0,14467205250.0,7938616000.0,6707013000.0,1.211,25.215,-253486000.0,276992000.0,276992000.0,11662551000.0,621085000.0,1.242,2.98,4182618000.0,624043000.0,3558575000.0,4182618000.0,0.0,257263000.0,0.0,0.029,3.05,929476000.0,1186739000.0,0.068,1186739000.0,929476000.0,833893000.0,4.26,4.24,4.26,3674707000.0,3633289250.0,3674707000.0,19198388606.0,21.0,16.177,638524000.0,4.381,1.0,5859683000.0,0.334,3785616000.0,95583000.0,8371519000.0,8119325500.0,3443876000.0,0.0,0.0,0.0,10950129000.0,6394120000.0,4556009000.0,15434487606.0,-56555000.0,-290109000.0,-74187000.0,139399000.0,-438890000.0,-385962000.0,-563206000.0,0.0,892010000.0,603000.0,621085000.0,621085000.0,621085000.0,25390000.0,0.0,0.035,4948772000.0,910911000.0,3948000000.0,0.716,4.2,24.851,24.937,2169355000.0,0.0,106.23,0.881,0.884,2440252000.0,4571860000.0,17522234000.0,17522234000.0,0.0,0.043,0.171,0.114,0.053,23783000.0,4577610000.0,1.0,145293115.0,145736000.0,146417000.0,120.233,10860013000.0,45921000.0,212808000.0,233044000.0,74.518,1544496000.0
8,GPC,MRT,2019-09-30,2019-09-30,2019-09-30,2021-10-21,-1268580000.0,14513190000.0,13976558000.0,8058671000.0,6454519000.0,1.175,25.02,-286213000.0,451275000.0,451275000.0,10846140000.0,798866000.0,1.265,2.979,4215176000.0,622132000.0,3593044000.0,4215176000.0,0.0,236656000.0,0.0,0.03,3.007,1141708000.0,1378364000.0,0.084,1378364000.0,1141708000.0,1041985000.0,5.37,5.35,5.37,3642191000.0,3577225250.0,3642191000.0,18592515769.0,16.0,13.489,678637000.0,4.662,1.0,5574232000.0,0.339,3801722000.0,99723000.0,8102556000.0,7539351250.0,3718307000.0,0.0,0.0,0.0,10848453000.0,6372813000.0,4475640000.0,14547944769.0,92170000.0,-323188000.0,-163117000.0,423192000.0,-433779000.0,-216229000.0,-641587000.0,0.0,964850000.0,-14864000.0,798866000.0,798866000.0,798866000.0,-91082000.0,0.0,0.049,4602162000.0,972070000.0,4195869000.0,0.56,3.994,18.211,18.546,2167374000.0,0.0,99.59,0.886,0.883,2739971000.0,4674918000.0,16420372000.0,16420372000.0,0.0,0.057,0.223,0.151,0.07,14423000.0,4346849000.0,1.0,146078369.0,145572000.0,146189000.0,112.799,10711468000.0,30301000.0,243119000.0,236064000.0,73.582,1685858000.0
9,GPC,MRT,2019-06-30,2019-06-30,2019-06-30,2021-10-21,-1195179000.0,14639472000.0,13512540250.0,8184670000.0,6454802000.0,1.23,25.092,-240261000.0,562551000.0,562551000.0,11064776000.0,791606000.0,1.26,2.988,4607122000.0,1011334000.0,3595788000.0,4607122000.0,0.0,232071000.0,0.0,0.029,2.965,1132966000.0,1365037000.0,0.082,1365037000.0,1132966000.0,1034610000.0,5.31,5.28,5.31,3665328000.0,3569441000.0,3665328000.0,18910677901.0,17.0,13.854,751203000.0,5.143,1.0,5553234000.0,0.334,3847167000.0,98356000.0,8338648000.0,7021787250.0,3750778000.0,0.0,0.0,0.0,10951497000.0,6498228000.0,4453269000.0,15129299901.0,207410000.0,-541487000.0,-91983000.0,599665000.0,-428058000.0,36214000.0,-812431000.0,0.0,991464000.0,-7837000.0,791606000.0,791606000.0,791606000.0,-75851000.0,0.0,0.048,4544891000.0,1008343000.0,4064547000.0,0.558,4.128,19.112,19.507,2051738000.0,0.0,103.58,0.91,0.91,2836875000.0,4630480000.0,16618010000.0,16618010000.0,0.0,0.059,0.222,0.161,0.068,14490000.0,4290416000.0,1.0,146063911.0,146075000.0,146736000.0,113.764,10792305000.0,27698000.0,243004000.0,212308000.0,73.882,1686442000.0
10,GPC,MRT,2019-03-31,2019-03-31,2019-03-31,2021-10-21,-1189987000.0,14070530000.0,12994302750.0,7886391000.0,6184139000.0,1.307,24.325,-223368000.0,356925000.0,356925000.0,11390028000.0,794148000.0,1.205,2.956,4138303000.0,1032382000.0,3105921000.0,4138303000.0,0.0,231198000.0,0.0,0.026,2.922,1139341000.0,1370539000.0,0.081,1370539000.0,1139341000.0,1037771000.0,5.43,5.39,5.43,3550931000.0,3531102000.0,3550931000.0,19159812993.0,17.0,13.98,845159000.0,5.79,1.0,5592116000.0,0.329,3641995000.0,101570000.0,7664579000.0,6495246000.0,3684580000.0,0.0,0.0,0.0,10497698000.0,6545334000.0,3952364000.0,16350079993.0,30952000.0,-360387000.0,-91983000.0,150222000.0,-422352000.0,-407666000.0,-609941000.0,0.0,1068527000.0,-19968000.0,794148000.0,794148000.0,794148000.0,-60940000.0,0.0,0.047,4559732000.0,1032384000.0,4058211000.0,0.538,4.604,20.588,20.632,1998341000.0,0.0,112.03,0.963,0.963,2741916000.0,4517430000.0,16982144000.0,16982144000.0,0.0,0.061,0.225,0.175,0.067,14534000.0,4311337000.0,1.0,145943765.0,145981000.0,146694000.0,116.331,10428535000.0,21178000.0,243623000.0,194178000.0,71.438,1341057000.0
11,GPC,MRT,2018-12-31,2018-12-31,2018-12-31,2021-10-21,-1115078000.0,12683040000.0,12666518750.0,7575690000.0,5107350000.0,1.329,23.527,-212115000.0,333547000.0,333547000.0,11311850000.0,810474000.0,1.284,2.67,3143280000.0,711147000.0,2432133000.0,3143280000.0,0.0,227584000.0,0.0,0.03,2.88,1157374000.0,1384958000.0,0.082,1384958000.0,1157374000.0,1055578000.0,5.53,5.5,5.53,3450451000.0,3520889000.0,3450451000.0,16646665393.0,14.0,12.02,933049000.0,6.362,1.0,5519755000.0,0.328,3540418000.0,101796000.0,6051622000.0,6172413250.0,3609389000.0,0.0,0.0,0.0,9211049000.0,5900733000.0,3310316000.0,14091825393.0,18648000.0,-257823000.0,-91983000.0,-59974000.0,-415983000.0,-608830000.0,-496124000.0,0.0,1145164000.0,-21562000.0,810474000.0,810474000.0,810474000.0,-60940000.0,0.0,0.048,4484716000.0,1035039000.0,3995789000.0,0.521,4.084,17.387,17.363,1027231000.0,0.0,96.02,0.837,0.837,2493636000.0,4341212000.0,16831605000.0,16831605000.0,0.0,0.064,0.23,0.188,0.069,13505000.0,4241203000.0,1.0,146759273.0,146657000.0,147241000.0,114.769,9142622000.0,29509000.0,245104000.0,196843000.0,62.34,1674957000.0
12,GPC,MRT,2018-09-30,2018-09-30,2018-09-30,2021-10-21,-962277000.0,12657119000.0,12598854000.0,7550495000.0,5106624000.0,1.456,24.605,-130246000.0,359105000.0,359105000.0,12612654000.0,731958000.0,1.334,2.491,2913945000.0,450493000.0,2463452000.0,2913945000.0,0.0,227947000.0,0.0,0.029,2.835,1137218000.0,1365165000.0,0.074,1365165000.0,1137218000.0,1043326000.0,4.99,4.97,4.99,3611054000.0,3511314250.0,3611054000.0,17409047561.0,15.0,12.752,1067966000.0,7.277,1.0,5725703000.0,0.312,3518470000.0,93892000.0,6032300000.0,6238029250.0,3536503000.0,0.0,0.0,0.0,8994040000.0,5661189000.0,3332851000.0,14587221561.0,149023000.0,-1359430000.0,-3558000.0,872338000.0,-409268000.0,451702000.0,-1489676000.0,0.0,1198212000.0,-11215000.0,731958000.0,731958000.0,731958000.0,0.0,0.0,0.04,4655691000.0,1070012000.0,4036006000.0,0.568,4.04,19.929,19.92,937740000.0,0.0,99.4,0.795,0.796,2655888000.0,4349014000.0,18338357000.0,18338357000.0,0.0,0.058,0.208,0.182,0.062,15688000.0,4411688000.0,1.0,146752732.0,146763000.0,147453000.0,124.952,9138649000.0,22898000.0,311368000.0,212431000.0,62.268,1889306000.0
13,GPC,MRT,2018-06-30,2018-06-30,2018-06-30,2021-10-21,-943351000.0,12566522000.0,11808132750.0,7523369000.0,5043153000.0,1.5,23.932,-146536000.0,355141000.0,355141000.0,12242983000.0,670173000.0,1.33,2.564,3176967000.0,686415000.0,2490552000.0,3176967000.0,0.0,207141000.0,0.0,0.03,2.79,1075792000.0,1282933000.0,0.072,1282933000.0,1075792000.0,997946000.0,4.57,4.56,4.57,3511972000.0,3453109500.0,3511972000.0,16458814937.0,15.0,12.829,778298000.0,5.304,1.0,5468358000.0,0.309,3498971000.0,77846000.0,6232483000.0,5708183250.0,3484949000.0,0.0,0.0,0.0,9004195000.0,5656894000.0,3347301000.0,13469062937.0,151996000.0,-1337124000.0,-20016000.0,1144919000.0,-402716000.0,715111000.0,-1483660000.0,0.0,924834000.0,-4289000.0,670173000.0,670173000.0,670173000.0,0.0,0.0,0.038,4445688000.0,1022670000.0,3831274000.0,0.611,3.835,20.098,20.085,918578000.0,0.0,91.79,0.76,0.761,2669649000.0,4236359000.0,17711341000.0,17711341000.0,0.0,0.057,0.194,0.188,0.061,14353000.0,4223922000.0,1.0,146737803.0,146748000.0,147260000.0,120.692,9067551000.0,25480000.0,327773000.0,192346000.0,61.79,1866475000.0
14,GPC,MRT,2018-03-31,2018-03-31,2018-03-31,2021-10-21,-819258000.0,12759394000.0,11019538250.0,7581612000.0,5177782000.0,1.542,23.923,-142312000.0,325973000.0,325973000.0,11802970000.0,633173000.0,1.317,2.62,3315725000.0,751614000.0,2564111000.0,3315725000.0,0.0,187922000.0,0.0,0.031,2.745,1053628000.0,1241550000.0,0.073,1241550000.0,1053628000.0,994812000.0,4.31,4.31,4.31,3510079000.0,3397147500.0,3510079000.0,16112746823.0,15.0,12.978,709278000.0,4.834,1.0,5186484000.0,0.305,3618426000.0,58816000.0,6373248000.0,5115083500.0,3772919000.0,0.0,0.0,0.0,9198013000.0,5757472000.0,3440541000.0,13182636823.0,148056000.0,-1427147000.0,-81540000.0,1343988000.0,-396891000.0,857766000.0,-1569459000.0,0.0,851590000.0,8159000.0,633173000.0,633173000.0,633173000.0,0.0,0.0,0.037,4184075000.0,1002409000.0,3773149000.0,0.637,3.756,20.82,20.845,931288000.0,0.0,89.84,0.776,0.776,2641151000.0,4114472000.0,16989454000.0,16989454000.0,0.0,0.057,0.186,0.206,0.062,13756000.0,3982648000.0,1.0,146734604.0,146727000.0,147322000.0,115.79,9140968000.0,39830000.0,361639000.0,212527000.0,62.299,1824140000.0
15,GPC,MRT,2017-12-31,2017-12-31,2017-12-31,2021-10-21,-852592000.0,12412381000.0,10121396250.0,7312893000.0,5099488000.0,1.611,23.19,-135485000.0,314899000.0,314899000.0,11402403000.0,616757000.0,1.336,2.622,3245009000.0,694989000.0,2550020000.0,3245009000.0,0.0,167691000.0,0.0,0.028,2.7,1050754000.0,1218445000.0,0.075,1218445000.0,1050754000.0,1009268000.0,4.19,4.18,4.19,3412152000.0,3324371000.0,3412152000.0,14864666255.0,14.0,12.2,679558000.0,4.618,1.0,4906398000.0,0.301,3554380000.0,41486000.0,6314086000.0,4478174000.0,3771089000.0,0.0,0.0,0.0,8948225000.0,5474025000.0,3474200000.0,13929748255.0,72020000.0,-1494795000.0,-173524000.0,1446297000.0,-395475000.0,872059000.0,-1630280000.0,0.0,815043000.0,15198000.0,616757000.0,616757000.0,616757000.0,0.0,0.0,0.038,3907856000.0,998542000.0,3634859000.0,0.644,4.082,22.585,22.675,936702000.0,0.0,95.01,0.854,0.857,2421563000.0,4049965000.0,16308801000.0,16308801000.0,0.0,0.061,0.186,0.235,0.064,13758000.0,3726233000.0,1.0,146613496.0,147140000.0,147701000.0,110.839,8858001000.0,40158000.0,392511000.0,193308000.0,60.201,1838868000.0
16,GPC,MRT,2017-09-30,2017-09-30,2017-09-30,2021-10-21,-876934000.0,9494234000.0,9233151000.0,6316608000.0,3177626000.0,1.72,23.025,-142363000.0,210082000.0,210082000.0,11128384000.0,661094000.0,1.315,1.807,1145000000.0,595000000.0,550000000.0,1145000000.0,0.0,156880000.0,0.0,0.028,2.683,1067900000.0,1224780000.0,0.077,1224780000.0,1067900000.0,1023553000.0,4.48,4.48,4.48,3378235000.0,3269765000.0,3378235000.0,14971239863.0,14.0,12.224,604720000.0,4.122,1.0,4753406000.0,0.299,1713569000.0,44347000.0,3912916000.0,3817829500.0,3354178000.0,0.0,0.0,0.0,6104106000.0,4802667000.0,1301439000.0,14044384863.0,-15095000.0,-385975000.0,-209491000.0,370000000.0,-394471000.0,-239910000.0,-528338000.0,0.0,747083000.0,6070000.0,661094000.0,661094000.0,661094000.0,0.0,0.0,0.042,3763124000.0,990282000.0,3275155000.0,0.599,4.157,21.244,21.35,760213000.0,0.0,95.65,0.884,0.884,2155948000.0,4042404000.0,15881790000.0,15881790000.0,0.0,0.072,0.202,0.28,0.067,13219000.0,3585547000.0,1.0,146830997.0,146720000.0,147222000.0,108.246,7780665000.0,122797000.0,362459000.0,76772000.0,53.031,1513941000.0
17,GPC,MRT,2017-06-30,2017-06-30,2017-06-30,2021-10-21,-921389000.0,9412144000.0,9046935500.0,6301416000.0,3110728000.0,1.738,22.356,-136216000.0,203145000.0,203145000.0,11002510000.0,687978000.0,1.312,1.858,1130000000.0,580000000.0,550000000.0,1130000000.0,0.0,154286000.0,0.0,0.029,2.665,1103864000.0,1258150000.0,0.08,1258150000.0,1103864000.0,1068555000.0,4.64,4.64,4.64,3288124000.0,3255759250.0,3288124000.0,14519352202.0,13.0,11.54,624654000.0,4.247,1.0,4725117000.0,0.3,1677748000.0,35309000.0,3860084000.0,3676407750.0,3330189000.0,0.0,0.0,0.0,6110801000.0,4801167000.0,1309634000.0,13672269202.0,-30482000.0,-396948000.0,-215528000.0,355000000.0,-393337000.0,-259918000.0,-533164000.0,0.0,760870000.0,1730000.0,687978000.0,687978000.0,687978000.0,0.0,0.0,0.044,3695084000.0,1030033000.0,3302969000.0,0.574,4.158,19.873,19.991,740776000.0,0.0,92.76,0.869,0.867,2169970000.0,4001073000.0,15727627000.0,15727627000.0,0.0,0.076,0.211,0.3,0.07,11077000.0,3523609000.0,1.0,147394019.0,147079000.0,147650000.0,106.933,7734396000.0,126299000.0,380577000.0,76556000.0,52.587,1500249000.0
18,GPC,MRT,2017-03-31,2017-03-31,2017-03-31,2021-10-21,-950269000.0,9166826000.0,8852426750.0,6194062000.0,2972764000.0,1.754,21.727,-144968000.0,177917000.0,177917000.0,10876230000.0,689375000.0,1.352,1.844,1025000000.0,475000000.0,550000000.0,1025000000.0,0.0,150965000.0,0.0,0.029,2.647,1099333000.0,1250298000.0,0.081,1250298000.0,1099333000.0,1071470000.0,4.63,4.63,4.63,3218973000.0,3243133000.0,3218973000.0,14343787980.0,13.0,11.472,767885000.0,5.183,1.0,4650857000.0,0.3,1608466000.0,27863000.0,3825610000.0,3534140250.0,3287042000.0,0.0,0.0,0.0,5934482000.0,4579833000.0,1354649000.0,13711666980.0,-27218000.0,-494778000.0,-226970000.0,325000000.0,-391851000.0,-299129000.0,-639746000.0,0.0,912853000.0,-1196000.0,689375000.0,689375000.0,689375000.0,0.0,0.0,0.044,3611763000.0,1039094000.0,3230985000.0,0.572,4.26,19.89,19.959,737206000.0,0.0,92.41,0.883,0.882,2084871000.0,3964184000.0,15527087000.0,15527087000.0,0.0,0.078,0.213,0.311,0.071,9764000.0,3446155000.0,1.0,148378606.0,148154000.0,148788000.0,104.804,7558360000.0,129539000.0,382095000.0,114598000.0,51.017,1614229000.0
19,GPC,MRT,2016-12-31,2016-12-31,2016-12-31,2021-10-21,-1013021000.0,8859400000.0,8673352000.0,5948431000.0,2910969000.0,1.769,21.427,-131832000.0,242879000.0,242879000.0,10740106000.0,687240000.0,1.402,1.77,875000000.0,325000000.0,550000000.0,875000000.0,0.0,147487000.0,0.0,0.028,2.63,1095424000.0,1242911000.0,0.081,1242911000.0,1095424000.0,1074340000.0,4.61,4.59,4.61,3193728000.0,3246322250.0,3193728000.0,14760179005.0,13.0,11.875,814246000.0,5.463,1.0,4599607000.0,0.3,1574663000.0,21084000.0,3672708000.0,3407858000.0,3210320000.0,0.0,0.0,0.0,5652044000.0,4244150000.0,1407894000.0,14210356005.0,31248000.0,-462167000.0,-181417000.0,250000000.0,-386863000.0,-322406000.0,-593999000.0,0.0,946078000.0,1575000.0,687240000.0,687240000.0,687240000.0,0.0,0.0,0.045,3550973000.0,1048634000.0,3081111000.0,0.57,4.449,20.677,20.725,728124000.0,0.0,95.54,0.926,0.928,1938562000.0,4001734000.0,15339713000.0,15339713000.0,0.0,0.079,0.212,0.321,0.071,7698000.0,3391971000.0,1.0,148737241.0,149051000.0,149804000.0,102.916,7284737000.0,132652000.0,387100000.0,48326000.0,48.874,1704281000.0
20,GPC,MRT,2016-09-30,2016-09-30,2016-09-30,2021-10-21,-865510000.0,8749372000.0,8494694750.0,5908482000.0,2840890000.0,1.794,22.312,-125582000.0,225177000.0,225177000.0,10677436000.0,695993000.0,1.342,1.63,775000000.0,475000000.0,300000000.0,775000000.0,0.0,144158000.0,0.0,0.026,2.587,1121324000.0,1265482000.0,0.083,1265482000.0,1121324000.0,1099662000.0,4.65,4.64,4.65,3322212000.0,3234532000.0,3322212000.0,15499771945.0,14.0,12.248,879156000.0,5.904,1.0,4564002000.0,0.299,1550435000.0,21662000.0,3347229000.0,3303603750.0,3146157000.0,0.0,0.0,0.0,5414078000.0,4401531000.0,1012547000.0,14958398945.0,25883000.0,-412832000.0,-210910000.0,150000000.0,-381814000.0,-446090000.0,-538414000.0,0.0,1004738000.0,5649000.0,695993000.0,695993000.0,695993000.0,0.0,0.0,0.046,3463607000.0,1100395000.0,3099438000.0,0.556,4.503,21.492,21.602,688851000.0,0.0,100.45,0.981,0.981,2032548000.0,3983984000.0,15241438000.0,15241438000.0,0.0,0.082,0.215,0.339,0.074,7379000.0,3307076000.0,1.0,148913877.0,148899000.0,149727000.0,102.361,7198937000.0,109679000.0,403669000.0,84066000.0,48.348,1506951000.0
21,GPC,MRT,2016-06-30,2016-06-30,2016-06-30,2021-10-21,-882165000.0,8634109000.0,8358133750.0,5866142000.0,2767967000.0,1.821,21.694,-113173000.0,233627000.0,233627000.0,10686871000.0,698683000.0,1.331,1.663,775000000.0,525000000.0,250000000.0,775000000.0,0.0,140753000.0,0.0,0.025,2.545,1130542000.0,1271295000.0,0.084,1271295000.0,1130542000.0,1108880000.0,4.65,4.64,4.65,3237619000.0,3193675500.0,3237619000.0,15644204280.0,14.0,12.306,1122584000.0,7.522,1.0,4534626000.0,0.298,1478298000.0,21662000.0,3291014000.0,3350880250.0,3062673000.0,0.0,0.0,0.0,5383880000.0,4406170000.0,977710000.0,15149339280.0,9787000.0,-387996000.0,-266453000.0,-75000000.0,-377335000.0,-721809000.0,-501169000.0,0.0,1235757000.0,-2992000.0,698683000.0,698683000.0,698683000.0,0.0,0.0,0.046,3425013000.0,1109613000.0,3075769000.0,0.547,4.679,21.683,21.774,685385000.0,0.0,101.25,0.995,0.993,2031094000.0,3920775000.0,15221497000.0,15221497000.0,0.0,0.084,0.219,0.337,0.074,9809000.0,3271886000.0,1.0,149623104.0,149241000.0,150029000.0,101.993,7155811000.0,112316000.0,410197000.0,80159000.0,47.948,1459972000.0
22,GPC,MRT,2016-03-31,2016-03-31,2016-03-31,2021-10-21,-862519000.0,8450527000.0,8303014750.0,5770268000.0,2680259000.0,1.838,21.603,-96169000.0,205135000.0,205135000.0,10714756000.0,702687000.0,1.37,1.611,700000000.0,450000000.0,250000000.0,700000000.0,0.0,140445000.0,0.0,0.025,2.502,1140607000.0,1281052000.0,0.084,1281052000.0,1140607000.0,1118945000.0,4.65,4.64,4.65,3231730000.0,3195224500.0,3231730000.0,15269238817.0,13.0,11.919,1075737000.0,7.191,1.0,4547504000.0,0.298,1412985000.0,21662000.0,3320481000.0,3475478000.0,3074641000.0,0.0,0.0,0.0,5206815000.0,4211926000.0,994889000.0,14855869817.0,38640000.0,-206197000.0,-254454000.0,-197877000.0,-372841000.0,-828092000.0,-302366000.0,0.0,1171906000.0,-2808000.0,702687000.0,702687000.0,702687000.0,0.0,0.0,0.046,3427826000.0,1119678000.0,2961318000.0,0.538,4.597,21.142,21.368,648204000.0,0.0,99.36,0.973,0.974,1981651000.0,3899582000.0,15262260000.0,15262260000.0,0.0,0.085,0.22,0.328,0.075,10216000.0,3275007000.0,1.0,149515598.0,149593000.0,150342000.0,102.025,7037542000.0,114917000.0,416258000.0,96873000.0,47.045,1558342000.0
23,GPC,MRT,2015-12-31,2015-12-31,2015-12-31,2021-10-21,-930618000.0,8144771000.0,8249971750.0,5555316000.0,2589455000.0,1.852,20.747,-100926000.0,211631000.0,211631000.0,10724192000.0,705672000.0,1.41,1.584,625000000.0,375000000.0,250000000.0,625000000.0,0.0,141675000.0,0.0,0.029,2.46,1145343000.0,1287018000.0,0.084,1287018000.0,1145343000.0,1123681000.0,4.65,4.63,4.65,3146567000.0,3182276500.0,3146567000.0,13374759309.0,12.0,10.392,1058447000.0,6.979,1.0,4555852000.0,0.298,1361795000.0,21662000.0,3255691000.0,3610322750.0,2999966000.0,0.0,0.0,0.0,4985529000.0,3940654000.0,1044875000.0,12949053309.0,73901000.0,-162701000.0,-292275000.0,-142967000.0,-368284000.0,-806074000.0,-263627000.0,0.0,1159373000.0,-15771000.0,705672000.0,705672000.0,705672000.0,0.0,0.0,0.046,3431438000.0,1124414000.0,2821526000.0,0.529,4.115,18.35,18.471,648217000.0,0.0,85.89,0.847,0.853,1822419000.0,3885751000.0,15280044000.0,15280044000.0,0.0,0.086,0.222,0.317,0.075,10693000.0,3277390000.0,1.0,150763224.0,151667000.0,152496000.0,100.747,6782976000.0,118525000.0,418009000.0,50684000.0,44.723,1614662000.0
24,GPC,MRT,2015-09-30,2015-09-30,2015-09-30,2021-10-21,-914586000.0,8203128000.0,8275338500.0,5623482000.0,2579646000.0,1.863,20.87,-87024000.0,199294000.0,199294000.0,10813793000.0,709958000.0,1.494,1.593,625000000.0,125000000.0,500000000.0,625000000.0,0.0,145454000.0,0.0,0.029,2.42,1152465000.0,1297919000.0,0.084,1297919000.0,1152465000.0,1127377000.0,4.65,4.65,4.65,3158786000.0,3220946750.0,3158786000.0,13192056716.0,11.0,10.164,1009785000.0,6.672,1.0,4606915000.0,0.299,1328431000.0,25088000.0,3536335000.0,3772217250.0,2967724000.0,0.0,0.0,0.0,5032104000.0,3764068000.0,1268036000.0,12565896716.0,63757000.0,-128019000.0,-225575000.0,-208874000.0,-363285000.0,-801671000.0,-215043000.0,0.0,1096809000.0,-16338000.0,709958000.0,709958000.0,709958000.0,0.0,0.0,0.046,3473051000.0,1133864000.0,2851022000.0,0.52,3.978,17.699,17.826,628461000.0,0.0,82.89,0.815,0.814,1963158000.0,3883403000.0,15420708000.0,15420708000.0,0.0,0.086,0.22,0.306,0.075,1302000.0,3320404000.0,1.0,151597258.0,151354000.0,152143000.0,101.885,6874697000.0,136618000.0,417419000.0,69062000.0,45.421,1859414000.0
25,GPC,MRT,2015-06-30,2015-06-30,2015-06-30,2021-10-21,-809501000.0,8413633000.0,8309920750.0,5763520000.0,2650113000.0,1.863,21.322,-96356000.0,223840000.0,223840000.0,10863703000.0,712458000.0,1.49,1.59,850000000.0,350000000.0,500000000.0,850000000.0,0.0,146160000.0,0.0,0.027,2.38,1150173000.0,1296333000.0,0.084,1296333000.0,1150173000.0,1125085000.0,4.66,4.65,4.66,3243815000.0,3305544000.0,3243815000.0,14353702559.0,12.0,11.073,780795000.0,5.132,1.0,4621112000.0,0.298,1382766000.0,25088000.0,3789405000.0,3878427500.0,3025165000.0,0.0,0.0,0.0,5158135000.0,3867622000.0,1290513000.0,13626500559.0,70977000.0,-189151000.0,-187396000.0,41651000.0,-357983000.0,-507821000.0,-285507000.0,0.0,877151000.0,-12846000.0,712458000.0,712458000.0,712458000.0,0.0,0.0,0.046,3489540000.0,1131572000.0,2743444000.0,0.511,4.201,19.126,19.212,640534000.0,0.0,89.53,0.88,0.88,2008445000.0,3867298000.0,15484815000.0,15484815000.0,0.0,0.086,0.216,0.297,0.074,-88000.0,3336188000.0,1.0,152200386.0,152134000.0,152989000.0,101.784,7030867000.0,139928000.0,412627000.0,69497000.0,46.215,1895898000.0
26,GPC,MRT,2015-03-31,2015-03-31,2015-03-31,2021-10-21,-827682000.0,8238355000.0,8269399500.0,5634699000.0,2603656000.0,1.869,20.831,-96855000.0,166495000.0,166495000.0,10830851000.0,714812000.0,1.499,1.587,893697000.0,393697000.0,500000000.0,893697000.0,0.0,147341000.0,0.0,0.025,2.34,1150236000.0,1297577000.0,0.084,1297577000.0,1150236000.0,1125148000.0,4.67,4.65,4.67,3179938000.0,3376382750.0,3179938000.0,14857797373.0,13.0,11.45,756023000.0,4.952,1.0,4621950000.0,0.299,1346336000.0,25088000.0,3859860000.0,3922408000.0,3007295000.0,0.0,0.0,0.0,5047313000.0,3759361000.0,1287952000.0,14230061373.0,63023000.0,-161176000.0,-157489000.0,-7436000.0,-352560000.0,-521210000.0,-258031000.0,0.0,852878000.0,-10614000.0,714812000.0,714812000.0,714812000.0,0.0,0.0,0.046,3490315000.0,1131635000.0,2608491000.0,0.501,4.475,19.907,19.955,646116000.0,0.0,93.19,0.921,0.921,1978233000.0,3825716000.0,15452801000.0,15452801000.0,0.0,0.086,0.212,0.293,0.074,-912000.0,3335783000.0,1.0,152699446.0,152656000.0,153574000.0,101.226,6892019000.0,144112000.0,410336000.0,94151000.0,45.147,1875338000.0
27,GPC,MRT,2014-12-31,2014-12-31,2014-12-31,2021-10-21,-720211000.0,8246238000.0,8205404250.0,5592525000.0,2653713000.0,1.87,21.535,-98815000.0,137730000.0,137730000.0,10747886000.0,711286000.0,1.56,1.495,765466000.0,265466000.0,500000000.0,765466000.0,0.0,148313000.0,0.0,0.022,2.3,1142827000.0,1291140000.0,0.084,1291140000.0,1142827000.0,1117739000.0,4.64,4.61,4.64,3301248000.0,3431838750.0,3301248000.0,16989789764.0,15.0,13.159,691330000.0,4.51,1.0,4593761000.0,0.299,1386590000.0,25088000.0,3903269000.0,3943970000.0,3043848000.0,0.0,0.0,0.0,4933874000.0,3584115000.0,1349759000.0,16289932764.0,-59163000.0,-287900000.0,-95946000.0,-7938000.0,-347271000.0,-455440000.0,-386715000.0,0.0,790145000.0,-7153000.0,711286000.0,711286000.0,711286000.0,0.0,0.0,0.046,3469535000.0,1124226000.0,2554759000.0,0.496,4.934,22.902,22.968,670102000.0,0.0,106.57,1.062,1.065,1872365000.0,3841932000.0,15341647000.0,15341647000.0,0.0,0.087,0.207,0.29,0.074,-1527000.0,3314030000.0,1.0,152856646.0,153299000.0,154375000.0,100.077,6859648000.0,145331000.0,406453000.0,72479000.0,44.747,2008410000.0
28,GPC,MRT,2014-09-30,2014-09-30,2014-09-30,2021-10-21,-446854000.0,8341457000.0,8063919000.0,5585377000.0,2756080000.0,1.865,22.855,-103045000.0,135537000.0,135537000.0,10497633000.0,696194000.0,1.536,1.382,835394000.0,335394000.0,500000000.0,835394000.0,0.0,144508000.0,0.0,0.026,2.262,1115099000.0,1259607000.0,0.084,1259607000.0,1115099000.0,1088128000.0,4.54,4.51,4.54,3497175000.0,3443795250.0,3497175000.0,14080900491.0,13.0,11.179,705524000.0,4.611,1.0,4539361000.0,0.302,1444356000.0,26971000.0,3961176000.0,3912068250.0,3014102000.0,0.0,0.0,0.0,4833309000.0,3635782000.0,1197527000.0,13427405491.0,-185333000.0,-373359000.0,-144481000.0,-21781000.0,-342320000.0,-510109000.0,-476404000.0,0.0,808569000.0,-7389000.0,696194000.0,696194000.0,696194000.0,0.0,0.0,0.046,3446293000.0,1093068000.0,2549193000.0,0.498,3.84,19.287,19.319,662253000.0,0.0,87.71,0.893,0.893,1976056000.0,3764807000.0,15036994000.0,15036994000.0,0.0,0.086,0.202,0.285,0.074,8203000.0,3293095000.0,1.0,153088650.0,153018000.0,154098000.0,98.269,6897101000.0,90539000.0,391934000.0,104171000.0,45.074,1949595000.0
29,GPC,MRT,2014-06-30,2014-06-30,2014-06-30,2021-10-21,-351415000.0,8251548000.0,7964530500.0,5512361000.0,2739187000.0,1.85,22.984,-102522000.0,152863000.0,152863000.0,10279466000.0,679424000.0,1.572,1.336,806358000.0,306358000.0,500000000.0,806358000.0,0.0,144745000.0,0.0,0.025,2.225,1088562000.0,1233307000.0,0.084,1233307000.0,1088562000.0,1061591000.0,4.41,4.39,4.41,3527170000.0,3355266750.0,3527170000.0,14282727141.0,13.0,11.581,854233000.0,5.566,1.0,4456862000.0,0.302,1432862000.0,26971000.0,3965327000.0,3852437500.0,2987143000.0,0.0,0.0,0.0,4714054000.0,3506854000.0,1207200000.0,13486443141.0,-43907000.0,-294957000.0,-148124000.0,-113512000.0,-337480000.0,-601207000.0,-397479000.0,0.0,956755000.0,-1976000.0,679424000.0,679424000.0,679424000.0,0.0,0.0,0.046,3390331000.0,1066531000.0,2489570000.0,0.505,3.824,19.85,19.909,661304000.0,0.0,87.8,0.915,0.914,1909268000.0,3703462000.0,14736328000.0,14736328000.0,0.0,0.085,0.202,0.283,0.074,5605000.0,3236896000.0,1.0,153604136.0,153463000.0,154532000.0,96.025,6818686000.0,89196000.0,382167000.0,108223000.0,44.432,2005507000.0
30,GPC,MRT,2014-03-31,2014-03-31,2014-03-31,2021-10-21,-393762000.0,7982374000.0,7816721750.0,5346431000.0,2635943000.0,1.856,22.128,-118869000.0,103472000.0,103472000.0,10121136000.0,698054000.0,1.562,1.344,899756000.0,399756000.0,500000000.0,899756000.0,0.0,144814000.0,0.0,0.025,2.188,1093110000.0,1237924000.0,0.085,1237924000.0,1093110000.0,1066139000.0,4.52,4.5,4.52,3401762000.0,3242567000.0,3401762000.0,13918973449.0,13.0,11.244,881263000.0,5.733,1.0,4382802000.0,0.302,1409812000.0,26971000.0,3946108000.0,3803668500.0,2974306000.0,0.0,0.0,0.0,4571165000.0,3422738000.0,1148427000.0,13351208449.0,-738422000.0,-862281000.0,-143272000.0,-260738000.0,-332326000.0,-739204000.0,-981150000.0,0.0,1000132000.0,-18200000.0,698054000.0,698054000.0,698054000.0,0.0,0.0,0.048,3311723000.0,1071079000.0,2335327000.0,0.484,3.925,19.126,19.215,664689000.0,0.0,86.85,0.921,0.921,1828309000.0,3624642000.0,14503938000.0,14503938000.0,0.0,0.089,0.215,0.287,0.075,73000.0,3158218000.0,1.0,153727213.0,153729000.0,154796000.0,94.347,6572562000.0,92539000.0,368085000.0,164408000.0,42.754,1923693000.0
31,GPC,MRT,2013-12-31,2013-12-31,2013-12-31,2021-10-21,-397655000.0,7680297000.0,7655743750.0,5221491000.0,2458806000.0,1.839,21.658,-113406000.0,196893000.0,196893000.0,9857923000.0,684959000.0,1.64,1.29,764658000.0,264658000.0,500000000.0,764658000.0,0.0,133957000.0,0.0,0.026,2.15,1071275000.0,1205232000.0,0.086,1205232000.0,1071275000.0,1044304000.0,4.43,4.4,4.43,3349074000.0,3158213750.0,3349074000.0,13354001302.0,12.0,11.08,943325000.0,6.1,1.0,4219920000.0,0.3,1289356000.0,26971000.0,3775662000.0,3790951500.0,2946021000.0,0.0,0.0,0.0,4321529000.0,3183044000.0,1138485000.0,12840975302.0,-206202000.0,-712173000.0,-120673000.0,24596000.0,-326217000.0,-425117000.0,-825579000.0,0.0,1056731000.0,-12237000.0,684959000.0,684959000.0,684959000.0,0.0,0.0,0.049,3170676000.0,1049244000.0,2269671000.0,0.485,3.834,18.747,18.779,670061000.0,0.0,83.19,0.912,0.914,1664819000.0,3578021000.0,14077843000.0,14077843000.0,0.0,0.089,0.217,0.283,0.076,-257000.0,3028028000.0,1.0,154357198.0,154636000.0,155714000.0,91.039,6390941000.0,97555000.0,359345000.0,83316000.0,41.329,2038447000.0
32,GPC,MRT,2013-09-30,2013-09-30,2013-09-30,2021-10-21,-581652000.0,7943903000.0,7437434750.0,5295475000.0,2648428000.0,1.839,20.335,-106002000.0,320870000.0,320870000.0,9640571000.0,694717000.0,1.533,1.524,833896000.0,583896000.0,250000000.0,833896000.0,0.0,123126000.0,0.0,0.026,2.107,1081019000.0,1204145000.0,0.088,1204145000.0,1081019000.0,1060537000.0,4.48,4.47,4.48,3143061000.0,3070417000.0,3143061000.0,13229909190.0,12.0,10.987,873101000.0,5.649,1.0,4038437000.0,0.295,1280182000.0,20482000.0,3722653000.0,3826658250.0,2832108000.0,0.0,0.0,0.0,4790728000.0,3454094000.0,1336634000.0,12526577190.0,-77248000.0,-627115000.0,-101799000.0,104346000.0,-320075000.0,-314034000.0,-733117000.0,0.0,979103000.0,-9200000.0,694717000.0,694717000.0,694717000.0,0.0,0.0,0.051,2981701000.0,1056736000.0,2213190000.0,0.47,3.985,18.031,18.056,648503000.0,0.0,80.89,0.916,0.914,1759517000.0,3570356000.0,13679008000.0,13679008000.0,0.0,0.093,0.226,0.282,0.079,-2218000.0,2850528000.0,1.0,154859404.0,154567000.0,155663000.0,88.499,6663721000.0,257571000.0,365820000.0,109760000.0,43.112,1841381000.0
33,GPC,MRT,2013-06-30,2013-06-30,2013-06-30,2021-10-21,-600223000.0,7660313000.0,7062929500.0,5107741000.0,2552572000.0,1.893,19.841,-92922000.0,196770000.0,196770000.0,9455993000.0,693914000.0,1.537,1.487,900102000.0,650102000.0,250000000.0,900102000.0,0.0,113515000.0,0.0,0.026,2.065,1080806000.0,1194321000.0,0.089,1194321000.0,1080806000.0,1060324000.0,4.47,4.46,4.47,3076371000.0,3048602500.0,3076371000.0,12171077190.0,11.0,10.191,859281000.0,5.542,1.0,3913550000.0,0.293,1270447000.0,20482000.0,3770251000.0,3881483750.0,2799150000.0,0.0,0.0,0.0,4574174000.0,3322947000.0,1251227000.0,12098229190.0,25193000.0,-628588000.0,-60172000.0,170552000.0,-313704000.0,-198115000.0,-721510000.0,0.0,952203000.0,-7385000.0,693914000.0,693914000.0,693914000.0,0.0,0.0,0.052,2857027000.0,1056523000.0,2064878000.0,0.462,3.933,17.435,17.465,642955000.0,0.0,78.07,0.905,0.905,1759176000.0,3521735000.0,13369543000.0,13369543000.0,0.0,0.098,0.228,0.278,0.081,-2151000.0,2735465000.0,1.0,154966430.0,155050000.0,156144000.0,86.227,6389866000.0,179850000.0,366410000.0,10865000.0,41.212,1784794000.0
34,GPC,MRT,2013-03-31,2013-03-31,2013-03-31,2021-10-21,-497934000.0,7338462000.0,6694083500.0,5351604000.0,1986858000.0,1.947,19.784,-89518000.0,841894000.0,841894000.0,9250654000.0,646175000.0,1.77,1.391,914742000.0,664742000.0,250000000.0,914742000.0,0.0,101397000.0,0.0,0.026,2.022,1033383000.0,1134780000.0,0.087,1134780000.0,1033383000.0,1012901000.0,4.15,4.15,4.15,3064349000.0,3009962000.0,3064349000.0,12176610014.0,12.0,10.73,761001000.0,4.913,1.0,3780728000.0,0.29,492756000.0,20482000.0,3895240000.0,3948123000.0,2560077000.0,0.0,0.0,0.0,4264019000.0,3023314000.0,1240705000.0,12079705014.0,417470000.0,-376211000.0,-88683000.0,414742000.0,-307605000.0,26674000.0,-465729000.0,0.0,850519000.0,6006000.0,646175000.0,646175000.0,646175000.0,0.0,0.0,0.05,2771628000.0,1009100000.0,1800726000.0,0.487,3.942,18.694,18.795,581279000.0,0.0,78.0,0.927,0.927,1624954000.0,3407317000.0,13031382000.0,13031382000.0,0.0,0.097,0.215,0.262,0.079,1952000.0,2662184000.0,1.0,154868013.0,154891000.0,155931000.0,84.133,6845706000.0,273488000.0,366726000.0,68375000.0,44.197,2328290000.0
35,GPC,MRT,2012-12-31,2012-12-31,2012-12-31,2021-10-21,-501492000.0,6807061000.0,6383425250.0,4820131000.0,1986930000.0,2.039,19.29,-93483000.0,403095000.0,403095000.0,9235777000.0,648041000.0,1.938,1.267,500000000.0,250000000.0,250000000.0,500000000.0,0.0,98383000.0,0.0,0.031,1.98,1039414000.0,1137797000.0,0.087,1137797000.0,1039414000.0,1018932000.0,4.17,4.14,4.17,2997887000.0,2965002000.0,2997887000.0,9965085866.0,10.0,8.758,812955000.0,5.231,1.0,3778091000.0,0.29,497839000.0,20482000.0,3918489000.0,3961098750.0,2602560000.0,0.0,0.0,0.0,3798882000.0,2487638000.0,1311244000.0,9863203866.0,-121959000.0,-558384000.0,-88869000.0,0.0,-300983000.0,-378834000.0,-651867000.0,0.0,906438000.0,2304000.0,648041000.0,648041000.0,648041000.0,0.0,0.0,0.05,2762960000.0,1015131000.0,1681900000.0,0.475,3.29,15.22,15.247,566365000.0,0.0,63.58,0.758,0.759,1490028000.0,3344538000.0,13013868000.0,13013868000.0,0.0,0.102,0.219,0.262,0.08,-271000.0,2656530000.0,1.0,155130605.0,155413000.0,156420000.0,83.737,6309222000.0,279463000.0,370891000.0,4354000.0,40.596,2332493000.0
36,GPC,MRT,2012-09-30,2012-09-30,2012-09-30,2021-10-21,-420845000.0,6445882000.0,6232353500.0,4664575000.0,1781307000.0,2.071,19.696,-102256000.0,398118000.0,398118000.0,9149004000.0,622773000.0,2.22,1.106,500000000.0,0.0,500000000.0,500000000.0,0.0,95327000.0,0.0,0.032,1.935,1004217000.0,1099544000.0,0.085,1099544000.0,1004217000.0,977181000.0,4.0,3.98,4.0,3055803000.0,2901532000.0,3055803000.0,9794222871.0,10.0,8.908,790083000.0,5.092,1.0,3760033000.0,0.291,504192000.0,27036000.0,3941955000.0,3952825750.0,2351321000.0,0.0,0.0,0.0,3379713000.0,2101617000.0,1278096000.0,9465799871.0,-136683000.0,-577185000.0,-70214000.0,0.0,-294303000.0,-356376000.0,-679441000.0,0.0,892339000.0,6795000.0,622773000.0,622773000.0,622773000.0,0.0,0.0,0.048,2764174000.0,995859000.0,1754253000.0,0.484,3.098,15.199,15.258,560900000.0,0.0,61.03,0.733,0.733,1606297000.0,3321517000.0,12909037000.0,12909037000.0,0.0,0.1,0.215,0.254,0.078,-2339000.0,2655599000.0,1.0,155100768.0,155147000.0,156135000.0,83.205,5941690000.0,232845000.0,354408000.0,26682000.0,38.297,2562958000.0
37,GPC,MRT,2012-06-30,2012-06-30,2012-06-30,2021-10-21,-458444000.0,6184929000.0,6067062500.0,4423375000.0,1761554000.0,2.113,18.759,-104181000.0,171577000.0,171577000.0,9086290000.0,601662000.0,2.236,1.113,500000000.0,0.0,500000000.0,500000000.0,0.0,91183000.0,0.0,0.031,1.89,979784000.0,1070967000.0,0.084,1070967000.0,979784000.0,952748000.0,3.86,3.84,3.86,2921809000.0,2858013250.0,2921809000.0,9469146511.0,10.0,8.842,692108000.0,4.444,1.0,3732529000.0,0.291,498288000.0,27036000.0,4036808000.0,3775170250.0,2333592000.0,0.0,0.0,0.0,3253107000.0,1978256000.0,1274851000.0,9393570511.0,-345151000.0,-624711000.0,-124028000.0,0.0,-288006000.0,-404209000.0,-728892000.0,0.0,796289000.0,-8339000.0,601662000.0,601662000.0,601662000.0,0.0,0.0,0.047,2761103000.0,971426000.0,1599695000.0,0.49,3.215,15.613,15.609,567013000.0,0.0,60.25,0.733,0.732,1605696000.0,3225152000.0,12818819000.0,12818819000.0,0.0,0.099,0.211,0.26,0.076,-2105000.0,2656672000.0,1.0,155909884.0,155753000.0,156772000.0,82.302,5686641000.0,240261000.0,351086000.0,32789000.0,36.511,2445119000.0
38,GPC,MRT,2012-03-31,2012-03-31,2012-03-31,2021-10-21,-453519000.0,6095829000.0,5950080500.0,4601546000.0,1494283000.0,2.129,18.513,-96916000.0,424424000.0,424424000.0,8989610000.0,584856000.0,2.383,1.11,500000000.0,0.0,500000000.0,500000000.0,0.0,89376000.0,0.0,0.029,1.845,954030000.0,1043406000.0,0.082,1043406000.0,954030000.0,926994000.0,3.75,3.72,3.75,2884509000.0,2858067000.0,2884509000.0,9749668806.0,10.0,9.344,646897000.0,4.152,1.0,3676357000.0,0.29,292893000.0,27036000.0,3947143000.0,3607199000.0,2264398000.0,0.0,0.0,0.0,3201835000.0,1931369000.0,1270466000.0,9774722806.0,-41458000.0,-291951000.0,-114937000.0,0.0,-281788000.0,-389685000.0,-388867000.0,0.0,743813000.0,-6719000.0,584856000.0,584856000.0,584856000.0,0.0,0.0,0.046,2730685000.0,945672000.0,1559874000.0,0.492,3.389,16.713,16.733,500845000.0,0.0,62.75,0.772,0.772,1605469000.0,3182118000.0,12665967000.0,12665967000.0,0.0,0.098,0.205,0.264,0.075,-1378000.0,2628061000.0,1.0,155772475.0,155810000.0,156949000.0,81.291,5802936000.0,246590000.0,342138000.0,86266000.0,37.244,2670177000.0
39,GPC,MRT,2011-12-31,2011-12-31,2011-12-31,2021-10-21,-482038000.0,6202774000.0,5818503250.0,4754710000.0,1448064000.0,2.141,17.516,-94561000.0,525054000.0,525054000.0,8852837000.0,565116000.0,2.363,1.257,500000000.0,0.0,500000000.0,500000000.0,0.0,88936000.0,0.0,0.029,1.8,917842000.0,1006778000.0,0.081,1006778000.0,917842000.0,890806000.0,3.61,3.58,3.61,2744007000.0,2854505250.0,2744007000.0,9491187692.0,10.0,9.427,530366000.0,3.386,1.0,3606040000.0,0.289,279775000.0,27036000.0,3885397000.0,3463094750.0,2440111000.0,0.0,0.0,0.0,3449183000.0,2012548000.0,1436635000.0,9525988692.0,-4914000.0,-136936000.0,-123127000.0,0.0,-276369000.0,-394140000.0,-231497000.0,0.0,624927000.0,-4204000.0,565116000.0,565116000.0,565116000.0,0.0,0.0,0.045,2696556000.0,909484000.0,1440762000.0,0.499,3.472,16.857,16.953,500204000.0,0.0,61.2,0.765,0.77,1461011000.0,3070394000.0,12458877000.0,12458877000.0,0.0,0.097,0.198,0.265,0.074,2191000.0,2594372000.0,1.0,155653410.0,156656000.0,157660000.0,79.53,5922999000.0,261608000.0,325690000.0,21081000.0,37.809,2742162000.0
40,GPC,MRT,2011-09-30,2011-09-30,2011-09-30,2021-10-21,-325392000.0,5784718000.0,5634070750.0,4646313000.0,1138405000.0,2.175,18.448,-86704000.0,534801000.0,534801000.0,8721902000.0,548809000.0,2.074,1.004,500000000.0,250000000.0,250000000.0,500000000.0,0.0,88848000.0,0.0,0.035,1.76,895078000.0,983926000.0,0.08,983926000.0,895078000.0,867017000.0,3.49,3.48,3.49,2881728000.0,2866958250.0,2881728000.0,7947032755.0,9.0,8.077,520945000.0,3.335,1.0,3530568000.0,0.288,277924000.0,28061000.0,3231333000.0,3305174000.0,2250309000.0,0.0,0.0,0.0,2893327000.0,2240660000.0,652667000.0,7963760755.0,3070000.0,-112694000.0,-115382000.0,0.0,-270821000.0,-382006000.0,-199398000.0,0.0,607649000.0,-23175000.0,548809000.0,548809000.0,548809000.0,0.0,0.0,0.045,2638986000.0,891582000.0,1587326000.0,0.504,2.764,14.511,14.556,479547000.0,0.0,50.8,0.65,0.648,1531046000.0,3051467000.0,12252470000.0,12252470000.0,0.0,0.097,0.191,0.271,0.073,3980000.0,2539541000.0,1.0,156766944.0,156206000.0,157148000.0,78.438,5506794000.0,153319000.0,318208000.0,44812000.0,35.253,2405653000.0
41,GPC,MRT,2011-06-30,2011-06-30,2011-06-30,2021-10-21,-258480000.0,5717001000.0,5541333750.0,4633291000.0,1083710000.0,2.151,18.582,-95539000.0,516728000.0,516728000.0,8482403000.0,528762000.0,2.199,0.953,500000000.0,250000000.0,250000000.0,500000000.0,0.0,89476000.0,0.0,0.032,1.72,860467000.0,949943000.0,0.08,949943000.0,860467000.0,832406000.0,3.36,3.34,3.36,2922024000.0,2838823250.0,2922024000.0,8592383011.0,10.0,9.045,480623000.0,3.056,1.0,3435067000.0,0.288,227935000.0,28061000.0,3364923000.0,3360820000.0,2251595000.0,0.0,0.0,0.0,2785705000.0,2107415000.0,678290000.0,8558265011.0,104856000.0,-61078000.0,-62283000.0,0.0,-264821000.0,-323136000.0,-156617000.0,0.0,576162000.0,8447000.0,528762000.0,528762000.0,528762000.0,0.0,0.0,0.044,2578096000.0,856971000.0,1492041000.0,0.512,2.929,16.185,16.19,486283000.0,0.0,54.4,0.718,0.718,1565889000.0,3023737000.0,11917470000.0,11917470000.0,0.0,0.095,0.186,0.256,0.072,3938000.0,2478023000.0,1.0,157321048.0,157248000.0,158243000.0,75.788,5489066000.0,151042000.0,303644000.0,33520000.0,34.907,2525876000.0
42,GPC,MRT,2011-03-31,2011-03-31,2011-03-31,2021-10-21,-270029000.0,5569520000.0,5416923500.0,4495229000.0,1074291000.0,2.138,18.209,-86387000.0,465882000.0,465882000.0,8238409000.0,501417000.0,2.244,0.937,500000000.0,250000000.0,250000000.0,500000000.0,0.0,89734000.0,0.0,0.031,1.68,819709000.0,909443000.0,0.079,909443000.0,819709000.0,791648000.0,3.18,3.16,3.18,2870262000.0,2774442250.0,2870262000.0,8426729825.0,10.0,9.266,506042000.0,3.21,1.0,3341263000.0,0.289,229276000.0,28061000.0,3370726000.0,3402286500.0,2236758000.0,0.0,0.0,0.0,2690652000.0,2003636000.0,687016000.0,8456697825.0,132345000.0,-58776000.0,-67683000.0,0.0,-258954000.0,-322857000.0,-145163000.0,0.0,592429000.0,7936000.0,501417000.0,501417000.0,501417000.0,0.0,0.0,0.043,2525050000.0,816213000.0,1369542000.0,0.528,2.946,16.866,16.868,479816000.0,0.0,53.64,0.73,0.73,1490744000.0,2982748000.0,11579672000.0,11579672000.0,0.0,0.093,0.181,0.241,0.071,2657000.0,2424719000.0,1.0,157656559.0,157633000.0,158656000.0,73.46,5340244000.0,155543000.0,290231000.0,74661000.0,33.878,2491593000.0
43,GPC,MRT,2010-12-31,2010-12-31,2010-12-31,2021-10-21,-298352000.0,5465044000.0,5316734000.0,4414887000.0,1050157000.0,2.108,17.679,-81703000.0,529968000.0,529968000.0,7954645000.0,475511000.0,2.239,0.953,500000000.0,250000000.0,250000000.0,500000000.0,0.0,89332000.0,0.0,0.032,1.64,789844000.0,879176000.0,0.078,879176000.0,789844000.0,761783000.0,3.01,3.0,3.01,2793819000.0,2726272250.0,2793819000.0,8056102295.0,10.0,9.163,596960000.0,3.777,1.0,3252944000.0,0.29,209548000.0,28061000.0,3253714000.0,3463652250.0,2224717000.0,0.0,0.0,0.0,2662330000.0,1971814000.0,690516000.0,8087833295.0,193165000.0,-90645000.0,-65922000.0,0.0,-257898000.0,-320569000.0,-172348000.0,0.0,678663000.0,7419000.0,475511000.0,475511000.0,475511000.0,0.0,0.0,0.042,2466596000.0,786348000.0,1374930000.0,0.545,2.895,17.009,17.056,484130000.0,0.0,51.34,0.722,0.724,1364406000.0,2934535000.0,11207589000.0,11207589000.0,0.0,0.089,0.174,0.228,0.07,3765000.0,2366667000.0,1.0,157534735.0,158032000.0,158461000.0,70.92,5255496000.0,157392000.0,286272000.0,23145000.0,33.256,2443073000.0
44,GPC,MRT,2010-09-30,2010-09-30,2010-09-30,2021-10-21,-268502000.0,5413770000.0,5201645250.0,4391301000.0,1022469000.0,2.09,17.574,-66977000.0,531731000.0,531731000.0,7667799000.0,456028000.0,2.552,0.952,500000000.0,0.0,500000000.0,500000000.0,0.0,90339000.0,0.0,0.037,1.63,766023000.0,856362000.0,0.079,856362000.0,766023000.0,738138000.0,2.89,2.86,2.89,2769188000.0,2683150000.0,2769188000.0,7116076242.0,9.0,8.31,580240000.0,3.682,1.0,3203276000.0,0.295,207237000.0,27885000.0,3453917000.0,3547241250.0,2182413000.0,0.0,0.0,0.0,2635988000.0,1720885000.0,915103000.0,7027948242.0,168598000.0,-94236000.0,-88421000.0,0.0,-257132000.0,-344800000.0,-161213000.0,0.0,647217000.0,27394000.0,456028000.0,456028000.0,456028000.0,0.0,0.0,0.042,2438350000.0,764926000.0,1371718000.0,0.564,2.538,15.411,15.429,478436000.0,0.0,44.59,0.646,0.646,1394870000.0,2880155000.0,10871075000.0,10871075000.0,0.0,0.088,0.17,0.216,0.07,5790000.0,2319548000.0,1.0,157612654.0,157573000.0,157980000.0,68.991,5206533000.0,152248000.0,282110000.0,46144000.0,33.042,2670416000.0
45,GPC,MRT,2010-06-30,2010-06-30,2010-06-30,2021-10-21,-308540000.0,5219360000.0,5092513000.0,4210497000.0,1008863000.0,2.067,16.836,-121174000.0,411872000.0,411872000.0,7411781000.0,431882000.0,2.673,0.956,500000000.0,0.0,500000000.0,500000000.0,0.0,90808000.0,0.0,0.041,1.62,724240000.0,815048000.0,0.077,815048000.0,724240000.0,696355000.0,2.72,2.7,2.72,2664500000.0,2642576750.0,2664500000.0,6430826809.0,9.0,7.89,587745000.0,3.714,1.0,3115491000.0,0.296,201326000.0,27885000.0,3530789000.0,3558268000.0,2164548000.0,0.0,0.0,0.0,2546153000.0,1575373000.0,970780000.0,6264363809.0,173283000.0,-94491000.0,-83918000.0,0.0,-256259000.0,-339776000.0,-215665000.0,0.0,708919000.0,19805000.0,431882000.0,431882000.0,431882000.0,0.0,0.0,0.041,2392348000.0,723143000.0,1286681000.0,0.596,2.351,14.505,14.504,469150000.0,0.0,39.45,0.595,0.593,1353918000.0,2815427000.0,10527272000.0,10527272000.0,0.0,0.085,0.163,0.204,0.069,6571000.0,2273077000.0,1.0,158792492.0,158260000.0,158662000.0,66.519,5018034000.0,164657000.0,264473000.0,35494000.0,31.708,2635124000.0
46,GPC,MRT,2010-03-31,2010-03-31,2010-03-31,2021-10-21,-283579000.0,5168762000.0,5001409000.0,4146231000.0,1022531000.0,2.042,16.864,-125970000.0,333537000.0,333537000.0,7177095000.0,411025000.0,2.738,0.927,500000000.0,0.0,500000000.0,500000000.0,0.0,90033000.0,0.0,0.038,1.61,689497000.0,779530000.0,0.076,779530000.0,689497000.0,661612000.0,2.58,2.57,2.58,2677582000.0,2603417250.0,2677582000.0,6866848596.0,10.0,8.809,658551000.0,4.148,1.0,3038036000.0,0.297,204907000.0,27885000.0,3616189000.0,3559847000.0,2211457000.0,0.0,0.0,0.0,2483196000.0,1514129000.0,969067000.0,6703651596.0,200256000.0,-194196000.0,-30892000.0,0.0,-254954000.0,-286530000.0,-320166000.0,0.0,784521000.0,22431000.0,411025000.0,411025000.0,411025000.0,0.0,0.0,0.04,2349636000.0,688400000.0,1185177000.0,0.624,2.504,16.31,16.372,477269000.0,0.0,42.24,0.656,0.657,1323980000.0,2802369000.0,10215131000.0,10215131000.0,0.0,0.082,0.158,0.194,0.067,7983000.0,2231140000.0,1.0,158703873.0,158771000.0,159179000.0,64.339,4963855000.0,167632000.0,250587000.0,78609000.0,31.264,2632102000.0
47,GPC,MRT,2009-12-31,2009-12-31,2009-12-31,2021-10-21,-309897000.0,5004689000.0,4890432250.0,4032828000.0,971861000.0,2.057,16.444,-130217000.0,336803000.0,336803000.0,7047750000.0,399575000.0,2.864,0.906,500000000.0,0.0,500000000.0,500000000.0,0.0,90411000.0,0.0,0.042,1.6,672050000.0,762461000.0,0.076,762461000.0,672050000.0,644165000.0,2.51,2.5,2.51,2621330000.0,2518710000.0,2621330000.0,6193466804.0,9.0,8.123,715081000.0,4.486,1.0,3009762000.0,0.299,171532000.0,27885000.0,3588070000.0,3574743000.0,2214076000.0,0.0,0.0,0.0,2375317000.0,1408284000.0,967033000.0,6056599804.0,269026000.0,-134203000.0,-24141000.0,-52000000.0,-253558000.0,-330383000.0,-264420000.0,0.0,845298000.0,18531000.0,399575000.0,399575000.0,399575000.0,0.0,0.0,0.04,2338809000.0,670953000.0,1094347000.0,0.637,2.311,15.158,15.124,485024000.0,0.0,37.96,0.602,0.602,1187075000.0,2772309000.0,10057512000.0,10057512000.0,0.0,0.082,0.159,0.188,0.067,9262000.0,2219935000.0,1.0,159552155.0,159410000.0,159707000.0,63.092,4833157000.0,167722000.0,244590000.0,42988000.0,30.319,2624544000.0
48,GPC,MRT,2009-09-30,2009-09-30,2009-09-30,2021-10-21,-313788000.0,4977241000.0,4835847500.0,4034291000.0,942950000.0,2.09,16.34,-155385000.0,363133000.0,363133000.0,7112397000.0,388192000.0,2.793,0.906,500000000.0,0.0,500000000.0,500000000.0,0.0,89723000.0,0.0,0.042,1.59,663379000.0,753102000.0,0.075,753102000.0,663379000.0,631658000.0,2.44,2.44,2.44,2606895000.0,2444460500.0,2606895000.0,6333158462.0,10.0,8.409,672422000.0,4.215,1.0,2994091000.0,0.296,171573000.0,31721000.0,3498024000.0,3620886750.0,2188133000.0,0.0,0.0,0.0,2362899000.0,1444511000.0,918388000.0,6071747462.0,238705000.0,-145341000.0,-42661000.0,0.0,-252742000.0,-296239000.0,-300726000.0,0.0,827807000.0,7863000.0,388192000.0,388192000.0,388192000.0,0.0,0.0,0.038,2330821000.0,663270000.0,1124276000.0,0.652,2.329,15.641,15.598,485647000.0,0.0,38.06,0.601,0.601,1250575000.0,2752450000.0,10106488000.0,10106488000.0,0.0,0.08,0.159,0.183,0.066,10504000.0,2217215000.0,1.0,159530937.0,159541000.0,159876000.0,63.347,4805668000.0,152787000.0,243466000.0,56997000.0,30.122,2589780000.0
49,GPC,MRT,2009-06-30,2009-06-30,2009-06-30,2021-10-21,-366973000.0,4854944000.0,4796351750.0,3916015000.0,938929000.0,2.165,15.722,-85930000.0,238589000.0,238589000.0,7303996000.0,411570000.0,2.772,0.933,500000000.0,0.0,500000000.0,500000000.0,0.0,88929000.0,0.0,0.047,1.58,703515000.0,792444000.0,0.076,792444000.0,703515000.0,671794000.0,2.58,2.58,2.58,2507862000.0,2460013000.0,2507862000.0,5717737835.0,8.0,7.215,656010000.0,4.113,1.0,3077850000.0,0.296,166683000.0,31721000.0,3537105000.0,3601689250.0,2215709000.0,0.0,0.0,0.0,2339260000.0,1412567000.0,926693000.0,5351018835.0,102745000.0,-174778000.0,-120406000.0,0.0,-252680000.0,-373959000.0,-260708000.0,0.0,741940000.0,-4528000.0,411570000.0,411570000.0,411570000.0,0.0,0.0,0.04,2374444000.0,703406000.0,1063260000.0,0.612,2.134,13.001,13.008,487307000.0,0.0,33.56,0.515,0.516,1239318000.0,2708629000.0,10381846000.0,10381846000.0,0.0,0.086,0.167,0.195,0.068,12030000.0,2261632000.0,1.0,159446330.0,159513000.0,159766000.0,65.085,4688261000.0,160581000.0,260224000.0,44687000.0,29.391,2503448000.0
50,GPC,MRT,2009-03-31,2009-03-31,2009-03-31,2021-10-21,-491917000.0,4724855000.0,4781951500.0,3819907000.0,904948000.0,2.242,14.668,-85640000.0,133281000.0,133281000.0,7535078000.0,441033000.0,3.038,0.99,500000000.0,0.0,500000000.0,500000000.0,0.0,88535000.0,0.0,0.053,1.57,753176000.0,841711000.0,0.079,841711000.0,753176000.0,721455000.0,2.74,2.74,2.74,2338753000.0,2507357750.0,2338753000.0,5193183933.0,7.0,6.17,499204000.0,3.131,1.0,3185208000.0,0.297,158427000.0,31721000.0,3675773000.0,3580937250.0,2253036000.0,0.0,0.0,0.0,2316425000.0,1257374000.0,1059051000.0,4760960933.0,-28238000.0,-87805000.0,-178580000.0,0.0,-253167000.0,-432550000.0,-173445000.0,0.0,584844000.0,-7087000.0,441033000.0,441033000.0,441033000.0,0.0,0.0,0.041,2432141000.0,753067000.0,964267000.0,0.573,2.036,10.795,10.898,412366000.0,0.0,29.86,0.444,0.444,1211337000.0,2671224000.0,10720286000.0,10720286000.0,0.0,0.092,0.176,0.21,0.07,14550000.0,2319723000.0,1.0,159442764.0,159444000.0,159663000.0,67.235,4566428000.0,216653000.0,280422000.0,70883000.0,28.64,2562533000.0
51,GPC,MRT,2008-12-31,2008-12-31,2008-12-31,2021-10-21,-478562000.0,4786350000.0,4789592250.0,3871420000.0,914930000.0,2.3,14.317,-93305000.0,67777000.0,67777000.0,7742773000.0,475417000.0,3.008,1.03,500000000.0,0.0,500000000.0,500000000.0,0.0,88698000.0,0.0,0.041,1.56,800189000.0,888887000.0,0.081,888887000.0,800189000.0,768468000.0,2.93,2.92,2.93,2324332000.0,2590088000.0,2324332000.0,6411815818.0,8.0,7.213,437004000.0,2.692,1.0,3272490000.0,0.297,158825000.0,31721000.0,3772645000.0,3514483500.0,2316880000.0,0.0,0.0,0.0,2392972000.0,1287103000.0,1105869000.0,6036243818.0,-164060000.0,-121029000.0,-272179000.0,52000000.0,-251808000.0,-472573000.0,-214334000.0,0.0,530309000.0,-7462000.0,475417000.0,475417000.0,475417000.0,0.0,0.0,0.043,2472410000.0,800080000.0,1009423000.0,0.532,2.597,12.697,12.922,423265000.0,0.0,37.86,0.548,0.558,1224525000.0,2643451000.0,11015263000.0,11015263000.0,0.0,0.099,0.184,0.228,0.073,13563000.0,2359829000.0,1.0,159435917.0,162351000.0,162986000.0,67.848,4627525000.0,218503000.0,293051000.0,24685000.0,28.503,2584317000.0
52,GPC,MRT,2008-09-30,2008-09-30,2008-09-30,2021-10-21,-150773000.0,4819258000.0,4786522000.0,4073143000.0,746115000.0,2.324,16.516,-24302000.0,124428000.0,124428000.0,7823435000.0,513718000.0,2.506,0.806,500000000.0,250000000.0,250000000.0,500000000.0,0.0,90157000.0,0.0,0.038,1.535,852993000.0,943150000.0,0.085,943150000.0,852993000.0,821666000.0,3.12,3.12,3.12,2669105000.0,2688184000.0,2669105000.0,6870348078.0,8.0,7.284,477454000.0,2.954,1.0,3298907000.0,0.297,147940000.0,31327000.0,3421234000.0,3424273000.0,2318215000.0,0.0,0.0,0.0,2150153000.0,1625656000.0,524497000.0,6506192078.0,-205624000.0,-118025000.0,-316162000.0,0.0,-250124000.0,-565711000.0,-142327000.0,0.0,501756000.0,658000.0,513718000.0,513718000.0,513718000.0,0.0,0.0,0.046,2456134000.0,842773000.0,1070513000.0,0.492,2.438,12.665,12.888,412755000.0,0.0,40.21,0.585,0.584,1350568000.0,2659321000.0,11122342000.0,11122342000.0,0.0,0.107,0.191,0.249,0.077,12993000.0,2352463000.0,1.0,161805324.0,161603000.0,162276000.0,68.825,4671318000.0,0.0,307948000.0,18506000.0,28.906,2447487000.0
53,GPC,MRT,2008-06-30,2008-06-30,2008-06-30,2021-10-21,-128842000.0,4797343000.0,4790481000.0,4062768000.0,734575000.0,2.304,16.506,-39556000.0,135844000.0,135844000.0,7763393000.0,511281000.0,2.569,0.779,500000000.0,250000000.0,250000000.0,500000000.0,0.0,90383000.0,0.0,0.038,1.51,849538000.0,939921000.0,0.085,939921000.0,849538000.0,818211000.0,3.07,3.07,3.07,2697241000.0,2698398500.0,2697241000.0,6838764916.0,8.0,7.276,526355000.0,3.221,1.0,3274390000.0,0.297,126010000.0,31327000.0,3454097000.0,3460438500.0,2319485000.0,0.0,0.0,0.0,2100102000.0,1581392000.0,518710000.0,6500283916.0,-138716000.0,-86933000.0,-337644000.0,0.0,-248579000.0,-585282000.0,-126489000.0,0.0,565911000.0,7144000.0,511281000.0,511281000.0,511281000.0,0.0,0.0,0.046,2435072000.0,839318000.0,1064882000.0,0.492,2.41,12.714,12.925,422151000.0,0.0,39.68,0.589,0.587,1342635000.0,2663606000.0,11037783000.0,11037783000.0,0.0,0.107,0.189,0.246,0.077,12718000.0,2331175000.0,1.0,163817639.0,163411000.0,164127000.0,67.546,4671333000.0,0.0,306930000.0,15059000.0,28.586,2481376000.0
54,GPC,MRT,2008-03-31,2008-03-31,2008-03-31,2021-10-21,-138260000.0,4755418000.0,4772414250.0,4025733000.0,729685000.0,2.291,16.182,-46071000.0,161519000.0,161519000.0,7687063000.0,508329000.0,2.565,0.781,500000000.0,250000000.0,250000000.0,500000000.0,0.0,89684000.0,0.0,0.037,1.485,843643000.0,933327000.0,0.085,933327000.0,843643000.0,812316000.0,3.02,3.02,3.02,2669674000.0,2698470500.0,2669674000.0,6916730945.0,8.0,7.411,535236000.0,3.244,1.0,3246762000.0,0.297,114489000.0,31327000.0,3409958000.0,3497718750.0,2314536000.0,0.0,0.0,0.0,2085744000.0,1569452000.0,516292000.0,6648567945.0,-88563000.0,-78609000.0,-309678000.0,0.0,-246488000.0,-553811000.0,-125352000.0,0.0,581307000.0,9293000.0,508329000.0,508329000.0,508329000.0,0.0,0.0,0.046,2413339000.0,833423000.0,1002742000.0,0.492,2.49,13.079,13.318,419825000.0,0.0,40.22,0.608,0.607,1303787000.0,2644116000.0,10933825000.0,10933825000.0,0.0,0.107,0.188,0.241,0.077,10895000.0,2310141000.0,1.0,165305021.0,164977000.0,165706000.0,66.275,4640929000.0,0.0,303987000.0,78994000.0,28.131,2456281000.0
55,GPC,MRT,2007-12-31,2007-12-31,2007-12-31,2021-10-21,-123715000.0,4774069000.0,4740075500.0,4053012000.0,721057000.0,2.288,16.063,-47992000.0,231837000.0,231837000.0,7625972000.0,506339000.0,2.618,0.757,500000000.0,250000000.0,250000000.0,500000000.0,0.0,87702000.0,0.0,0.032,1.46,848072000.0,935774000.0,0.086,935774000.0,848072000.0,816745000.0,2.99,2.98,2.99,2716716000.0,2683147750.0,2716716000.0,7943731381.0,9.0,8.489,593479000.0,3.509,1.0,3217223000.0,0.297,82453000.0,31327000.0,3411803000.0,3527612750.0,2335716000.0,0.0,0.0,0.0,2057353000.0,1547976000.0,509377000.0,7773783381.0,95864000.0,-39606000.0,-230690000.0,0.0,-243244000.0,-469496000.0,-87598000.0,0.0,641471000.0,11487000.0,506339000.0,506339000.0,506339000.0,0.0,0.0,0.047,2379371000.0,837852000.0,989816000.0,0.488,2.861,15.353,15.485,425989000.0,0.0,46.3,0.717,0.722,1216220000.0,2674366000.0,10843195000.0,10843195000.0,0.0,0.107,0.189,0.24,0.078,9862000.0,2278155000.0,1.0,167900289.0,169129000.0,170135000.0,64.112,4691616000.0,35778000.0,310406000.0,45578000.0,27.74,2505036000.0
56,GPC,MRT,2007-09-30,2007-09-30,2007-09-30,2021-10-21,-150022000.0,4835094000.0,4670804250.0,4133375000.0,701719000.0,2.303,16.052,-112218000.0,330052000.0,330052000.0,7675312000.0,499721000.0,3.02,0.784,500000000.0,0.0,500000000.0,500000000.0,0.0,81946000.0,0.0,0.029,1.433,838966000.0,920912000.0,0.086,920912000.0,838966000.0,807390000.0,2.93,2.93,2.93,2709963000.0,2641466500.0,2709963000.0,8721925050.0,10.0,9.471,515367000.0,3.053,1.0,3083558000.0,0.287,70539000.0,31576000.0,3565896000.0,3574659250.0,2225718000.0,0.0,0.0,0.0,2125131000.0,1368607000.0,756524000.0,8496485050.0,115658000.0,-49323000.0,-140462000.0,0.0,-239447000.0,-374548000.0,-144927000.0,0.0,627585000.0,7548000.0,499721000.0,499721000.0,499721000.0,0.0,0.0,0.046,2250366000.0,833192000.0,1088201000.0,0.489,3.135,17.002,17.065,458597000.0,0.0,50.0,0.79,0.785,1334309000.0,2692085000.0,10758870000.0,10758870000.0,0.0,0.107,0.189,0.235,0.078,8668000.0,2151948000.0,1.0,169929701.0,168819000.0,169825000.0,63.73,4764555000.0,0.0,307669000.0,19559000.0,28.223,2764768000.0
57,GPC,MRT,2007-06-30,2007-06-30,2007-06-30,2021-10-21,-190496000.0,4725076000.0,4690016250.0,4040287000.0,684789000.0,2.273,15.838,-115767000.0,274560000.0,274560000.0,7570590000.0,492474000.0,3.143,0.752,500000000.0,0.0,500000000.0,500000000.0,0.0,80188000.0,0.0,0.028,1.405,828429000.0,908617000.0,0.085,908617000.0,828429000.0,796853000.0,2.88,2.88,2.88,2697529000.0,2660228750.0,2697529000.0,8700658269.0,11.0,9.576,425882000.0,2.501,1.0,3090365000.0,0.29,61960000.0,31576000.0,3603218000.0,3647897250.0,2223066000.0,0.0,0.0,0.0,2027547000.0,1285338000.0,742209000.0,8450740269.0,85415000.0,-35336000.0,-79278000.0,0.0,-235345000.0,-309454000.0,-148919000.0,0.0,541649000.0,2139000.0,492474000.0,492474000.0,492474000.0,0.0,0.0,0.046,2267710000.0,822655000.0,1028705000.0,0.488,3.133,17.16,17.222,445179000.0,0.0,49.6,0.793,0.792,1322973000.0,2718095000.0,10660955000.0,10660955000.0,0.0,0.105,0.185,0.227,0.078,8589000.0,2171050000.0,1.0,170377828.0,170318000.0,171380000.0,62.594,4663116000.0,0.0,304379000.0,21535000.0,27.379,2754949000.0
58,GPC,MRT,2007-03-31,2007-03-31,2007-03-31,2021-10-21,-233812000.0,4626063000.0,4720235500.0,3962444000.0,663619000.0,2.236,15.301,-117754000.0,250082000.0,250082000.0,7462271000.0,483033000.0,3.085,0.774,500000000.0,0.0,500000000.0,500000000.0,0.0,76502000.0,0.0,0.028,1.377,814107000.0,890609000.0,0.084,890609000.0,814107000.0,782531000.0,2.82,2.82,2.82,2608383000.0,2674678000.0,2608383000.0,8718085363.0,11.0,9.789,461742000.0,2.709,1.0,3090962000.0,0.293,62136000.0,31576000.0,3529534000.0,3706688000.0,2201446000.0,0.0,0.0,0.0,2017680000.0,1284311000.0,733369000.0,8354058363.0,99911000.0,-29007000.0,-110052000.0,0.0,-231456000.0,-337552000.0,-142822000.0,0.0,579496000.0,789000.0,483033000.0,483033000.0,483033000.0,0.0,0.0,0.046,2282629000.0,808333000.0,971400000.0,0.488,3.203,17.295,17.376,430807000.0,0.0,49.0,0.792,0.791,1296800000.0,2671817000.0,10553233000.0,10553233000.0,0.0,0.102,0.181,0.22,0.077,7852000.0,2189655000.0,1.0,170490987.0,170466000.0,171501000.0,61.908,4563927000.0,0.0,299498000.0,86004000.0,26.773,2678133000.0
59,GPC,MRT,2006-12-31,2006-12-31,2006-12-31,2021-10-21,-242534000.0,4496984000.0,4767571250.0,3835127000.0,661857000.0,2.194,14.862,-121592000.0,135973000.0,135973000.0,7353447000.0,475405000.0,3.199,0.764,500000000.0,0.0,500000000.0,500000000.0,0.0,73423000.0,0.0,0.028,1.35,802492000.0,875915000.0,0.084,875915000.0,802492000.0,770916000.0,2.77,2.76,2.77,2549991000.0,2705572000.0,2549991000.0,8367819579.0,10.0,9.553,311908000.0,1.818,1.0,3104495000.0,0.297,62254000.0,31576000.0,3599989000.0,3787501000.0,2236368000.0,0.0,0.0,0.0,1946993000.0,1198768000.0,748225000.0,8082213579.0,-52938000.0,-29007000.0,-114801000.0,-881000.0,-228052000.0,-340729000.0,-145599000.0,0.0,433500000.0,-110000.0,475405000.0,475405000.0,475405000.0,0.0,0.0,0.045,2307777000.0,796718000.0,910263000.0,0.487,3.17,17.001,17.123,429260000.0,0.0,47.43,0.773,0.778,1227805000.0,2621994000.0,10457942000.0,10457942000.0,0.0,0.1,0.176,0.212,0.077,8943000.0,2217882000.0,1.0,170402985.0,171576000.0,172486000.0,60.952,4434730000.0,0.0,295511000.0,37899000.0,25.847,2636359000.0
60,GPC,MRT,2006-09-30,2006-09-30,2006-09-30,2021-10-21,60524000.0,4911942000.0,4836209750.0,3918531000.0,993411000.0,2.135,16.295,-112449000.0,214394000.0,214394000.0,7242886000.0,464931000.0,3.07,0.764,500000000.0,0.0,500000000.0,500000000.0,0.0,69591000.0,0.0,0.031,1.325,787780000.0,857371000.0,0.083,857371000.0,787780000.0,753756000.0,2.7,2.7,2.7,2785012000.0,2741563500.0,2785012000.0,7699367142.0,10.0,8.98,248876000.0,1.456,1.0,3081801000.0,0.298,62398000.0,34024000.0,3858848000.0,3830425500.0,2189845000.0,0.0,0.0,0.0,2126930000.0,1276302000.0,850628000.0,7388512142.0,-125111000.0,8430000.0,-138095000.0,-909000.0,-224862000.0,-362046000.0,-127061000.0,0.0,361325000.0,2671000.0,464931000.0,464931000.0,464931000.0,0.0,0.0,0.045,2299216000.0,782585000.0,1013215000.0,0.491,2.653,15.892,15.974,431123000.0,0.0,43.13,0.716,0.714,1301384000.0,2554085000.0,10324687000.0,10324687000.0,0.0,0.096,0.17,0.206,0.076,14102000.0,2213269000.0,1.0,171307956.0,170912000.0,171737000.0,60.409,4849544000.0,0.0,288825000.0,188098000.0,28.375,2642229000.0
61,GPC,MRT,2006-06-30,2006-06-30,2006-06-30,2021-10-21,59987000.0,4845953000.0,4800547500.0,3851098000.0,994855000.0,2.121,16.002,-96871000.0,189145000.0,189145000.0,7151541000.0,454474000.0,3.066,0.759,500000000.0,0.0,500000000.0,500000000.0,0.0,66524000.0,0.0,0.031,1.3,771029000.0,837553000.0,0.082,837553000.0,771029000.0,737005000.0,2.63,2.62,2.63,2755326000.0,2707927250.0,2755326000.0,7543603437.0,10.0,9.007,271030000.0,1.574,1.0,3029008000.0,0.298,62504000.0,34024000.0,3838381000.0,3749914000.0,2162405000.0,0.0,0.0,0.0,2090627000.0,1255923000.0,834704000.0,7193774437.0,-71393000.0,8430000.0,-129418000.0,-931000.0,-221169000.0,-349898000.0,-91896000.0,0.0,367901000.0,2500000.0,454474000.0,454474000.0,454474000.0,0.0,0.0,0.045,2263174000.0,765834000.0,1018914000.0,0.494,2.611,15.829,15.84,416135000.0,0.0,41.66,0.707,0.705,1307071000.0,2524031000.0,10180549000.0,10180549000.0,0.0,0.095,0.168,0.206,0.076,12849000.0,2180294000.0,1.0,172678215.0,172186000.0,173079000.0,59.125,4783449000.0,0.0,282531000.0,190185000.0,27.781,2595175000.0
62,GPC,MRT,2006-03-31,2006-03-31,2006-03-31,2021-10-21,43085000.0,4815406000.0,4741757000.0,3831421000.0,983985000.0,2.108,15.812,-85357000.0,150171000.0,150171000.0,7029318000.0,444761000.0,3.066,0.763,500000000.0,0.0,500000000.0,500000000.0,0.0,66081000.0,0.0,0.029,1.275,755373000.0,821454000.0,0.082,821454000.0,755373000.0,721349000.0,2.57,2.55,2.57,2731959000.0,2668953750.0,2731959000.0,7890895549.0,10.0,9.606,299004000.0,1.731,1.0,2965083000.0,0.297,62611000.0,34024000.0,3852786000.0,3680372250.0,2184823000.0,0.0,0.0,0.0,2083447000.0,1249838000.0,833609000.0,7578925549.0,-7646000.0,8430000.0,-94044000.0,-897000.0,-217514000.0,-311106000.0,-81998000.0,0.0,384361000.0,1097000.0,444761000.0,444761000.0,444761000.0,0.0,0.0,0.045,2214905000.0,750178000.0,954276000.0,0.496,2.774,17.04,17.054,400444000.0,0.0,43.83,0.758,0.758,1297836000.0,2516196000.0,9994401000.0,9994401000.0,0.0,0.094,0.167,0.205,0.076,12532000.0,2132468000.0,1.0,172916394.0,172773000.0,173685000.0,57.847,4752795000.0,0.0,276588000.0,240331000.0,27.509,2581583000.0
63,GPC,MRT,2005-12-31,2005-12-31,2005-12-31,2021-10-21,45535000.0,4771538000.0,4670648500.0,3806882000.0,964656000.0,2.095,15.478,-78604000.0,188911000.0,188911000.0,6884964000.0,437434000.0,3.048,0.771,500881000.0,881000.0,500000000.0,500881000.0,0.0,65529000.0,0.0,0.028,1.25,743088000.0,808617000.0,0.083,808617000.0,743088000.0,709064000.0,2.51,2.5,2.51,2693957000.0,2628114000.0,2693957000.0,7782470794.0,10.0,9.624,361913000.0,2.079,1.0,2898086000.0,0.296,62717000.0,34024000.0,3771687000.0,3626211500.0,2216542000.0,0.0,0.0,0.0,2077581000.0,1249104000.0,828477000.0,7621067794.0,53971000.0,8430000.0,-101514000.0,-87000.0,-215868000.0,-317469000.0,-70174000.0,0.0,440517000.0,1097000.0,437434000.0,437434000.0,437434000.0,0.0,0.0,0.045,2160193000.0,737893000.0,973615000.0,0.498,2.829,17.422,17.498,392295000.0,0.0,43.92,0.779,0.781,1186865000.0,2475389000.0,9783050000.0,9783050000.0,0.0,0.094,0.166,0.205,0.076,12126000.0,2078308000.0,1.0,173521580.0,174054000.0,175007000.0,56.207,4708821000.0,0.0,271630000.0,193103000.0,27.054,2557778000.0
64,GPC,MRT,2005-09-30,2005-09-30,2005-09-30,2021-10-21,42435000.0,4769293000.0,4591575750.0,3893123000.0,876170000.0,2.097,15.239,-77697000.0,339505000.0,339505000.0,6600075000.0,424755000.0,2.924,0.799,500908000.0,908000.0,500000000.0,500908000.0,0.0,63861000.0,0.0,0.029,1.238,722646000.0,786507000.0,0.082,786507000.0,722646000.0,684018000.0,2.44,2.41,2.44,2650467000.0,2590719000.0,2650467000.0,7707607042.0,11.0,9.8,501159000.0,2.881,1.0,3026593000.0,0.314,62478000.0,38628000.0,3536802000.0,3591011750.0,2157824000.0,0.0,0.0,0.0,2118826000.0,1331416000.0,787410000.0,7467216042.0,54801000.0,-3018000.0,-75100000.0,-167301000.0,-213961000.0,-456362000.0,-69287000.0,0.0,578856000.0,1594000.0,424755000.0,424755000.0,424755000.0,0.0,0.0,0.044,2305479000.0,721114000.0,1041335000.0,0.507,2.817,17.58,17.582,383292000.0,0.0,42.9,0.776,0.775,1227836000.0,2434510000.0,9626668000.0,9626668000.0,0.0,0.093,0.164,0.201,0.075,13463000.0,2171146000.0,1.0,174060980.0,173929000.0,174885000.0,55.348,4706815000.0,0.0,259263000.0,172154000.0,27.062,2561707000.0
65,GPC,MRT,2005-06-30,2005-06-30,2005-06-30,2021-10-21,20415000.0,4610791000.0,4508756500.0,3764149000.0,846642000.0,2.089,14.916,-79690000.0,260538000.0,260538000.0,6472964000.0,411772000.0,3.064,0.774,500929000.0,929000.0,500000000.0,500929000.0,0.0,63276000.0,0.0,0.03,1.225,700265000.0,763541000.0,0.081,763541000.0,700265000.0,661637000.0,2.36,2.34,2.36,2599432000.0,2547750750.0,2599432000.0,7511244101.0,11.0,9.837,555098000.0,3.185,1.0,2947484000.0,0.313,62615000.0,38628000.0,3560214000.0,3563641250.0,2125366000.0,0.0,0.0,0.0,2011359000.0,1228353000.0,783006000.0,7168164101.0,132806000.0,-3018000.0,-60168000.0,-154938000.0,-212033000.0,-427139000.0,-76437000.0,0.0,634788000.0,1594000.0,411772000.0,411772000.0,411772000.0,0.0,0.0,0.044,2248751000.0,698733000.0,974846000.0,0.519,2.758,17.408,17.411,380692000.0,0.0,41.09,0.761,0.76,1225674000.0,2394849000.0,9420448000.0,9420448000.0,0.0,0.091,0.162,0.197,0.074,11637000.0,2131587000.0,1.0,174450331.0,174270000.0,175232000.0,54.057,4548176000.0,0.0,249865000.0,160415000.0,26.098,2535796000.0
66,GPC,MRT,2005-03-31,2005-03-31,2005-03-31,2021-10-21,24503000.0,4530972000.0,4421581250.0,3689502000.0,841470000.0,2.09,14.697,-73648000.0,157817000.0,157817000.0,6363185000.0,401951000.0,3.126,0.764,500897000.0,897000.0,500000000.0,500897000.0,0.0,63085000.0,0.0,0.028,1.213,684360000.0,747445000.0,0.081,747445000.0,684360000.0,645732000.0,2.3,2.29,2.3,2568600000.0,2504348000.0,2568600000.0,7964487856.0,12.0,10.656,516672000.0,2.956,1.0,2879292000.0,0.312,57583000.0,38628000.0,3636143000.0,3556632500.0,2149814000.0,0.0,0.0,0.0,1962372000.0,1180326000.0,782046000.0,7598459856.0,129729000.0,-3018000.0,-21445000.0,-161139000.0,-209739000.0,-392323000.0,-69862000.0,0.0,590320000.0,1594000.0,401951000.0,401951000.0,401951000.0,0.0,0.0,0.043,2196464000.0,682828000.0,878640000.0,0.527,2.958,18.904,18.909,379587000.0,0.0,43.49,0.822,0.822,1195034000.0,2338331000.0,9242477000.0,9242477000.0,0.0,0.091,0.161,0.192,0.074,9625000.0,2096489000.0,1.0,174717403.0,174772000.0,176036000.0,52.883,4473389000.0,0.0,243781000.0,215683000.0,25.596,2509176000.0
67,GPC,MRT,2004-12-31,2004-12-31,2004-12-31,2021-10-21,26478000.0,4455247000.0,4330631000.0,3633484000.0,821763000.0,2.101,14.565,-64937000.0,134940000.0,134940000.0,6267544000.0,395552000.0,3.208,0.751,500968000.0,968000.0,500000000.0,500968000.0,0.0,62207000.0,0.0,0.027,1.2,674547000.0,736754000.0,0.081,736754000.0,674547000.0,635919000.0,2.26,2.25,2.26,2544377000.0,2453705500.0,2544377000.0,8035352424.0,12.0,10.906,490299000.0,2.807,1.0,2829723000.0,0.311,57672000.0,38628000.0,3630888000.0,3580707000.0,2198957000.0,0.0,0.0,0.0,1910870000.0,1132715000.0,778155000.0,7694215424.0,119547000.0,-3018000.0,16048000.0,-176801000.0,-208575000.0,-369328000.0,-67955000.0,0.0,555236000.0,1594000.0,395552000.0,395552000.0,395552000.0,0.0,0.0,0.043,2156708000.0,673015000.0,856653000.0,0.531,3.024,19.452,19.496,379388000.0,0.0,44.06,0.846,0.846,1123900000.0,2286363000.0,9097267000.0,9097267000.0,0.0,0.091,0.161,0.188,0.074,8590000.0,2073804000.0,1.0,174630400.0,174687000.0,175660000.0,52.078,4397575000.0,0.0,240367000.0,158615000.0,25.174,2500769000.0
68,GPC,MRT,2004-09-30,2004-09-30,2004-09-30,2021-10-21,16086000.0,4438016000.0,4248808250.0,3727864000.0,710152000.0,2.102,14.18,-43222000.0,284704000.0,284704000.0,6168907000.0,385975000.0,2.881,0.791,625841000.0,125841000.0,500000000.0,625841000.0,0.0,66682000.0,0.0,0.031,1.195,617523000.0,684205000.0,0.077,684205000.0,617523000.0,617523000.0,2.21,2.2,2.21,2478594000.0,2395682000.0,2478594000.0,7215663203.0,12.0,10.546,503187000.0,2.879,1.0,2760313000.0,0.309,57761000.0,0.0,3427320000.0,3614192500.0,2163049000.0,0.0,0.0,0.0,1959422000.0,1294072000.0,665350000.0,6716223203.0,253228000.0,-14990000.0,13094000.0,-32501000.0,-207453000.0,-226860000.0,-65449000.0,0.0,546409000.0,-872000.0,385975000.0,385975000.0,385975000.0,0.0,0.0,0.043,2142790000.0,617523000.0,836883000.0,0.541,2.71,17.401,17.367,339397000.0,0.0,38.38,0.752,0.751,1166533000.0,2242545000.0,8929220000.0,8929220000.0,0.0,0.091,0.161,0.171,0.069,1254000.0,2142790000.0,1.0,174992788.0,174792000.0,175813000.0,51.085,4380255000.0,0.0,231548000.0,174128000.0,25.06,2433792000.0
69,GPC,MRT,2004-06-30,2004-06-30,2004-06-30,2021-10-21,-3955000.0,4262090000.0,4152341500.0,3551642000.0,710448000.0,2.112,13.875,-48668000.0,127732000.0,127732000.0,6056456000.0,376415000.0,3.032,0.757,627172000.0,127172000.0,500000000.0,627172000.0,0.0,66433000.0,0.0,0.03,1.19,604851000.0,671284000.0,0.077,671284000.0,604851000.0,604851000.0,2.16,2.15,2.16,2425821000.0,2340729250.0,2425821000.0,7555668933.0,12.0,11.256,445277000.0,2.547,1.0,2712869000.0,0.309,57850000.0,0.0,3532179000.0,3680956000.0,2139207000.0,0.0,0.0,0.0,1836269000.0,1171501000.0,664768000.0,6921856933.0,105790000.0,-14990000.0,27664000.0,-145875000.0,-206277000.0,-324488000.0,-62795000.0,0.0,493945000.0,-872000.0,376415000.0,376415000.0,376415000.0,0.0,0.0,0.043,2108018000.0,604851000.0,772563000.0,0.551,2.853,18.389,18.37,332863000.0,0.0,39.68,0.789,0.791,1173766000.0,2197076000.0,8769325000.0,8769325000.0,0.0,0.091,0.161,0.164,0.069,1254000.0,2108018000.0,1.0,174441959.0,174829000.0,175644000.0,50.159,4204240000.0,0.0,228436000.0,158640000.0,24.048,2380141000.0
70,GPC,MRT,2004-03-31,2004-03-31,2004-03-31,2021-10-21,31000.0,4167171000.0,4092192250.0,3446988000.0,720183000.0,2.108,13.573,-46683000.0,28088000.0,28088000.0,5953246000.0,365417000.0,3.411,0.761,661900000.0,36900000.0,625000000.0,661900000.0,0.0,68175000.0,0.0,0.036,1.185,588945000.0,657120000.0,0.076,657120000.0,588945000.0,588945000.0,2.1,2.09,2.1,2366030000.0,2289165750.0,2366030000.0,6364598688.0,11.0,9.686,394201000.0,2.261,1.0,2671187000.0,0.31,57939000.0,0.0,3732441000.0,3738577750.0,2129236000.0,0.0,0.0,0.0,1801141000.0,1010603000.0,790538000.0,5702358688.0,3058000.0,-14990000.0,13324000.0,-184707000.0,-204761000.0,-376144000.0,-60810000.0,0.0,440884000.0,-872000.0,365417000.0,365417000.0,365417000.0,0.0,0.0,0.042,2082242000.0,588945000.0,668442000.0,0.564,2.41,15.605,15.581,337960000.0,0.0,32.72,0.661,0.661,1154981000.0,2148413000.0,8624433000.0,8624433000.0,0.0,0.089,0.16,0.158,0.068,1254000.0,2082242000.0,1.0,174277466.0,174320000.0,174900000.0,49.475,4109232000.0,0.0,223528000.0,185036000.0,23.573,2436385000.0
71,GPC,MRT,2003-12-31,2003-12-31,2003-12-31,2021-10-21,4835000.0,4127956000.0,4044789000.0,3402210000.0,725746000.0,2.089,13.289,-60285000.0,15393000.0,15393000.0,5826684000.0,334101000.0,3.517,0.785,677633000.0,52525000.0,625108000.0,677633000.0,0.0,69013000.0,0.0,0.036,1.18,552202000.0,621215000.0,0.074,621215000.0,552202000.0,552202000.0,1.92,1.91,1.92,2312283000.0,2235404000.0,2312283000.0,6445934012.0,12.0,10.376,341900000.0,1.965,1.0,2622616000.0,0.31,58028000.0,0.0,3764830000.0,3739576250.0,2140811000.0,0.0,0.0,0.0,1815673000.0,967338000.0,848335000.0,5775743012.0,-4602000.0,-14990000.0,-13108000.0,-112976000.0,-204556000.0,-330640000.0,-75275000.0,0.0,402185000.0,-872000.0,334101000.0,334101000.0,334101000.0,0.0,0.0,0.04,2050873000.0,571743000.0,706609000.0,0.615,2.498,17.287,17.292,342992000.0,0.0,33.2,0.684,0.684,1084874000.0,2100550000.0,8449300000.0,8449300000.0,0.0,0.083,0.149,0.148,0.065,1254000.0,2050873000.0,1.0,173968163.0,173995000.0,174480000.0,48.561,4069928000.0,0.0,218101000.0,133108000.0,23.391,2434872000.0
72,GPC,MRT,2003-09-30,2003-09-30,2003-09-30,2021-10-21,-10273000.0,4052149000.0,4028063750.0,3325341000.0,726808000.0,2.075,12.985,-71729000.0,31476000.0,31476000.0,5759685000.0,337763000.0,3.429,0.794,701667000.0,30009000.0,671658000.0,701667000.0,0.0,69260000.0,0.0,0.037,1.175,568689000.0,637949000.0,0.076,637949000.0,568689000.0,568689000.0,1.95,1.93,1.95,2258783000.0,2189835500.0,2258783000.0,6343019543.0,11.0,9.943,230214000.0,1.323,1.0,2597856000.0,0.311,58163000.0,0.0,3694374000.0,3714150250.0,2083143000.0,0.0,0.0,0.0,1793366000.0,969803000.0,823563000.0,5562461543.0,-8124000.0,-6042000.0,-23159000.0,-17353000.0,-201424000.0,-241936000.0,-68436000.0,0.0,301943000.0,305000.0,337763000.0,337763000.0,337763000.0,0.0,0.0,0.04,2009626000.0,588230000.0,667846000.0,0.603,2.463,16.469,16.4,346960000.0,0.0,31.98,0.666,0.666,1132837000.0,2065144000.0,8357541000.0,8357541000.0,0.0,0.084,0.154,0.153,0.068,4468000.0,2009626000.0,1.0,173935633.0,173948000.0,174429000.0,48.046,3993986000.0,0.0,230926000.0,144287000.0,22.961,2355538000.0
73,GPC,MRT,2003-06-30,2003-06-30,2003-06-30,2021-10-21,-12339000.0,4021493000.0,3980166250.0,3289443000.0,732050000.0,2.092,12.764,-65827000.0,21942000.0,21942000.0,5729212000.0,343457000.0,3.353,0.812,802500000.0,130818000.0,671682000.0,802500000.0,0.0,69623000.0,0.0,0.037,1.17,578803000.0,648426000.0,0.078,648426000.0,578803000.0,578803000.0,1.98,1.96,1.98,2219567000.0,2147747000.0,2219567000.0,6387116616.0,11.0,9.85,147094000.0,0.846,1.0,2595700000.0,0.312,58297000.0,0.0,3762666000.0,3668915500.0,2044336000.0,0.0,0.0,0.0,1801926000.0,981088000.0,820838000.0,5564873616.0,-2607000.0,-6042000.0,-25592000.0,83351000.0,-200860000.0,-143101000.0,-72732000.0,0.0,212921000.0,305000.0,343457000.0,343457000.0,343457000.0,0.0,0.0,0.041,1997356000.0,598344000.0,624476000.0,0.591,2.507,16.203,16.167,338982000.0,0.0,32.01,0.668,0.669,1138389000.0,2028124000.0,8324912000.0,8324912000.0,0.0,0.086,0.16,0.158,0.07,4468000.0,1997356000.0,1.0,173847973.0,173895000.0,174460000.0,47.873,3963196000.0,0.0,235346000.0,124702000.0,22.791,2308355000.0
74,GPC,MRT,2003-03-31,2003-03-31,2003-03-31,2021-10-21,-40758000.0,3977558000.0,3931663000.0,3271162000.0,706396000.0,2.112,12.352,-68838000.0,25030000.0,25030000.0,5714493000.0,349356000.0,3.257,0.849,847273000.0,172540000.0,674733000.0,847273000.0,0.0,68765000.0,0.0,0.038,1.165,588488000.0,657253000.0,0.079,657253000.0,588488000.0,588488000.0,2.01,1.99,2.01,2150983000.0,2108801750.0,2150983000.0,6081231785.0,10.0,9.252,125816000.0,0.722,1.0,2588549000.0,0.312,58932000.0,0.0,3736435000.0,3604317500.0,2057917000.0,0.0,0.0,0.0,1826575000.0,1004434000.0,822141000.0,5309525785.0,-31328000.0,-6042000.0,-11295000.0,61488000.0,-200737000.0,-150544000.0,-75743000.0,0.0,194654000.0,305000.0,349356000.0,349356000.0,349356000.0,0.0,0.0,0.042,1980520000.0,608029000.0,596255000.0,0.58,2.468,15.198,15.179,346520000.0,0.0,30.51,0.639,0.64,1110334000.0,1988733000.0,8303042000.0,8303042000.0,0.0,0.089,0.166,0.163,0.071,4468000.0,1980520000.0,1.0,174025755.0,174146000.0,174602000.0,47.679,3918626000.0,0.0,239132000.0,153537000.0,22.502,2266728000.0
75,GPC,MRT,2002-12-31,2002-12-31,2002-12-31,2021-10-21,-60522000.0,4061055000.0,3876029750.0,3376987000.0,684068000.0,2.131,12.216,-54621000.0,19995000.0,19995000.0,5704749000.0,-27590000.0,3.04,0.907,791701000.0,116905000.0,674796000.0,791701000.0,0.0,70151000.0,0.0,0.038,1.16,210646000.0,280797000.0,0.034,280797000.0,210646000.0,210646000.0,-0.16,-0.16,-0.16,2130009000.0,2073427250.0,2130009000.0,6058839743.0,29.0,21.577,217787000.0,1.249,1.0,2554178000.0,0.309,58705000.0,0.0,3663126000.0,3550669250.0,2144787000.0,0.0,0.0,0.0,1931046000.0,1110930000.0,820116000.0,5379393743.0,-65775000.0,-6042000.0,24394000.0,-101069000.0,-201150000.0,-277825000.0,-60663000.0,0.0,272408000.0,305000.0,-27590000.0,-27590000.0,-27590000.0,0.0,0.0,-0.003,1948442000.0,605736000.0,735183000.0,-7.25,2.526,-194.976,-192.5,333051000.0,0.0,30.8,0.651,0.65,1039843000.0,1971779000.0,8258927000.0,8258927000.0,0.0,-0.007,-0.013,0.059,0.026,4468000.0,1948442000.0,1.0,174655641.0,174369000.0,175104000.0,47.365,4002350000.0,0.0,238236000.0,119278000.0,22.953,2266057000.0
76,GPC,MRT,2002-09-30,2002-09-30,2002-09-30,2021-10-21,-64115000.0,3860559000.0,3912427500.0,3156925000.0,703634000.0,2.099,11.965,-47747000.0,39600000.0,39600000.0,5689915000.0,-93019000.0,3.266,0.847,719046000.0,43780000.0,675266000.0,719046000.0,0.0,69872000.0,0.0,0.047,1.44,103069000.0,172941000.0,0.021,172941000.0,103069000.0,103069000.0,-0.54,-0.53,-0.54,2090429000.0,2127205750.0,2090429000.0,6049338184.0,59.0,34.979,167254000.0,0.957,1.0,2523040000.0,0.307,59829000.0,0.0,3513435000.0,3547984500.0,1967400000.0,0.0,0.0,0.0,1770130000.0,966741000.0,803389000.0,5353698184.0,-69314000.0,977000.0,36565000.0,-70835000.0,-200680000.0,-234950000.0,-48868000.0,0.0,215001000.0,-497000.0,-93019000.0,-93019000.0,-93019000.0,0.0,0.0,-0.011,2024881000.0,498159000.0,690900000.0,-2.667,2.561,-57.555,-56.741,333003000.0,0.0,30.64,0.652,0.652,1084270000.0,1931939000.0,8212955000.0,8212955000.0,0.0,-0.024,-0.044,0.029,0.013,2488000.0,1950959000.0,1.0,174729053.0,174709000.0,175251000.0,47.009,3800730000.0,0.0,196088000.0,117539000.0,21.755,2190184000.0
77,GPC,MRT,2002-06-30,2002-06-30,2002-06-30,2021-10-21,-49700000.0,3827480000.0,3973193750.0,3133655000.0,693825000.0,2.053,11.831,-39095000.0,24549000.0,24549000.0,5651828000.0,-98830000.0,3.266,0.855,720189000.0,44782000.0,675407000.0,720189000.0,0.0,74950000.0,0.0,0.041,1.435,94935000.0,169885000.0,0.021,169885000.0,94935000.0,94935000.0,-0.57,-0.56,-0.57,2063786000.0,2196346750.0,2063786000.0,6805853875.0,72.0,40.062,321658000.0,1.844,1.0,2503559000.0,0.307,59363000.0,0.0,3504274000.0,3502068250.0,1921481000.0,0.0,0.0,0.0,1763694000.0,959483000.0,804211000.0,6076000875.0,-21136000.0,-16358000.0,44859000.0,-187349000.0,-200784000.0,-343274000.0,-38118000.0,0.0,360753000.0,-497000.0,-98830000.0,-98830000.0,-98830000.0,0.0,0.0,-0.012,2013534000.0,490025000.0,689987000.0,-2.518,2.944,-61.479,-61.175,332577000.0,0.0,34.87,0.745,0.746,1112717000.0,1888579000.0,8155387000.0,8155387000.0,0.0,-0.025,-0.045,0.027,0.012,2488000.0,1939612000.0,1.0,174247229.0,174445000.0,175348000.0,46.75,3768117000.0,0.0,193765000.0,116113000.0,21.601,2174172000.0
78,GPC,MRT,2002-03-31,2002-03-31,2002-03-31,2021-10-21,-43132000.0,3755025000.0,4054133250.0,3068036000.0,686989000.0,2.009,11.557,-36011000.0,56358000.0,56358000.0,5641135000.0,-100189000.0,3.398,0.869,786211000.0,50750000.0,735461000.0,786211000.0,0.0,81172000.0,0.0,0.039,1.43,95036000.0,176208000.0,0.022,176208000.0,95036000.0,95036000.0,-0.57,-0.56,-0.57,2009485000.0,2266201000.0,2009485000.0,7198396920.0,76.0,40.852,392220000.0,2.256,1.0,2502304000.0,0.307,60052000.0,0.0,3521842000.0,3521129000.0,1864095000.0,0.0,0.0,0.0,1745540000.0,902984000.0,842556000.0,6391396920.0,7172000.0,-16358000.0,31164000.0,-202371000.0,-199154000.0,-370361000.0,-50201000.0,0.0,428231000.0,-497000.0,-100189000.0,-100189000.0,-100189000.0,0.0,0.0,-0.012,2012178000.0,490126000.0,613392000.0,-2.509,3.181,-63.793,-64.509,337435000.0,0.0,36.77,0.785,0.785,1088018000.0,1843116000.0,8143439000.0,8143439000.0,0.0,-0.025,-0.044,0.027,0.012,2488000.0,1938256000.0,1.0,173820966.0,173877000.0,174882000.0,46.834,3694973000.0,0.0,195225000.0,104736000.0,21.25,2165052000.0
79,GPC,MRT,2001-12-31,2001-12-31,2001-12-31,2021-10-21,-46094000.0,4206646000.0,4163046750.0,3146212000.0,1060434000.0,1.975,13.574,-36683000.0,85770000.0,85770000.0,5699174000.0,297147000.0,3.423,0.794,892770000.0,57190000.0,835580000.0,892770000.0,0.0,85793000.0,0.0,0.039,1.425,496013000.0,581806000.0,0.071,581806000.0,496013000.0,496013000.0,1.72,1.71,1.72,2345123000.0,2331932000.0,2345123000.0,7039128438.0,14.0,12.099,298957000.0,1.73,1.0,2521494000.0,0.307,442078000.0,0.0,3652387000.0,3568994500.0,1890037000.0,0.0,0.0,0.0,1861523000.0,919181000.0,942342000.0,6356900438.0,58032000.0,-16358000.0,-745000.0,-28303000.0,-195022000.0,-224070000.0,-53041000.0,0.0,335640000.0,-497000.0,297147000.0,297147000.0,297147000.0,0.0,0.0,0.036,2025481000.0,496013000.0,644084000.0,0.828,2.711,21.393,21.337,345132000.0,0.0,36.7,0.773,0.771,1010728000.0,2201663000.0,8220668000.0,8220668000.0,0.0,0.071,0.127,0.139,0.06,2488000.0,1951559000.0,1.0,173212546.0,172765000.0,173633000.0,47.583,3764568000.0,0.0,198866000.0,60985000.0,21.79,2227031000.0
80,GPC,MRT,2001-09-30,2001-09-30,2001-09-30,2021-10-21,-42498000.0,4103624000.0,4146913750.0,3010867000.0,1092757000.0,2.0,13.676,-43922000.0,108914000.0,108914000.0,5715630000.0,377449000.0,2.996,0.734,791142000.0,163883000.0,627259000.0,791142000.0,0.0,91461000.0,0.0,0.035,1.13,633428000.0,724889000.0,0.087,724889000.0,633428000.0,633428000.0,2.19,2.19,2.19,2366993000.0,2310852750.0,2366993000.0,6360993919.0,10.0,8.775,344474000.0,1.99,1.0,2576425000.0,0.311,451191000.0,0.0,3329770000.0,3555063000.0,1763518000.0,0.0,0.0,0.0,1736631000.0,1004891000.0,731740000.0,5498693919.0,67986000.0,-20093000.0,-17958000.0,-44242000.0,-194106000.0,-256306000.0,-64015000.0,0.0,388396000.0,-89000.0,377449000.0,377449000.0,377449000.0,0.0,0.0,0.046,1942997000.0,633428000.0,606129000.0,0.516,2.323,14.568,14.548,359872000.0,0.0,31.86,0.663,0.665,1085419000.0,2226152000.0,8292055000.0,8292055000.0,0.0,0.091,0.163,0.178,0.076,0.0,1942997000.0,1.0,172589263.0,173081000.0,173982000.0,47.909,3652433000.0,0.0,255979000.0,149340000.0,21.102,2005976000.0
81,GPC,MRT,2001-06-30,2001-06-30,2001-06-30,2021-10-21,-20474000.0,4151238000.0,4122035750.0,3032795000.0,1118443000.0,2.024,13.585,-49706000.0,45685000.0,45685000.0,5741526000.0,380962000.0,3.096,0.772,907985000.0,198046000.0,709939000.0,907985000.0,0.0,92071000.0,0.0,0.036,1.12,639796000.0,731867000.0,0.088,731867000.0,639796000.0,639796000.0,2.21,2.21,2.21,2343203000.0,2273177500.0,2343203000.0,6358642052.0,10.0,8.688,239303000.0,1.387,1.0,2601910000.0,0.312,453448000.0,0.0,3580517000.0,3569710750.0,1796781000.0,0.0,0.0,0.0,1808035000.0,979573000.0,828462000.0,5418286052.0,-7539000.0,-9071000.0,-61873000.0,33200000.0,-191674000.0,-220347000.0,-76112000.0,0.0,289009000.0,-89000.0,380962000.0,380962000.0,380962000.0,0.0,0.0,0.046,1962114000.0,639796000.0,628618000.0,0.507,2.312,14.223,14.253,370725000.0,0.0,31.5,0.649,0.651,1131433000.0,2187252000.0,8343436000.0,8343436000.0,0.0,0.092,0.168,0.179,0.077,0.0,1962114000.0,1.0,172009081.0,172483000.0,173361000.0,48.373,3697790000.0,0.0,258834000.0,95027000.0,21.439,2053222000.0
82,GPC,MRT,2001-03-31,2001-03-31,2001-03-31,2021-10-21,-31468000.0,4190679000.0,4089634500.0,3081022000.0,1109657000.0,2.043,13.205,-52741000.0,49186000.0,49186000.0,5745233000.0,382867000.0,3.167,0.844,989542000.0,166936000.0,822606000.0,989542000.0,0.0,91517000.0,0.0,0.043,1.11,642810000.0,734327000.0,0.088,734327000.0,642810000.0,642810000.0,2.21,2.21,2.21,2272409000.0,2240669250.0,2272409000.0,5350492420.0,8.0,7.286,194221000.0,1.129,1.0,2608604000.0,0.312,444955000.0,0.0,3713304000.0,3531929750.0,1865894000.0,0.0,0.0,0.0,1918270000.0,972776000.0,945494000.0,4456197420.0,-31273000.0,-16742000.0,-107444000.0,92862000.0,-191913000.0,-206495000.0,-71651000.0,0.0,246962000.0,-89000.0,382867000.0,382867000.0,382867000.0,0.0,0.0,0.046,1965794000.0,642810000.0,603420000.0,0.502,1.961,11.639,11.724,380327000.0,0.0,25.91,0.533,0.534,1094723000.0,2131868000.0,8353837000.0,8353837000.0,0.0,0.094,0.171,0.182,0.077,0.0,1965794000.0,1.0,171987550.0,172087000.0,172826000.0,48.544,3745724000.0,0.0,259943000.0,136077000.0,21.766,2108246000.0
83,GPC,MRT,2000-12-31,2000-12-31,2000-12-31,2021-10-21,-13041000.0,4142114000.0,4057963500.0,3019481000.0,1122633000.0,2.063,12.918,-60524000.0,27738000.0,27738000.0,5764360000.0,385323000.0,3.055,0.832,922033000.0,151452000.0,770581000.0,922033000.0,0.0,92303000.0,0.0,0.042,1.1,646750000.0,739053000.0,0.088,739053000.0,646750000.0,646750000.0,2.2,2.2,2.2,2260806000.0,2224850000.0,2260806000.0,5327039690.0,8.0,7.208,253901000.0,1.451,1.0,2605497000.0,0.311,451435000.0,0.0,3596661000.0,3465938750.0,1864334000.0,0.0,0.0,0.0,1881308000.0,988313000.0,892995000.0,4532879690.0,-17997000.0,-46226000.0,-117807000.0,82219000.0,-189995000.0,-225583000.0,-106750000.0,0.0,314425000.0,-89000.0,385323000.0,385323000.0,385323000.0,0.0,0.0,0.046,1958747000.0,646750000.0,635499000.0,0.5,2.005,11.764,11.905,395260000.0,0.0,26.19,0.542,0.548,1031662000.0,2101457000.0,8369857000.0,8369857000.0,0.0,0.095,0.173,0.187,0.077,0.0,1958747000.0,1.0,173076735.0,175009000.0,175327000.0,47.825,3690679000.0,0.0,261427000.0,114857000.0,21.089,2031168000.0
84,GPC,MRT,2000-09-30,2000-09-30,2000-09-30,2021-10-21,-13086000.0,4004112000.0,4004853000.0,2938719000.0,1065393000.0,2.071,12.723,-71062000.0,40928000.0,40928000.0,5599108000.0,388401000.0,3.0,0.807,835088000.0,158650000.0,676438000.0,835088000.0,0.0,92093000.0,0.0,0.057,1.085,649203000.0,741296000.0,0.089,741296000.0,649203000.0,649203000.0,2.21,2.21,2.21,2216292000.0,2204027750.0,2216292000.0,4151523140.0,6.0,5.6,313691000.0,1.801,1.0,2696175000.0,0.325,430277000.0,0.0,3388361000.0,3407548250.0,1758566000.0,0.0,0.0,0.0,1787820000.0,979634000.0,808186000.0,3334630140.0,-35567000.0,-16420000.0,-120310000.0,-23132000.0,-189332000.0,-332774000.0,-87482000.0,0.0,384753000.0,-64000.0,388401000.0,388401000.0,388401000.0,0.0,0.0,0.047,2046972000.0,649203000.0,650894000.0,0.491,1.505,8.586,8.624,404518000.0,0.0,19.06,0.402,0.4,1087834000.0,2056301000.0,8295283000.0,8295283000.0,0.0,0.097,0.176,0.191,0.078,0.0,2046972000.0,1.0,174954362.0,174192000.0,174459000.0,47.621,3573835000.0,0.0,260802000.0,109894000.0,20.517,1959085000.0
85,GPC,MRT,2000-06-30,2000-06-30,2000-06-30,2021-10-21,-10119000.0,4021633000.0,3973295750.0,2952050000.0,1069583000.0,2.071,12.551,-74092000.0,53224000.0,53224000.0,5583398000.0,387309000.0,3.022,0.817,870117000.0,170304000.0,699813000.0,870117000.0,0.0,94543000.0,0.0,0.053,1.07,645870000.0,740413000.0,0.09,740413000.0,645870000.0,645870000.0,2.19,2.19,2.19,2213170000.0,2184288500.0,2213170000.0,4349026980.0,7.0,5.874,297902000.0,1.689,1.0,2643542000.0,0.321,432200000.0,0.0,3429393000.0,3385330500.0,1733618000.0,0.0,0.0,0.0,1808463000.0,976933000.0,831530000.0,3537145980.0,-60008000.0,-22569000.0,-120056000.0,-27374000.0,-187847000.0,-335277000.0,-96661000.0,0.0,371994000.0,-64000.0,387309000.0,387309000.0,387309000.0,0.0,0.0,0.047,1997672000.0,645870000.0,663024000.0,0.489,1.598,9.133,9.132,408754000.0,0.0,20.0,0.43,0.429,1122953000.0,2048335000.0,8226940000.0,8226940000.0,0.0,0.097,0.177,0.191,0.079,0.0,1997672000.0,1.0,176857299.0,176340000.0,176709000.0,46.654,3589433000.0,0.0,258561000.0,106019000.0,20.355,1975117000.0
86,GPC,MRT,2000-03-31,2000-03-31,2000-03-31,2021-10-21,-10386000.0,4063995000.0,3936438500.0,2987302000.0,1076693000.0,2.063,12.497,-77550000.0,80459000.0,80459000.0,5536529000.0,383285000.0,3.019,0.84,892340000.0,168345000.0,723995000.0,892340000.0,0.0,91051000.0,0.0,0.044,1.055,638302000.0,729353000.0,0.09,729353000.0,638302000.0,638302000.0,2.16,2.16,2.16,2209132000.0,2163305000.0,2209132000.0,5011752853.0,8.0,6.872,310073000.0,1.754,1.0,2583928000.0,0.318,436957000.0,0.0,3449340000.0,3346845000.0,1743235000.0,0.0,0.0,0.0,1854863000.0,989579000.0,865284000.0,4222014853.0,-68338000.0,-33087000.0,-80271000.0,-80029000.0,-184960000.0,-345260000.0,-110637000.0,0.0,387623000.0,-64000.0,383285000.0,383285000.0,383285000.0,0.0,0.0,0.047,1945626000.0,638302000.0,626063000.0,0.488,1.911,11.015,11.056,411092000.0,0.0,23.88,0.52,0.52,1108076000.0,2042661000.0,8120457000.0,8120457000.0,0.0,0.097,0.177,0.191,0.079,0.0,1945626000.0,1.0,176801292.0,176774000.0,177074000.0,45.937,3627038000.0,0.0,255017000.0,150970000.0,20.518,1997723000.0
87,GPC,MRT,1999-12-31,1999-12-31,1999-12-31,2021-10-21,-6857000.0,3929672000.0,3887415500.0,2895203000.0,1034469000.0,2.045,12.182,-78029000.0,45735000.0,45735000.0,5436056000.0,377622000.0,3.161,0.805,835473000.0,133056000.0,702417000.0,835473000.0,0.0,89967000.0,0.0,0.042,1.04,628067000.0,718034000.0,0.09,718034000.0,628067000.0,628067000.0,2.11,2.11,2.11,2177517000.0,2130729750.0,2177517000.0,5167445638.0,8.0,7.197,289738000.0,1.621,1.0,2514766000.0,0.316,440299000.0,0.0,3363099000.0,3303756500.0,1771789000.0,0.0,0.0,0.0,1752155000.0,916012000.0,836143000.0,4411454638.0,-39237000.0,-89272000.0,-104638000.0,49246000.0,-184247000.0,-239639000.0,-167301000.0,0.0,367767000.0,-64000.0,377622000.0,377622000.0,377622000.0,0.0,0.0,0.047,1886699000.0,628067000.0,581010000.0,0.493,2.026,11.682,11.758,413543000.0,0.0,24.81,0.555,0.558,1006663000.0,2007098000.0,7950822000.0,7950822000.0,0.0,0.097,0.177,0.19,0.079,0.0,1886699000.0,1.0,177809538.0,178746000.0,179238000.0,44.481,3489373000.0,0.0,250445000.0,115498000.0,19.521,1979191000.0
88,GPC,MRT,1999-09-30,1999-09-30,1999-09-30,2021-10-21,3490000.0,3877883000.0,3805092500.0,2857422000.0,1020461000.0,2.019,11.971,-15795000.0,76495000.0,76495000.0,5256878000.0,373045000.0,3.101,0.814,832486000.0,157861000.0,674625000.0,832486000.0,0.0,89215000.0,0.0,0.039,1.03,618250000.0,707465000.0,0.092,707465000.0,618250000.0,618250000.0,2.08,2.09,2.08,2137335000.0,2099683500.0,2137335000.0,5498187161.0,9.0,7.772,382428000.0,2.142,1.0,2424555000.0,0.316,412868000.0,0.0,3299490000.0,3237287250.0,1698081000.0,0.0,0.0,0.0,1740548000.0,921516000.0,819032000.0,4755199161.0,-16618000.0,-378557000.0,-95232000.0,270916000.0,-183279000.0,-20439000.0,-394352000.0,0.0,398223000.0,-50000.0,373045000.0,373045000.0,373045000.0,0.0,0.0,0.049,1806305000.0,618250000.0,612304000.0,0.495,2.225,12.747,12.769,414320000.0,0.0,26.56,0.619,0.617,1041633000.0,1956035000.0,7681433000.0,7681433000.0,0.0,0.098,0.178,0.191,0.08,0.0,1806305000.0,1.0,179036113.0,178546000.0,179026000.0,43.022,3465015000.0,0.0,245205000.0,112879000.0,19.407,1935906000.0
89,GPC,MRT,1999-06-30,1999-06-30,1999-06-30,2021-10-21,3205000.0,3874204000.0,3631374000.0,2857796000.0,1016408000.0,2.027,11.893,-18940000.0,113232000.0,113232000.0,5023490000.0,368547000.0,3.042,0.82,856220000.0,190116000.0,666104000.0,856220000.0,0.0,80485000.0,0.0,0.029,1.02,610685000.0,691170000.0,0.094,691170000.0,610685000.0,610685000.0,2.05,2.06,2.05,2129236000.0,2067577500.0,2129236000.0,7049504160.0,12.0,10.199,339695000.0,1.897,1.0,2335816000.0,0.317,402430000.0,0.0,3275451000.0,3042924000.0,1678829000.0,0.0,0.0,0.0,1744968000.0,939311000.0,805657000.0,6267204160.0,48392000.0,-419452000.0,-100934000.0,426448000.0,-181066000.0,128199000.0,-438392000.0,0.0,358635000.0,-50000.0,368547000.0,368547000.0,368547000.0,0.0,0.0,0.05,1725131000.0,610685000.0,599656000.0,0.498,2.943,17.005,17.073,416900000.0,0.0,35.0,0.852,0.851,1033434000.0,1942360000.0,7359306000.0,7359306000.0,0.0,0.101,0.178,0.201,0.083,0.0,1725131000.0,1.0,179062976.0,179032000.0,179589000.0,41.106,3471774000.0,0.0,242138000.0,114806000.0,19.392,1918485000.0
90,GPC,MRT,1999-03-31,1999-03-31,1999-03-31,2021-10-21,-2328000.0,3867903000.0,3381081000.0,2858710000.0,1009193000.0,2.057,11.563,-21080000.0,148797000.0,148797000.0,4732633000.0,361862000.0,2.934,0.861,931097000.0,259027000.0,672070000.0,931097000.0,0.0,75560000.0,0.0,0.035,1.01,599383000.0,674943000.0,0.097,674943000.0,599383000.0,599383000.0,2.01,2.02,2.01,2078831000.0,2016111250.0,2078831000.0,5832423535.0,10.0,8.641,271910000.0,1.512,1.0,2223162000.0,0.32,398748000.0,0.0,3276986000.0,2833263750.0,1680375000.0,0.0,0.0,0.0,1789072000.0,974469000.0,814603000.0,5172439535.0,49987000.0,-407442000.0,-108490000.0,480325000.0,-179367000.0,185569000.0,-428522000.0,0.0,292990000.0,-50000.0,361862000.0,361862000.0,361862000.0,0.0,0.0,0.052,1623779000.0,599383000.0,541082000.0,0.502,2.488,14.294,14.333,416814000.0,0.0,28.81,0.744,0.745,990153000.0,1896595000.0,6955795000.0,6955795000.0,0.0,0.107,0.179,0.212,0.086,0.0,1623779000.0,1.0,179536256.0,179784000.0,180292000.0,38.69,3469155000.0,0.0,237521000.0,142447000.0,19.296,1884241000.0
91,GPC,MRT,1998-12-31,1998-12-31,1998-12-31,2021-10-21,-3110000.0,3600380000.0,3127108750.0,2683357000.0,917023000.0,2.107,11.445,-20739000.0,84972000.0,84972000.0,4468568000.0,355794000.0,3.279,0.753,744956000.0,156316000.0,588640000.0,744956000.0,0.0,69305000.0,0.0,0.03,1.0,589117000.0,658422000.0,0.1,658422000.0,589117000.0,589117000.0,1.98,1.98,1.98,2053332000.0,1969630000.0,2053332000.0,6347261399.0,11.0,9.64,272539000.0,1.519,1.0,2119008000.0,0.322,344733000.0,0.0,3097222000.0,2611890000.0,1660233000.0,0.0,0.0,0.0,1547048000.0,818409000.0,728639000.0,6015573399.0,12149000.0,-310911000.0,-70586000.0,299184000.0,-178027000.0,50571000.0,-331650000.0,0.0,293278000.0,-50000.0,355794000.0,355794000.0,355794000.0,0.0,0.0,0.054,1529891000.0,589117000.0,509532000.0,0.505,2.93,16.907,16.889,404008000.0,0.0,33.44,0.913,0.911,907561000.0,1856948000.0,6587576000.0,6587576000.0,0.0,0.114,0.181,0.226,0.089,0.0,1529891000.0,1.0,179891549.0,179416000.0,180081000.0,36.717,3255647000.0,0.0,233323000.0,116793000.0,18.146,1864948000.0
92,GPC,MRT,1998-09-30,1998-09-30,1998-09-30,2021-10-21,0.0,3183009000.0,2915604500.0,2349014000.0,833995000.0,2.193,11.136,-69348000.0,93113000.0,93113000.0,4467177000.0,350370000.0,3.041,0.584,424801000.0,164000000.0,260801000.0,424801000.0,0.0,62709000.0,0.0,0.033,0.99,578938000.0,641647000.0,0.1,641647000.0,578938000.0,578938000.0,1.96,1.96,1.96,2008911000.0,1921164000.0,2008911000.0,5535967677.0,10.0,8.628,190974000.0,1.059,1.0,1926813000.0,0.301,220270000.0,0.0,2522037000.0,2414752250.0,1404318000.0,224477000.0,0.0,224477000.0,1174098000.0,772390000.0,401708000.0,5371379677.0,39126000.0,-64719000.0,-62941000.0,161177000.0,-175365000.0,-74380000.0,-146816000.0,0.0,260322000.0,0.0,350370000.0,350370000.0,350370000.0,0.0,0.0,0.055,1347875000.0,578938000.0,473166000.0,0.505,2.674,15.331,15.337,389248000.0,0.0,30.06,0.84,0.848,817674000.0,1829019000.0,6393990000.0,6393990000.0,0.0,0.12,0.182,0.24,0.091,0.0,1347875000.0,1.0,178688612.0,180392000.0,181186000.0,35.445,2962739000.0,0.0,228568000.0,106212000.0,16.424,1576624000.0
93,GPC,MRT,1998-06-30,1998-06-30,1998-06-30,2021-10-21,0.0,2873032000.0,2780049250.0,2208397000.0,664635000.0,2.226,10.754,-71842000.0,64840000.0,64840000.0,4313309000.0,347943000.0,3.676,0.494,229428000.0,20000000.0,209428000.0,229428000.0,0.0,61471000.0,0.0,0.028,0.98,574808000.0,636279000.0,0.103,636279000.0,574808000.0,574808000.0,1.95,1.95,1.95,1923371000.0,1867522000.0,1923371000.0,6337202646.0,11.0,9.96,214371000.0,1.199,1.0,1876355000.0,0.303,0.0,0.0,2436810000.0,2333221750.0,1331442000.0,289357000.0,0.0,289357000.0,949661000.0,600810000.0,348851000.0,6185572646.0,-10241000.0,-11362000.0,-71897000.0,34288000.0,-173862000.0,-200849000.0,-95605000.0,0.0,286213000.0,0.0,347943000.0,347943000.0,347943000.0,0.0,0.0,0.056,1301547000.0,574808000.0,457906000.0,0.503,3.216,17.778,17.723,375278000.0,0.0,34.56,0.999,0.999,781848000.0,1744682000.0,6189664000.0,6189664000.0,0.0,0.125,0.186,0.246,0.093,0.0,1301547000.0,1.0,178980690.0,178859000.0,179447000.0,34.606,2873032000.0,0.0,226865000.0,112131000.0,16.063,1607587000.0
94,GPC,MRT,1998-03-31,1998-03-31,1998-03-31,2021-10-21,0.0,2852014000.0,2715908250.0,2190440000.0,661574000.0,2.239,10.585,-75851000.0,98810000.0,98810000.0,4236665000.0,345800000.0,3.578,0.507,250440000.0,41000000.0,209440000.0,250440000.0,0.0,60356000.0,0.0,0.025,0.97,571266000.0,631622000.0,0.104,631622000.0,571266000.0,571266000.0,1.94,1.93,1.94,1892906000.0,1836975750.0,1892906000.0,6988642887.0,12.0,11.065,218127000.0,1.22,1.0,1844072000.0,0.303,0.0,0.0,2391491000.0,2260414500.0,1315065000.0,288728000.0,0.0,288728000.0,959108000.0,612153000.0,346955000.0,6815975887.0,22807000.0,-5183000.0,-64862000.0,55288000.0,-172334000.0,-177106000.0,-94065000.0,0.0,293978000.0,0.0,345800000.0,345800000.0,345800000.0,0.0,0.0,0.057,1272806000.0,571266000.0,412162000.0,0.5,3.601,19.711,19.649,372846000.0,0.0,38.12,1.121,1.121,746522000.0,1713925000.0,6080737000.0,6080737000.0,0.0,0.127,0.188,0.253,0.094,0.0,1272806000.0,1.0,178803145.0,178822000.0,179555000.0,34.004,2852014000.0,0.0,225466000.0,148400000.0,15.949,1578287000.0
95,GPC,MRT,1997-12-31,1997-12-31,1997-12-31,2021-10-21,0.0,2754363000.0,2652362500.0,2093551000.0,660812000.0,2.264,10.354,-78845000.0,72823000.0,72823000.0,4178642000.0,342397000.0,3.759,0.481,246160000.0,36670000.0,209490000.0,246160000.0,0.0,58867000.0,0.0,0.028,0.96,565600000.0,624467000.0,0.104,624467000.0,565600000.0,565600000.0,1.91,1.9,1.91,1859468000.0,1804261750.0,1859468000.0,6190828240.0,11.0,9.914,171764000.0,0.956,1.0,1826603000.0,0.304,62091000.0,0.0,2308671000.0,2188613000.0,1321597000.0,0.0,0.0,0.0,894895000.0,556938000.0,337957000.0,6064873240.0,5450000.0,-16045000.0,-63834000.0,88288000.0,-169156000.0,-142399000.0,-102760000.0,0.0,250609000.0,0.0,342397000.0,342397000.0,342397000.0,0.0,0.0,0.057,1261003000.0,565600000.0,405141000.0,0.503,3.262,17.713,17.77,372514000.0,0.0,33.94,1.01,1.015,686551000.0,1680520000.0,6005245000.0,6005245000.0,0.0,0.129,0.19,0.258,0.094,0.0,1261003000.0,1.0,178693967.0,179592000.0,180165000.0,33.438,2692272000.0,0.0,223203000.0,103421000.0,14.991,1536613000.0
96,GPC,MRT,1997-09-30,1997-09-30,1997-09-30,2021-10-21,0.0,2640788000.0,2594179500.0,2032109000.0,608679000.0,2.284,9.999,-86406000.0,53987000.0,53987000.0,4137697000.0,337885000.0,3.56,0.472,179942000.0,20000000.0,159942000.0,179942000.0,0.0,55156000.0,0.0,0.031,0.943,558099000.0,613255000.0,0.104,613255000.0,558099000.0,558099000.0,,,,1794343000.0,1772408250.0,1794343000.0,5668753080.0,10.0,9.244,192796000.0,1.074,1.0,1787024000.0,0.302,0.0,0.0,2195915000.0,2122225250.0,1249165000.0,240938000.0,0.0,240938000.0,846445000.0,570828000.0,275617000.0,5548558080.0,-20232000.0,-413000.0,-83125000.0,39676000.0,-167053000.0,-193978000.0,-105456000.0,0.0,279202000.0,0.0,337885000.0,337885000.0,337885000.0,0.0,0.0,0.057,1228925000.0,558099000.0,430621000.0,,3.092,16.421,,367741000.0,0.0,30.81,0.937,0.933,709597000.0,1615649000.0,5924721000.0,5924721000.0,0.0,0.13,0.191,0.263,0.094,0.0,1228925000.0,1.0,180089519.0,179447000.0,,33.017,2640788000.0,0.0,220214000.0,91515000.0,14.716,1461281000.0
97,GPC,MRT,1997-06-30,1997-06-30,1997-06-30,2021-10-21,0.0,2616468000.0,,2018897000.0,597571000.0,,10.006,-96427000.0,75081000.0,75081000.0,4085452000.0,335725000.0,3.416,0.453,195276000.0,85000000.0,110276000.0,195276000.0,0.0,55900000.0,0.0,0.027,0.927,554529000.0,610429000.0,0.104,610429000.0,554529000.0,554529000.0,,,,1801186000.0,,1801186000.0,6218236820.0,11.0,10.187,118811000.0,0.66,1.0,1758329000.0,0.301,0.0,0.0,2145581000.0,,1232656000.0,239022000.0,0.0,239022000.0,815282000.0,591082000.0,224200000.0,6098952820.0,14559000.0,-413000.0,-59261000.0,129676000.0,-164475000.0,-87028000.0,-113651000.0,0.0,215238000.0,0.0,335725000.0,335725000.0,335725000.0,0.0,0.0,0.057,1203800000.0,554529000.0,402077000.0,,3.386,18.167,,358549000.0,0.0,33.88,1.044,1.044,691638000.0,1621096000.0,5843781000.0,5843781000.0,0.0,,,,0.095,0.0,1203800000.0,1.0,180016317.0,180018000.0,,32.462,2616468000.0,0.0,218804000.0,91524000.0,14.534,1427815000.0
98,GPC,MRT,1997-03-31,1997-03-31,1997-03-31,2021-10-21,0.0,2597831000.0,,2010970000.0,586861000.0,,9.792,-93252000.0,76003000.0,76003000.0,4041048000.0,332797000.0,3.281,0.474,195287000.0,85000000.0,110287000.0,195287000.0,0.0,53701000.0,0.0,0.029,0.91,549689000.0,603390000.0,0.104,603390000.0,549689000.0,549689000.0,,,,1762050000.0,,1762050000.0,5678630943.0,10.0,9.411,149814000.0,0.833,1.0,1737150000.0,0.301,0.0,0.0,2104285000.0,,1236686000.0,235686000.0,0.0,235686000.0,835781000.0,612830000.0,222951000.0,5588762943.0,2324000.0,-413000.0,-80253000.0,109676000.0,-162071000.0,-128712000.0,-112030000.0,0.0,243066000.0,0.0,332797000.0,332797000.0,332797000.0,0.0,0.0,0.058,1187461000.0,549689000.0,379389000.0,,3.172,16.793,,351175000.0,0.0,31.08,0.967,0.968,680676000.0,1582034000.0,5778198000.0,5778198000.0,0.0,,,,0.095,0.0,1187461000.0,1.0,179818628.0,179942000.0,,32.111,2597831000.0,0.0,216892000.0,128589000.0,14.437,1398140000.0
99,GPC,MRT,1996-12-31,1996-12-31,1996-12-31,2021-10-21,0.0,2521631000.0,2397881500.0,1937642000.0,583989000.0,2.386,9.539,-90773000.0,67373000.0,67373000.0,4002971000.0,330076000.0,3.409,0.456,157241000.0,47000000.0,110241000.0,157241000.0,0.0,50445000.0,0.0,0.03,0.893,545233000.0,595678000.0,0.104,595678000.0,545233000.0,545233000.0,1.82,1.81,1.82,1732054000.0,1691468000.0,1732054000.0,,,,237242000.0,1.307,1.0,1717503000.0,0.3,0.0,0.0,2043120000.0,1951540500.0,1233820000.0,237994000.0,0.0,237994000.0,789577000.0,568379000.0,221198000.0,5334619283.0,23119000.0,-413000.0,-86834000.0,51676000.0,-160214000.0,-190817000.0,-114079000.0,0.0,328015000.0,0.0,330076000.0,330076000.0,330076000.0,0.0,0.0,0.058,1172270000.0,545233000.0,401842000.0,0.491,3.08,16.162,16.3,345995000.0,0.0,29.667,0.933,0.942,622836000.0,1552006000.0,5720474000.0,5720474000.0,0.0,0.138,0.195,0.279,0.095,0.0,1172270000.0,1.0,179818628.0,181567000.0,182189000.0,31.506,2521631000.0,0.0,215157000.0,91153000.0,13.888,1369263000.0
100,GPC,MRT,1996-09-30,1996-09-30,1996-09-30,2021-10-21,,,,,,,,,,,,,,,,,,,,,,0.03,0.88,,,,,,,,,,,,,,,,,,1.0,,,,,,,,,,,,,,,,,,,,,,,,,,,,,,,,,,,,,,,,29.167,,,,,,,,,,,,,,1.0,,,,,,,,,,
101,GPC,MRT,1996-06-30,1996-06-30,1996-06-30,2021-10-21,,,,,,,,,,,,,,,,,,,,,,0.028,0.867,,,,,,,,,,,,,,,,,,1.0,,,,,,,,,,,,,,,,,,,,,,,,,,,,,,,,,,,,,,,,30.5,,,,,,,,,,,,,,1.0,,,,,,,,,,
102,GPC,MRT,1996-03-31,1996-03-31,1996-03-31,2021-10-21,,,,,,,,,,,,,,,,,,,,,,0.028,0.853,,,,,,,,,,,,,,,,,,1.0,,,,,,,,,,,,,,,,,,,,,,,,,,,,,,,,,,,,,,,,30.0,,,,,,,,,,,,,,1.0,,,,,,,,,,
103,GPC,MRT,1995-12-31,1995-12-31,1995-12-31,2021-10-21,0.0,2274132000.0,,1763961000.0,510171000.0,,8.976,-85933000.0,44254000.0,44254000.0,3654703000.0,309168000.0,3.71,0.378,105607000.0,45000000.0,60607000.0,105607000.0,0.0,43234000.0,0.0,0.031,0.84,510794000.0,554028000.0,0.105,554028000.0,510794000.0,510794000.0,1.68,1.68,1.68,1650882000.0,,1650882000.0,,,,72754000.0,0.396,1.0,1607201000.0,0.305,0.0,0.0,1859961000.0,,1127456000.0,206932000.0,0.0,206932000.0,623250000.0,475524000.0,147726000.0,,-38156000.0,0.0,-36077000.0,93833000.0,-151257000.0,-92711000.0,-104132000.0,0.0,158687000.0,0.0,309168000.0,309168000.0,309168000.0,0.0,0.0,0.059,1096407000.0,510794000.0,331704000.0,0.5,,,16.27,303239000.0,0.0,27.333,,0.955,565305000.0,1528969000.0,5261904000.0,5261904000.0,0.0,,,,0.097,0.0,1096407000.0,1.0,,183923000.0,184375000.0,28.609,2274132000.0,0.0,201626000.0,60497000.0,12.365,1288437000.0
104,GPC,MRT,1994-12-31,1994-12-31,1994-12-31,2021-10-21,,,,,,,,-63117000.0,,,3343699000.0,288548000.0,,,,,,,,37374000.0,,0.032,0.768,474868000.0,512242000.0,0.105,512242000.0,474868000.0,474868000.0,,,,,,,,,,135837000.0,,1.0,1514716000.0,0.312,,0.0,,,,,,,,,,,-40821000.0,-26009000.0,-65977000.0,-698000.0,-140289000.0,-206186000.0,-33589000.0,64599000.0,198954000.0,0.0,288548000.0,288548000.0,288548000.0,0.0,0.0,0.059,1039848000.0,474868000.0,,,,,,,0.0,24.0,,,,,4858415000.0,4858415000.0,0.0,,,,0.098,0.0,1039848000.0,1.0,,,,,,,186320000.0,,,
