None,ticker,dimension,calendardate,datekey,reportperiod,lastupdated,accoci,assets,assetsavg,assetsc,assetsnc,assetturnover,bvps,capex,cashneq,cashnequsd,cor,consolinc,currentratio,de,debt,debtc,debtnc,debtusd,deferredrev,depamor,deposits,divyield,dps,ebit,ebitda,ebitdamargin,ebitdausd,ebitusd,ebt,eps,epsdil,epsusd,equity,equityavg,equityusd,ev,evebit,evebitda,fcf,fcfps,fxusd,gp,grossmargin,intangibles,intexp,invcap,invcapavg,inventory,investments,investmentsc,investmentsnc,liabilities,liabilitiesc,liabilitiesnc,marketcap,ncf,ncfbus,ncfcommon,ncfdebt,ncfdiv,ncff,ncfi,ncfinv,ncfo,ncfx,netinc,netinccmn,netinccmnusd,netincdis,netincnci,netmargin,opex,opinc,payables,payoutratio,pb,pe,pe1,ppnenet,prefdivis,price,ps,ps1,receivables,retearn,revenue,revenueusd,rnd,roa,roe,roic,ros,sbcomp,sgna,sharefactor,sharesbas,shareswa,shareswadil,sps,tangibles,taxassets,taxexp,taxliabilities,tbvps,workingcapital
0,ZBH,MRY,2020-12-31,2020-12-31,2020-12-31,2021-08-03,-297800000.0,24417700000.0,24400925000.0,5083300000.0,19334400000.0,0.288,58.909,-409600000.0,802100000.0,802100000.0,2128300000.0,-137400000.0,1.988,1.002,8126500000.0,500000000.0,7626500000.0,8126500000.0,0.0,1032700000.0,0.0,0.006,0.96,-63900000.0,968800000.0,0.138,968800000.0,-63900000.0,-275900000.0,-0.67,-0.67,-0.67,12194200000.0,11896600000.0,12194200000.0,39262424804.0,-614.0,40.527,794900000.0,3.84,1.0,4896200000.0,0.697,16317300000.0,212000000.0,12867900000.0,13017050000.0,2450700000.0,0.0,0.0,0.0,12218300000.0,2556900000.0,9661400000.0,31939524804.0,184200000.0,-235500000.0,129800000.0,-329800000.0,-198500000.0,-421800000.0,-613800000.0,53500000.0,1204500000.0,15300000.0,-138900000.0,-138900000.0,-138900000.0,0.0,1500000.0,-0.02,4984000000.0,-87800000.0,330000000.0,-1.433,2.619,-229.946,-229.985,2047700000.0,0.0,154.09,4.547,4.541,1452700000.0,10086900000.0,7024500000.0,7024500000.0,372000000.0,-0.006,-0.012,-0.005,-0.009,79700000.0,3177800000.0,1.0,207278375.0,207000000.0,207000000.0,33.935,8100400000.0,0.0,-137000000.0,1438000000.0,39.132,2526400000.0
1,ZBH,MRY,2019-12-31,2019-12-31,2019-12-31,2021-08-03,-241900000.0,24638700000.0,24362150000.0,4723900000.0,19914800000.0,0.328,60.4,-720600000.0,617900000.0,617900000.0,2252600000.0,1131500000.0,1.373,0.989,8221400000.0,1500000000.0,6721400000.0,8221400000.0,0.0,1006100000.0,0.0,0.006,0.96,1132800000.0,2138900000.0,0.268,2138900000.0,1132800000.0,905900000.0,5.52,5.47,5.52,12388100000.0,11915775000.0,12388100000.0,38620235304.0,34.0,18.056,865200000.0,4.218,1.0,5729600000.0,0.718,16857300000.0,226900000.0,11943400000.0,12081200000.0,2385000000.0,0.0,0.0,0.0,12245900000.0,3441500000.0,8804400000.0,30786835304.0,75100000.0,-37100000.0,158200000.0,-731800000.0,-196700000.0,-779900000.0,-729300000.0,48100000.0,1585800000.0,-1500000.0,1131600000.0,1131600000.0,1131600000.0,0.0,-100000.0,0.142,4592100000.0,1137500000.0,400900000.0,0.174,2.485,27.206,27.116,2077400000.0,0.0,149.68,3.857,3.846,1363900000.0,10427300000.0,7982200000.0,7982200000.0,449300000.0,0.046,0.095,0.094,0.142,84300000.0,3343800000.0,1.0,205684362.0,205100000.0,206700000.0,38.919,7781400000.0,0.0,-225700000.0,1651900000.0,37.94,1282400000.0
2,ZBH,MRY,2018-12-31,2018-12-31,2018-12-31,2021-08-03,-187400000.0,24126800000.0,25545200000.0,4427400000.0,19699400000.0,0.311,55.387,-439000000.0,542800000.0,542800000.0,2271900000.0,-379300000.0,1.829,1.14,8938700000.0,525000000.0,8413700000.0,8938700000.0,0.0,1040500000.0,0.0,0.009,0.96,18300000.0,1058800000.0,0.133,1058800000.0,18300000.0,-271000000.0,-1.86,-1.86,-1.86,11271300000.0,11882400000.0,11271300000.0,29829222977.0,1630.0,28.173,1308400000.0,6.429,1.0,5661000000.0,0.714,17279000000.0,289300000.0,12822400000.0,13570050000.0,2256500000.0,0.0,0.0,0.0,12850700000.0,2421300000.0,10429400000.0,21156422977.0,18400000.0,-15300000.0,107900000.0,-1196000000.0,-195200000.0,-1302200000.0,-416600000.0,69200000.0,1747400000.0,-10200000.0,-379200000.0,-379200000.0,-379200000.0,0.0,-100000.0,-0.048,5627200000.0,33800000.0,362600000.0,-0.516,1.877,-55.792,-55.763,2015400000.0,0.0,103.72,2.667,2.661,1275800000.0,9491200000.0,7932900000.0,7932900000.0,391700000.0,-0.015,-0.032,0.001,0.002,65500000.0,3379300000.0,1.0,203976311.0,203500000.0,203500000.0,38.982,6847800000.0,0.0,108200000.0,1808100000.0,33.65,2006100000.0
3,ZBH,MRY,2017-12-31,2017-12-31,2017-12-31,2021-08-03,-83200000.0,26014000000.0,26469625000.0,4564800000.0,21449200000.0,0.295,58.127,-493000000.0,524400000.0,524400000.0,2132900000.0,1813400000.0,1.487,1.217,10142500000.0,1225000000.0,8917500000.0,10142500000.0,0.0,1062700000.0,0.0,0.008,0.96,790300000.0,1853000000.0,0.237,1853000000.0,790300000.0,465000000.0,8.98,8.9,8.98,11735800000.0,10599475000.0,11735800000.0,34376326081.0,43.0,18.552,1089300000.0,5.395,1.0,5670400000.0,0.727,19021800000.0,325300000.0,13540600000.0,14319575000.0,2068300000.0,0.0,0.0,0.0,14278500000.0,3069700000.0,11208800000.0,24432426081.0,-109700000.0,-4000000.0,145500000.0,-1144700000.0,-193600000.0,-1210500000.0,-510800000.0,0.0,1582300000.0,29300000.0,1813800000.0,1813800000.0,1813800000.0,0.0,-400000.0,0.232,4871100000.0,799300000.0,330200000.0,0.107,2.082,13.47,13.438,2038600000.0,0.0,120.67,3.131,3.122,1544100000.0,10022800000.0,7803300000.0,7803300000.0,369900000.0,0.069,0.171,0.055,0.101,53700000.0,3104700000.0,1.0,202473076.0,201900000.0,203700000.0,38.649,6992200000.0,0.0,-1348800000.0,2010700000.0,34.632,1495100000.0
4,ZBH,MRY,2016-12-31,2016-12-31,2016-12-31,2021-08-03,-434000000.0,26684400000.0,26497375000.0,4663600000.0,22020800000.0,0.289,48.344,-530200000.0,634100000.0,634100000.0,2381800000.0,304600000.0,1.958,1.76,11241400000.0,575600000.0,10665800000.0,11241400000.0,0.0,1039300000.0,0.0,0.009,0.96,755900000.0,1795200000.0,0.234,1795200000.0,755900000.0,400900000.0,1.53,1.51,1.53,9668900000.0,9655625000.0,9668900000.0,31777615211.0,42.0,17.701,1102000000.0,5.51,1.0,5286600000.0,0.689,19429300000.0,355000000.0,15480900000.0,15847700000.0,1959400000.0,0.0,0.0,0.0,17014500000.0,2381500000.0,14633000000.0,20670915211.0,-825200000.0,-1443000000.0,-278900000.0,-259600000.0,-188400000.0,-743200000.0,-1691500000.0,284700000.0,1632200000.0,-22700000.0,305900000.0,305900000.0,305900000.0,0.0,-1300000.0,0.04,4465500000.0,821100000.0,364500000.0,0.627,2.138,67.574,67.451,2037900000.0,0.0,103.2,2.696,2.692,1604400000.0,8467100000.0,7668400000.0,7668400000.0,365600000.0,0.012,0.032,0.048,0.099,57300000.0,2944600000.0,1.0,200299566.0,200000000.0,202400000.0,38.342,7255100000.0,0.0,95000000.0,3688100000.0,36.276,2282100000.0
5,ZBH,MRY,2015-12-31,2015-12-31,2015-12-31,2021-08-03,-329000000.0,27160600000.0,24560950000.0,5853700000.0,21306900000.0,0.244,52.764,-364200000.0,1459300000.0,1459300000.0,1800600000.0,146200000.0,3.618,1.747,11497400000.0,0.0,11497400000.0,11497400000.0,0.0,712400000.0,0.0,0.009,0.88,440600000.0,1153000000.0,0.192,1153000000.0,440600000.0,154000000.0,0.78,0.77,0.78,9887900000.0,9146150000.0,9887900000.0,31353482506.0,71.0,27.193,485600000.0,2.591,1.0,4197200000.0,0.7,18680500000.0,286600000.0,16900300000.0,16573775000.0,2254100000.0,164600000.0,164600000.0,0.0,17271200000.0,1617900000.0,15653300000.0,20905782506.0,376000000.0,-7760100000.0,-44800000.0,7307900000.0,-157100000.0,7106700000.0,-7557900000.0,588100000.0,849800000.0,-22600000.0,147000000.0,147000000.0,147000000.0,0.0,-800000.0,0.025,3729900000.0,467300000.0,284800000.0,1.128,2.114,142.216,131.526,2062600000.0,0.0,102.59,3.486,3.205,1446500000.0,8347700000.0,5997800000.0,5997800000.0,268800000.0,0.006,0.016,0.027,0.073,125000000.0,2284200000.0,1.0,203779925.0,187400000.0,189800000.0,32.005,8480100000.0,0.0,7000000.0,3297400000.0,45.251,4235800000.0
6,ZBH,MRY,2014-12-31,2014-12-31,2014-12-31,2021-08-03,38100000.0,9658000000.0,9586825000.0,4313300000.0,5344700000.0,0.487,38.757,-342300000.0,1083300000.0,1083300000.0,1242800000.0,719200000.0,4.212,0.474,1425500000.0,0.0,1425500000.0,1425500000.0,0.0,375800000.0,0.0,0.008,0.88,1003600000.0,1379400000.0,0.295,1379400000.0,1003600000.0,940500000.0,4.26,4.2,4.26,6549900000.0,6443750000.0,6549900000.0,19917211173.0,20.0,14.439,718200000.0,4.25,1.0,3430500000.0,0.734,3117700000.0,63100000.0,5858500000.0,6025775000.0,1193300000.0,612500000.0,612500000.0,0.0,3106300000.0,1024000000.0,2082300000.0,19208111173.0,2700000.0,-54300000.0,-116200000.0,-311800000.0,-145500000.0,-570100000.0,-469400000.0,-68700000.0,1060500000.0,-18300000.0,720300000.0,720300000.0,720300000.0,0.0,-1100000.0,0.154,2393200000.0,1037300000.0,145200000.0,0.207,2.933,26.667,26.624,1285300000.0,0.0,113.42,4.11,4.102,912100000.0,8362100000.0,4673300000.0,4673300000.0,187400000.0,0.075,0.112,0.167,0.215,38300000.0,1750700000.0,1.0,169353831.0,169000000.0,171700000.0,27.653,6540300000.0,194900000.0,220200000.0,126200000.0,38.7,3289300000.0
7,ZBH,MRY,2013-12-31,2013-12-31,2013-12-31,2021-08-03,367100000.0,9580600000.0,9195000000.0,4197700000.0,5382900000.0,0.503,37.13,-292900000.0,1080600000.0,1080600000.0,1266700000.0,778600000.0,4.069,0.521,1672300000.0,0.0,1672300000.0,1672300000.0,0.0,358500000.0,0.0,0.009,0.8,1080000000.0,1438500000.0,0.311,1438500000.0,1080000000.0,1009900000.0,4.6,4.54,4.6,6297300000.0,6006625000.0,6297300000.0,16702306872.0,15.0,11.611,670200000.0,3.952,1.0,3356700000.0,0.726,3318900000.0,70100000.0,5821800000.0,5893275000.0,1074500000.0,727000000.0,727000000.0,0.0,3280500000.0,1031600000.0,2248900000.0,15933706872.0,196300000.0,-74200000.0,-246000000.0,-97500000.0,-132400000.0,-467300000.0,-282500000.0,98100000.0,963100000.0,-17000000.0,780400000.0,780400000.0,780400000.0,0.0,-1800000.0,0.169,2288100000.0,1068600000.0,146300000.0,0.174,2.53,20.417,20.259,1224700000.0,0.0,93.19,3.446,3.418,936600000.0,7712700000.0,4623400000.0,4623400000.0,203000000.0,0.085,0.13,0.183,0.234,78300000.0,1749300000.0,1.0,170980862.0,169600000.0,171800000.0,27.261,6261700000.0,271900000.0,229500000.0,221200000.0,36.92,3166100000.0
8,ZBH,MRY,2012-12-31,2012-12-31,2012-12-31,2021-08-03,343900000.0,9012400000.0,8754175000.0,3708700000.0,5303700000.0,0.511,33.51,-263600000.0,884300000.0,884300000.0,1125200000.0,752900000.0,4.283,0.537,1820900000.0,100100000.0,1720800000.0,1820900000.0,0.0,363100000.0,0.0,0.011,0.72,1065100000.0,1428200000.0,0.319,1428200000.0,1065100000.0,992200000.0,4.32,4.29,4.32,5860900000.0,5761650000.0,5860900000.0,12498551880.0,12.0,8.751,888300000.0,5.079,1.0,3346500000.0,0.748,3312500000.0,72900000.0,5770500000.0,5572875000.0,995300000.0,671600000.0,671600000.0,0.0,3146100000.0,866000000.0,2280100000.0,11565651880.0,116000000.0,-59000000.0,-438700000.0,93900000.0,-94400000.0,-436500000.0,-592100000.0,-251600000.0,1151900000.0,-7300000.0,755000000.0,755000000.0,755000000.0,0.0,-2100000.0,0.169,2299100000.0,1047400000.0,184100000.0,0.167,1.973,15.319,15.431,1210700000.0,0.0,66.66,2.586,2.607,884600000.0,7085900000.0,4471700000.0,4471700000.0,225600000.0,0.086,0.131,0.191,0.238,63300000.0,1807100000.0,1.0,173502118.0,174900000.0,176000000.0,25.567,5699900000.0,196600000.0,237200000.0,22800000.0,32.589,2842700000.0
9,ZBH,MRY,2011-12-31,2011-12-31,2011-12-31,2021-08-03,271400000.0,8515300000.0,8270250000.0,3276600000.0,5238700000.0,0.538,29.356,-269200000.0,768300000.0,768300000.0,1122000000.0,760000000.0,3.779,0.545,1719300000.0,143300000.0,1576000000.0,1719300000.0,0.0,359900000.0,0.0,0.0,0.0,1035000000.0,1394900000.0,0.313,1394900000.0,1035000000.0,979700000.0,4.05,4.03,4.05,5507200000.0,5746950000.0,5507200000.0,10562133486.0,10.0,7.572,907700000.0,4.838,1.0,3329800000.0,0.748,3424500000.0,55300000.0,5174700000.0,4827475000.0,929800000.0,455500000.0,455500000.0,0.0,3000500000.0,867100000.0,2133400000.0,9571633486.0,99400000.0,-56800000.0,-1006600000.0,545800000.0,0.0,-455800000.0,-624400000.0,-267300000.0,1176900000.0,2700000.0,760800000.0,760800000.0,760800000.0,0.0,-800000.0,0.171,2305700000.0,1024100000.0,143300000.0,0.0,1.738,12.581,13.19,1207300000.0,0.0,53.42,2.15,2.251,838800000.0,6426800000.0,4451800000.0,4451800000.0,238400000.0,0.092,0.132,0.214,0.232,68400000.0,1834300000.0,1.0,179176972.0,187600000.0,188700000.0,23.73,5090800000.0,210500000.0,218900000.0,8600000.0,27.136,2409500000.0
10,ZBH,MRY,2010-12-31,2010-12-31,2010-12-31,2021-08-03,321000000.0,7999900000.0,7913225000.0,3009700000.0,4990200000.0,0.533,28.857,-280200000.0,668900000.0,668900000.0,1012200000.0,596900000.0,4.284,0.386,1142100000.0,0.0,1142100000.0,1142100000.0,0.0,340200000.0,0.0,0.0,0.0,920400000.0,1260600000.0,0.299,1260600000.0,920400000.0,860200000.0,2.98,2.97,2.98,5771300000.0,5760400000.0,5771300000.0,10818744588.0,12.0,8.582,913300000.0,4.566,1.0,3208000000.0,0.76,3407900000.0,60200000.0,4362700000.0,4039350000.0,936400000.0,265100000.0,265100000.0,0.0,2228600000.0,702500000.0,1526100000.0,10598744588.0,-22800000.0,-82600000.0,-488700000.0,-2200000.0,0.0,-489600000.0,-726900000.0,-345800000.0,1193500000.0,200000.0,596900000.0,596900000.0,596900000.0,0.0,0.0,0.141,2291300000.0,916700000.0,129600000.0,0.0,1.836,17.756,18.013,1213800000.0,0.0,53.68,2.511,2.544,775900000.0,5699400000.0,4220200000.0,4220200000.0,218500000.0,0.075,0.104,0.228,0.218,64900000.0,1759100000.0,1.0,197443081.0,200000000.0,201100000.0,21.101,4592000000.0,235700000.0,263300000.0,48900000.0,22.96,2307200000.0
11,ZBH,MRY,2009-12-31,2009-12-31,2009-12-31,2021-08-03,358600000.0,7785500000.0,7531900000.0,2738000000.0,5047500000.0,0.544,26.227,-264600000.0,691700000.0,691700000.0,990700000.0,717400000.0,3.964,0.381,1127600000.0,0.0,1127600000.0,1127600000.0,0.0,337400000.0,0.0,0.0,0.0,1020600000.0,1358000000.0,0.332,1358000000.0,1020600000.0,998200000.0,3.34,3.32,3.34,5638700000.0,5744600000.0,5638700000.0,12746889908.0,12.0,9.387,852900000.0,3.967,1.0,3104700000.0,0.758,3641500000.0,22400000.0,3889200000.0,3524875000.0,913200000.0,66400000.0,66400000.0,0.0,2146800000.0,690700000.0,1456100000.0,12589189908.0,479100000.0,-39500000.0,-914200000.0,660300000.0,0.0,-262100000.0,-381200000.0,-66400000.0,1117500000.0,4900000.0,717400000.0,717400000.0,717400000.0,0.0,0.0,0.175,2085900000.0,1018800000.0,134600000.0,0.0,2.233,17.548,17.698,1221700000.0,0.0,59.11,3.074,3.103,751400000.0,5102500000.0,4095400000.0,4095400000.0,205700000.0,0.095,0.125,0.29,0.249,78400000.0,1729000000.0,1.0,212979017.0,215000000.0,215800000.0,19.048,4144000000.0,209900000.0,280800000.0,57500000.0,19.274,2047300000.0
12,ZBH,MRY,2008-12-31,2008-12-31,2008-12-31,2021-08-03,240000000.0,7239000000.0,7044850000.0,2178600000.0,5060400000.0,0.585,24.858,-597300000.0,215300000.0,215300000.0,997300000.0,849500000.0,2.825,0.281,460100000.0,0.0,460100000.0,460100000.0,0.0,275100000.0,0.0,0.0,0.0,1089100000.0,1364200000.0,0.331,1364200000.0,1089100000.0,1120900000.0,3.73,3.72,3.73,5650300000.0,5620775000.0,5650300000.0,8863140373.0,8.0,6.497,440800000.0,1.939,1.0,3123800000.0,0.758,3646900000.0,-31800000.0,3065800000.0,2669875000.0,928300000.0,0.0,0.0,0.0,1585100000.0,771100000.0,814000000.0,9077140373.0,-251300000.0,-381800000.0,-680000000.0,330000000.0,0.0,-343500000.0,-924200000.0,54900000.0,1038100000.0,-21700000.0,848600000.0,848600000.0,848600000.0,0.0,900000.0,0.206,2033800000.0,1090000000.0,186400000.0,0.0,1.606,10.697,10.836,1264100000.0,0.0,40.42,2.203,2.229,732800000.0,4385500000.0,4121100000.0,4121100000.0,192300000.0,0.12,0.151,0.408,0.264,75900000.0,1704000000.0,1.0,224570530.0,227300000.0,228300000.0,18.131,3592100000.0,198300000.0,272300000.0,26600000.0,15.803,1407500000.0
13,ZBH,MRY,2007-12-31,2007-12-31,2007-12-31,2021-08-03,290300000.0,6633700000.0,6354900000.0,2082700000.0,4551000000.0,0.613,23.141,-331200000.0,466400000.0,466400000.0,875900000.0,773700000.0,2.782,0.217,104300000.0,0.0,104300000.0,104300000.0,0.0,230000000.0,0.0,0.0,0.0,1127100000.0,1357100000.0,0.348,1357100000.0,1127100000.0,1131100000.0,3.28,3.26,3.28,5449600000.0,5275675000.0,5449600000.0,15314788325.0,14.0,11.285,753200000.0,3.198,1.0,3021600000.0,0.775,3365200000.0,-4000000.0,2157800000.0,2139525000.0,727800000.0,0.0,0.0,0.0,1181300000.0,748600000.0,432700000.0,15527088325.0,198200000.0,0.0,-426500000.0,0.0,0.0,-399500000.0,-491500000.0,0.0,1084400000.0,4800000.0,773200000.0,773200000.0,773200000.0,0.0,500000.0,0.198,1894000000.0,1127600000.0,174100000.0,0.0,2.849,20.082,20.168,971900000.0,0.0,66.15,3.984,3.997,674300000.0,3536900000.0,3897500000.0,3897500000.0,182600000.0,0.122,0.147,0.527,0.289,83900000.0,1516700000.0,1.0,234725440.0,235500000.0,237500000.0,16.55,3268500000.0,154800000.0,357900000.0,85100000.0,13.879,1334100000.0
14,ZBH,MRY,2006-12-31,2006-12-31,2006-12-31,2021-08-03,209200000.0,5974400000.0,5940925000.0,1746200000.0,4228200000.0,0.588,20.249,-252100000.0,268100000.0,268100000.0,780100000.0,834500000.0,2.78,0.214,99600000.0,0.0,99600000.0,99600000.0,0.0,197400000.0,0.0,0.0,0.0,1164700000.0,1362100000.0,0.39,1362100000.0,1164700000.0,1168500000.0,3.43,3.4,3.43,4920500000.0,4886100000.0,4920500000.0,18528277414.0,16.0,13.603,788600000.0,3.245,1.0,2715300000.0,0.777,3228200000.0,-3800000.0,1949500000.0,1842825000.0,638300000.0,0.0,0.0,0.0,1051200000.0,628200000.0,423000000.0,18705277414.0,32500000.0,-34900000.0,-757500000.0,18800000.0,0.0,-730700000.0,-287000000.0,0.0,1040700000.0,9500000.0,834500000.0,834500000.0,834500000.0,0.0,0.0,0.239,1550100000.0,1165200000.0,158000000.0,0.0,3.801,22.415,22.851,807100000.0,0.0,78.38,5.351,5.449,625500000.0,2768500000.0,3495400000.0,3495400000.0,188300000.0,0.14,0.171,0.632,0.333,79600000.0,1355700000.0,1.0,238648611.0,243000000.0,245400000.0,14.384,2746200000.0,159200000.0,334000000.0,106500000.0,11.301,1118000000.0
15,ZBH,MRY,2005-12-31,2005-12-31,2005-12-31,2021-08-03,149300000.0,5721900000.0,5621600000.0,1575600000.0,4146300000.0,0.585,18.951,-255300000.0,245300000.0,245300000.0,739400000.0,732500000.0,2.596,0.221,81600000.0,0.0,81600000.0,81600000.0,0.0,185700000.0,0.0,0.0,0.0,1054100000.0,1239800000.0,0.377,1239800000.0,1054100000.0,1039800000.0,2.96,2.93,2.96,4682800000.0,4411825000.0,4682800000.0,16691134653.0,16.0,13.463,622900000.0,2.521,1.0,2546700000.0,0.775,3185400000.0,14300000.0,1765900000.0,1856100000.0,583700000.0,0.0,0.0,0.0,1036800000.0,606900000.0,429900000.0,16709634653.0,78600000.0,-55800000.0,72600000.0,-557200000.0,0.0,-484600000.0,-311100000.0,0.0,878200000.0,-3900000.0,732500000.0,732500000.0,732500000.0,0.0,0.0,0.223,1491700000.0,1055000000.0,123600000.0,0.0,3.568,22.812,22.784,708800000.0,0.0,67.44,5.085,5.071,524200000.0,1934000000.0,3286100000.0,3286100000.0,175500000.0,0.13,0.166,0.568,0.321,34300000.0,1259600000.0,1.0,247770376.0,247100000.0,249800000.0,13.299,2536500000.0,153700000.0,307300000.0,82100000.0,10.265,968700000.0
16,ZBH,MRY,2004-12-31,2004-12-31,2004-12-31,2021-08-03,253300000.0,5695500000.0,5379875000.0,1560900000.0,4134600000.0,0.554,16.131,-240400000.0,173500000.0,173500000.0,779900000.0,541800000.0,2.227,0.443,651500000.0,27500000.0,624000000.0,651500000.0,0.0,181300000.0,0.0,0.0,0.0,763100000.0,944400000.0,0.317,944400000.0,763100000.0,731400000.0,2.22,2.19,2.22,3942500000.0,3593550000.0,3942500000.0,20271819399.0,27.0,21.465,621800000.0,2.544,1.0,2201000000.0,0.738,3323700000.0,31700000.0,2148800000.0,2260400000.0,536000000.0,0.0,0.0,0.0,1745900000.0,701000000.0,1044900000.0,19653719399.0,77100000.0,-171300000.0,65000000.0,-462000000.0,0.0,-402000000.0,-388300000.0,25000000.0,862200000.0,5200000.0,541800000.0,541800000.0,541800000.0,0.0,0.0,0.182,1437800000.0,763200000.0,131600000.0,0.0,4.985,36.275,36.09,628500000.0,0.0,80.12,6.593,6.569,524800000.0,1201500000.0,2980900000.0,2980900000.0,166700000.0,0.101,0.151,0.338,0.256,42500000.0,1190000000.0,1.0,245303528.0,244400000.0,247800000.0,12.197,2371800000.0,272600000.0,189600000.0,34200000.0,9.705,859900000.0
17,ZBH,MRY,2003-12-31,2003-12-31,2003-12-31,2021-08-03,138700000.0,5156000000.0,2130500000.0,1338700000.0,3817300000.0,0.892,15.134,-158500000.0,92000000.0,92000000.0,516200000.0,346300000.0,2.075,0.638,1109100000.0,101300000.0,1007800000.0,1109100000.0,0.0,103300000.0,0.0,0.0,0.0,506300000.0,609600000.0,0.321,609600000.0,506300000.0,493100000.0,1.67,1.64,1.67,3143300000.0,1269825000.0,3143300000.0,16927392132.0,33.0,27.768,336300000.0,1.619,1.0,1384800000.0,0.728,3052300000.0,13200000.0,2475500000.0,1145975000.0,527700000.0,0.0,0.0,0.0,2005700000.0,645300000.0,1360400000.0,17024392132.0,61800000.0,-927700000.0,70500000.0,601200000.0,0.0,664800000.0,-1102700000.0,0.0,494800000.0,4900000.0,346300000.0,346300000.0,346300000.0,0.0,0.0,0.182,934100000.0,450700000.0,127600000.0,0.0,5.416,49.161,42.156,525200000.0,0.0,70.4,8.955,7.692,486400000.0,659700000.0,1901000000.0,1901000000.0,105800000.0,0.163,0.273,0.442,0.266,22500000.0,737500000.0,1.0,241823745.0,207700000.0,211200000.0,9.153,2103700000.0,189100000.0,146800000.0,-59000000.0,10.129,693400000.0
18,ZBH,MRY,2002-12-31,2002-12-31,2002-12-31,2021-08-03,14000000.0,858900000.0,841900000.0,612400000.0,246500000.0,1.63,1.883,-33700000.0,15700000.0,15700000.0,344800000.0,257800000.0,1.528,1.345,156700000.0,156700000.0,0.0,156700000.0,0.0,25300000.0,0.0,0.0,0.0,400900000.0,426200000.0,0.311,426200000.0,400900000.0,388900000.0,1.33,1.31,1.33,366300000.0,247975000.0,366300000.0,8326056087.0,21.0,19.536,186500000.0,0.959,1.0,1027600000.0,0.749,0.0,12000000.0,599100000.0,692950000.0,257600000.0,0.0,0.0,0.0,492600000.0,400800000.0,91800000.0,8097956087.0,-2700000.0,0.0,23900000.0,-212800000.0,0.0,-188900000.0,-35700000.0,0.0,220200000.0,1700000.0,257800000.0,257800000.0,257800000.0,0.0,0.0,0.188,626700000.0,400900000.0,59800000.0,0.0,22.107,31.412,31.218,157800000.0,0.0,41.52,5.901,5.884,214800000.0,313400000.0,1372400000.0,1372400000.0,80700000.0,0.306,1.04,0.579,0.292,0.0,546000000.0,1.0,195037478.0,194500000.0,196800000.0,7.056,858900000.0,122700000.0,131100000.0,19500000.0,4.416,211600000.0
19,ZBH,MRY,2001-12-31,2001-12-31,2001-12-31,2021-08-03,16800000.0,745000000.0,671200000.0,508600000.0,236400000.0,1.756,0.406,-54700000.0,18400000.0,18400000.0,321600000.0,149800000.0,1.363,8.466,363900000.0,150000000.0,213900000.0,363900000.0,0.0,23400000.0,0.0,0.0,0.0,248300000.0,271700000.0,0.231,271700000.0,248300000.0,240900000.0,0.77,0.77,0.77,78700000.0,169850000.0,78700000.0,6303895219.0,25.0,23.202,117100000.0,0.605,1.0,857000000.0,0.727,0.0,7400000.0,717400000.0,563950000.0,200000000.0,0.0,0.0,0.0,666300000.0,373100000.0,293200000.0,5918995219.0,18400000.0,0.0,1400000.0,366300000.0,0.0,-99100000.0,-54700000.0,0.0,171800000.0,400000.0,149800000.0,149800000.0,149800000.0,0.0,0.0,0.127,608700000.0,248300000.0,67400000.0,0.0,75.21,39.513,39.662,148200000.0,0.0,30.54,5.022,5.019,181700000.0,55600000.0,1178600000.0,1178600000.0,71600000.0,0.223,0.882,0.44,0.211,0.0,537100000.0,1.0,193811232.0,193700000.0,194300000.0,6.085,745000000.0,116000000.0,91100000.0,4300000.0,3.846,135500000.0
20,ZBH,MRY,2000-12-31,2000-12-31,2000-12-31,2021-08-03,7000000.0,597400000.0,601700000.0,419400000.0,178000000.0,1.729,1.348,-29000000.0,0.0,0.0,290900000.0,176000000.0,2.244,1.289,0.0,0.0,0.0,0.0,0.0,23100000.0,0.0,,0.0,268000000.0,291100000.0,0.28,291100000.0,268000000.0,268000000.0,0.91,0.91,0.91,261000000.0,322500000.0,261000000.0,,,,203400000.0,1.051,1.0,749700000.0,0.72,0.0,0.0,410500000.0,400750000.0,152300000.0,0.0,0.0,0.0,336400000.0,186900000.0,149500000.0,,0.0,0.0,0.0,0.0,0.0,-203400000.0,-29000000.0,0.0,232400000.0,0.0,176000000.0,176000000.0,176000000.0,0.0,0.0,0.169,481700000.0,268000000.0,194100000.0,0.0,,,,118500000.0,0.0,,,,188700000.0,0.0,1040600000.0,1040600000.0,52000000.0,0.293,0.546,0.669,0.258,0.0,429700000.0,1.0,193610653.0,193600000.0,193600000.0,5.375,597400000.0,77000000.0,92000000.0,10500000.0,3.086,232500000.0
21,ZBH,MRY,1999-12-31,1999-12-31,1999-12-31,2021-08-03,7000000.0,606000000.0,,430000000.0,176000000.0,,1.983,-33200000.0,0.0,0.0,269300000.0,149900000.0,2.0,0.578,0.0,0.0,0.0,0.0,0.0,22000000.0,0.0,,0.0,230900000.0,252900000.0,0.269,252900000.0,230900000.0,230900000.0,0.77,0.77,0.77,384000000.0,,384000000.0,,,,146900000.0,0.759,1.0,669600000.0,0.713,0.0,0.0,391000000.0,,150000000.0,0.0,0.0,0.0,222000000.0,215000000.0,7000000.0,,0.0,0.0,0.0,0.0,0.0,-146900000.0,-33200000.0,0.0,180100000.0,0.0,149900000.0,149900000.0,149900000.0,0.0,0.0,0.16,438700000.0,230900000.0,98000000.0,0.0,,,,114000000.0,0.0,,,,196000000.0,,938900000.0,938900000.0,45200000.0,,,,0.246,0.0,393500000.0,1.0,,193600000.0,193600000.0,4.85,606000000.0,44000000.0,81000000.0,8000000.0,3.13,215000000.0
22,ZBH,MRY,1998-12-31,1998-12-31,1998-12-31,2021-08-03,,,,,,,,-20000000.0,,,265000000.0,145000000.0,,,,,,,,26000000.0,,,0.0,211000000.0,237000000.0,0.275,237000000.0,211000000.0,211000000.0,,,,,,,,,,179000000.0,,1.0,596000000.0,0.692,,0.0,,,,,,,,,,,0.0,0.0,0.0,0.0,0.0,-179000000.0,-20000000.0,0.0,199000000.0,,145000000.0,145000000.0,145000000.0,0.0,0.0,0.168,385000000.0,211000000.0,,,,,,,0.0,,,,,,861000000.0,861000000.0,36000000.0,,,,0.245,0.0,349000000.0,1.0,,,,,,,66000000.0,,,
0,ZBH,MRQ,2021-06-30,2021-06-30,2021-06-30,2021-08-03,-287000000.0,24223200000.0,,5356800000.0,18866400000.0,,60.297,-95200000.0,1042400000.0,1042400000.0,581600000.0,142500000.0,1.829,0.925,7852500000.0,1050000000.0,6802500000.0,7852500000.0,0.0,266500000.0,0.0,0.006,0.24,228000000.0,494500000.0,0.244,494500000.0,228000000.0,173300000.0,0.68,0.67,0.68,12577900000.0,,12577900000.0,40642491483.0,38.0,19.214,358700000.0,1.72,1.0,1445300000.0,0.713,15890300000.0,54700000.0,12214500000.0,,2533000000.0,0.0,0.0,0.0,11639900000.0,2928500000.0,8711400000.0,33528091483.0,318100000.0,0.0,26200000.0,0.0,-50000000.0,-28300000.0,-109900000.0,-12700000.0,453900000.0,2400000.0,141900000.0,141900000.0,141900000.0,0.0,600000.0,0.07,1224800000.0,220500000.0,360600000.0,0.353,2.666,36.595,36.385,2005200000.0,0.0,160.82,4.25,4.252,1420400000.0,10331000000.0,2026900000.0,2026900000.0,180500000.0,,,,,24800000.0,817400000.0,1.0,208482101.0,208600000.0,210700000.0,9.717,8332900000.0,0.0,31400000.0,1346200000.0,39.947,2428300000.0
1,ZBH,MRQ,2021-03-31,2021-03-31,2021-03-31,2021-08-03,-276700000.0,24026600000.0,,5000100000.0,19026500000.0,,59.832,-110000000.0,724300000.0,724300000.0,516400000.0,197700000.0,2.393,0.93,7838700000.0,300000000.0,7538700000.0,7838700000.0,0.0,268700000.0,0.0,0.006,0.24,273300000.0,542000000.0,0.293,542000000.0,273300000.0,221000000.0,0.95,0.94,0.95,12445000000.0,,12445000000.0,40597909080.0,61.0,23.739,136500000.0,0.656,1.0,1331000000.0,0.72,16034400000.0,52300000.0,13017200000.0,,2511700000.0,0.0,0.0,0.0,11576800000.0,2089400000.0,9487400000.0,33273509080.0,-77800000.0,0.0,65300000.0,-200000000.0,-49800000.0,-195800000.0,-122300000.0,3100000.0,246500000.0,-6200000.0,198100000.0,198100000.0,198100000.0,0.0,-400000.0,0.107,1065400000.0,265600000.0,329800000.0,0.253,2.674,58.611,58.423,2021900000.0,0.0,160.08,4.694,4.698,1380200000.0,10237700000.0,1847400000.0,1847400000.0,94400000.0,,,,,21600000.0,770100000.0,1.0,207855504.0,208000000.0,210200000.0,8.882,7992200000.0,0.0,22900000.0,1400600000.0,38.424,2910700000.0
2,ZBH,MRQ,2020-12-31,2020-12-31,2020-12-31,2021-08-03,-297800000.0,24417700000.0,,5083300000.0,19334400000.0,,58.739,-97000000.0,802100000.0,802100000.0,647300000.0,333800000.0,1.988,1.002,8126500000.0,500000000.0,7626500000.0,8126500000.0,0.0,265400000.0,0.0,0.006,0.24,248600000.0,514000000.0,0.246,514000000.0,248600000.0,195500000.0,1.62,1.62,1.62,12194200000.0,,12194200000.0,39262424804.0,-614.0,40.527,328100000.0,1.58,1.0,1438000000.0,0.69,16317300000.0,53100000.0,12867900000.0,,2450700000.0,0.0,0.0,0.0,12218300000.0,2556900000.0,9661400000.0,31939524804.0,-165200000.0,-235500000.0,32100000.0,-265000000.0,-49800000.0,-286300000.0,-315900000.0,10500000.0,425100000.0,11900000.0,333700000.0,333700000.0,333700000.0,0.0,100000.0,0.16,1197300000.0,240700000.0,330000000.0,0.148,2.619,-229.946,-229.985,2047700000.0,0.0,154.09,4.547,4.541,1452700000.0,10086900000.0,2085300000.0,2085300000.0,100000000.0,,,,,17700000.0,893900000.0,1.0,207278375.0,207600000.0,207600000.0,10.045,8100400000.0,0.0,-138200000.0,1438000000.0,39.019,2526400000.0
3,ZBH,MRQ,2020-09-30,2020-09-30,2020-09-30,2021-08-03,-287000000.0,24025500000.0,,5152600000.0,18872900000.0,,57.326,-94100000.0,967300000.0,967300000.0,569400000.0,246100000.0,2.274,1.023,8290200000.0,450000000.0,7840200000.0,8290200000.0,0.0,258600000.0,0.0,0.007,0.24,306200000.0,564800000.0,0.293,564800000.0,306200000.0,252200000.0,1.17,1.16,1.17,11872200000.0,,11872200000.0,35683663584.0,1256.0,33.997,287200000.0,1.387,1.0,1359900000.0,0.705,15889400000.0,54000000.0,13192800000.0,,2492200000.0,0.0,0.0,0.0,12147300000.0,2266200000.0,9881100000.0,28187763584.0,253900000.0,0.0,36000000.0,-22900000.0,-49600000.0,-42600000.0,-91400000.0,16200000.0,381300000.0,6600000.0,242500000.0,242500000.0,242500000.0,0.0,3600000.0,0.126,1060700000.0,299200000.0,334800000.0,0.205,2.374,-185.568,-186.493,2042500000.0,0.0,136.14,3.99,3.991,1340700000.0,9802900000.0,1929300000.0,1929300000.0,85900000.0,,,,,23700000.0,790000000.0,1.0,207049828.0,207100000.0,208500000.0,9.316,8136100000.0,0.0,9700000.0,1568200000.0,39.286,2886400000.0
4,ZBH,MRQ,2020-06-30,2020-06-30,2020-06-30,2021-08-03,-265800000.0,23647600000.0,,4706800000.0,18940800000.0,,56.293,-92600000.0,713400000.0,713400000.0,424500000.0,-208200000.0,2.178,1.031,8209300000.0,450000000.0,7759300000.0,8209300000.0,0.0,255700000.0,0.0,0.008,0.24,-166300000.0,89400000.0,0.073,89400000.0,-166300000.0,-220300000.0,-1.0,-1.0,-1.0,11641400000.0,,11641400000.0,31924500208.0,-856.0,32.683,-145400000.0,-0.703,1.0,801600000.0,0.654,15919800000.0,54000000.0,13062500000.0,,2496500000.0,0.0,0.0,0.0,12003700000.0,2161200000.0,9842500000.0,24683900208.0,-1720200000.0,0.0,7200000.0,-1539200000.0,-49600000.0,-1585700000.0,-85300000.0,10500000.0,-52800000.0,3600000.0,-206600000.0,-206600000.0,-206600000.0,0.0,-1600000.0,-0.169,973300000.0,-171700000.0,363400000.0,-0.24,2.12,672.586,596.8,2056500000.0,0.0,119.36,3.512,3.512,1064500000.0,9610000000.0,1226100000.0,1226100000.0,87700000.0,,,,,21800000.0,665000000.0,1.0,206802113.0,206800000.0,206800000.0,5.929,7727800000.0,0.0,-13700000.0,1616200000.0,37.368,2545600000.0
5,ZBH,MRQ,2020-03-31,2020-03-31,2020-03-31,2021-08-03,-255100000.0,25512900000.0,,6370900000.0,19142000000.0,,57.523,-125900000.0,2433600000.0,2433600000.0,487100000.0,-509100000.0,1.686,1.147,9674200000.0,1950000000.0,7724200000.0,9674200000.0,0.0,253000000.0,0.0,0.009,0.24,-452400000.0,-199400000.0,-0.112,-199400000.0,-452400000.0,-503300000.0,-2.46,-2.46,-2.46,11878600000.0,,11878600000.0,28466780538.0,86.0,21.209,325000000.0,1.574,1.0,1296700000.0,0.727,16028900000.0,50900000.0,12945000000.0,,2463200000.0,0.0,0.0,0.0,13630200000.0,3779600000.0,9850600000.0,20863280538.0,1815700000.0,0.0,54500000.0,1497300000.0,-49500000.0,1492800000.0,-121200000.0,16300000.0,450900000.0,-6800000.0,-508500000.0,-508500000.0,-508500000.0,0.0,-600000.0,-0.285,1752700000.0,-456000000.0,404900000.0,-0.098,1.756,55.34,54.638,2065500000.0,0.0,101.08,2.678,2.679,1039100000.0,9866200000.0,1783800000.0,1783800000.0,98400000.0,,,,,16500000.0,828900000.0,1.0,206403646.0,206500000.0,206500000.0,8.638,9484000000.0,0.0,5200000.0,1639200000.0,45.927,2591300000.0
6,ZBH,MRQ,2019-12-31,2019-12-31,2019-12-31,2021-08-03,-241900000.0,24638700000.0,,4723900000.0,19914800000.0,,60.136,-128200000.0,617900000.0,617900000.0,582200000.0,321400000.0,1.373,0.989,8221400000.0,1500000000.0,6721400000.0,8221400000.0,0.0,253900000.0,0.0,0.006,0.24,340900000.0,594800000.0,0.28,594800000.0,340900000.0,288500000.0,1.56,1.54,1.56,12388100000.0,,12388100000.0,38620235304.0,34.0,18.056,295100000.0,1.433,1.0,1543500000.0,0.726,16857300000.0,52400000.0,11943400000.0,,2385000000.0,0.0,0.0,0.0,12245900000.0,3441500000.0,8804400000.0,30786835304.0,105400000.0,-37100000.0,32300000.0,-161400000.0,-49400000.0,-182700000.0,-138000000.0,10600000.0,423300000.0,2800000.0,320700000.0,320700000.0,320700000.0,0.0,700000.0,0.151,1206700000.0,336800000.0,400900000.0,0.154,2.485,27.206,27.116,2077400000.0,0.0,149.68,3.857,3.846,1363900000.0,10427300000.0,2125700000.0,2125700000.0,121100000.0,,,,,22700000.0,882200000.0,1.0,205684362.0,206000000.0,207900000.0,10.319,7781400000.0,0.0,-32200000.0,1651900000.0,37.774,1282400000.0
7,ZBH,MRQ,2019-09-30,2019-09-30,2019-09-30,2021-08-03,-223200000.0,24315200000.0,,4401500000.0,19913700000.0,,58.848,-153300000.0,512500000.0,512500000.0,535700000.0,432000000.0,1.166,1.012,8345900000.0,2000000000.0,6345900000.0,8345900000.0,0.0,251500000.0,0.0,0.007,0.24,240500000.0,492000000.0,0.26,492000000.0,240500000.0,183700000.0,2.1,2.08,2.1,12081500000.0,,12081500000.0,36499725121.0,-8902.0,36.394,424600000.0,2.068,1.0,1356700000.0,0.717,16884800000.0,56800000.0,11489900000.0,,2362300000.0,0.0,0.0,0.0,12229700000.0,3773900000.0,8455800000.0,28183525121.0,109400000.0,0.0,71100000.0,-319800000.0,-49200000.0,-298400000.0,-163600000.0,16200000.0,577900000.0,-6500000.0,431100000.0,431100000.0,431100000.0,0.0,900000.0,0.228,1110900000.0,245800000.0,355200000.0,0.114,2.333,-312.456,-285.979,2055300000.0,0.0,137.27,3.555,3.555,1150800000.0,10155300000.0,1892400000.0,1892400000.0,114400000.0,,,,,21600000.0,826400000.0,1.0,205314527.0,205300000.0,207000000.0,9.218,7430400000.0,0.0,-247400000.0,1693200000.0,36.193,627600000.0
8,ZBH,MRQ,2019-06-30,2019-06-30,2019-06-30,2021-08-03,-171800000.0,24205700000.0,,4391200000.0,19814500000.0,,56.929,-337600000.0,403100000.0,403100000.0,581300000.0,131900000.0,1.194,1.076,8719300000.0,2000000000.0,6719300000.0,8719300000.0,0.0,253000000.0,0.0,0.008,0.24,201800000.0,454800000.0,0.229,454800000.0,201800000.0,142100000.0,0.65,0.65,0.65,11659100000.0,,11659100000.0,32336749840.0,-1382.0,32.575,-36600000.0,-0.179,1.0,1407300000.0,0.708,17117900000.0,59700000.0,11726200000.0,,2344500000.0,0.0,0.0,0.0,12543500000.0,3677800000.0,8865700000.0,24112949840.0,-183700000.0,0.0,10400000.0,-124200000.0,-49100000.0,-163600000.0,-322200000.0,10800000.0,301000000.0,1100000.0,133700000.0,133700000.0,133700000.0,0.0,-1800000.0,0.067,1202600000.0,204700000.0,347500000.0,0.369,2.068,-67.148,-66.146,2035800000.0,0.0,117.74,3.063,3.063,1247100000.0,9772700000.0,1988600000.0,1988600000.0,112100000.0,,,,,19700000.0,838800000.0,1.0,204798283.0,204800000.0,206200000.0,9.71,7087800000.0,0.0,8400000.0,1772500000.0,34.608,713400000.0
9,ZBH,MRQ,2019-03-31,2019-03-31,2019-03-31,2021-08-03,-183500000.0,24289000000.0,,4499200000.0,19789800000.0,,56.431,-101500000.0,586800000.0,586800000.0,553400000.0,246200000.0,1.995,1.105,8810600000.0,500000000.0,8310600000.0,8810600000.0,0.0,247700000.0,0.0,0.008,0.24,349600000.0,597300000.0,0.302,597300000.0,349600000.0,291600000.0,1.2,1.2,1.2,11534400000.0,,11534400000.0,34502037773.0,507.0,31.575,182100000.0,0.891,1.0,1422100000.0,0.72,17092500000.0,58000000.0,13165300000.0,,2310200000.0,0.0,0.0,0.0,12749700000.0,2255000000.0,10494700000.0,26106137773.0,44000000.0,0.0,44400000.0,-126400000.0,-49000000.0,-135200000.0,-105500000.0,10500000.0,283600000.0,1100000.0,246100000.0,246100000.0,246100000.0,0.0,100000.0,0.125,1071900000.0,350200000.0,361100000.0,0.2,2.263,-84.815,-84.013,2014000000.0,0.0,127.7,3.308,3.308,1225300000.0,9688100000.0,1975500000.0,1975500000.0,101700000.0,,,,,20300000.0,796400000.0,1.0,204433342.0,204400000.0,205800000.0,9.665,7196500000.0,0.0,45500000.0,1831000000.0,35.208,2244200000.0
10,ZBH,MRQ,2018-12-31,2018-12-31,2018-12-31,2021-08-03,-187400000.0,24126800000.0,,4427400000.0,19699400000.0,,55.224,-120100000.0,542800000.0,542800000.0,583400000.0,-902500000.0,1.829,1.14,8938700000.0,525000000.0,8413700000.0,8938700000.0,0.0,254800000.0,0.0,0.009,0.24,-796000000.0,-541200000.0,-0.261,-541200000.0,-796000000.0,-864500000.0,-4.43,-4.41,-4.43,11271300000.0,,11271300000.0,29829222977.0,1630.0,28.173,259400000.0,1.271,1.0,1487600000.0,0.718,17279000000.0,68500000.0,12822400000.0,,2256500000.0,0.0,0.0,0.0,12850700000.0,2421300000.0,10429400000.0,21156422977.0,18200000.0,-15300000.0,4500000.0,-237000000.0,-49000000.0,-275500000.0,-82400000.0,69200000.0,379500000.0,-3400000.0,-901100000.0,-901100000.0,-901100000.0,0.0,-1400000.0,-0.435,2278100000.0,-790500000.0,362600000.0,-0.054,1.877,-55.792,-55.763,2015400000.0,0.0,103.72,2.667,2.661,1275800000.0,9491200000.0,2071000000.0,2071000000.0,101200000.0,,,,,20200000.0,998600000.0,1.0,203976311.0,204100000.0,199300000.0,10.147,6847800000.0,0.0,36600000.0,1808100000.0,33.551,2006100000.0
11,ZBH,MRQ,2018-09-30,2018-09-30,2018-09-30,2021-08-03,-168100000.0,25382000000.0,,4513300000.0,20868700000.0,,59.974,-139100000.0,524600000.0,524600000.0,529000000.0,162100000.0,1.887,1.077,9197400000.0,600000000.0,8597400000.0,9197400000.0,0.0,260600000.0,0.0,0.007,0.24,221200000.0,481800000.0,0.262,481800000.0,221200000.0,153700000.0,0.8,0.79,0.8,12216800000.0,,12216800000.0,35784367477.0,47.0,19.68,345000000.0,1.694,1.0,1307700000.0,0.712,18421000000.0,67500000.0,13242600000.0,,2219500000.0,0.0,0.0,0.0,13159000000.0,2391200000.0,10767800000.0,26752267477.0,43400000.0,0.0,47000000.0,-295400000.0,-48800000.0,-297700000.0,-138900000.0,0.0,484100000.0,-4100000.0,162200000.0,162200000.0,162200000.0,0.0,-100000.0,0.088,1084400000.0,223300000.0,345800000.0,0.3,2.19,15.258,15.181,2002400000.0,0.0,131.47,3.373,3.377,1262700000.0,10441200000.0,1836700000.0,1836700000.0,95700000.0,,,,,19300000.0,787700000.0,1.0,203485719.0,203700000.0,205400000.0,9.017,6961000000.0,0.0,-8500000.0,2032200000.0,34.173,2122100000.0
12,ZBH,MRQ,2018-06-30,2018-06-30,2018-06-30,2021-08-03,-163000000.0,25490800000.0,,4475200000.0,21015600000.0,,59.238,-92700000.0,481200000.0,481200000.0,583700000.0,184900000.0,2.414,1.117,9513300000.0,100000000.0,9413300000.0,9513300000.0,0.0,261600000.0,0.0,0.009,0.24,293200000.0,554800000.0,0.276,554800000.0,293200000.0,217900000.0,0.91,0.9,0.91,12043100000.0,,12043100000.0,31999055789.0,42.0,17.655,300600000.0,1.479,1.0,1423900000.0,0.709,18592500000.0,75300000.0,14076800000.0,,2158500000.0,0.0,0.0,0.0,13446600000.0,1853600000.0,11593000000.0,22652555789.0,-1284200000.0,0.0,8500000.0,-1527100000.0,-48800000.0,-1570800000.0,-93600000.0,0.0,393300000.0,-13100000.0,185000000.0,185000000.0,185000000.0,0.0,-100000.0,0.092,1127900000.0,296000000.0,355700000.0,0.264,1.881,13.405,13.346,1986900000.0,0.0,111.44,2.865,2.865,1335300000.0,10327900000.0,2007600000.0,2007600000.0,99100000.0,,,,,12100000.0,791300000.0,1.0,203271319.0,203300000.0,204600000.0,9.875,6898300000.0,0.0,32900000.0,2047600000.0,33.932,2621600000.0
13,ZBH,MRQ,2018-03-31,2018-03-31,2018-03-31,2021-08-03,-51300000.0,27181200000.0,,5775300000.0,21405900000.0,,59.105,-87100000.0,1765400000.0,1765400000.0,575800000.0,176200000.0,1.686,1.265,11111900000.0,1625000000.0,9486900000.0,11111900000.0,0.0,263500000.0,0.0,0.009,0.24,299900000.0,563400000.0,0.279,563400000.0,299900000.0,221900000.0,0.86,0.85,0.86,11998400000.0,,11998400000.0,31769240702.0,43.0,17.644,403400000.0,1.987,1.0,1441800000.0,0.715,18964800000.0,78000000.0,14138400000.0,,2125900000.0,0.0,0.0,0.0,15181700000.0,3424500000.0,11757200000.0,22151140702.0,1241000000.0,0.0,47900000.0,863500000.0,-48600000.0,841800000.0,-101700000.0,0.0,490500000.0,10400000.0,174700000.0,174700000.0,174700000.0,0.0,1500000.0,0.087,1136800000.0,305000000.0,347300000.0,0.279,1.846,13.114,13.059,2031300000.0,0.0,109.04,2.822,2.82,1418500000.0,10191700000.0,2017600000.0,2017600000.0,95700000.0,,,,,13900000.0,801700000.0,1.0,203146925.0,203000000.0,204600000.0,9.939,8216400000.0,0.0,47200000.0,2041500000.0,40.475,2350800000.0
14,ZBH,MRQ,2017-12-31,2017-12-31,2017-12-31,2021-08-03,-83200000.0,26014000000.0,,4564800000.0,21449200000.0,,57.955,-127500000.0,524400000.0,524400000.0,591400000.0,1231200000.0,1.487,1.217,10142500000.0,1225000000.0,8917500000.0,10142500000.0,0.0,264500000.0,0.0,0.008,0.24,-46200000.0,218300000.0,0.106,218300000.0,-46200000.0,-124000000.0,6.09,6.04,6.09,11735800000.0,,11735800000.0,34376326081.0,43.0,18.552,275400000.0,1.36,1.0,1476900000.0,0.714,19021800000.0,77800000.0,13540600000.0,,2068300000.0,0.0,0.0,0.0,14278500000.0,3069700000.0,11208800000.0,24432426081.0,43600000.0,0.0,12900000.0,-196200000.0,-48600000.0,-232900000.0,-128200000.0,0.0,402900000.0,1800000.0,1231400000.0,1231400000.0,1231400000.0,0.0,-200000.0,0.595,1517000000.0,-40100000.0,330200000.0,0.039,2.082,13.47,13.438,2038600000.0,0.0,120.67,3.131,3.122,1544100000.0,10022800000.0,2068300000.0,2068300000.0,95000000.0,,,,,13600000.0,865100000.0,1.0,202473076.0,202500000.0,204000000.0,10.214,6992200000.0,0.0,-1355400000.0,2010700000.0,34.529,1495100000.0
15,ZBH,MRQ,2017-09-30,2017-09-30,2017-09-30,2021-08-03,-159900000.0,26417500000.0,,4433300000.0,21984200000.0,,51.655,-119100000.0,480800000.0,480800000.0,500900000.0,98800000.0,1.473,1.528,10424700000.0,1225000000.0,9199700000.0,10424700000.0,0.0,266500000.0,0.0,0.008,0.24,209500000.0,476000000.0,0.263,476000000.0,209500000.0,127200000.0,0.49,0.48,0.49,10449800000.0,,10449800000.0,33908820273.0,36.0,16.916,344400000.0,1.702,1.0,1312200000.0,0.724,19369800000.0,82300000.0,13981400000.0,,2084200000.0,0.0,0.0,0.0,15967300000.0,3010200000.0,12957100000.0,23675120273.0,30800000.0,0.0,27100000.0,-297800000.0,-48500000.0,-320700000.0,-120500000.0,0.0,463500000.0,8500000.0,98800000.0,98800000.0,98800000.0,0.0,0.0,0.054,1101000000.0,211200000.0,327100000.0,0.49,2.266,36.312,36.139,2048600000.0,0.0,117.09,3.062,3.063,1318500000.0,8837200000.0,1813100000.0,1813100000.0,91200000.0,,,,,12400000.0,711700000.0,1.0,202195920.0,202300000.0,204000000.0,8.962,7047700000.0,229600000.0,28400000.0,3169400000.0,34.838,1423100000.0
16,ZBH,MRQ,2017-06-30,2017-06-30,2017-06-30,2021-08-03,-264400000.0,26459200000.0,,4424100000.0,22035100000.0,,50.936,-116900000.0,450000000.0,450000000.0,527700000.0,184100000.0,1.476,1.574,10683700000.0,1329300000.0,9354400000.0,10683700000.0,0.0,264100000.0,0.0,0.007,0.24,278800000.0,542900000.0,0.278,542900000.0,278800000.0,196500000.0,0.91,0.9,0.91,10278900000.0,,10278900000.0,36364393195.0,39.0,18.068,323600000.0,1.604,1.0,1421800000.0,0.729,19409500000.0,82300000.0,14287000000.0,,2023900000.0,0.0,0.0,0.0,16179700000.0,2996400000.0,13183300000.0,25891093195.0,-589500000.0,-4000000.0,39400000.0,-900000000.0,-48400000.0,-913000000.0,-129000000.0,0.0,440500000.0,12000000.0,184200000.0,184200000.0,184200000.0,0.0,-100000.0,0.094,1141700000.0,280100000.0,360200000.0,0.264,2.519,36.364,36.271,2057400000.0,0.0,128.4,3.34,3.342,1423000000.0,8787600000.0,1949500000.0,1949500000.0,92600000.0,,,,,13700000.0,752200000.0,1.0,201644028.0,201800000.0,203700000.0,9.661,7049700000.0,0.0,12300000.0,3128700000.0,34.934,1427700000.0
17,ZBH,MRQ,2017-03-31,2017-03-31,2017-03-31,2021-08-03,-423800000.0,26987800000.0,,5079900000.0,21907900000.0,,49.395,-129500000.0,1039500000.0,1039500000.0,512900000.0,299300000.0,1.913,1.717,11512800000.0,975000000.0,10537800000.0,11512800000.0,0.0,267600000.0,0.0,0.008,0.24,348200000.0,615800000.0,0.312,615800000.0,348200000.0,265300000.0,1.49,1.47,1.49,9933400000.0,,9933400000.0,35163840065.0,41.0,18.305,145900000.0,0.726,1.0,1459500000.0,0.74,19335700000.0,82900000.0,15469300000.0,,1977000000.0,0.0,0.0,0.0,17053600000.0,2656100000.0,14397500000.0,24556540065.0,405400000.0,0.0,66100000.0,249300000.0,-48100000.0,256100000.0,-133100000.0,0.0,275400000.0,7000000.0,299400000.0,299400000.0,299400000.0,0.0,-100000.0,0.152,1111400000.0,348100000.0,335900000.0,0.161,2.472,49.459,49.437,2053200000.0,0.0,122.11,3.174,3.174,1600100000.0,8649600000.0,1972400000.0,1972400000.0,91100000.0,,,,,14000000.0,758200000.0,1.0,201101794.0,201100000.0,203100000.0,9.808,7652100000.0,0.0,-34100000.0,3155600000.0,38.051,2423800000.0
18,ZBH,MRQ,2016-12-31,2016-12-31,2016-12-31,2021-08-03,-434000000.0,26684400000.0,,4663600000.0,22020800000.0,,48.272,-148800000.0,634100000.0,634100000.0,621800000.0,69700000.0,1.958,1.76,11241400000.0,575600000.0,10665800000.0,11241400000.0,0.0,252000000.0,0.0,0.009,0.24,117900000.0,369900000.0,0.185,369900000.0,117900000.0,30700000.0,0.35,0.34,0.35,9668900000.0,,9668900000.0,31777615211.0,42.0,17.701,478400000.0,2.388,1.0,1375800000.0,0.689,19429300000.0,87200000.0,15480900000.0,,1959400000.0,0.0,0.0,0.0,17014500000.0,2381500000.0,14633000000.0,20670915211.0,158800000.0,0.0,23100000.0,-273100000.0,-48100000.0,-309100000.0,-146800000.0,12800000.0,627200000.0,-12500000.0,69600000.0,69600000.0,69600000.0,0.0,100000.0,0.035,1197300000.0,178500000.0,364500000.0,0.686,2.138,67.574,67.451,2037900000.0,0.0,103.2,2.696,2.692,1604400000.0,8467100000.0,1997600000.0,1997600000.0,95700000.0,,,,,11400000.0,768000000.0,1.0,200299566.0,200300000.0,202700000.0,9.973,7255100000.0,0.0,-38900000.0,3688100000.0,36.221,2282100000.0
19,ZBH,MRQ,2016-09-30,2016-09-30,2016-09-30,2021-08-03,-303400000.0,27036500000.0,,4698100000.0,22338400000.0,,48.703,-150400000.0,475300000.0,475300000.0,479300000.0,157900000.0,2.032,1.774,11582000000.0,575800000.0,11006200000.0,11582000000.0,0.0,288100000.0,0.0,0.007,0.24,195900000.0,484000000.0,0.264,484000000.0,195900000.0,104400000.0,0.79,0.78,0.79,9745500000.0,,9745500000.0,36062823430.0,42.0,18.655,202200000.0,1.01,1.0,1353500000.0,0.738,19771200000.0,91500000.0,16059900000.0,,2070000000.0,13400000.0,13400000.0,0.0,17290300000.0,2312100000.0,14978200000.0,26005623430.0,-501000000.0,-1258900000.0,34900000.0,532300000.0,-47900000.0,519200000.0,-1374300000.0,-200000.0,352600000.0,1500000.0,158800000.0,158800000.0,158800000.0,0.0,-900000.0,0.087,1158000000.0,195500000.0,266300000.0,0.304,2.668,71.582,70.663,2080800000.0,0.0,130.02,3.42,3.421,1603600000.0,8442700000.0,1832800000.0,1832800000.0,95600000.0,,,,,15200000.0,727700000.0,1.0,200012486.0,200100000.0,202900000.0,9.159,7265300000.0,0.0,-54400000.0,3251600000.0,36.308,2386000000.0
20,ZBH,MRQ,2016-06-30,2016-06-30,2016-06-30,2021-08-03,-339300000.0,25971300000.0,,5050600000.0,20920700000.0,,47.886,-118300000.0,976300000.0,976300000.0,640100000.0,-31700000.0,2.404,1.72,11033500000.0,500000000.0,10533500000.0,11033500000.0,0.0,252300000.0,0.0,0.008,0.24,199000000.0,451300000.0,0.233,451300000.0,199000000.0,110900000.0,-0.16,-0.16,-0.16,9548400000.0,,9548400000.0,34104977097.0,43.0,18.83,261300000.0,1.31,1.0,1293900000.0,0.669,18363500000.0,88100000.0,15563800000.0,,1962100000.0,0.0,0.0,0.0,16422000000.0,2101200000.0,14320800000.0,23984377097.0,-20500000.0,-184100000.0,47300000.0,-119100000.0,-47800000.0,-120400000.0,-266200000.0,48900000.0,379600000.0,-13500000.0,-31300000.0,-31300000.0,-31300000.0,0.0,-400000.0,-0.016,1092300000.0,201600000.0,243800000.0,-1.5,2.512,105.798,103.776,2033800000.0,0.0,120.38,3.184,3.186,1593300000.0,8331900000.0,1934000000.0,1934000000.0,88600000.0,,,,,18000000.0,732000000.0,1.0,199238886.0,199400000.0,199400000.0,9.699,7607800000.0,0.0,142200000.0,3017800000.0,38.153,2949400000.0
21,ZBH,MRQ,2016-03-31,2016-03-31,2016-03-31,2021-08-03,-242900000.0,26297300000.0,,5082000000.0,21215300000.0,,48.274,-112700000.0,996800000.0,996800000.0,640600000.0,108700000.0,3.355,1.722,11117400000.0,0.0,11117400000.0,11117400000.0,0.0,246900000.0,0.0,0.008,0.24,243100000.0,490000000.0,0.257,490000000.0,243100000.0,154900000.0,0.54,0.54,0.54,9659700000.0,,9659700000.0,31298703648.0,72.0,24.006,160100000.0,0.8,1.0,1263400000.0,0.664,18617100000.0,88200000.0,16286200000.0,,2082900000.0,13400000.0,13400000.0,0.0,16636300000.0,1514600000.0,15121700000.0,21201703648.0,-462500000.0,0.0,-384200000.0,-399700000.0,-44600000.0,-832900000.0,95800000.0,223200000.0,272800000.0,1800000.0,108800000.0,108800000.0,108800000.0,0.0,-100000.0,0.057,1017900000.0,245500000.0,252600000.0,0.444,2.195,251.205,333.219,2039000000.0,0.0,106.63,3.133,3.153,1568200000.0,8407500000.0,1904000000.0,1904000000.0,85700000.0,,,,,12700000.0,716900000.0,1.0,198834321.0,200100000.0,202200000.0,9.515,7680200000.0,0.0,46100000.0,3180700000.0,38.382,3567400000.0
22,ZBH,MRQ,2015-12-31,2015-12-31,2015-12-31,2021-08-03,-329000000.0,27160600000.0,,5853700000.0,21306900000.0,,48.637,-117500000.0,1459300000.0,1459300000.0,669300000.0,126700000.0,3.618,1.747,11497400000.0,0.0,11497400000.0,11497400000.0,0.0,284300000.0,0.0,0.009,0.22,223500000.0,507800000.0,0.263,507800000.0,223500000.0,133500000.0,0.67,0.66,0.67,9887900000.0,,9887900000.0,31353482506.0,71.0,27.193,345000000.0,1.697,1.0,1264300000.0,0.654,18680500000.0,90000000.0,16900300000.0,,2254100000.0,164600000.0,164600000.0,0.0,17271200000.0,1617900000.0,15653300000.0,20905782506.0,-7600000.0,0.0,-121800000.0,-372700000.0,-44800000.0,-538400000.0,68700000.0,188300000.0,462500000.0,-400000.0,127000000.0,127000000.0,127000000.0,0.0,-300000.0,0.066,1050800000.0,213500000.0,284800000.0,0.328,2.114,142.216,131.526,2062600000.0,0.0,102.59,3.486,3.205,1446500000.0,8347700000.0,1933600000.0,1933600000.0,85900000.0,,,,,-141200000.0,723600000.0,1.0,203779925.0,203300000.0,205100000.0,9.511,8480100000.0,0.0,6500000.0,3297400000.0,41.712,4235800000.0
23,ZBH,MRQ,2015-09-30,2015-09-30,2015-09-30,2021-08-03,-253100000.0,26689100000.0,,6394700000.0,20294400000.0,,49.099,-102000000.0,1466900000.0,1466900000.0,552100000.0,22200000.0,3.579,1.671,11914600000.0,225000000.0,11689600000.0,11914600000.0,0.0,239500000.0,0.0,0.009,0.22,122600000.0,362100000.0,0.205,362100000.0,122600000.0,31800000.0,0.11,0.11,0.11,9991600000.0,,9991600000.0,29727293612.0,70.0,31.411,-3400000.0,-0.017,1.0,1210100000.0,0.687,17503200000.0,90800000.0,17847100000.0,,2357800000.0,343300000.0,343300000.0,0.0,16695800000.0,1786500000.0,14909300000.0,19102093612.0,42300000.0,52800000.0,42400000.0,-150100000.0,-37600000.0,-144200000.0,94100000.0,153500000.0,98600000.0,-6200000.0,22200000.0,22200000.0,22200000.0,0.0,0.0,0.013,1094100000.0,116000000.0,223600000.0,2.0,1.912,109.908,92.088,1989000000.0,0.0,93.93,3.613,3.615,1385100000.0,8264800000.0,1762200000.0,1762200000.0,83300000.0,,,,,90000000.0,692300000.0,1.0,203365204.0,203500000.0,205700000.0,8.659,9185900000.0,365800000.0,9600000.0,2927700000.0,45.14,4608200000.0
24,ZBH,MRQ,2015-06-30,2015-06-30,2015-06-30,2021-08-03,-40500000.0,27204000000.0,,6751500000.0,20452500000.0,,58.521,-47900000.0,1424600000.0,1424600000.0,294300000.0,-173800000.0,3.121,1.687,12049800000.0,300000000.0,11749800000.0,12049800000.0,0.0,99600000.0,0.0,0.008,0.22,-155700000.0,-56100000.0,-0.048,-56100000.0,-155700000.0,-238400000.0,-1.0,-1.0,-1.0,10124100000.0,,10124100000.0,18880725534.0,34.0,20.489,149300000.0,0.863,1.0,873300000.0,0.748,17672200000.0,82700000.0,17993900000.0,,2441400000.0,459000000.0,459000000.0,0.0,17078100000.0,2163100000.0,14915000000.0,18613025534.0,-7368900000.0,-7812900000.0,7100000.0,260100000.0,-37400000.0,220700000.0,-7788600000.0,78600000.0,197200000.0,1800000.0,-173600000.0,-173600000.0,-173600000.0,0.0,-200000.0,-0.149,1005400000.0,-132100000.0,268200000.0,-0.22,1.838,57.324,56.596,1998600000.0,0.0,109.23,4.019,4.081,1490300000.0,8232300000.0,1167600000.0,1167600000.0,51300000.0,,,,,154700000.0,444200000.0,1.0,170402138.0,173000000.0,173000000.0,6.749,9531800000.0,384500000.0,-64800000.0,2856000000.0,55.097,4588400000.0
25,ZBH,MRQ,2015-03-31,2015-03-31,2015-03-31,2021-08-03,-31500000.0,17190100000.0,,11917200000.0,5272900000.0,,38.712,-96800000.0,8793500000.0,8793500000.0,284900000.0,171100000.0,13.115,1.612,9061200000.0,0.0,9061200000.0,9061200000.0,0.0,89000000.0,0.0,0.007,0.22,250200000.0,339200000.0,0.299,339200000.0,250200000.0,227100000.0,1.01,0.99,1.01,6581000000.0,,6581000000.0,20309198993.0,21.0,15.368,-5300000.0,-0.031,1.0,849500000.0,0.749,2995300000.0,23100000.0,13553800000.0,,1217000000.0,488400000.0,488400000.0,0.0,10607100000.0,908700000.0,9698400000.0,19966998993.0,7710200000.0,0.0,27500000.0,7570600000.0,-37300000.0,7568600000.0,67900000.0,167700000.0,91500000.0,-17800000.0,171400000.0,171400000.0,171400000.0,0.0,-300000.0,0.151,579600000.0,269900000.0,174900000.0,0.218,3.034,29.59,29.528,1300700000.0,0.0,117.52,4.297,4.3,869800000.0,8426800000.0,1134400000.0,1134400000.0,48300000.0,,,,,21500000.0,424100000.0,1.0,169902991.0,170000000.0,172900000.0,6.673,14194800000.0,301700000.0,55700000.0,57500000.0,83.499,11008500000.0
26,ZBH,MRQ,2014-12-31,2014-12-31,2014-12-31,2021-08-03,38100000.0,9658000000.0,,4313300000.0,5344700000.0,,38.62,-83700000.0,1083300000.0,1083300000.0,313800000.0,153700000.0,4.212,0.474,1425500000.0,0.0,1425500000.0,1425500000.0,0.0,92600000.0,0.0,0.008,0.22,208600000.0,301200000.0,0.246,301200000.0,208600000.0,192600000.0,0.9,0.9,0.9,6549900000.0,,6549900000.0,19917211173.0,20.0,14.439,278200000.0,1.64,1.0,909100000.0,0.743,3117700000.0,16000000.0,5858500000.0,,1193300000.0,612500000.0,612500000.0,0.0,3106300000.0,1024000000.0,2082300000.0,19208111173.0,116000000.0,-54300000.0,29800000.0,-249100000.0,-37500000.0,-263100000.0,28700000.0,162000000.0,361900000.0,-11500000.0,153800000.0,153800000.0,153800000.0,0.0,-100000.0,0.126,682800000.0,226300000.0,145200000.0,0.244,2.933,26.667,26.624,1285300000.0,0.0,113.42,4.11,4.102,912100000.0,8362100000.0,1222900000.0,1222900000.0,46300000.0,,,,,-21700000.0,439200000.0,1.0,169353831.0,169600000.0,172300000.0,7.21,6540300000.0,194900000.0,38800000.0,126200000.0,38.563,3289300000.0
27,ZBH,MRQ,2014-09-30,2014-09-30,2014-09-30,2021-08-03,268500000.0,9670900000.0,,4332700000.0,5338200000.0,,38.695,-83200000.0,967300000.0,967300000.0,295900000.0,172900000.0,3.964,0.479,1676400000.0,250000000.0,1426400000.0,1676400000.0,0.0,90900000.0,0.0,0.009,0.22,246300000.0,337200000.0,0.305,337200000.0,246300000.0,230000000.0,1.02,1.01,1.02,6539500000.0,,6539500000.0,17703294500.0,15.0,11.643,172500000.0,1.021,1.0,810100000.0,0.732,3153400000.0,16300000.0,6133600000.0,,1177500000.0,779800000.0,779800000.0,0.0,3129500000.0,1093000000.0,2036500000.0,16984594500.0,-1400000.0,0.0,35600000.0,-15500000.0,-37100000.0,-15900000.0,-229400000.0,-138800000.0,255700000.0,-11800000.0,173100000.0,173100000.0,173100000.0,0.0,-200000.0,0.157,554900000.0,255200000.0,149100000.0,0.216,2.597,20.553,20.605,1279000000.0,0.0,100.55,3.621,3.622,947600000.0,8165900000.0,1106000000.0,1106000000.0,45900000.0,,,,,15600000.0,422800000.0,1.0,168916897.0,169000000.0,171700000.0,6.544,6517500000.0,324300000.0,56900000.0,229200000.0,38.565,3239700000.0
28,ZBH,MRQ,2014-06-30,2014-06-30,2014-06-30,2021-08-03,356100000.0,9638300000.0,,4229800000.0,5408500000.0,,38.303,-94600000.0,968700000.0,968700000.0,331600000.0,176100000.0,4.439,0.494,1687400000.0,0.0,1687400000.0,1687400000.0,0.0,91300000.0,0.0,0.008,0.22,252600000.0,343900000.0,0.291,343900000.0,252600000.0,236800000.0,1.05,1.03,1.05,6450300000.0,,6450300000.0,18227119624.0,16.0,12.225,159500000.0,0.947,1.0,851300000.0,0.72,3257600000.0,15800000.0,6146500000.0,,1147200000.0,729300000.0,729300000.0,0.0,3186000000.0,952900000.0,2233100000.0,17429719624.0,86000000.0,0.0,80700000.0,-47400000.0,-36900000.0,-400000.0,-170300000.0,-74300000.0,254100000.0,2600000.0,176500000.0,176500000.0,176500000.0,0.0,-400000.0,0.149,590400000.0,260900000.0,171800000.0,0.21,2.702,21.579,21.774,1275400000.0,0.0,103.86,3.741,3.754,950200000.0,8036500000.0,1182900000.0,1182900000.0,48000000.0,,,,,18400000.0,436100000.0,1.0,167819367.0,168400000.0,171000000.0,7.024,6380700000.0,304100000.0,60300000.0,134600000.0,37.89,3276900000.0
29,ZBH,MRQ,2014-03-31,2014-03-31,2014-03-31,2021-08-03,375700000.0,9380100000.0,,4046700000.0,5333400000.0,,36.873,-80800000.0,882700000.0,882700000.0,303700000.0,221100000.0,4.405,0.504,1680100000.0,0.0,1680100000.0,1680100000.0,0.0,101000000.0,0.0,0.009,0.22,301300000.0,402300000.0,0.346,402300000.0,301300000.0,286300000.0,1.31,1.29,1.31,6235300000.0,,6235300000.0,16606116320.0,15.0,11.427,108000000.0,0.639,1.0,857800000.0,0.739,3294300000.0,15000000.0,5964500000.0,,1125900000.0,705400000.0,705400000.0,0.0,3142400000.0,918700000.0,2223700000.0,16013916320.0,-197900000.0,0.0,-262300000.0,200000.0,-34000000.0,-290700000.0,-98400000.0,-17600000.0,188800000.0,2400000.0,221500000.0,221500000.0,221500000.0,0.0,-400000.0,0.191,559400000.0,298400000.0,155300000.0,0.168,2.568,20.444,20.472,1235600000.0,0.0,94.58,3.447,3.442,939100000.0,7897300000.0,1161500000.0,1161500000.0,47400000.0,,,,,26000000.0,444500000.0,1.0,169316092.0,169100000.0,171800000.0,6.869,6085800000.0,297300000.0,64800000.0,155100000.0,35.989,3128000000.0
30,ZBH,MRQ,2013-12-31,2013-12-31,2013-12-31,2021-08-03,367100000.0,9580600000.0,,4197700000.0,5382900000.0,,36.869,-49600000.0,1080600000.0,1080600000.0,321400000.0,254800000.0,4.069,0.521,1672300000.0,0.0,1672300000.0,1672300000.0,0.0,90100000.0,0.0,0.009,0.2,347000000.0,437100000.0,0.352,437100000.0,347000000.0,330500000.0,1.5,1.47,1.5,6297300000.0,,6297300000.0,16702306872.0,15.0,11.611,250600000.0,1.467,1.0,919300000.0,0.741,3318900000.0,16500000.0,5821800000.0,,1074500000.0,727000000.0,727000000.0,0.0,3280500000.0,1031600000.0,2248900000.0,15933706872.0,163200000.0,-74200000.0,-93100000.0,1800000.0,-34000000.0,-122200000.0,-10200000.0,47200000.0,300200000.0,-4600000.0,255300000.0,255300000.0,255300000.0,0.0,-500000.0,0.206,571000000.0,348300000.0,146300000.0,0.133,2.53,20.417,20.259,1224700000.0,0.0,93.19,3.446,3.418,936600000.0,7712700000.0,1240700000.0,1240700000.0,45200000.0,,,,,19400000.0,392500000.0,1.0,170980862.0,170800000.0,173600000.0,7.264,6261700000.0,271900000.0,75200000.0,221200000.0,36.661,3166100000.0
31,ZBH,MRQ,2013-09-30,2013-09-30,2013-09-30,2021-08-03,324800000.0,9357400000.0,,3837200000.0,5520200000.0,,36.092,-86700000.0,917400000.0,917400000.0,328800000.0,154100000.0,4.771,0.525,1686000000.0,0.0,1686000000.0,1686000000.0,0.0,91900000.0,0.0,0.009,0.2,215800000.0,307700000.0,0.286,307700000.0,215800000.0,198700000.0,0.91,0.9,0.91,6135700000.0,,6135700000.0,14904931198.0,16.0,11.487,206000000.0,1.212,1.0,745500000.0,0.694,3315000000.0,17100000.0,6006800000.0,,1081900000.0,588400000.0,588400000.0,0.0,3218400000.0,804200000.0,2414200000.0,13926731198.0,207500000.0,0.0,91200000.0,800000.0,-33900000.0,60300000.0,-150700000.0,-58500000.0,292700000.0,5200000.0,154400000.0,154400000.0,154400000.0,0.0,-300000.0,0.144,533800000.0,211700000.0,146600000.0,0.22,2.27,20.544,20.535,1234100000.0,0.0,82.14,3.052,3.06,898900000.0,7510600000.0,1074300000.0,1074300000.0,49400000.0,,,,,16000000.0,438000000.0,1.0,169548714.0,170000000.0,172200000.0,6.319,6042400000.0,252600000.0,44300000.0,41700000.0,35.544,3033000000.0
32,ZBH,MRQ,2013-06-30,2013-06-30,2013-06-30,2021-08-03,296900000.0,9097400000.0,,3591700000.0,5505700000.0,,34.869,-81200000.0,709900000.0,709900000.0,323600000.0,151700000.0,4.466,0.545,1688100000.0,0.0,1688100000.0,1688100000.0,0.0,91400000.0,0.0,0.01,0.2,214700000.0,306100000.0,0.262,306100000.0,214700000.0,196400000.0,0.9,0.89,0.9,5885900000.0,,5885900000.0,13662983883.0,14.0,10.303,108500000.0,0.643,1.0,845900000.0,0.723,3296400000.0,18300000.0,5974900000.0,,1052900000.0,525900000.0,525900000.0,0.0,3207800000.0,804300000.0,2403500000.0,12617183883.0,52900000.0,0.0,80900000.0,0.0,-33600000.0,47100000.0,-174600000.0,-27800000.0,189700000.0,-9300000.0,152100000.0,152100000.0,152100000.0,0.0,-400000.0,0.13,635500000.0,210400000.0,165200000.0,0.222,2.144,17.983,18.234,1225200000.0,0.0,74.94,2.795,2.802,942500000.0,7389200000.0,1169500000.0,1169500000.0,54900000.0,,,,,18800000.0,458000000.0,1.0,168363805.0,168800000.0,170700000.0,6.928,5801000000.0,239200000.0,44300000.0,44100000.0,34.366,2787400000.0
33,ZBH,MRQ,2013-03-31,2013-03-31,2013-03-31,2021-08-03,316100000.0,8744600000.0,,3464000000.0,5280600000.0,,33.833,-75400000.0,657000000.0,657000000.0,292900000.0,218000000.0,4.538,0.531,1702800000.0,0.0,1702800000.0,1702800000.0,0.0,85100000.0,0.0,0.01,0.2,302500000.0,387600000.0,0.34,387600000.0,302500000.0,284300000.0,1.3,1.28,1.3,5707600000.0,,5707600000.0,13675417903.0,13.0,9.633,105100000.0,0.623,1.0,846000000.0,0.743,3257500000.0,18200000.0,5769600000.0,,1039100000.0,544200000.0,544200000.0,0.0,3032200000.0,763300000.0,2268900000.0,12738817903.0,-227300000.0,0.0,-325000000.0,-100100000.0,-30900000.0,-452500000.0,53000000.0,137200000.0,180500000.0,-8300000.0,218600000.0,218600000.0,218600000.0,0.0,-600000.0,0.192,547800000.0,298200000.0,174300000.0,0.154,2.232,16.674,16.98,1219500000.0,0.0,75.22,2.85,2.839,912500000.0,7271000000.0,1138900000.0,1138900000.0,53500000.0,,,,,24100000.0,460800000.0,1.0,169354131.0,168700000.0,170700000.0,6.751,5487100000.0,210400000.0,65700000.0,41400000.0,32.526,2700700000.0
34,ZBH,MRQ,2012-12-31,2012-12-31,2012-12-31,2021-08-03,343900000.0,9012400000.0,,3708700000.0,5303700000.0,,33.917,-87500000.0,884300000.0,884300000.0,298900000.0,152300000.0,4.283,0.537,1820900000.0,100100000.0,1720800000.0,1820900000.0,0.0,90200000.0,0.0,0.011,0.18,205900000.0,296100000.0,0.251,296100000.0,205900000.0,187000000.0,0.89,0.88,0.89,5860900000.0,,5860900000.0,12498551880.0,12.0,8.751,280500000.0,1.623,1.0,881600000.0,0.747,3312500000.0,18900000.0,5770500000.0,,995300000.0,671600000.0,671600000.0,0.0,3146100000.0,866000000.0,2280100000.0,11565651880.0,82800000.0,-59000000.0,-127100000.0,99800000.0,-31200000.0,-58100000.0,-224600000.0,-117000000.0,368000000.0,-2500000.0,152800000.0,152800000.0,152800000.0,0.0,-500000.0,0.129,681100000.0,200500000.0,184100000.0,0.202,1.973,15.319,15.431,1210700000.0,0.0,66.66,2.586,2.607,884600000.0,7085900000.0,1180500000.0,1180500000.0,55300000.0,,,,,13900000.0,460500000.0,1.0,173502118.0,172800000.0,173900000.0,6.832,5699900000.0,196600000.0,34200000.0,22800000.0,32.986,2842700000.0
35,ZBH,MRQ,2012-09-30,2012-09-30,2012-09-30,2021-08-03,311200000.0,8784100000.0,,3631900000.0,5152200000.0,,33.458,-63500000.0,801500000.0,801500000.0,255700000.0,177700000.0,4.807,0.507,1734400000.0,300000.0,1734100000.0,1734400000.0,0.0,82700000.0,0.0,0.008,0.18,253600000.0,336300000.0,0.328,336300000.0,253600000.0,235300000.0,1.02,1.02,1.02,5825000000.0,,5825000000.0,12891757490.0,12.0,9.005,281500000.0,1.617,1.0,769800000.0,0.751,3409100000.0,18300000.0,5552400000.0,,994100000.0,687400000.0,687400000.0,0.0,2953200000.0,755500000.0,2197700000.0,11812857490.0,150500000.0,0.0,-81500000.0,-4200000.0,-31500000.0,-116300000.0,-85400000.0,-19800000.0,345000000.0,7200000.0,178100000.0,178100000.0,178100000.0,0.0,-400000.0,0.174,520400000.0,249400000.0,141100000.0,0.176,2.028,15.568,15.726,1185600000.0,0.0,67.62,2.65,2.64,874900000.0,6966300000.0,1025500000.0,1025500000.0,53500000.0,,,,,15700000.0,430000000.0,1.0,174694720.0,174100000.0,175300000.0,5.89,5375000000.0,201700000.0,57200000.0,43000000.0,30.873,2876400000.0
36,ZBH,MRQ,2012-06-30,2012-06-30,2012-06-30,2021-08-03,275500000.0,8616500000.0,,3478300000.0,5138200000.0,,32.568,-64300000.0,651000000.0,651000000.0,281900000.0,214000000.0,5.092,0.509,1729900000.0,3400000.0,1726500000.0,1729900000.0,0.0,93400000.0,0.0,0.006,0.18,306200000.0,399600000.0,0.355,399600000.0,306200000.0,288100000.0,1.22,1.22,1.22,5706000000.0,,5706000000.0,12379638381.0,11.0,8.512,167200000.0,0.954,1.0,843100000.0,0.749,3386400000.0,18100000.0,5625900000.0,,956000000.0,684900000.0,684900000.0,0.0,2904300000.0,683100000.0,2221200000.0,11336238381.0,-23000000.0,0.0,-98800000.0,-2700000.0,-31700000.0,-133000000.0,-117900000.0,-33800000.0,231500000.0,-3600000.0,214500000.0,214500000.0,214500000.0,0.0,-500000.0,0.191,541200000.0,301900000.0,137200000.0,0.148,1.987,14.68,14.967,1176800000.0,0.0,64.36,2.539,2.526,906700000.0,6819400000.0,1125000000.0,1125000000.0,57200000.0,,,,,15900000.0,453300000.0,1.0,176137946.0,175200000.0,176200000.0,6.421,5230100000.0,196600000.0,73600000.0,12200000.0,29.852,2795200000.0
37,ZBH,MRQ,2012-03-31,2012-03-31,2012-03-31,2021-08-03,327600000.0,8603700000.0,,3322500000.0,5281200000.0,,31.875,-48300000.0,674000000.0,674000000.0,288700000.0,208900000.0,3.855,0.52,1717400000.0,144600000.0,1572800000.0,1717400000.0,0.0,96800000.0,0.0,0.003,0.18,299400000.0,396200000.0,0.347,396200000.0,299400000.0,281800000.0,1.18,1.17,1.18,5654700000.0,,5654700000.0,12400716629.0,12.0,8.821,159100000.0,0.897,1.0,852000000.0,0.747,3442600000.0,17600000.0,5342700000.0,,937000000.0,555100000.0,555100000.0,0.0,2942100000.0,861800000.0,2080300000.0,11449716629.0,-94300000.0,0.0,-131300000.0,1000000.0,0.0,-129100000.0,-164200000.0,-81000000.0,207400000.0,-8400000.0,209600000.0,209600000.0,209600000.0,0.0,-700000.0,0.184,556400000.0,295600000.0,126000000.0,0.153,2.025,15.036,15.527,1192700000.0,0.0,64.28,2.558,2.547,895000000.0,6636300000.0,1140700000.0,1140700000.0,59600000.0,,,,,17800000.0,463300000.0,1.0,178122539.0,177400000.0,178500000.0,6.43,5161100000.0,196700000.0,72200000.0,48100000.0,29.093,2460700000.0
38,ZBH,MRQ,2011-12-31,2011-12-31,2011-12-31,2021-08-03,271400000.0,8515300000.0,,3276600000.0,5238700000.0,,30.835,-72500000.0,768300000.0,768300000.0,303200000.0,156100000.0,3.779,0.545,1719300000.0,143300000.0,1576000000.0,1719300000.0,0.0,94300000.0,0.0,0.0,0.0,205200000.0,299500000.0,0.257,299500000.0,205200000.0,189000000.0,0.88,0.88,0.88,5507200000.0,,5507200000.0,10562133486.0,10.0,7.572,320600000.0,1.795,1.0,864100000.0,0.74,3424500000.0,16200000.0,5174700000.0,,929800000.0,455500000.0,455500000.0,0.0,3000500000.0,867100000.0,2133400000.0,9571633486.0,215300000.0,-56800000.0,-134100000.0,170600000.0,0.0,37500000.0,-213300000.0,-88500000.0,393100000.0,-2000000.0,156600000.0,156600000.0,156600000.0,0.0,-500000.0,0.134,662900000.0,201200000.0,143300000.0,0.0,1.738,12.581,13.19,1207300000.0,0.0,53.42,2.15,2.251,838800000.0,6426800000.0,1167300000.0,1167300000.0,64900000.0,,,,,15700000.0,462000000.0,1.0,179176972.0,178600000.0,179400000.0,6.536,5090800000.0,210500000.0,32400000.0,8600000.0,28.504,2409500000.0
39,ZBH,MRQ,2011-09-30,2011-09-30,2011-09-30,2021-08-03,370100000.0,8198800000.0,,3073300000.0,5125500000.0,,29.838,-77500000.0,553000000.0,553000000.0,251900000.0,191200000.0,4.556,0.462,1543500000.0,0.0,1543500000.0,1543500000.0,0.0,90900000.0,0.0,0.0,0.0,268200000.0,359100000.0,0.348,359100000.0,268200000.0,255200000.0,1.02,1.01,1.02,5600500000.0,,5600500000.0,10709764815.0,11.0,8.159,273100000.0,1.455,1.0,779600000.0,0.756,3429000000.0,13000000.0,5085700000.0,,968400000.0,424900000.0,424900000.0,0.0,2590100000.0,674600000.0,1915500000.0,10186564815.0,-71100000.0,0.0,-544400000.0,375000000.0,0.0,-169000000.0,-248600000.0,-161900000.0,350600000.0,-4100000.0,191500000.0,191500000.0,191500000.0,0.0,-300000.0,0.186,513000000.0,266600000.0,108600000.0,0.0,1.819,15.939,15.964,1210300000.0,0.0,53.48,2.305,2.271,827900000.0,6302800000.0,1031500000.0,1031500000.0,61000000.0,,,,,15100000.0,444000000.0,1.0,190474286.0,187700000.0,188800000.0,5.495,4769800000.0,230600000.0,63700000.0,39600000.0,25.412,2398700000.0
40,ZBH,MRQ,2011-06-30,2011-06-30,2011-06-30,2021-08-03,447500000.0,8249200000.0,,3108300000.0,5140900000.0,,31.414,-55800000.0,624100000.0,624100000.0,287900000.0,203800000.0,4.578,0.371,1147300000.0,0.0,1147300000.0,1147300000.0,0.0,88600000.0,0.0,0.0,0.0,262400000.0,351000000.0,0.309,351000000.0,262400000.0,249300000.0,1.06,1.06,1.06,6015800000.0,,6015800000.0,12696537288.0,13.0,9.7,195200000.0,1.019,1.0,849500000.0,0.747,3505500000.0,13100000.0,4587900000.0,,975100000.0,321400000.0,321400000.0,0.0,2233400000.0,679000000.0,1554400000.0,12131937288.0,48500000.0,0.0,-109000000.0,0.0,0.0,-107800000.0,-95600000.0,-26600000.0,251000000.0,900000.0,203800000.0,203800000.0,203800000.0,0.0,0.0,0.179,590400000.0,259100000.0,124000000.0,0.0,2.017,18.995,19.21,1213000000.0,0.0,63.2,2.787,2.781,888400000.0,6111300000.0,1137400000.0,1137400000.0,56900000.0,,,,,19500000.0,470000000.0,1.0,191961030.0,191500000.0,192700000.0,5.939,4743700000.0,232600000.0,45500000.0,31100000.0,24.771,2429300000.0
41,ZBH,MRQ,2011-03-31,2011-03-31,2011-03-31,2021-08-03,409700000.0,8117700000.0,,3030700000.0,5087000000.0,,30.448,-63400000.0,575600000.0,575600000.0,279000000.0,208900000.0,4.248,0.384,1140200000.0,0.0,1140200000.0,1140200000.0,0.0,86100000.0,0.0,0.0,0.0,299200000.0,385300000.0,0.345,385300000.0,299200000.0,286200000.0,1.08,1.08,1.08,5864300000.0,,5864300000.0,12102551904.0,13.0,9.553,118800000.0,0.617,1.0,836600000.0,0.75,3507300000.0,13000000.0,4461600000.0,,958400000.0,290600000.0,290600000.0,0.0,2253400000.0,713400000.0,1540000000.0,11629351904.0,-93300000.0,0.0,-219100000.0,200000.0,0.0,-216500000.0,-66900000.0,9700000.0,182200000.0,7900000.0,208900000.0,208900000.0,208900000.0,0.0,0.0,0.187,539400000.0,297200000.0,127300000.0,0.0,1.983,19.369,19.846,1218300000.0,0.0,60.53,2.722,2.728,876300000.0,5908300000.0,1115600000.0,1115600000.0,55600000.0,,,,,18100000.0,458300000.0,1.0,192125427.0,192600000.0,193800000.0,5.792,4610400000.0,225700000.0,77300000.0,24000000.0,23.938,2317300000.0
42,ZBH,MRQ,2010-12-31,2010-12-31,2010-12-31,2021-08-03,321000000.0,7999900000.0,,3009700000.0,4990200000.0,,29.385,-106500000.0,668900000.0,668900000.0,274100000.0,34900000.0,4.284,0.386,1142100000.0,0.0,1142100000.0,1142100000.0,0.0,90700000.0,0.0,0.0,0.0,126600000.0,217300000.0,0.192,217300000.0,126600000.0,109500000.0,0.19,0.19,0.19,5771300000.0,,5771300000.0,10818744588.0,12.0,8.582,234500000.0,1.194,1.0,860600000.0,0.758,3407900000.0,17100000.0,4362700000.0,,936400000.0,265100000.0,265100000.0,0.0,2228600000.0,702500000.0,1526100000.0,10598744588.0,-249700000.0,-82600000.0,-97000000.0,-2200000.0,0.0,-99000000.0,-491500000.0,-301700000.0,341000000.0,-200000.0,34900000.0,34900000.0,34900000.0,0.0,0.0,0.031,737700000.0,122900000.0,129600000.0,0.0,1.836,17.756,18.013,1213800000.0,0.0,53.68,2.511,2.544,775900000.0,5699400000.0,1134700000.0,1134700000.0,56500000.0,,,,,17200000.0,461600000.0,1.0,197443081.0,196400000.0,197500000.0,5.777,4592000000.0,235700000.0,74600000.0,48900000.0,23.381,2307200000.0
43,ZBH,MRQ,2010-09-30,2010-09-30,2010-09-30,2021-08-03,325300000.0,8003700000.0,,3007300000.0,4996400000.0,,29.3,-63900000.0,918600000.0,918600000.0,219100000.0,191100000.0,4.305,0.375,1138600000.0,0.0,1138600000.0,1138600000.0,0.0,83700000.0,0.0,0.0,0.0,271600000.0,355300000.0,0.368,355300000.0,271600000.0,257400000.0,0.96,0.96,0.96,5821900000.0,,5821900000.0,10693198009.0,10.0,7.797,256400000.0,1.29,1.0,745900000.0,0.773,3552800000.0,14200000.0,3972300000.0,,925400000.0,63000000.0,63000000.0,0.0,2181800000.0,698600000.0,1483200000.0,10516298009.0,-35100000.0,0.0,-220900000.0,0.0,0.0,-220800000.0,-143500000.0,-77100000.0,320300000.0,8900000.0,191100000.0,191100000.0,191100000.0,0.0,0.0,0.198,474300000.0,271600000.0,116500000.0,0.0,1.806,14.663,14.824,1177400000.0,0.0,52.33,2.508,2.48,757800000.0,5664500000.0,965000000.0,965000000.0,57300000.0,,,,,15200000.0,412000000.0,1.0,200961162.0,198700000.0,199700000.0,4.857,4450900000.0,237800000.0,66300000.0,57600000.0,22.4,2308700000.0
44,ZBH,MRQ,2010-06-30,2010-06-30,2010-06-30,2021-08-03,224100000.0,7827300000.0,,2982800000.0,4844500000.0,,28.403,-58900000.0,953700000.0,953700000.0,250600000.0,165500000.0,4.956,0.365,1130600000.0,0.0,1130600000.0,1130600000.0,0.0,80900000.0,0.0,0.0,0.0,228100000.0,309000000.0,0.292,309000000.0,228100000.0,213800000.0,0.82,0.82,0.82,5734500000.0,,5734500000.0,11217350847.0,12.0,8.574,213800000.0,1.059,1.0,807100000.0,0.763,3456100000.0,14300000.0,3946300000.0,,885800000.0,33000000.0,33000000.0,0.0,2092800000.0,601800000.0,1491000000.0,10961750847.0,132500000.0,0.0,-82200000.0,0.0,0.0,-81900000.0,-54100000.0,17000000.0,272700000.0,-4200000.0,165500000.0,165500000.0,165500000.0,0.0,0.0,0.156,579000000.0,228100000.0,115000000.0,0.0,1.912,16.216,16.529,1170600000.0,0.0,54.05,2.608,2.596,765100000.0,5473400000.0,1057700000.0,1057700000.0,54200000.0,,,,,18800000.0,438300000.0,1.0,202807605.0,201900000.0,203000000.0,5.239,4371200000.0,217600000.0,48300000.0,25400000.0,21.65,2381000000.0
45,ZBH,MRQ,2010-03-31,2010-03-31,2010-03-31,2021-08-03,304900000.0,7822000000.0,,2873800000.0,4948200000.0,,28.147,-50900000.0,871400000.0,871400000.0,268400000.0,205400000.0,4.386,0.369,1127000000.0,0.0,1127000000.0,1127000000.0,0.0,84900000.0,0.0,0.0,0.0,294100000.0,379000000.0,0.357,379000000.0,294100000.0,279500000.0,1.01,1.01,1.01,5713900000.0,,5713900000.0,12374626100.0,12.0,8.983,208600000.0,1.028,1.0,794400000.0,0.747,3546300000.0,14600000.0,3876100000.0,,896500000.0,0.0,0.0,0.0,2108100000.0,655200000.0,1452900000.0,12005226100.0,129500000.0,0.0,-88600000.0,0.0,0.0,-87900000.0,-37800000.0,16000000.0,259500000.0,-4300000.0,205400000.0,205400000.0,205400000.0,0.0,0.0,0.193,500300000.0,294100000.0,136000000.0,0.0,2.101,16.66,17.259,1190500000.0,0.0,59.2,2.882,2.885,767100000.0,5307900000.0,1062800000.0,1062800000.0,50500000.0,,,,,13700000.0,447200000.0,1.0,202790978.0,203000000.0,204200000.0,5.235,4275700000.0,220800000.0,74100000.0,67900000.0,21.063,2218600000.0
46,ZBH,MRQ,2009-12-31,2009-12-31,2009-12-31,2021-08-03,358600000.0,7785500000.0,,2738000000.0,5047500000.0,,26.825,-52200000.0,691700000.0,691700000.0,274400000.0,155200000.0,3.964,0.381,1127600000.0,0.0,1127600000.0,1127600000.0,0.0,87800000.0,0.0,0.0,0.0,240300000.0,328100000.0,0.296,328100000.0,240300000.0,229800000.0,0.74,0.73,0.74,5638700000.0,,5638700000.0,12746889908.0,12.0,9.387,333300000.0,1.586,1.0,832900000.0,0.752,3641500000.0,10500000.0,3889200000.0,,913200000.0,66400000.0,66400000.0,0.0,2146800000.0,690700000.0,1456100000.0,12589189908.0,252000000.0,-39500000.0,-517400000.0,519300000.0,0.0,2200000.0,-133300000.0,-66400000.0,385500000.0,-2400000.0,155200000.0,155200000.0,155200000.0,0.0,0.0,0.14,594400000.0,238500000.0,134600000.0,0.0,2.233,17.548,17.698,1221700000.0,0.0,59.11,3.074,3.103,751400000.0,5102500000.0,1107300000.0,1107300000.0,51700000.0,,,,,20100000.0,460100000.0,1.0,212979017.0,210200000.0,211000000.0,5.268,4144000000.0,209900000.0,74600000.0,57500000.0,19.715,2047300000.0
47,ZBH,MRQ,2009-09-30,2009-09-30,2009-09-30,2021-08-03,351200000.0,7648100000.0,,2448800000.0,5199300000.0,,27.99,-55900000.0,442500000.0,442500000.0,249300000.0,149900000.0,3.619,0.279,600200000.0,0.0,600200000.0,600200000.0,0.0,88200000.0,0.0,0.0,0.0,204000000.0,292200000.0,0.3,292200000.0,204000000.0,199800000.0,0.7,0.7,0.7,5978700000.0,,5978700000.0,11827830734.0,12.0,8.77,296400000.0,1.388,1.0,726300000.0,0.744,3757100000.0,4200000.0,3372000000.0,,972100000.0,0.0,0.0,0.0,1669400000.0,676700000.0,992700000.0,11454530734.0,162200000.0,0.0,-62600000.0,-59000000.0,0.0,-122300000.0,-73600000.0,0.0,352300000.0,5800000.0,149900000.0,149900000.0,149900000.0,0.0,0.0,0.154,522300000.0,204000000.0,121000000.0,0.0,1.916,15.698,16.003,1239700000.0,0.0,53.45,2.851,2.841,743200000.0,4947700000.0,975600000.0,975600000.0,52200000.0,,,,,18000000.0,412900000.0,1.0,214303658.0,213600000.0,214500000.0,4.567,3891000000.0,225500000.0,49900000.0,15600000.0,18.216,1772100000.0
48,ZBH,MRQ,2009-06-30,2009-06-30,2009-06-30,2021-08-03,282400000.0,7462100000.0,,2328700000.0,5133400000.0,,27.041,-72700000.0,280200000.0,280200000.0,236800000.0,210100000.0,3.48,0.285,653500000.0,0.0,653500000.0,653500000.0,0.0,81800000.0,0.0,0.0,0.0,296500000.0,378300000.0,0.371,378300000.0,296500000.0,292500000.0,0.98,0.98,0.98,5805600000.0,,5805600000.0,9608048554.0,9.0,7.207,122400000.0,0.57,1.0,783100000.0,0.768,3689200000.0,4000000.0,3477000000.0,,980900000.0,0.0,0.0,0.0,1656500000.0,669200000.0,987300000.0,9163148554.0,64700000.0,0.0,-36100000.0,-10000000.0,0.0,-46100000.0,-89900000.0,0.0,195100000.0,5600000.0,210100000.0,210100000.0,210100000.0,0.0,0.0,0.206,486600000.0,296500000.0,144000000.0,0.0,1.578,11.533,11.833,1254400000.0,0.0,42.6,2.294,2.289,768700000.0,4797800000.0,1019900000.0,1019900000.0,49900000.0,,,,,23100000.0,432300000.0,1.0,215097394.0,214700000.0,215500000.0,4.75,3772900000.0,217100000.0,82400000.0,16400000.0,17.573,1659500000.0
49,ZBH,MRQ,2009-03-31,2009-03-31,2009-03-31,2021-08-03,228700000.0,7231900000.0,,2195700000.0,5036200000.0,,25.081,-83800000.0,215500000.0,215500000.0,230200000.0,202200000.0,3.121,0.302,660400000.0,0.0,660400000.0,660400000.0,0.0,79600000.0,0.0,0.0,0.0,279800000.0,359400000.0,0.362,359400000.0,279800000.0,276100000.0,0.91,0.91,0.91,5555400000.0,,5555400000.0,8378441385.0,8.0,6.298,100800000.0,0.455,1.0,762400000.0,0.768,3611900000.0,3700000.0,3361300000.0,,947000000.0,0.0,0.0,0.0,1676500000.0,703600000.0,972900000.0,8133641385.0,200000.0,0.0,-298100000.0,210000000.0,0.0,-95900000.0,-84400000.0,0.0,184600000.0,-4100000.0,202200000.0,202200000.0,202200000.0,0.0,0.0,0.204,482600000.0,279800000.0,156300000.0,0.0,1.464,10.023,10.111,1257200000.0,0.0,36.5,2.006,1.994,725600000.0,4587700000.0,992600000.0,992600000.0,51900000.0,,,,,17200000.0,423700000.0,1.0,222839490.0,221500000.0,222100000.0,4.481,3620000000.0,204200000.0,73900000.0,69000000.0,16.343,1492100000.0
50,ZBH,MRQ,2008-12-31,2008-12-31,2008-12-31,2021-08-03,240000000.0,7239000000.0,,2178600000.0,5060400000.0,,25.258,-221600000.0,215300000.0,215300000.0,243100000.0,167600000.0,2.825,0.281,460100000.0,0.0,460100000.0,460100000.0,0.0,79100000.0,0.0,0.0,0.0,239600000.0,318700000.0,0.309,318700000.0,239600000.0,235400000.0,0.75,0.75,0.75,5650300000.0,,5650300000.0,8863140373.0,8.0,6.497,-14700000.0,-0.066,1.0,787100000.0,0.764,3646900000.0,4200000.0,3065800000.0,,928300000.0,0.0,0.0,0.0,1585100000.0,771100000.0,814000000.0,9077140373.0,-329800000.0,-381800000.0,-45300000.0,110000000.0,0.0,64700000.0,-584800000.0,0.0,206900000.0,-16600000.0,167500000.0,167500000.0,167500000.0,0.0,100000.0,0.163,547400000.0,239700000.0,186400000.0,0.0,1.606,10.697,10.836,1264100000.0,0.0,40.42,2.203,2.229,732800000.0,4385500000.0,1030200000.0,1030200000.0,48300000.0,,,,,21400000.0,434500000.0,1.0,224570530.0,223700000.0,224100000.0,4.605,3592100000.0,198300000.0,67900000.0,26600000.0,16.058,1407500000.0
51,ZBH,MRQ,2008-09-30,2008-09-30,2008-09-30,2021-08-03,354700000.0,7078800000.0,,2333300000.0,4745500000.0,,25.017,-134700000.0,545100000.0,545100000.0,237200000.0,215000000.0,2.783,0.259,331100000.0,0.0,331100000.0,331100000.0,0.0,66800000.0,0.0,0.0,0.0,210000000.0,276800000.0,0.291,276800000.0,210000000.0,238200000.0,0.96,0.95,0.96,5621300000.0,,5621300000.0,14479310004.0,12.0,9.92,173200000.0,0.771,1.0,715000000.0,0.751,3362900000.0,-28200000.0,2663400000.0,,843000000.0,0.0,0.0,0.0,1454000000.0,838500000.0,615500000.0,14540910004.0,154300000.0,0.0,-39700000.0,0.0,0.0,-39200000.0,-102900000.0,42900000.0,307900000.0,-11500000.0,214700000.0,214700000.0,214700000.0,0.0,300000.0,0.225,504700000.0,210300000.0,165600000.0,0.0,2.587,15.389,15.746,1188000000.0,0.0,64.56,3.492,3.483,691600000.0,4218000000.0,952200000.0,952200000.0,47900000.0,,,,,11100000.0,403700000.0,1.0,225230955.0,224700000.0,225600000.0,4.238,3715900000.0,197200000.0,23500000.0,48200000.0,16.537,1494800000.0
52,ZBH,MRQ,2008-06-30,2008-06-30,2008-06-30,2021-08-03,423200000.0,6942400000.0,,2208100000.0,4734300000.0,,24.102,-130100000.0,390900000.0,390900000.0,262300000.0,227400000.0,2.733,0.261,329300000.0,0.0,329300000.0,329300000.0,0.0,67400000.0,0.0,0.0,0.0,308100000.0,375500000.0,0.348,375500000.0,308100000.0,314900000.0,0.99,0.99,0.99,5505000000.0,,5505000000.0,15391044531.0,14.0,11.258,150500000.0,0.659,1.0,817200000.0,0.757,3443200000.0,-6800000.0,2629700000.0,,800700000.0,0.0,0.0,0.0,1434100000.0,807900000.0,626200000.0,15752944531.0,-87900000.0,0.0,-467500000.0,220000000.0,0.0,-243100000.0,-125600000.0,12000000.0,280600000.0,200000.0,227100000.0,227100000.0,227100000.0,0.0,300000.0,0.21,508800000.0,308400000.0,184000000.0,0.0,2.862,20.334,20.435,1113700000.0,0.0,68.05,3.828,3.777,782500000.0,4003300000.0,1079500000.0,1079500000.0,48300000.0,,,,,27500000.0,448000000.0,1.0,231490725.0,228400000.0,229500000.0,4.726,3499200000.0,176800000.0,87800000.0,27800000.0,15.32,1400200000.0
53,ZBH,MRQ,2008-03-31,2008-03-31,2008-03-31,2021-08-03,412400000.0,6919200000.0,,2222600000.0,4696600000.0,,24.544,-110900000.0,478800000.0,478800000.0,254700000.0,239500000.0,2.816,0.212,116900000.0,0.0,116900000.0,116900000.0,0.0,61800000.0,0.0,0.0,0.0,331400000.0,393200000.0,0.371,393200000.0,331400000.0,332400000.0,1.03,1.02,1.03,5706500000.0,,5706500000.0,17793753940.0,16.0,12.988,131800000.0,0.567,1.0,804500000.0,0.76,3447500000.0,-1000000.0,2320600000.0,,756600000.0,0.0,0.0,0.0,1209700000.0,789200000.0,420500000.0,18155853940.0,12100000.0,0.0,-127500000.0,0.0,0.0,-125900000.0,-110900000.0,0.0,242700000.0,6200000.0,239300000.0,239300000.0,239300000.0,0.0,200000.0,0.226,472900000.0,331600000.0,164700000.0,0.0,3.182,23.304,23.452,1039000000.0,0.0,77.86,4.532,4.518,759300000.0,3776200000.0,1059200000.0,1059200000.0,47800000.0,,,,,15900000.0,417800000.0,1.0,233185894.0,232500000.0,233900000.0,4.556,3471700000.0,173600000.0,93100000.0,68500000.0,14.932,1433400000.0
54,ZBH,MRQ,2007-12-31,2007-12-31,2007-12-31,2021-08-03,290300000.0,6633700000.0,,2082700000.0,4551000000.0,,23.379,-107200000.0,466400000.0,466400000.0,253900000.0,264300000.0,2.782,0.217,104300000.0,0.0,104300000.0,104300000.0,0.0,62400000.0,0.0,0.0,0.0,351700000.0,414100000.0,0.386,414100000.0,351700000.0,352800000.0,1.12,1.12,1.12,5449600000.0,,5449600000.0,15314788325.0,14.0,11.285,314700000.0,1.35,1.0,819600000.0,0.763,3365200000.0,-1100000.0,2157800000.0,,727800000.0,0.0,0.0,0.0,1181300000.0,748600000.0,432700000.0,15527088325.0,150900000.0,108100000.0,-111700000.0,0.0,0.0,-111200000.0,-159400000.0,0.0,421900000.0,-400000.0,263800000.0,263800000.0,263800000.0,0.0,500000.0,0.246,467700000.0,351900000.0,174100000.0,0.0,2.849,20.082,20.168,971900000.0,0.0,66.15,3.984,3.997,674300000.0,3536900000.0,1073500000.0,1073500000.0,23800000.0,,,,,17300000.0,428200000.0,1.0,234725440.0,233100000.0,234800000.0,4.605,3268500000.0,154800000.0,89000000.0,85100000.0,14.022,1334100000.0
55,ZBH,MRQ,2007-09-30,2007-09-30,2007-09-30,2021-08-03,264900000.0,6367200000.0,,1899900000.0,4467300000.0,,22.364,-80800000.0,315500000.0,315500000.0,199200000.0,44500000.0,2.686,0.212,103200000.0,0.0,103200000.0,103200000.0,0.0,58200000.0,0.0,0.0,0.0,126100000.0,184300000.0,0.204,184300000.0,126100000.0,127900000.0,0.19,0.19,0.19,5253200000.0,,5253200000.0,18862377719.0,17.0,14.142,86000000.0,0.366,1.0,704000000.0,0.779,3298700000.0,-1800000.0,2148900000.0,,732200000.0,0.0,0.0,0.0,1111500000.0,707300000.0,404200000.0,19128177719.0,-45700000.0,4000000.0,-141700000.0,0.0,0.0,-140800000.0,-76800000.0,0.0,166800000.0,5100000.0,44500000.0,44500000.0,44500000.0,0.0,0.0,0.049,578000000.0,126000000.0,129000000.0,0.0,3.641,25.366,25.469,914000000.0,0.0,80.99,5.091,5.063,652100000.0,3273100000.0,903200000.0,903200000.0,53000000.0,,,,,13200000.0,352600000.0,1.0,236179506.0,234900000.0,236800000.0,3.845,3068500000.0,145600000.0,83400000.0,110100000.0,13.063,1192600000.0
56,ZBH,MRQ,2007-06-30,2007-06-30,2007-06-30,2021-08-03,213200000.0,6320800000.0,,1949300000.0,4371500000.0,,22.302,-90000000.0,361000000.0,361000000.0,216400000.0,231500000.0,3.032,0.196,95200000.0,0.0,95200000.0,95200000.0,0.0,56000000.0,0.0,0.0,0.0,322400000.0,378400000.0,0.39,378400000.0,322400000.0,323700000.0,0.98,0.97,0.98,5283300000.0,,5283300000.0,19871548274.0,16.0,13.654,212700000.0,0.898,1.0,754200000.0,0.777,3256200000.0,-1300000.0,2155900000.0,,682900000.0,0.0,0.0,0.0,1034900000.0,642900000.0,392000000.0,20099948274.0,32700000.0,-112100000.0,-78700000.0,0.0,0.0,-73100000.0,-196200000.0,0.0,302700000.0,-700000.0,231500000.0,231500000.0,231500000.0,0.0,0.0,0.239,431700000.0,322500000.0,141300000.0,0.0,3.804,22.511,22.637,865900000.0,0.0,84.89,5.471,5.473,689700000.0,3228600000.0,970600000.0,970600000.0,53500000.0,,,,,24600000.0,374300000.0,1.0,236776399.0,236900000.0,239200000.0,4.097,3064600000.0,148400000.0,92200000.0,68600000.0,12.936,1306400000.0
57,ZBH,MRQ,2007-03-31,2007-03-31,2007-03-31,2021-08-03,223300000.0,6097900000.0,,1886600000.0,4211300000.0,,21.598,-53200000.0,328400000.0,328400000.0,206400000.0,233400000.0,3.15,0.191,100000000.0,0.0,100000000.0,100000000.0,0.0,53400000.0,0.0,0.0,0.0,326900000.0,380300000.0,0.4,380300000.0,326900000.0,326700000.0,0.99,0.98,0.99,5116600000.0,,5116600000.0,20087622160.0,17.0,14.287,139800000.0,0.59,1.0,743800000.0,0.783,3175100000.0,200000.0,2095500000.0,,658800000.0,0.0,0.0,0.0,978900000.0,598900000.0,380000000.0,20256122160.0,60300000.0,0.0,-94400000.0,0.0,0.0,-74400000.0,-59100000.0,0.0,193000000.0,800000.0,233400000.0,233400000.0,233400000.0,0.0,0.0,0.246,416600000.0,327200000.0,128600000.0,0.0,3.959,23.491,23.791,820600000.0,0.0,85.41,5.65,5.644,692500000.0,2997100000.0,950200000.0,950200000.0,52300000.0,,,,,28800000.0,361600000.0,1.0,237163344.0,236900000.0,239200000.0,4.011,2922800000.0,152300000.0,93300000.0,69100000.0,12.338,1287700000.0
58,ZBH,MRQ,2006-12-31,2006-12-31,2006-12-31,2021-08-03,209200000.0,5974400000.0,,1746200000.0,4228200000.0,,20.657,-90900000.0,268100000.0,268100000.0,207500000.0,244700000.0,2.78,0.214,99600000.0,0.0,99600000.0,99600000.0,0.0,52600000.0,0.0,0.0,0.0,338200000.0,390800000.0,0.419,390800000.0,338200000.0,339700000.0,1.02,1.01,1.02,4920500000.0,,4920500000.0,18528277414.0,16.0,13.603,156200000.0,0.656,1.0,726100000.0,0.778,3228200000.0,-1500000.0,1949500000.0,,638300000.0,0.0,0.0,0.0,1051200000.0,628200000.0,423000000.0,18705277414.0,-9900000.0,-21400000.0,-152000000.0,0.0,0.0,-147700000.0,-112300000.0,0.0,247100000.0,3000000.0,244700000.0,244700000.0,244700000.0,0.0,0.0,0.262,387800000.0,338300000.0,158000000.0,0.0,3.801,22.415,22.851,807100000.0,0.0,78.38,5.351,5.449,625500000.0,2768500000.0,933600000.0,933600000.0,45600000.0,,,,,21500000.0,345600000.0,1.0,238648611.0,238200000.0,241200000.0,3.919,2746200000.0,159200000.0,95000000.0,106500000.0,11.529,1118000000.0
59,ZBH,MRQ,2006-09-30,2006-09-30,2006-09-30,2021-08-03,211800000.0,5908500000.0,,1706300000.0,4202200000.0,,19.983,-62600000.0,277900000.0,277900000.0,183200000.0,183300000.0,2.514,0.229,100900000.0,0.0,100900000.0,100900000.0,0.0,51300000.0,0.0,0.0,0.0,254600000.0,305900000.0,0.373,305900000.0,254600000.0,255200000.0,0.76,0.76,0.76,4804000000.0,,4804000000.0,16129719225.0,15.0,12.391,223100000.0,0.928,1.0,636600000.0,0.777,3263700000.0,-600000.0,1789000000.0,,630900000.0,0.0,0.0,0.0,1101900000.0,678800000.0,423100000.0,16385319225.0,-60200000.0,0.0,-305300000.0,18800000.0,0.0,-285300000.0,-62600000.0,0.0,285700000.0,2000000.0,183300000.0,183300000.0,183300000.0,0.0,0.0,0.224,382100000.0,254500000.0,126400000.0,0.0,3.411,20.757,21.028,751100000.0,0.0,67.5,4.805,4.759,589400000.0,2523900000.0,819800000.0,819800000.0,46700000.0,,,,,18300000.0,330400000.0,1.0,242745470.0,240400000.0,242600000.0,3.41,2644800000.0,161900000.0,71900000.0,104400000.0,11.002,1027500000.0
60,ZBH,MRQ,2006-06-30,2006-06-30,2006-06-30,2021-08-03,202100000.0,5963600000.0,,1792400000.0,4171200000.0,,19.942,-60900000.0,338200000.0,338200000.0,200000000.0,200900000.0,2.838,0.218,82600000.0,0.0,82600000.0,82600000.0,0.0,47300000.0,0.0,0.0,0.0,281700000.0,329000000.0,0.373,329000000.0,281700000.0,282900000.0,0.82,0.81,0.82,4895800000.0,,4895800000.0,13739964920.0,13.0,10.719,244300000.0,0.995,1.0,681600000.0,0.773,3262400000.0,-1200000.0,1814100000.0,,606100000.0,0.0,0.0,0.0,1065100000.0,631500000.0,433600000.0,14074364920.0,-68000000.0,-13500000.0,-304200000.0,0.0,0.0,-303500000.0,-74400000.0,0.0,305200000.0,4700000.0,200900000.0,200900000.0,200900000.0,0.0,0.0,0.228,399700000.0,281900000.0,121400000.0,0.0,2.875,18.168,18.121,725000000.0,0.0,56.72,4.198,4.153,639200000.0,2340500000.0,881600000.0,881600000.0,48600000.0,,,,,21400000.0,344800000.0,1.0,248137600.0,245500000.0,247700000.0,3.591,2701200000.0,158800000.0,82000000.0,101200000.0,11.003,1160900000.0
61,ZBH,MRQ,2006-03-31,2006-03-31,2006-03-31,2021-08-03,153500000.0,5917200000.0,,1826400000.0,4090800000.0,,19.871,-37700000.0,415900000.0,415900000.0,189400000.0,205600000.0,3.205,0.201,81500000.0,0.0,81500000.0,81500000.0,0.0,46200000.0,0.0,0.0,0.0,290200000.0,336400000.0,0.391,336400000.0,290200000.0,290700000.0,0.83,0.82,0.83,4924100000.0,,4924100000.0,16600712494.0,15.0,13.033,165000000.0,0.666,1.0,671000000.0,0.78,3194300000.0,-500000.0,1818700000.0,,599500000.0,0.0,0.0,0.0,990600000.0,569800000.0,420800000.0,16764412494.0,170600000.0,0.0,4000000.0,0.0,0.0,5800000.0,-37700000.0,0.0,202700000.0,-200000.0,205600000.0,205600000.0,205600000.0,0.0,0.0,0.239,380500000.0,290500000.0,122000000.0,0.0,3.405,21.929,21.948,701000000.0,0.0,67.6,5.053,5.049,592100000.0,2139600000.0,860400000.0,860400000.0,47400000.0,,,,,18400000.0,334900000.0,1.0,247994275.0,247800000.0,250100000.0,3.472,2722900000.0,151300000.0,85100000.0,56800000.0,10.988,1256600000.0
62,ZBH,MRQ,2005-12-31,2005-12-31,2005-12-31,2021-08-03,149300000.0,5721900000.0,,1575600000.0,4146300000.0,,18.882,-60200000.0,245300000.0,245300000.0,185800000.0,199600000.0,2.596,0.221,81600000.0,0.0,81600000.0,81600000.0,0.0,49700000.0,0.0,0.0,0.0,280700000.0,330400000.0,0.389,330400000.0,280700000.0,279900000.0,0.8,0.8,0.8,4682800000.0,,4682800000.0,16691134653.0,16.0,13.463,190300000.0,0.767,1.0,662500000.0,0.781,3185400000.0,800000.0,1765900000.0,,583700000.0,0.0,0.0,0.0,1036800000.0,606900000.0,429900000.0,16709634653.0,141400000.0,-55800000.0,-2500000.0,0.0,0.0,-2500000.0,-106300000.0,0.0,250500000.0,-300000.0,199600000.0,199600000.0,199600000.0,0.0,0.0,0.235,381500000.0,281000000.0,123600000.0,0.0,3.568,22.812,22.784,708800000.0,0.0,67.44,5.085,5.071,524200000.0,1934000000.0,848300000.0,848300000.0,45900000.0,,,,,500000.0,313700000.0,1.0,247770376.0,248000000.0,250100000.0,3.421,2536500000.0,153700000.0,80300000.0,82100000.0,10.228,968700000.0
63,ZBH,MRQ,2005-09-30,2005-09-30,2005-09-30,2021-08-03,170700000.0,5621600000.0,,1500500000.0,4121100000.0,,18.215,-62300000.0,104300000.0,104300000.0,174500000.0,168600000.0,2.289,0.247,85800000.0,0.0,85800000.0,85800000.0,0.0,45600000.0,0.0,0.0,0.0,240400000.0,286000000.0,0.375,286000000.0,240400000.0,238300000.0,0.68,0.67,0.68,4506400000.0,,4506400000.0,17212205455.0,17.0,14.375,169300000.0,0.684,1.0,588000000.0,0.771,3236700000.0,2100000.0,1710900000.0,,586600000.0,0.0,0.0,0.0,1113200000.0,655500000.0,457700000.0,17039505455.0,13000000.0,0.0,23000000.0,-180000000.0,0.0,-157000000.0,-62300000.0,0.0,231600000.0,700000.0,168600000.0,168600000.0,168600000.0,0.0,0.0,0.221,347400000.0,240600000.0,109200000.0,0.0,3.781,23.249,23.117,703700000.0,0.0,68.89,5.261,5.262,541100000.0,1734400000.0,762500000.0,762500000.0,43900000.0,,,,,5700000.0,295800000.0,1.0,247343674.0,247400000.0,250200000.0,3.082,2384900000.0,231400000.0,69700000.0,68100000.0,9.64,845000000.0
64,ZBH,MRQ,2005-06-30,2005-06-30,2005-06-30,2021-08-03,166400000.0,5551500000.0,,1492200000.0,4059300000.0,,17.428,-71800000.0,95400000.0,95400000.0,188800000.0,190700000.0,2.431,0.289,268100000.0,0.0,268100000.0,268100000.0,0.0,45300000.0,0.0,0.0,0.0,275600000.0,320900000.0,0.379,320900000.0,275600000.0,271400000.0,0.77,0.76,0.77,4304600000.0,,4304600000.0,19162244610.0,20.0,16.653,171800000.0,0.696,1.0,658000000.0,0.777,3213300000.0,4200000.0,1897000000.0,,568000000.0,0.0,0.0,0.0,1245100000.0,613900000.0,631200000.0,18810944610.0,21800000.0,0.0,7700000.0,-154300000.0,0.0,-146600000.0,-72300000.0,0.0,243600000.0,-2900000.0,190700000.0,190700000.0,190700000.0,0.0,0.0,0.225,382200000.0,275800000.0,141800000.0,0.0,4.37,27.176,27.011,676600000.0,0.0,76.17,5.922,5.923,573400000.0,1565800000.0,846800000.0,846800000.0,43600000.0,,,,,3600000.0,328500000.0,1.0,246960025.0,247000000.0,249900000.0,3.428,2338200000.0,212200000.0,80700000.0,16900000.0,9.466,878300000.0
65,ZBH,MRQ,2005-03-31,2005-03-31,2005-03-31,2021-08-03,217000000.0,5591400000.0,,1478500000.0,4112900000.0,,16.877,-61000000.0,75000000.0,75000000.0,190300000.0,173600000.0,2.432,0.346,426300000.0,0.0,426300000.0,426300000.0,0.0,45100000.0,0.0,0.0,0.0,257400000.0,302500000.0,0.365,302500000.0,257400000.0,250200000.0,0.71,0.7,0.71,4153500000.0,,4153500000.0,19673003652.0,23.0,18.711,91500000.0,0.372,1.0,638200000.0,0.77,3284100000.0,7200000.0,2050600000.0,,551900000.0,0.0,0.0,0.0,1436300000.0,608000000.0,828300000.0,19195003652.0,-97600000.0,0.0,44400000.0,-222900000.0,0.0,-178500000.0,-70200000.0,0.0,152500000.0,-1400000.0,173600000.0,173600000.0,173600000.0,0.0,0.0,0.21,380600000.0,257600000.0,122900000.0,0.0,4.621,31.07,30.755,643100000.0,0.0,77.81,6.258,6.243,570600000.0,1375100000.0,828500000.0,828500000.0,42100000.0,,,,,24500000.0,321600000.0,1.0,246690710.0,246100000.0,249200000.0,3.367,2307300000.0,239600000.0,76600000.0,8100000.0,9.375,870500000.0
66,ZBH,MRQ,2004-12-31,2004-12-31,2004-12-31,2021-08-03,253300000.0,5695500000.0,,1560900000.0,4134600000.0,,16.072,-74100000.0,173500000.0,173500000.0,189400000.0,200000000.0,2.227,0.443,651500000.0,27500000.0,624000000.0,651500000.0,0.0,46700000.0,0.0,0.0,0.0,241300000.0,288000000.0,0.36,288000000.0,241300000.0,235400000.0,0.82,0.81,0.82,3942500000.0,,3942500000.0,20271819399.0,27.0,21.465,183800000.0,0.749,1.0,611700000.0,0.764,3323700000.0,5900000.0,2148800000.0,,536000000.0,0.0,0.0,0.0,1745900000.0,701000000.0,1044900000.0,19653719399.0,109300000.0,-49400000.0,6300000.0,-36300000.0,0.0,-30000000.0,-124000000.0,0.0,257900000.0,5400000.0,200000000.0,200000000.0,200000000.0,0.0,0.0,0.25,370100000.0,241600000.0,131600000.0,0.0,4.985,36.275,36.09,628500000.0,0.0,80.12,6.593,6.569,524800000.0,1201500000.0,801100000.0,801100000.0,47300000.0,,,,,42500000.0,308700000.0,1.0,245303528.0,245300000.0,249300000.0,3.266,2371800000.0,272600000.0,35400000.0,34200000.0,9.669,859900000.0
67,ZBH,MRQ,2004-09-30,2004-09-30,2004-09-30,2021-08-03,153000000.0,5326700000.0,,1303000000.0,4023700000.0,,14.819,-60800000.0,62300000.0,62300000.0,169100000.0,127900000.0,2.21,0.465,680400000.0,12500000.0,667900000.0,680400000.0,0.0,47300000.0,0.0,0.0,0.0,192000000.0,239300000.0,0.342,239300000.0,192000000.0,184300000.0,0.52,0.52,0.52,3630700000.0,,3630700000.0,20150090306.0,34.0,26.409,145200000.0,0.593,1.0,531100000.0,0.758,3255000000.0,7700000.0,2100200000.0,,506400000.0,0.0,0.0,0.0,1689200000.0,589600000.0,1099600000.0,19368490306.0,-31600000.0,0.0,9000000.0,-186300000.0,0.0,-177300000.0,-60800000.0,0.0,206000000.0,500000.0,127900000.0,127900000.0,127900000.0,0.0,0.0,0.183,339100000.0,192000000.0,122900000.0,0.0,5.335,51.131,53.047,584100000.0,0.0,79.04,6.722,6.721,489400000.0,1001500000.0,700200000.0,700200000.0,41400000.0,,,,,0.0,286200000.0,1.0,245046686.0,245000000.0,248200000.0,2.858,2071700000.0,335500000.0,56400000.0,20500000.0,8.456,713400000.0
68,ZBH,MRQ,2004-06-30,2004-06-30,2004-06-30,2021-08-03,151200000.0,5307300000.0,,1328100000.0,3979200000.0,,14.278,-54900000.0,87300000.0,87300000.0,201900000.0,116300000.0,2.458,0.52,868900000.0,0.0,868900000.0,868900000.0,0.0,45600000.0,0.0,0.0,0.0,176000000.0,221600000.0,0.301,221600000.0,176000000.0,167700000.0,0.48,0.47,0.48,3488200000.0,,3488200000.0,22361370714.0,43.0,33.202,149400000.0,0.612,1.0,535500000.0,0.726,3207700000.0,8300000.0,2340800000.0,,504000000.0,0.0,0.0,0.0,1812300000.0,540400000.0,1271900000.0,21522770714.0,-31800000.0,-121900000.0,13200000.0,-90100000.0,0.0,-81900000.0,-152900000.0,25000000.0,204300000.0,-1300000.0,116300000.0,116300000.0,116300000.0,0.0,0.0,0.158,359700000.0,175800000.0,107000000.0,0.0,6.17,64.075,63.0,561000000.0,0.0,88.2,8.344,8.354,531100000.0,873600000.0,737400000.0,737400000.0,38200000.0,,,,,0.0,297300000.0,1.0,244022352.0,244300000.0,247900000.0,3.018,2099600000.0,327900000.0,51400000.0,52600000.0,8.594,787700000.0
69,ZBH,MRQ,2004-03-31,2004-03-31,2004-03-31,2021-08-03,143500000.0,5190000000.0,,1361500000.0,3828500000.0,,13.639,-50600000.0,121100000.0,121100000.0,219500000.0,97600000.0,2.405,0.565,959700000.0,0.0,959700000.0,959700000.0,0.0,41700000.0,0.0,0.0,0.0,153800000.0,195500000.0,0.263,195500000.0,153800000.0,144000000.0,0.4,0.4,0.4,3312800000.0,,3312800000.0,18938065281.0,39.0,31.128,143400000.0,0.59,1.0,522700000.0,0.704,3010800000.0,9800000.0,2451800000.0,,503800000.0,0.0,0.0,0.0,1870200000.0,566000000.0,1304200000.0,17920965281.0,31200000.0,0.0,36500000.0,-149300000.0,0.0,-112800000.0,-50600000.0,0.0,194000000.0,600000.0,97600000.0,97600000.0,97600000.0,0.0,0.0,0.132,368900000.0,153800000.0,125300000.0,0.0,5.41,58.072,53.854,547000000.0,0.0,73.78,7.954,7.954,526500000.0,757300000.0,742200000.0,742200000.0,39800000.0,,,,,0.0,297800000.0,1.0,242897337.0,242900000.0,246400000.0,3.056,2179200000.0,363200000.0,46400000.0,-2500000.0,8.972,795500000.0
70,ZBH,MRQ,2003-12-31,2003-12-31,2003-12-31,2021-08-03,138700000.0,5156000000.0,,1338700000.0,3817300000.0,,12.994,-51500000.0,92000000.0,92000000.0,224100000.0,37000000.0,2.075,0.638,1109100000.0,101300000.0,1007800000.0,1109100000.0,0.0,40600000.0,0.0,0.0,0.0,66000000.0,106600000.0,0.152,106600000.0,66000000.0,55800000.0,0.09,0.09,0.09,3143300000.0,,3143300000.0,16927392132.0,33.0,27.768,117500000.0,0.486,1.0,477500000.0,0.681,3052300000.0,10200000.0,2475500000.0,,527700000.0,0.0,0.0,0.0,2005700000.0,645300000.0,1360400000.0,17024392132.0,-99500000.0,-927700000.0,24100000.0,686100000.0,0.0,704500000.0,-976900000.0,0.0,169000000.0,3900000.0,37000000.0,37000000.0,37000000.0,0.0,0.0,0.053,412000000.0,65500000.0,127600000.0,0.0,5.416,49.161,42.156,525200000.0,0.0,70.4,8.955,7.692,486400000.0,659700000.0,701600000.0,701600000.0,37300000.0,,,,,22500000.0,287100000.0,1.0,241823745.0,241900000.0,247500000.0,2.9,2103700000.0,189100000.0,18800000.0,-59000000.0,8.697,693400000.0
71,ZBH,MRQ,2003-09-30,2003-09-30,2003-09-30,2021-08-03,17000000.0,1244400000.0,,814000000.0,430400000.0,,3.786,-42300000.0,177000000.0,177000000.0,96800000.0,85000000.0,2.033,0.67,80000000.0,80000000.0,0.0,80000000.0,0.0,21300000.0,0.0,0.0,0.0,128500000.0,149800000.0,0.376,149800000.0,128500000.0,127800000.0,0.43,0.43,0.43,745100000.0,,745100000.0,10810879734.0,20.0,17.417,56600000.0,0.288,1.0,301400000.0,0.757,11900000.0,700000.0,735100000.0,,294000000.0,0.0,0.0,0.0,499300000.0,400400000.0,98900000.0,10849879734.0,62000000.0,0.0,13000000.0,-2600000.0,0.0,9200000.0,-46300000.0,0.0,98900000.0,200000.0,85000000.0,85000000.0,85000000.0,0.0,0.0,0.213,172900000.0,128500000.0,69800000.0,0.0,14.562,28.44,28.402,337900000.0,0.0,55.1,6.913,6.909,254700000.0,622700000.0,398200000.0,398200000.0,24400000.0,,,,,0.0,146800000.0,1.0,196912525.0,196800000.0,199600000.0,2.023,1232500000.0,97400000.0,42800000.0,37100000.0,6.263,413600000.0
72,ZBH,MRQ,2003-06-30,2003-06-30,2003-06-30,2021-08-03,21800000.0,1142800000.0,,754800000.0,388000000.0,,3.299,-31700000.0,115000000.0,115000000.0,98400000.0,89000000.0,1.896,0.763,76000000.0,76000000.0,0.0,76000000.0,0.0,21800000.0,0.0,0.0,0.0,134700000.0,156500000.0,0.381,156500000.0,134700000.0,133800000.0,0.45,0.45,0.45,648200000.0,,648200000.0,8893865129.0,17.0,15.457,90400000.0,0.46,1.0,312700000.0,0.761,11900000.0,900000.0,693700000.0,,280800000.0,0.0,0.0,0.0,494600000.0,398200000.0,96400000.0,8850365129.0,81600000.0,0.0,8100000.0,-2700000.0,0.0,5400000.0,-46500000.0,0.0,122100000.0,600000.0,89000000.0,89000000.0,89000000.0,0.0,0.0,0.216,178000000.0,134700000.0,67900000.0,0.0,13.654,24.476,24.484,319900000.0,0.0,45.05,5.865,5.867,259100000.0,537700000.0,411100000.0,411100000.0,22700000.0,,,,,0.0,153800000.0,1.0,196456500.0,196500000.0,199100000.0,2.092,1130900000.0,101500000.0,44800000.0,63300000.0,5.755,356600000.0
73,ZBH,MRQ,2003-03-31,2003-03-31,2003-03-31,2021-08-03,16200000.0,978800000.0,,574700000.0,404100000.0,,2.773,-33000000.0,33400000.0,33400000.0,96900000.0,135300000.0,1.677,0.804,76900000.0,76900000.0,0.0,76900000.0,0.0,19600000.0,0.0,0.0,0.0,177100000.0,196700000.0,0.504,196700000.0,177100000.0,175700000.0,0.69,0.68,0.69,542700000.0,,542700000.0,9660971225.0,20.0,18.259,71800000.0,0.367,1.0,293200000.0,0.752,0.0,1400000.0,679600000.0,,265900000.0,0.0,0.0,0.0,436100000.0,342700000.0,93400000.0,9519971225.0,17700000.0,0.0,25300000.0,-79600000.0,0.0,-54300000.0,-33000000.0,0.0,104800000.0,200000.0,135300000.0,135300000.0,135300000.0,0.0,0.0,0.347,171200000.0,122000000.0,64800000.0,0.0,17.542,28.124,28.11,311000000.0,0.0,48.63,6.596,6.593,237400000.0,448700000.0,390100000.0,390100000.0,21400000.0,,,,,0.0,149800000.0,1.0,195763336.0,195700000.0,198000000.0,1.993,978800000.0,95100000.0,40400000.0,42000000.0,5.002,232000000.0
74,ZBH,MRQ,2002-12-31,2002-12-31,2002-12-31,2021-08-03,14000000.0,858900000.0,,612400000.0,246500000.0,,1.877,-10000000.0,15700000.0,15700000.0,93700000.0,72200000.0,1.528,1.345,156700000.0,156700000.0,0.0,156700000.0,0.0,6600000.0,0.0,0.0,0.0,111100000.0,117700000.0,0.318,117700000.0,111100000.0,109000000.0,0.37,0.36,0.37,366300000.0,,366300000.0,8326056087.0,21.0,19.536,73200000.0,0.375,1.0,276500000.0,0.747,0.0,2100000.0,599100000.0,,257600000.0,0.0,0.0,0.0,492600000.0,400800000.0,91800000.0,8097956087.0,-5100000.0,0.0,6000000.0,-93900000.0,0.0,-79000000.0,-10000000.0,0.0,83200000.0,700000.0,72200000.0,72200000.0,72200000.0,0.0,0.0,0.195,165400000.0,111100000.0,59800000.0,0.0,22.107,31.412,31.218,157800000.0,0.0,41.52,5.901,5.884,214800000.0,313400000.0,370200000.0,370200000.0,21800000.0,,,,,0.0,143600000.0,1.0,195037478.0,195100000.0,198600000.0,1.897,858900000.0,122700000.0,36800000.0,19500000.0,4.402,211600000.0
75,ZBH,MRQ,2002-09-30,2002-09-30,2002-09-30,2021-08-03,14200000.0,863400000.0,,612500000.0,250900000.0,,1.471,-8700000.0,20800000.0,20800000.0,85100000.0,65100000.0,1.56,2.015,248900000.0,150000000.0,98900000.0,248900000.0,0.0,6400000.0,0.0,0.0,0.0,98100000.0,104500000.0,0.31,104500000.0,98100000.0,95100000.0,0.33,0.33,0.33,286400000.0,,286400000.0,7754894283.0,21.0,20.106,46700000.0,0.24,1.0,252400000.0,0.748,0.0,3000000.0,698800000.0,,253200000.0,0.0,0.0,0.0,577000000.0,392700000.0,184300000.0,7468494283.0,-5600000.0,0.0,10300000.0,-62400000.0,0.0,-52100000.0,-8700000.0,0.0,55400000.0,-200000.0,65100000.0,65100000.0,65100000.0,0.0,0.0,0.193,154300000.0,98100000.0,57300000.0,0.0,26.077,32.642,32.769,154900000.0,0.0,38.34,5.685,5.682,204700000.0,241200000.0,337500000.0,337500000.0,20600000.0,,,,,0.0,133700000.0,1.0,194796408.0,194700000.0,196500000.0,1.733,863400000.0,126500000.0,30000000.0,20900000.0,4.435,219800000.0
76,ZBH,MRQ,2002-06-30,2002-06-30,2002-06-30,2021-08-03,13000000.0,855100000.0,,609900000.0,245200000.0,,1.057,-8500000.0,26400000.0,26400000.0,85200000.0,65900000.0,1.529,3.165,312800000.0,150000000.0,162800000.0,312800000.0,0.0,6800000.0,0.0,0.0,0.0,103400000.0,110200000.0,0.319,110200000.0,103400000.0,100100000.0,0.34,0.34,0.34,205300000.0,,205300000.0,7246604451.0,23.0,21.459,40600000.0,0.209,1.0,260400000.0,0.753,0.0,3300000.0,742600000.0,,241100000.0,0.0,0.0,0.0,649800000.0,398900000.0,250900000.0,6925204451.0,5600000.0,0.0,2800000.0,-37200000.0,0.0,-36400000.0,-8500000.0,0.0,49100000.0,1400000.0,65900000.0,65900000.0,65900000.0,0.0,0.0,0.191,157000000.0,103400000.0,65600000.0,0.0,33.732,36.239,36.388,153300000.0,0.0,35.66,5.483,5.486,218900000.0,176100000.0,345600000.0,345600000.0,19200000.0,,,,,0.0,137800000.0,1.0,194200910.0,194300000.0,196000000.0,1.779,855100000.0,125400000.0,34200000.0,19400000.0,4.401,211000000.0
77,ZBH,MRQ,2002-03-31,2002-03-31,2002-03-31,2021-08-03,12400000.0,790200000.0,,553900000.0,236300000.0,,0.69,-6500000.0,20800000.0,20800000.0,80800000.0,54600000.0,1.456,4.901,342200000.0,150000000.0,192200000.0,342200000.0,0.0,5500000.0,0.0,0.0,0.0,88300000.0,93800000.0,0.294,93800000.0,88300000.0,84700000.0,0.28,0.28,0.28,133900000.0,,133900000.0,6950048031.0,25.0,22.953,26000000.0,0.134,1.0,238300000.0,0.747,0.0,3600000.0,731300000.0,,219800000.0,0.0,0.0,0.0,656300000.0,380300000.0,276000000.0,6604548031.0,2400000.0,0.0,4800000.0,-19300000.0,0.0,-21400000.0,-8500000.0,0.0,32500000.0,-200000.0,54600000.0,54600000.0,54600000.0,0.0,0.0,0.171,150000000.0,88300000.0,61200000.0,0.0,49.324,39.219,39.593,149500000.0,0.0,34.05,5.451,5.452,196200000.0,110200000.0,319100000.0,319100000.0,19100000.0,,,,,0.0,130900000.0,1.0,193966174.0,194000000.0,195700000.0,1.645,790200000.0,118400000.0,30100000.0,23600000.0,4.073,173600000.0
78,ZBH,MRQ,2001-12-31,2001-12-31,2001-12-31,2021-08-03,16800000.0,745000000.0,,508600000.0,236400000.0,,0.406,-16300000.0,18400000.0,18400000.0,84000000.0,43200000.0,1.363,8.466,363900000.0,150000000.0,213900000.0,363900000.0,0.0,5200000.0,0.0,0.0,0.0,72000000.0,77200000.0,0.248,77200000.0,72000000.0,67600000.0,0.22,0.22,0.22,78700000.0,,78700000.0,6303895219.0,25.0,23.202,35300000.0,0.182,1.0,227600000.0,0.73,0.0,4400000.0,717400000.0,,200000000.0,0.0,0.0,0.0,666300000.0,373100000.0,293200000.0,5918995219.0,-5000000.0,0.0,1400000.0,-42000000.0,0.0,-40700000.0,-16300000.0,0.0,51600000.0,400000.0,43200000.0,43200000.0,43200000.0,0.0,0.0,0.139,155600000.0,72000000.0,67400000.0,0.0,75.21,39.513,39.662,148200000.0,0.0,30.54,5.022,5.019,181700000.0,55600000.0,311600000.0,311600000.0,17900000.0,,,,,0.0,137700000.0,1.0,193811232.0,194000000.0,194900000.0,1.606,745000000.0,116000000.0,24400000.0,4300000.0,3.84,135500000.0
79,ZBH,MRQ,2001-09-30,2001-09-30,2001-09-30,2021-08-03,9300000.0,738100000.0,,501300000.0,236800000.0,,0.121,-12900000.0,23400000.0,23400000.0,75000000.0,27400000.0,1.29,30.409,408300000.0,150000000.0,258300000.0,408300000.0,0.0,5700000.0,0.0,0.0,0.0,50800000.0,56500000.0,0.197,56500000.0,50800000.0,47800000.0,0.14,0.14,0.14,23500000.0,,23500000.0,5372695621.0,22.0,19.659,-4600000.0,-0.024,1.0,211700000.0,0.738,0.0,3000000.0,734400000.0,,187600000.0,0.0,0.0,0.0,714600000.0,388600000.0,326000000.0,5372695621.0,23400000.0,0.0,0.0,408300000.0,0.0,28000000.0,-12900000.0,0.0,8300000.0,0.0,27400000.0,27400000.0,27400000.0,0.0,0.0,0.096,160900000.0,50800000.0,48600000.0,0.0,228.625,34.865,34.688,138300000.0,0.0,27.75,4.707,4.709,191100000.0,12300000.0,286700000.0,286700000.0,18300000.0,,,,,0.0,142600000.0,1.0,193610653.0,193700000.0,195000000.0,1.48,738100000.0,121200000.0,20400000.0,19600000.0,3.811,112700000.0
80,ZBH,MRQ,2001-06-30,2001-06-30,2001-06-30,2021-08-03,10900000.0,644400000.0,,452100000.0,192300000.0,,1.216,-15400000.0,0.0,0.0,81500000.0,43200000.0,1.136,1.737,0.0,0.0,0.0,0.0,0.0,6400000.0,0.0,,0.0,68900000.0,75300000.0,0.256,75300000.0,68900000.0,68900000.0,0.22,0.22,0.22,235400000.0,,235400000.0,,,,49900000.0,0.258,1.0,212800000.0,0.723,0.0,0.0,246300000.0,,168700000.0,0.0,0.0,0.0,409000000.0,398100000.0,10900000.0,,0.0,0.0,0.0,0.0,0.0,-49900000.0,-15400000.0,0.0,65300000.0,0.0,43200000.0,43200000.0,43200000.0,0.0,0.0,0.147,143900000.0,68900000.0,222400000.0,0.0,,,,131500000.0,0.0,,,,196900000.0,,294300000.0,294300000.0,17400000.0,,,,,0.0,126500000.0,1.0,193610653.0,193600000.0,193600000.0,1.52,644400000.0,37800000.0,25700000.0,16800000.0,3.329,54000000.0
81,ZBH,MRQ,2001-03-31,2001-03-31,2001-03-31,2021-08-03,,,,,,,,-10100000.0,,,81100000.0,36000000.0,,,,,,,,6100000.0,,,0.0,56600000.0,62700000.0,0.219,62700000.0,56600000.0,56600000.0,0.19,0.19,0.19,,,,,,,36500000.0,0.189,1.0,204900000.0,0.716,,0.0,,,,,,,,,,,0.0,0.0,0.0,0.0,0.0,-36500000.0,-10100000.0,0.0,46600000.0,0.0,36000000.0,36000000.0,36000000.0,0.0,0.0,0.126,148300000.0,56600000.0,,0.0,,,,,0.0,,,,,,286000000.0,286000000.0,18000000.0,,,,,0.0,130300000.0,1.0,193610653.0,193600000.0,193600000.0,1.477,,,20600000.0,,,
82,ZBH,MRQ,2000-12-31,2000-12-31,2000-12-31,2021-08-03,7000000.0,597400000.0,,419400000.0,178000000.0,,1.348,-5300000.0,0.0,0.0,80200000.0,47500000.0,2.244,1.289,0.0,0.0,0.0,0.0,0.0,6400000.0,0.0,,0.0,72400000.0,78800000.0,0.287,78800000.0,72400000.0,72400000.0,0.25,0.25,0.25,261000000.0,,261000000.0,,,,59800000.0,0.309,1.0,194200000.0,0.708,0.0,0.0,410500000.0,,152300000.0,0.0,0.0,0.0,336400000.0,186900000.0,149500000.0,,0.0,0.0,0.0,0.0,0.0,-59800000.0,-5300000.0,0.0,65100000.0,0.0,47500000.0,47500000.0,47500000.0,0.0,0.0,0.173,121800000.0,72400000.0,194100000.0,0.0,,,,118500000.0,0.0,,,,188700000.0,0.0,274400000.0,274400000.0,15700000.0,,,,,0.0,106100000.0,1.0,193610653.0,193600000.0,193600000.0,1.417,597400000.0,77000000.0,24900000.0,10500000.0,3.086,232500000.0
83,ZBH,MRQ,2000-09-30,2000-09-30,2000-09-30,2021-08-03,,,,,,,,-14800000.0,,,72300000.0,42600000.0,,,,,,,,5500000.0,,,0.0,64900000.0,70400000.0,0.28,70400000.0,64900000.0,64900000.0,0.22,0.22,0.22,,,,,,,51200000.0,0.264,1.0,179500000.0,0.713,,0.0,,,,,,,,,,,0.0,0.0,0.0,0.0,0.0,-51200000.0,-14800000.0,0.0,66000000.0,0.0,42600000.0,42600000.0,42600000.0,0.0,0.0,0.169,114600000.0,64900000.0,,0.0,,,,,0.0,,,,,,251800000.0,251800000.0,12800000.0,,,,,0.0,101800000.0,1.0,,193600000.0,193600000.0,1.301,,,22300000.0,,,
84,ZBH,MRQ,2000-06-30,2000-06-30,2000-06-30,2021-08-03,,,,,,,,,,,68500000.0,46900000.0,,,,,,,,,,,0.0,71900000.0,,,,71900000.0,71900000.0,0.24,0.24,0.24,,,,,,,,,1.0,192400000.0,0.737,,0.0,,,,,,,,,,,,,,,,,,,,,46900000.0,46900000.0,46900000.0,0.0,0.0,0.18,120500000.0,71900000.0,,0.0,,,,,0.0,,,,,,260900000.0,260900000.0,11500000.0,,,,,,109000000.0,1.0,,193600000.0,193600000.0,1.348,,,25000000.0,,,
85,ZBH,MRQ,1999-12-31,1999-12-31,1999-12-31,2021-08-03,7000000.0,606000000.0,,430000000.0,176000000.0,,1.983,,0.0,0.0,,,2.0,0.578,0.0,0.0,0.0,0.0,0.0,,0.0,,0.0,,,,,,,,,,384000000.0,,384000000.0,,,,,,1.0,,,0.0,,391000000.0,,150000000.0,0.0,0.0,0.0,222000000.0,215000000.0,7000000.0,,,,,,,,,,,,,,,,,,,,98000000.0,,,,,114000000.0,,,,,196000000.0,,,,,,,,,,,1.0,,193600000.0,,,606000000.0,44000000.0,,8000000.0,3.13,215000000.0
0,ZBH,MRT,2021-06-30,2021-06-30,2021-06-30,2021-08-03,-287000000.0,24223200000.0,24173250000.0,5356800000.0,18866400000.0,0.326,60.297,-396300000.0,1042400000.0,1042400000.0,2314700000.0,920100000.0,1.829,0.925,7852500000.0,1050000000.0,6802500000.0,7852500000.0,0.0,1059200000.0,0.0,0.006,0.96,1056100000.0,2115300000.0,0.268,2115300000.0,1056100000.0,842000000.0,4.42,4.39,4.42,12577900000.0,12272325000.0,12577900000.0,40642491483.0,38.0,19.214,1110500000.0,5.324,1.0,5574200000.0,0.707,15890300000.0,214100000.0,12214500000.0,12823100000.0,2533000000.0,0.0,0.0,0.0,11639900000.0,2928500000.0,8711400000.0,33528091483.0,329000000.0,-235500000.0,159600000.0,-487900000.0,-199200000.0,-553000000.0,-639500000.0,17100000.0,1506800000.0,14700000.0,916200000.0,916200000.0,916200000.0,0.0,3900000.0,0.116,4548200000.0,1026000000.0,360600000.0,0.217,2.666,36.595,36.385,2005200000.0,0.0,160.82,4.25,4.252,1420400000.0,10331000000.0,7888900000.0,7888900000.0,460800000.0,0.038,0.075,0.082,0.134,87800000.0,3271400000.0,1.0,208482101.0,208600000.0,210700000.0,37.818,8332900000.0,0.0,-74200000.0,1346200000.0,39.947,2428300000.0
1,ZBH,MRT,2021-03-31,2021-03-31,2021-03-31,2021-08-03,-276700000.0,24026600000.0,24029350000.0,5000100000.0,19026500000.0,0.295,59.832,-393700000.0,724300000.0,724300000.0,2157600000.0,569400000.0,2.393,0.93,7838700000.0,300000000.0,7538700000.0,7838700000.0,0.0,1048400000.0,0.0,0.006,0.96,661800000.0,1710200000.0,0.241,1710200000.0,661800000.0,448400000.0,2.74,2.72,2.74,12445000000.0,12038200000.0,12445000000.0,40597909080.0,61.0,23.739,606400000.0,2.915,1.0,4930500000.0,0.696,16034400000.0,213400000.0,13017200000.0,13035100000.0,2511700000.0,0.0,0.0,0.0,11576800000.0,2089400000.0,9487400000.0,33273509080.0,-1709300000.0,-235500000.0,140600000.0,-2027100000.0,-198800000.0,-2110400000.0,-614900000.0,40300000.0,1000100000.0,15900000.0,567700000.0,567700000.0,567700000.0,0.0,1700000.0,0.08,4296700000.0,633800000.0,329800000.0,0.35,2.674,58.611,58.423,2021900000.0,0.0,160.08,4.694,4.698,1380200000.0,10237700000.0,7088100000.0,7088100000.0,368000000.0,0.024,0.047,0.051,0.093,84800000.0,3119000000.0,1.0,207855504.0,208000000.0,210200000.0,34.077,7992200000.0,0.0,-119300000.0,1400600000.0,38.424,2910700000.0
2,ZBH,MRT,2020-12-31,2020-12-31,2020-12-31,2021-08-03,-297800000.0,24417700000.0,24400925000.0,5083300000.0,19334400000.0,0.288,58.909,-409600000.0,802100000.0,802100000.0,2128300000.0,-137400000.0,1.988,1.002,8126500000.0,500000000.0,7626500000.0,8126500000.0,0.0,1032700000.0,0.0,0.006,0.96,-63900000.0,968800000.0,0.138,968800000.0,-63900000.0,-275900000.0,-0.67,-0.67,-0.67,12194200000.0,11896600000.0,12194200000.0,39262424804.0,-614.0,40.527,794900000.0,3.84,1.0,4896200000.0,0.697,16317300000.0,212000000.0,12867900000.0,13017050000.0,2450700000.0,0.0,0.0,0.0,12218300000.0,2556900000.0,9661400000.0,31939524804.0,184200000.0,-235500000.0,129800000.0,-329800000.0,-198500000.0,-421800000.0,-613800000.0,53500000.0,1204500000.0,15300000.0,-138900000.0,-138900000.0,-138900000.0,0.0,1500000.0,-0.02,4984000000.0,-87800000.0,330000000.0,-1.433,2.619,-229.946,-229.985,2047700000.0,0.0,154.09,4.547,4.541,1452700000.0,10086900000.0,7024500000.0,7024500000.0,372000000.0,-0.006,-0.012,-0.005,-0.009,79700000.0,3177800000.0,1.0,207278375.0,207000000.0,207000000.0,33.935,8100400000.0,0.0,-137000000.0,1438000000.0,39.132,2526400000.0
3,ZBH,MRT,2020-09-30,2020-09-30,2020-09-30,2021-08-03,-287000000.0,24025500000.0,24456175000.0,5152600000.0,18872900000.0,0.289,57.326,-440800000.0,967300000.0,967300000.0,2063200000.0,-149800000.0,2.274,1.023,8290200000.0,450000000.0,7840200000.0,8290200000.0,0.0,1021200000.0,0.0,0.007,0.96,28400000.0,1049600000.0,0.149,1049600000.0,28400000.0,-182900000.0,-0.73,-0.76,-0.73,11872200000.0,11945075000.0,11872200000.0,35683663584.0,1256.0,33.997,761900000.0,3.679,1.0,5001700000.0,0.708,15889400000.0,211300000.0,13192800000.0,12785925000.0,2492200000.0,0.0,0.0,0.0,12147300000.0,2266200000.0,9881100000.0,28187763584.0,454800000.0,-37100000.0,130000000.0,-226200000.0,-198100000.0,-318200000.0,-435900000.0,53600000.0,1202700000.0,6200000.0,-151900000.0,-151900000.0,-151900000.0,0.0,2100000.0,-0.022,4993400000.0,8300000.0,334800000.0,-1.315,2.374,-185.568,-186.493,2042500000.0,0.0,136.14,3.99,3.991,1340700000.0,9802900000.0,7064900000.0,7064900000.0,393100000.0,-0.006,-0.013,0.002,0.004,84700000.0,3166100000.0,1.0,207049828.0,207100000.0,208500000.0,34.113,8136100000.0,0.0,-31000000.0,1568200000.0,39.286,2886400000.0
4,ZBH,MRT,2020-06-30,2020-06-30,2020-06-30,2021-08-03,-265800000.0,23647600000.0,24528600000.0,4706800000.0,18940800000.0,0.287,56.293,-500000000.0,713400000.0,713400000.0,2029500000.0,36100000.0,2.178,1.031,8209300000.0,450000000.0,7759300000.0,8209300000.0,0.0,1014100000.0,0.0,0.008,0.96,-37300000.0,976800000.0,0.139,976800000.0,-37300000.0,-251400000.0,0.2,0.16,0.2,11641400000.0,11997400000.0,11641400000.0,31924500208.0,-856.0,32.683,899300000.0,4.349,1.0,4998500000.0,0.711,15919800000.0,214100000.0,13062500000.0,12360200000.0,2496500000.0,0.0,0.0,0.0,12003700000.0,2161200000.0,9842500000.0,24683900208.0,310300000.0,-37100000.0,165100000.0,-523100000.0,-197700000.0,-574000000.0,-508100000.0,53600000.0,1399300000.0,-6900000.0,36700000.0,36700000.0,36700000.0,0.0,-600000.0,0.005,5043600000.0,-45100000.0,363400000.0,4.8,2.12,672.586,596.8,2056500000.0,0.0,119.36,3.512,3.512,1064500000.0,9610000000.0,7028000000.0,7028000000.0,421600000.0,0.001,0.003,-0.003,-0.005,82600000.0,3202500000.0,1.0,206802113.0,206800000.0,206800000.0,33.985,7727800000.0,0.0,-288100000.0,1616200000.0,37.368,2545600000.0
5,ZBH,MRT,2020-03-31,2020-03-31,2020-03-31,2021-08-03,-255100000.0,25512900000.0,24668125000.0,6370900000.0,19142000000.0,0.316,57.523,-745000000.0,2433600000.0,2433600000.0,2186300000.0,376200000.0,1.686,1.147,9674200000.0,1950000000.0,7724200000.0,9674200000.0,0.0,1011400000.0,0.0,0.009,0.96,330800000.0,1342200000.0,0.172,1342200000.0,330800000.0,111000000.0,1.85,1.81,1.85,11878600000.0,12001825000.0,11878600000.0,28466780538.0,86.0,21.209,1008100000.0,4.882,1.0,5604200000.0,0.719,16028900000.0,219800000.0,12945000000.0,12026125000.0,2463200000.0,0.0,0.0,0.0,13630200000.0,3779600000.0,9850600000.0,20863280538.0,1846800000.0,-37100000.0,168300000.0,891900000.0,-197200000.0,848100000.0,-745000000.0,53900000.0,1753100000.0,-9400000.0,377000000.0,377000000.0,377000000.0,0.0,-800000.0,0.048,5272900000.0,331300000.0,404900000.0,0.519,1.756,55.34,54.638,2065500000.0,0.0,101.08,2.678,2.679,1039100000.0,9866200000.0,7790500000.0,7790500000.0,446000000.0,0.015,0.031,0.028,0.042,80500000.0,3376300000.0,1.0,206403646.0,206500000.0,206500000.0,37.726,9484000000.0,0.0,-266000000.0,1639200000.0,45.927,2591300000.0
6,ZBH,MRT,2019-12-31,2019-12-31,2019-12-31,2021-08-03,-241900000.0,24638700000.0,24362150000.0,4723900000.0,19914800000.0,0.328,60.4,-720600000.0,617900000.0,617900000.0,2252600000.0,1131500000.0,1.373,0.989,8221400000.0,1500000000.0,6721400000.0,8221400000.0,0.0,1006100000.0,0.0,0.006,0.96,1132800000.0,2138900000.0,0.268,2138900000.0,1132800000.0,905900000.0,5.52,5.47,5.52,12388100000.0,11915775000.0,12388100000.0,38620235304.0,34.0,18.056,865200000.0,4.218,1.0,5729600000.0,0.718,16857300000.0,226900000.0,11943400000.0,12081200000.0,2385000000.0,0.0,0.0,0.0,12245900000.0,3441500000.0,8804400000.0,30786835304.0,75100000.0,-37100000.0,158200000.0,-731800000.0,-196700000.0,-779900000.0,-729300000.0,48100000.0,1585800000.0,-1500000.0,1131600000.0,1131600000.0,1131600000.0,0.0,-100000.0,0.142,4592100000.0,1137500000.0,400900000.0,0.174,2.485,27.206,27.116,2077400000.0,0.0,149.68,3.857,3.846,1363900000.0,10427300000.0,7982200000.0,7982200000.0,449300000.0,0.046,0.095,0.094,0.142,84300000.0,3343800000.0,1.0,205684362.0,205100000.0,206700000.0,38.919,7781400000.0,0.0,-225700000.0,1651900000.0,37.94,1282400000.0
7,ZBH,MRT,2019-09-30,2019-09-30,2019-09-30,2021-08-03,-223200000.0,24315200000.0,24234175000.0,4401500000.0,19913700000.0,0.327,58.848,-712500000.0,512500000.0,512500000.0,2253800000.0,-92400000.0,1.166,1.012,8345900000.0,2000000000.0,6345900000.0,8345900000.0,0.0,1007000000.0,0.0,0.007,0.96,-4100000.0,1002900000.0,0.127,1002900000.0,-4100000.0,-247100000.0,-0.48,-0.48,-0.48,12081500000.0,11636575000.0,12081500000.0,36499725121.0,-8902.0,36.394,829500000.0,4.04,1.0,5673700000.0,0.716,16884800000.0,243000000.0,11489900000.0,12300950000.0,2362300000.0,0.0,0.0,0.0,12229700000.0,3773900000.0,8455800000.0,28183525121.0,-12100000.0,-15300000.0,130400000.0,-807400000.0,-196300000.0,-872700000.0,-673700000.0,106700000.0,1542000000.0,-7700000.0,-90200000.0,-90200000.0,-90200000.0,0.0,-2200000.0,-0.011,5663500000.0,10200000.0,355200000.0,-2.0,2.333,-312.456,-285.979,2055300000.0,0.0,137.27,3.555,3.555,1150800000.0,10155300000.0,7927500000.0,7927500000.0,429400000.0,-0.004,-0.008,0.0,-0.001,81800000.0,3460200000.0,1.0,205314527.0,205300000.0,207000000.0,38.614,7430400000.0,0.0,-156900000.0,1693200000.0,36.193,627600000.0
8,ZBH,MRT,2019-06-30,2019-06-30,2019-06-30,2021-08-03,-171800000.0,24205700000.0,24500875000.0,4391200000.0,19814500000.0,0.321,56.929,-698300000.0,403100000.0,403100000.0,2247100000.0,-362300000.0,1.194,1.076,8719300000.0,2000000000.0,6719300000.0,8719300000.0,0.0,1016100000.0,0.0,0.008,0.96,-23400000.0,992700000.0,0.126,992700000.0,-23400000.0,-277100000.0,-1.78,-1.77,-1.78,11659100000.0,11670400000.0,11659100000.0,32336749840.0,-1382.0,32.575,749900000.0,3.662,1.0,5624700000.0,0.715,17117900000.0,253700000.0,11726200000.0,12739125000.0,2344500000.0,0.0,0.0,0.0,12543500000.0,3677800000.0,8865700000.0,24112949840.0,-78100000.0,-15300000.0,106300000.0,-783000000.0,-195900000.0,-872000000.0,-649000000.0,90500000.0,1448200000.0,-5300000.0,-359100000.0,-359100000.0,-359100000.0,0.0,-3200000.0,-0.046,5637000000.0,-12300000.0,347500000.0,-0.539,2.068,-67.148,-66.146,2035800000.0,0.0,117.74,3.063,3.063,1247100000.0,9772700000.0,7871800000.0,7871800000.0,410700000.0,-0.015,-0.031,-0.002,-0.003,79500000.0,3421500000.0,1.0,204798283.0,204800000.0,206200000.0,38.437,7087800000.0,0.0,82000000.0,1772500000.0,34.608,713400000.0
9,ZBH,MRT,2019-03-31,2019-03-31,2019-03-31,2021-08-03,-183500000.0,24289000000.0,24822150000.0,4499200000.0,19789800000.0,0.318,56.431,-453400000.0,586800000.0,586800000.0,2249500000.0,-309300000.0,1.995,1.105,8810600000.0,500000000.0,8310600000.0,8810600000.0,0.0,1024700000.0,0.0,0.008,0.96,68000000.0,1092700000.0,0.138,1092700000.0,68000000.0,-201300000.0,-1.52,-1.52,-1.52,11534400000.0,11766400000.0,11534400000.0,34502037773.0,507.0,31.575,1087100000.0,5.318,1.0,5641300000.0,0.715,17092500000.0,269300000.0,13165300000.0,13326775000.0,2310200000.0,0.0,0.0,0.0,12749700000.0,2255000000.0,10494700000.0,26106137773.0,-1178600000.0,-15300000.0,104400000.0,-2185900000.0,-195600000.0,-2279200000.0,-420400000.0,79700000.0,1540500000.0,-19500000.0,-307800000.0,-307800000.0,-307800000.0,0.0,-1500000.0,-0.039,5562300000.0,79000000.0,361100000.0,-0.632,2.263,-84.815,-84.013,2014000000.0,0.0,127.7,3.308,3.308,1225300000.0,9688100000.0,7890800000.0,7890800000.0,397700000.0,-0.012,-0.026,0.005,0.009,71900000.0,3374000000.0,1.0,204433342.0,204400000.0,205800000.0,38.605,7196500000.0,0.0,106500000.0,1831000000.0,35.208,2244200000.0
10,ZBH,MRT,2018-12-31,2018-12-31,2018-12-31,2021-08-03,-187400000.0,24126800000.0,25545200000.0,4427400000.0,19699400000.0,0.311,55.387,-439000000.0,542800000.0,542800000.0,2271900000.0,-379300000.0,1.829,1.14,8938700000.0,525000000.0,8413700000.0,8938700000.0,0.0,1040500000.0,0.0,0.009,0.96,18300000.0,1058800000.0,0.133,1058800000.0,18300000.0,-271000000.0,-1.86,-1.86,-1.86,11271300000.0,11882400000.0,11271300000.0,29829222977.0,1630.0,28.173,1308400000.0,6.429,1.0,5661000000.0,0.714,17279000000.0,289300000.0,12822400000.0,13570050000.0,2256500000.0,0.0,0.0,0.0,12850700000.0,2421300000.0,10429400000.0,21156422977.0,18400000.0,-15300000.0,107900000.0,-1196000000.0,-195200000.0,-1302200000.0,-416600000.0,69200000.0,1747400000.0,-10200000.0,-379200000.0,-379200000.0,-379200000.0,0.0,-100000.0,-0.048,5627200000.0,33800000.0,362600000.0,-0.516,1.877,-55.792,-55.763,2015400000.0,0.0,103.72,2.667,2.661,1275800000.0,9491200000.0,7932900000.0,7932900000.0,391700000.0,-0.015,-0.032,0.001,0.002,65500000.0,3379300000.0,1.0,203976311.0,203500000.0,203500000.0,38.982,6847800000.0,0.0,108200000.0,1808100000.0,33.65,2006100000.0
11,ZBH,MRT,2018-09-30,2018-09-30,2018-09-30,2021-08-03,-168100000.0,25382000000.0,26017000000.0,4513300000.0,20868700000.0,0.305,59.974,-446400000.0,524600000.0,524600000.0,2279900000.0,1754400000.0,1.887,1.077,9197400000.0,600000000.0,8597400000.0,9197400000.0,0.0,1050200000.0,0.0,0.007,0.96,768100000.0,1818300000.0,0.229,1818300000.0,768100000.0,469500000.0,8.66,8.58,8.66,12216800000.0,11998525000.0,12216800000.0,35784367477.0,47.0,19.68,1324400000.0,6.502,1.0,5650300000.0,0.713,18421000000.0,298600000.0,13242600000.0,13749600000.0,2219500000.0,0.0,0.0,0.0,13159000000.0,2391200000.0,10767800000.0,26752267477.0,43800000.0,0.0,116300000.0,-1155200000.0,-194800000.0,-1259600000.0,-462400000.0,0.0,1770800000.0,-5000000.0,1753300000.0,1753300000.0,1753300000.0,0.0,1100000.0,0.221,4866100000.0,784200000.0,345800000.0,0.111,2.19,15.258,15.181,2002400000.0,0.0,131.47,3.373,3.377,1262700000.0,10441200000.0,7930200000.0,7930200000.0,385500000.0,0.067,0.146,0.056,0.097,58900000.0,3245800000.0,1.0,203485719.0,203700000.0,205400000.0,38.931,6961000000.0,0.0,-1283800000.0,2032200000.0,34.173,2122100000.0
12,ZBH,MRT,2018-06-30,2018-06-30,2018-06-30,2021-08-03,-163000000.0,25490800000.0,26275875000.0,4475200000.0,21015600000.0,0.301,59.238,-426400000.0,481200000.0,481200000.0,2251800000.0,1691100000.0,2.414,1.117,9513300000.0,100000000.0,9413300000.0,9513300000.0,0.0,1056100000.0,0.0,0.009,0.96,756400000.0,1812500000.0,0.229,1812500000.0,756400000.0,443000000.0,8.35,8.27,8.35,12043100000.0,11556775000.0,12043100000.0,31999055789.0,42.0,17.655,1323800000.0,6.512,1.0,5654800000.0,0.715,18592500000.0,313400000.0,14076800000.0,13934300000.0,2158500000.0,0.0,0.0,0.0,13446600000.0,1853600000.0,11593000000.0,22652555789.0,31200000.0,0.0,96400000.0,-1157600000.0,-194500000.0,-1282600000.0,-444000000.0,0.0,1750200000.0,7600000.0,1689900000.0,1689900000.0,1689900000.0,0.0,1200000.0,0.214,4882700000.0,772100000.0,355700000.0,0.115,1.881,13.405,13.346,1986900000.0,0.0,111.44,2.865,2.865,1335300000.0,10327900000.0,7906600000.0,7906600000.0,381000000.0,0.064,0.146,0.054,0.096,52000000.0,3169800000.0,1.0,203271319.0,203300000.0,204600000.0,38.891,6898300000.0,0.0,-1246900000.0,2047600000.0,33.932,2621600000.0
13,ZBH,MRT,2018-03-31,2018-03-31,2018-03-31,2021-08-03,-51300000.0,27181200000.0,26517975000.0,5775300000.0,21405900000.0,0.296,59.105,-450600000.0,1765400000.0,1765400000.0,2195800000.0,1690300000.0,1.686,1.265,11111900000.0,1625000000.0,9486900000.0,11111900000.0,0.0,1058600000.0,0.0,0.009,0.96,742000000.0,1800600000.0,0.229,1800600000.0,742000000.0,421600000.0,8.35,8.27,8.35,11998400000.0,11115725000.0,11998400000.0,31769240702.0,43.0,17.644,1346800000.0,6.634,1.0,5652700000.0,0.72,18964800000.0,320400000.0,14138400000.0,13986850000.0,2125900000.0,0.0,0.0,0.0,15181700000.0,3424500000.0,11757200000.0,22151140702.0,725900000.0,-4000000.0,127300000.0,-530500000.0,-194100000.0,-624800000.0,-479400000.0,0.0,1797400000.0,32700000.0,1689100000.0,1689100000.0,1689100000.0,0.0,1200000.0,0.215,4896500000.0,756200000.0,347300000.0,0.115,1.846,13.114,13.059,2031300000.0,0.0,109.04,2.822,2.82,1418500000.0,10191700000.0,7848500000.0,7848500000.0,374500000.0,0.064,0.152,0.053,0.095,53600000.0,3130700000.0,1.0,203146925.0,203000000.0,204600000.0,38.663,8216400000.0,0.0,-1267500000.0,2041500000.0,40.475,2350800000.0
14,ZBH,MRT,2017-12-31,2017-12-31,2017-12-31,2021-08-03,-83200000.0,26014000000.0,26469625000.0,4564800000.0,21449200000.0,0.295,58.127,-493000000.0,524400000.0,524400000.0,2132900000.0,1813400000.0,1.487,1.217,10142500000.0,1225000000.0,8917500000.0,10142500000.0,0.0,1062700000.0,0.0,0.008,0.96,790300000.0,1853000000.0,0.237,1853000000.0,790300000.0,465000000.0,8.98,8.9,8.98,11735800000.0,10599475000.0,11735800000.0,34376326081.0,43.0,18.552,1089300000.0,5.395,1.0,5670400000.0,0.727,19021800000.0,325300000.0,13540600000.0,14319575000.0,2068300000.0,0.0,0.0,0.0,14278500000.0,3069700000.0,11208800000.0,24432426081.0,-109700000.0,-4000000.0,145500000.0,-1144700000.0,-193600000.0,-1210500000.0,-510800000.0,0.0,1582300000.0,29300000.0,1813800000.0,1813800000.0,1813800000.0,0.0,-400000.0,0.232,4871100000.0,799300000.0,330200000.0,0.107,2.082,13.47,13.438,2038600000.0,0.0,120.67,3.131,3.122,1544100000.0,10022800000.0,7803300000.0,7803300000.0,369900000.0,0.069,0.171,0.055,0.101,53700000.0,3104700000.0,1.0,202473076.0,201900000.0,203700000.0,38.649,6992200000.0,0.0,-1348800000.0,2010700000.0,34.632,1495100000.0
15,ZBH,MRT,2017-09-30,2017-09-30,2017-09-30,2021-08-03,-159900000.0,26417500000.0,26637225000.0,4433300000.0,21984200000.0,0.29,51.655,-514300000.0,480800000.0,480800000.0,2163300000.0,651900000.0,1.473,1.528,10424700000.0,1225000000.0,9199700000.0,10424700000.0,0.0,1050200000.0,0.0,0.008,0.96,954400000.0,2004600000.0,0.259,2004600000.0,954400000.0,619700000.0,3.24,3.19,3.24,10449800000.0,10082750000.0,10449800000.0,33908820273.0,36.0,16.916,1292300000.0,6.388,1.0,5569300000.0,0.72,19369800000.0,334700000.0,13981400000.0,14804650000.0,2084200000.0,0.0,0.0,0.0,15967300000.0,3010200000.0,12957100000.0,23675120273.0,5500000.0,-4000000.0,155700000.0,-1221600000.0,-193100000.0,-1286700000.0,-529400000.0,12800000.0,1806600000.0,15000000.0,652000000.0,652000000.0,652000000.0,0.0,-100000.0,0.084,4551400000.0,1017900000.0,327100000.0,0.296,2.266,36.312,36.139,2048600000.0,0.0,117.09,3.062,3.063,1318500000.0,8837200000.0,7732600000.0,7732600000.0,370600000.0,0.024,0.065,0.064,0.123,51500000.0,2990100000.0,1.0,202195920.0,202300000.0,204000000.0,38.223,7047700000.0,229600000.0,-32300000.0,3169400000.0,34.838,1423100000.0
16,ZBH,MRT,2017-06-30,2017-06-30,2017-06-30,2021-08-03,-264400000.0,26459200000.0,26791975000.0,4424100000.0,22035100000.0,0.289,50.936,-545600000.0,450000000.0,450000000.0,2141700000.0,711000000.0,1.476,1.574,10683700000.0,1329300000.0,9354400000.0,10683700000.0,0.0,1071800000.0,0.0,0.007,0.96,940800000.0,2012600000.0,0.26,2012600000.0,940800000.0,596900000.0,3.54,3.49,3.54,10278900000.0,9906675000.0,10278900000.0,36364393195.0,39.0,18.068,1150100000.0,5.699,1.0,5610600000.0,0.724,19409500000.0,343900000.0,14287000000.0,15324275000.0,2023900000.0,0.0,0.0,0.0,16179700000.0,2996400000.0,13183300000.0,25891093195.0,-526300000.0,-1262900000.0,163500000.0,-391500000.0,-192500000.0,-446800000.0,-1783200000.0,12600000.0,1695700000.0,8000000.0,712000000.0,712000000.0,712000000.0,0.0,-1000000.0,0.092,4608400000.0,1002200000.0,360200000.0,0.271,2.519,36.364,36.271,2057400000.0,0.0,128.4,3.34,3.342,1423000000.0,8787600000.0,7752300000.0,7752300000.0,375000000.0,0.027,0.072,0.061,0.121,54300000.0,3006100000.0,1.0,201644028.0,201800000.0,203700000.0,38.416,7049700000.0,0.0,-115100000.0,3128700000.0,34.934,1427700000.0
17,ZBH,MRT,2017-03-31,2017-03-31,2017-03-31,2021-08-03,-423800000.0,26987800000.0,26670000000.0,5079900000.0,21907900000.0,0.29,49.395,-547000000.0,1039500000.0,1039500000.0,2254100000.0,495200000.0,1.913,1.717,11512800000.0,975000000.0,10537800000.0,11512800000.0,0.0,1060000000.0,0.0,0.008,0.96,861000000.0,1921000000.0,0.248,1921000000.0,861000000.0,511300000.0,2.47,2.43,2.47,9933400000.0,9724050000.0,9933400000.0,35163840065.0,41.0,18.305,1087800000.0,5.409,1.0,5482700000.0,0.709,19335700000.0,349700000.0,15469300000.0,15643475000.0,1977000000.0,0.0,0.0,0.0,17053600000.0,2656100000.0,14397500000.0,24556540065.0,42700000.0,-1443000000.0,171400000.0,389400000.0,-191900000.0,345800000.0,-1920400000.0,61500000.0,1634800000.0,-17500000.0,496500000.0,496500000.0,496500000.0,0.0,-1300000.0,0.064,4559000000.0,923700000.0,335900000.0,0.389,2.472,49.459,49.437,2053200000.0,0.0,122.11,3.174,3.174,1600100000.0,8649600000.0,7736800000.0,7736800000.0,371000000.0,0.019,0.051,0.055,0.111,58600000.0,2985900000.0,1.0,201101794.0,201100000.0,203100000.0,38.472,7652100000.0,0.0,14800000.0,3155600000.0,38.051,2423800000.0
18,ZBH,MRT,2016-12-31,2016-12-31,2016-12-31,2021-08-03,-434000000.0,26684400000.0,26497375000.0,4663600000.0,22020800000.0,0.289,48.344,-530200000.0,634100000.0,634100000.0,2381800000.0,304600000.0,1.958,1.76,11241400000.0,575600000.0,10665800000.0,11241400000.0,0.0,1039300000.0,0.0,0.009,0.96,755900000.0,1795200000.0,0.234,1795200000.0,755900000.0,400900000.0,1.53,1.51,1.53,9668900000.0,9655625000.0,9668900000.0,31777615211.0,42.0,17.701,1102000000.0,5.51,1.0,5286600000.0,0.689,19429300000.0,355000000.0,15480900000.0,15847700000.0,1959400000.0,0.0,0.0,0.0,17014500000.0,2381500000.0,14633000000.0,20670915211.0,-825200000.0,-1443000000.0,-278900000.0,-259600000.0,-188400000.0,-743200000.0,-1691500000.0,284700000.0,1632200000.0,-22700000.0,305900000.0,305900000.0,305900000.0,0.0,-1300000.0,0.04,4465500000.0,821100000.0,364500000.0,0.627,2.138,67.574,67.451,2037900000.0,0.0,103.2,2.696,2.692,1604400000.0,8467100000.0,7668400000.0,7668400000.0,365600000.0,0.012,0.032,0.048,0.099,57300000.0,2944600000.0,1.0,200299566.0,200000000.0,202400000.0,38.342,7255100000.0,0.0,95000000.0,3688100000.0,36.276,2282100000.0
19,ZBH,MRT,2016-09-30,2016-09-30,2016-09-30,2021-08-03,-303400000.0,27036500000.0,26616425000.0,4698100000.0,22338400000.0,0.286,48.703,-498900000.0,475300000.0,475300000.0,2429300000.0,361600000.0,2.032,1.774,11582000000.0,575800000.0,11006200000.0,11582000000.0,0.0,1071600000.0,0.0,0.007,0.94,861500000.0,1933100000.0,0.254,1933100000.0,861500000.0,503700000.0,1.84,1.82,1.84,9745500000.0,9710375000.0,9745500000.0,36062823430.0,42.0,18.655,968600000.0,4.841,1.0,5175100000.0,0.681,19771200000.0,357800000.0,16059900000.0,16202550000.0,2070000000.0,13400000.0,13400000.0,0.0,17290300000.0,2312100000.0,14978200000.0,26005623430.0,-991600000.0,-1443000000.0,-423800000.0,-359200000.0,-185100000.0,-972500000.0,-1476000000.0,460200000.0,1467500000.0,-10600000.0,363300000.0,363300000.0,363300000.0,0.0,-1700000.0,0.048,4319000000.0,856100000.0,266300000.0,0.511,2.668,71.582,70.663,2080800000.0,0.0,130.02,3.42,3.421,1603600000.0,8442700000.0,7604400000.0,7604400000.0,355800000.0,0.014,0.037,0.053,0.113,-95300000.0,2900200000.0,1.0,200012486.0,200100000.0,202900000.0,38.003,7265300000.0,0.0,140400000.0,3251600000.0,36.308,2386000000.0
20,ZBH,MRT,2016-06-30,2016-06-30,2016-06-30,2021-08-03,-339300000.0,25971300000.0,26529575000.0,5050600000.0,20920700000.0,0.284,47.886,-450500000.0,976300000.0,976300000.0,2502100000.0,225900000.0,2.404,1.72,11033500000.0,500000000.0,10533500000.0,11033500000.0,0.0,1023000000.0,0.0,0.008,0.92,788200000.0,1811200000.0,0.24,1811200000.0,788200000.0,431100000.0,1.16,1.15,1.16,9548400000.0,9771900000.0,9548400000.0,34104977097.0,43.0,18.83,763000000.0,3.826,1.0,5031700000.0,0.668,18363500000.0,357100000.0,15563800000.0,16649350000.0,1962100000.0,0.0,0.0,0.0,16422000000.0,2101200000.0,14320800000.0,23984377097.0,-448300000.0,-131300000.0,-416300000.0,-1041600000.0,-174800000.0,-1635900000.0,-7600000.0,613900000.0,1213500000.0,-18300000.0,226700000.0,226700000.0,226700000.0,0.0,-800000.0,0.03,4255100000.0,776600000.0,243800000.0,0.793,2.512,105.798,103.776,2033800000.0,0.0,120.38,3.184,3.186,1593300000.0,8331900000.0,7533800000.0,7533800000.0,343500000.0,0.009,0.023,0.047,0.105,-20500000.0,2864800000.0,1.0,199238886.0,199400000.0,199400000.0,37.782,7607800000.0,0.0,204400000.0,3017800000.0,38.153,2949400000.0
21,ZBH,MRT,2016-03-31,2016-03-31,2016-03-31,2021-08-03,-242900000.0,26297300000.0,26837750000.0,5082000000.0,21215300000.0,0.252,48.274,-380100000.0,996800000.0,996800000.0,2156300000.0,83800000.0,3.355,1.722,11117400000.0,0.0,11117400000.0,11117400000.0,0.0,870300000.0,0.0,0.008,0.9,433500000.0,1303800000.0,0.193,1303800000.0,433500000.0,81800000.0,0.32,0.31,0.32,9659700000.0,9915825000.0,9659700000.0,31298703648.0,72.0,24.006,651000000.0,3.253,1.0,4611100000.0,0.681,18617100000.0,351700000.0,16286200000.0,17256875000.0,2082900000.0,13400000.0,13400000.0,0.0,16636300000.0,1514600000.0,15121700000.0,21201703648.0,-7796700000.0,-7760100000.0,-456500000.0,-662400000.0,-164400000.0,-1294800000.0,-7530000000.0,643600000.0,1031100000.0,-3000000.0,84400000.0,84400000.0,84400000.0,0.0,-600000.0,0.012,4168200000.0,442900000.0,252600000.0,2.812,2.195,251.205,333.219,2039000000.0,0.0,106.63,3.133,3.153,1568200000.0,8407500000.0,6767400000.0,6767400000.0,306200000.0,0.003,0.009,0.025,0.064,116200000.0,2577000000.0,1.0,198834321.0,200100000.0,202200000.0,33.82,7680200000.0,0.0,-2600000.0,3180700000.0,38.382,3567400000.0
22,ZBH,MRT,2015-12-31,2015-12-31,2015-12-31,2021-08-03,-329000000.0,27160600000.0,24560950000.0,5853700000.0,21306900000.0,0.244,52.764,-364200000.0,1459300000.0,1459300000.0,1800600000.0,146200000.0,3.618,1.747,11497400000.0,0.0,11497400000.0,11497400000.0,0.0,712400000.0,0.0,0.009,0.88,440600000.0,1153000000.0,0.192,1153000000.0,440600000.0,154000000.0,0.78,0.77,0.78,9887900000.0,9146150000.0,9887900000.0,31353482506.0,71.0,27.193,485600000.0,2.591,1.0,4197200000.0,0.7,18680500000.0,286600000.0,16900300000.0,16573775000.0,2254100000.0,164600000.0,164600000.0,0.0,17271200000.0,1617900000.0,15653300000.0,20905782506.0,376000000.0,-7760100000.0,-44800000.0,7307900000.0,-157100000.0,7106700000.0,-7557900000.0,588100000.0,849800000.0,-22600000.0,147000000.0,147000000.0,147000000.0,0.0,-800000.0,0.025,3729900000.0,467300000.0,284800000.0,1.128,2.114,142.216,131.526,2062600000.0,0.0,102.59,3.486,3.205,1446500000.0,8347700000.0,5997800000.0,5997800000.0,268800000.0,0.006,0.016,0.027,0.073,125000000.0,2284200000.0,1.0,203779925.0,187400000.0,189800000.0,32.005,8480100000.0,0.0,7000000.0,3297400000.0,45.251,4235800000.0
23,ZBH,MRT,2015-09-30,2015-09-30,2015-09-30,2021-08-03,-253100000.0,26689100000.0,20185300000.0,6394700000.0,20294400000.0,0.262,49.099,-330400000.0,1466900000.0,1466900000.0,1445100000.0,173200000.0,3.579,1.671,11914600000.0,225000000.0,11689600000.0,11914600000.0,0.0,520700000.0,0.0,0.009,0.88,425700000.0,946400000.0,0.179,946400000.0,425700000.0,213100000.0,1.02,1.0,1.02,9991600000.0,8311650000.0,9991600000.0,29727293612.0,70.0,31.411,418800000.0,2.058,1.0,3842000000.0,0.727,17503200000.0,212600000.0,17847100000.0,13813325000.0,2357800000.0,343300000.0,343300000.0,0.0,16695800000.0,1786500000.0,14909300000.0,19102093612.0,499600000.0,-7814400000.0,106800000.0,7431500000.0,-149800000.0,7382000000.0,-7597900000.0,561800000.0,749200000.0,-33700000.0,173800000.0,173800000.0,173800000.0,0.0,-600000.0,0.033,3361900000.0,480100000.0,223600000.0,0.863,1.912,109.908,92.088,1989000000.0,0.0,93.93,3.613,3.615,1385100000.0,8264800000.0,5287100000.0,5287100000.0,229200000.0,0.009,0.021,0.031,0.081,244500000.0,1999800000.0,1.0,203365204.0,203500000.0,205700000.0,25.981,9185900000.0,365800000.0,39300000.0,2927700000.0,45.14,4608200000.0
24,ZBH,MRT,2015-06-30,2015-06-30,2015-06-30,2021-08-03,-40500000.0,27204000000.0,15930750000.0,6751500000.0,20452500000.0,0.291,58.521,-311600000.0,1424600000.0,1424600000.0,1188900000.0,323900000.0,3.121,1.687,12049800000.0,300000000.0,11749800000.0,12049800000.0,0.0,372100000.0,0.0,0.008,0.88,549400000.0,921500000.0,0.199,921500000.0,549400000.0,411300000.0,1.93,1.9,1.93,10124100000.0,7448625000.0,10124100000.0,18880725534.0,34.0,20.489,594700000.0,3.438,1.0,3442000000.0,0.743,17672200000.0,138100000.0,17993900000.0,10884950000.0,2441400000.0,459000000.0,459000000.0,0.0,17078100000.0,2163100000.0,14915000000.0,18613025534.0,455900000.0,-7867200000.0,100000000.0,7566100000.0,-149300000.0,7510300000.0,-7921400000.0,269500000.0,906300000.0,-39300000.0,324700000.0,324700000.0,324700000.0,0.0,-800000.0,0.07,2822700000.0,619300000.0,268200000.0,0.456,1.838,57.324,56.596,1998600000.0,0.0,109.23,4.019,4.081,1490300000.0,8232300000.0,4630900000.0,4630900000.0,191800000.0,0.02,0.044,0.05,0.119,170100000.0,1730300000.0,1.0,170402138.0,173000000.0,173000000.0,26.768,9531800000.0,384500000.0,86600000.0,2856000000.0,55.097,4588400000.0
25,ZBH,MRT,2015-03-31,2015-03-31,2015-03-31,2021-08-03,-31500000.0,17190100000.0,11539325000.0,11917200000.0,5272900000.0,0.403,38.712,-358300000.0,8793500000.0,8793500000.0,1226200000.0,673800000.0,13.115,1.612,9061200000.0,0.0,9061200000.0,9061200000.0,0.0,363800000.0,0.0,0.007,0.88,957700000.0,1321500000.0,0.284,1321500000.0,957700000.0,886500000.0,3.98,3.93,3.98,6581000000.0,6530175000.0,6581000000.0,20309198993.0,21.0,15.368,604900000.0,3.558,1.0,3420000000.0,0.736,2995300000.0,71200000.0,13553800000.0,7923100000.0,1217000000.0,488400000.0,488400000.0,0.0,10607100000.0,908700000.0,9698400000.0,19966998993.0,7910800000.0,-54300000.0,173600000.0,7258600000.0,-148800000.0,7289200000.0,-303100000.0,116600000.0,963200000.0,-38500000.0,674800000.0,674800000.0,674800000.0,0.0,-1000000.0,0.145,2407700000.0,1012300000.0,174900000.0,0.221,3.034,29.59,29.528,1300700000.0,0.0,117.52,4.297,4.3,869800000.0,8426800000.0,4646200000.0,4646200000.0,188500000.0,0.058,0.103,0.121,0.206,33800000.0,1722200000.0,1.0,169902991.0,170000000.0,172900000.0,27.331,14194800000.0,301700000.0,211700000.0,57500000.0,83.499,11008500000.0
26,ZBH,MRT,2014-12-31,2014-12-31,2014-12-31,2021-08-03,38100000.0,9658000000.0,9586825000.0,4313300000.0,5344700000.0,0.487,38.757,-342300000.0,1083300000.0,1083300000.0,1242800000.0,719200000.0,4.212,0.474,1425500000.0,0.0,1425500000.0,1425500000.0,0.0,375800000.0,0.0,0.008,0.88,1003600000.0,1379400000.0,0.295,1379400000.0,1003600000.0,940500000.0,4.26,4.2,4.26,6549900000.0,6443750000.0,6549900000.0,19917211173.0,20.0,14.439,718200000.0,4.25,1.0,3430500000.0,0.734,3117700000.0,63100000.0,5858500000.0,6025775000.0,1193300000.0,612500000.0,612500000.0,0.0,3106300000.0,1024000000.0,2082300000.0,19208111173.0,2700000.0,-54300000.0,-116200000.0,-311800000.0,-145500000.0,-570100000.0,-469400000.0,-68700000.0,1060500000.0,-18300000.0,720300000.0,720300000.0,720300000.0,0.0,-1100000.0,0.154,2393200000.0,1037300000.0,145200000.0,0.207,2.933,26.667,26.624,1285300000.0,0.0,113.42,4.11,4.102,912100000.0,8362100000.0,4673300000.0,4673300000.0,187400000.0,0.075,0.112,0.167,0.215,38300000.0,1750700000.0,1.0,169353831.0,169000000.0,171700000.0,27.653,6540300000.0,194900000.0,220200000.0,126200000.0,38.7,3289300000.0
27,ZBH,MRT,2014-09-30,2014-09-30,2014-09-30,2021-08-03,268500000.0,9670900000.0,9567475000.0,4332700000.0,5338200000.0,0.49,38.695,-308200000.0,967300000.0,967300000.0,1252600000.0,824900000.0,3.964,0.479,1676400000.0,250000000.0,1426400000.0,1676400000.0,0.0,373300000.0,0.0,0.009,0.86,1147200000.0,1520500000.0,0.324,1520500000.0,1147200000.0,1083600000.0,4.88,4.8,4.88,6539500000.0,6380600000.0,6539500000.0,17703294500.0,15.0,11.643,690600000.0,4.086,1.0,3438500000.0,0.733,3153400000.0,63600000.0,6133600000.0,6016600000.0,1177500000.0,779800000.0,779800000.0,0.0,3129500000.0,1093000000.0,2036500000.0,16984594500.0,49900000.0,-74200000.0,-239100000.0,-60900000.0,-142000000.0,-429200000.0,-508300000.0,-183500000.0,998800000.0,-11400000.0,826400000.0,826400000.0,826400000.0,0.0,-1500000.0,0.176,2275700000.0,1162800000.0,149100000.0,0.176,2.597,20.553,20.605,1279000000.0,0.0,100.55,3.621,3.622,947600000.0,8165900000.0,4691100000.0,4691100000.0,186500000.0,0.086,0.13,0.191,0.245,79400000.0,1695900000.0,1.0,168916897.0,169000000.0,171700000.0,27.758,6517500000.0,324300000.0,257200000.0,229200000.0,38.565,3239700000.0
28,ZBH,MRT,2014-06-30,2014-06-30,2014-06-30,2021-08-03,356100000.0,9638300000.0,9489100000.0,4229800000.0,5408500000.0,0.491,38.303,-311700000.0,968700000.0,968700000.0,1285500000.0,806100000.0,4.439,0.494,1687400000.0,0.0,1687400000.0,1687400000.0,0.0,374300000.0,0.0,0.008,0.84,1116700000.0,1491000000.0,0.32,1491000000.0,1116700000.0,1052300000.0,4.77,4.69,4.77,6450300000.0,6279650000.0,6450300000.0,18227119624.0,16.0,12.225,724100000.0,4.3,1.0,3373900000.0,0.724,3257600000.0,64400000.0,6146500000.0,5984900000.0,1147200000.0,729300000.0,729300000.0,0.0,3186000000.0,952900000.0,2233100000.0,17429719624.0,258800000.0,-74200000.0,-183500000.0,-44600000.0,-138800000.0,-353000000.0,-429600000.0,-103200000.0,1035800000.0,5600000.0,807700000.0,807700000.0,807700000.0,0.0,-1600000.0,0.173,2254600000.0,1119300000.0,171800000.0,0.176,2.702,21.579,21.774,1275400000.0,0.0,103.86,3.741,3.754,950200000.0,8036500000.0,4659400000.0,4659400000.0,190000000.0,0.085,0.129,0.187,0.24,79800000.0,1711100000.0,1.0,167819367.0,168400000.0,171000000.0,27.669,6380700000.0,304100000.0,244600000.0,134600000.0,37.89,3276900000.0
29,ZBH,MRT,2014-03-31,2014-03-31,2014-03-31,2021-08-03,375700000.0,9380100000.0,9353875000.0,4046700000.0,5333400000.0,0.497,36.873,-298300000.0,882700000.0,882700000.0,1277500000.0,781700000.0,4.405,0.504,1680100000.0,0.0,1680100000.0,1680100000.0,0.0,374400000.0,0.0,0.009,0.82,1078800000.0,1453200000.0,0.313,1453200000.0,1078800000.0,1011900000.0,4.62,4.55,4.62,6235300000.0,6138550000.0,6235300000.0,16606116320.0,15.0,11.427,673100000.0,3.98,1.0,3368500000.0,0.725,3294300000.0,66900000.0,5964500000.0,5942000000.0,1125900000.0,705400000.0,705400000.0,0.0,3142400000.0,918700000.0,2223700000.0,16013916320.0,225700000.0,-74200000.0,-183300000.0,2800000.0,-135500000.0,-305500000.0,-433900000.0,-56700000.0,971400000.0,-6300000.0,783300000.0,783300000.0,783300000.0,0.0,-1600000.0,0.169,2299700000.0,1068800000.0,155300000.0,0.177,2.568,20.444,20.472,1235600000.0,0.0,94.58,3.447,3.442,939100000.0,7897300000.0,4646000000.0,4646000000.0,196900000.0,0.084,0.128,0.182,0.232,80200000.0,1733000000.0,1.0,169316092.0,169100000.0,171800000.0,27.475,6085800000.0,297300000.0,228600000.0,155100000.0,35.989,3128000000.0
30,ZBH,MRT,2013-12-31,2013-12-31,2013-12-31,2021-08-03,367100000.0,9580600000.0,9195000000.0,4197700000.0,5382900000.0,0.503,37.13,-292900000.0,1080600000.0,1080600000.0,1266700000.0,778600000.0,4.069,0.521,1672300000.0,0.0,1672300000.0,1672300000.0,0.0,358500000.0,0.0,0.009,0.8,1080000000.0,1438500000.0,0.311,1438500000.0,1080000000.0,1009900000.0,4.6,4.54,4.6,6297300000.0,6006625000.0,6297300000.0,16702306872.0,15.0,11.611,670200000.0,3.952,1.0,3356700000.0,0.726,3318900000.0,70100000.0,5821800000.0,5893275000.0,1074500000.0,727000000.0,727000000.0,0.0,3280500000.0,1031600000.0,2248900000.0,15933706872.0,196300000.0,-74200000.0,-246000000.0,-97500000.0,-132400000.0,-467300000.0,-282500000.0,98100000.0,963100000.0,-17000000.0,780400000.0,780400000.0,780400000.0,0.0,-1800000.0,0.169,2288100000.0,1068600000.0,146300000.0,0.174,2.53,20.417,20.259,1224700000.0,0.0,93.19,3.446,3.418,936600000.0,7712700000.0,4623400000.0,4623400000.0,203000000.0,0.085,0.13,0.183,0.234,78300000.0,1749300000.0,1.0,170980862.0,169600000.0,171800000.0,27.261,6261700000.0,271900000.0,229500000.0,221200000.0,36.92,3166100000.0
31,ZBH,MRT,2013-09-30,2013-09-30,2013-09-30,2021-08-03,324800000.0,9357400000.0,9052950000.0,3837200000.0,5520200000.0,0.504,36.092,-330800000.0,917400000.0,917400000.0,1244200000.0,676100000.0,4.771,0.525,1686000000.0,0.0,1686000000.0,1686000000.0,0.0,358600000.0,0.0,0.009,0.78,938900000.0,1297500000.0,0.284,1297500000.0,938900000.0,866400000.0,4.0,3.95,4.0,6135700000.0,5897525000.0,6135700000.0,14904931198.0,16.0,11.487,700100000.0,4.118,1.0,3319000000.0,0.727,3315000000.0,72500000.0,6006800000.0,5880450000.0,1081900000.0,588400000.0,588400000.0,0.0,3218400000.0,804200000.0,2414200000.0,13926731198.0,115900000.0,-59000000.0,-280000000.0,500000.0,-129600000.0,-403200000.0,-496900000.0,-66100000.0,1030900000.0,-14900000.0,677900000.0,677900000.0,677900000.0,0.0,-1800000.0,0.149,2398200000.0,920800000.0,146600000.0,0.195,2.27,20.544,20.535,1234100000.0,0.0,82.14,3.052,3.06,898900000.0,7510600000.0,4563200000.0,4563200000.0,213100000.0,0.075,0.115,0.16,0.206,72800000.0,1817300000.0,1.0,169548714.0,170000000.0,172200000.0,26.842,6042400000.0,252600000.0,188500000.0,41700000.0,35.544,3033000000.0
32,ZBH,MRT,2013-06-30,2013-06-30,2013-06-30,2021-08-03,296900000.0,9097400000.0,8909625000.0,3591700000.0,5505700000.0,0.507,34.869,-307600000.0,709900000.0,709900000.0,1171100000.0,699700000.0,4.466,0.545,1688100000.0,0.0,1688100000.0,1688100000.0,0.0,349400000.0,0.0,0.01,0.76,976700000.0,1326100000.0,0.294,1326100000.0,976700000.0,903000000.0,4.11,4.07,4.11,5885900000.0,5819850000.0,5885900000.0,13662983883.0,14.0,10.303,775600000.0,4.595,1.0,3343300000.0,0.741,3296400000.0,73700000.0,5974900000.0,5766850000.0,1052900000.0,525900000.0,525900000.0,0.0,3207800000.0,804300000.0,2403500000.0,12617183883.0,58900000.0,-59000000.0,-452700000.0,-4500000.0,-127200000.0,-579800000.0,-431600000.0,-27400000.0,1083200000.0,-12900000.0,701600000.0,701600000.0,701600000.0,0.0,-1900000.0,0.155,2384800000.0,958500000.0,165200000.0,0.185,2.144,17.983,18.234,1225200000.0,0.0,74.94,2.795,2.802,942500000.0,7389200000.0,4514400000.0,4514400000.0,217200000.0,0.079,0.121,0.169,0.216,72500000.0,1809300000.0,1.0,168363805.0,168800000.0,170700000.0,26.744,5801000000.0,239200000.0,201400000.0,44100000.0,34.366,2787400000.0
33,ZBH,MRT,2013-03-31,2013-03-31,2013-03-31,2021-08-03,316100000.0,8744600000.0,8789400000.0,3464000000.0,5280600000.0,0.509,33.833,-290700000.0,657000000.0,657000000.0,1129400000.0,762000000.0,4.538,0.531,1702800000.0,0.0,1702800000.0,1702800000.0,0.0,351400000.0,0.0,0.01,0.74,1068200000.0,1419600000.0,0.318,1419600000.0,1068200000.0,994700000.0,4.43,4.4,4.43,5707600000.0,5774875000.0,5707600000.0,13675417903.0,13.0,9.633,834300000.0,4.945,1.0,3340500000.0,0.747,3257500000.0,73500000.0,5769600000.0,5679600000.0,1039100000.0,544200000.0,544200000.0,0.0,3032200000.0,763300000.0,2268900000.0,12738817903.0,-17000000.0,-59000000.0,-632400000.0,-7200000.0,-125300000.0,-759900000.0,-374900000.0,-33400000.0,1125000000.0,-7200000.0,764000000.0,764000000.0,764000000.0,0.0,-2000000.0,0.171,2290500000.0,1050000000.0,174300000.0,0.167,2.232,16.674,16.98,1219500000.0,0.0,75.22,2.85,2.839,912500000.0,7271000000.0,4469900000.0,4469900000.0,219500000.0,0.087,0.132,0.188,0.239,69600000.0,1804600000.0,1.0,169354131.0,168700000.0,170700000.0,26.496,5487100000.0,210400000.0,230700000.0,41400000.0,32.526,2700700000.0
34,ZBH,MRT,2012-12-31,2012-12-31,2012-12-31,2021-08-03,343900000.0,9012400000.0,8754175000.0,3708700000.0,5303700000.0,0.511,33.51,-263600000.0,884300000.0,884300000.0,1125200000.0,752900000.0,4.283,0.537,1820900000.0,100100000.0,1720800000.0,1820900000.0,0.0,363100000.0,0.0,0.011,0.72,1065100000.0,1428200000.0,0.319,1428200000.0,1065100000.0,992200000.0,4.32,4.29,4.32,5860900000.0,5761650000.0,5860900000.0,12498551880.0,12.0,8.751,888300000.0,5.079,1.0,3346500000.0,0.748,3312500000.0,72900000.0,5770500000.0,5572875000.0,995300000.0,671600000.0,671600000.0,0.0,3146100000.0,866000000.0,2280100000.0,11565651880.0,116000000.0,-59000000.0,-438700000.0,93900000.0,-94400000.0,-436500000.0,-592100000.0,-251600000.0,1151900000.0,-7300000.0,755000000.0,755000000.0,755000000.0,0.0,-2100000.0,0.169,2299100000.0,1047400000.0,184100000.0,0.167,1.973,15.319,15.431,1210700000.0,0.0,66.66,2.586,2.607,884600000.0,7085900000.0,4471700000.0,4471700000.0,225600000.0,0.086,0.131,0.191,0.238,63300000.0,1807100000.0,1.0,173502118.0,174900000.0,176000000.0,25.567,5699900000.0,196600000.0,237200000.0,22800000.0,32.589,2842700000.0
35,ZBH,MRT,2012-09-30,2012-09-30,2012-09-30,2021-08-03,311200000.0,8784100000.0,8629900000.0,3631900000.0,5152200000.0,0.517,33.458,-248600000.0,801500000.0,801500000.0,1129500000.0,756700000.0,4.807,0.507,1734400000.0,300000.0,1734100000.0,1734400000.0,0.0,367200000.0,0.0,0.008,0.54,1064400000.0,1431600000.0,0.321,1431600000.0,1064400000.0,994200000.0,4.3,4.29,4.3,5825000000.0,5673225000.0,5825000000.0,12891757490.0,12.0,9.005,928400000.0,5.333,1.0,3329000000.0,0.747,3409100000.0,70200000.0,5552400000.0,5423925000.0,994100000.0,687400000.0,687400000.0,0.0,2953200000.0,755500000.0,2197700000.0,11812857490.0,248500000.0,-56800000.0,-445700000.0,164700000.0,-63200000.0,-340900000.0,-580800000.0,-223100000.0,1177000000.0,-6800000.0,758800000.0,758800000.0,758800000.0,0.0,-2100000.0,0.17,2280900000.0,1048100000.0,141100000.0,0.126,2.028,15.568,15.726,1185600000.0,0.0,67.62,2.65,2.64,874900000.0,6966300000.0,4458500000.0,4458500000.0,235200000.0,0.088,0.134,0.196,0.239,65100000.0,1808600000.0,1.0,174694720.0,174100000.0,175300000.0,25.609,5375000000.0,201700000.0,235400000.0,43000000.0,30.873,2876400000.0
36,ZBH,MRT,2012-06-30,2012-06-30,2012-06-30,2021-08-03,275500000.0,8616500000.0,8483575000.0,3478300000.0,5138200000.0,0.526,32.568,-262600000.0,651000000.0,651000000.0,1125700000.0,770200000.0,5.092,0.509,1729900000.0,3400000.0,1726500000.0,1729900000.0,0.0,375400000.0,0.0,0.006,0.36,1079000000.0,1454400000.0,0.326,1454400000.0,1079000000.0,1014100000.0,4.3,4.28,4.3,5706000000.0,5617100000.0,5706000000.0,12379638381.0,11.0,8.512,920000000.0,5.251,1.0,3338800000.0,0.748,3386400000.0,64900000.0,5625900000.0,5307250000.0,956000000.0,684900000.0,684900000.0,0.0,2904300000.0,683100000.0,2221200000.0,11336238381.0,26900000.0,-56800000.0,-908600000.0,543900000.0,-31700000.0,-393600000.0,-744000000.0,-365200000.0,1182600000.0,-18100000.0,772200000.0,772200000.0,772200000.0,0.0,-2000000.0,0.173,2273500000.0,1065300000.0,137200000.0,0.084,1.987,14.68,14.967,1176800000.0,0.0,64.36,2.539,2.526,906700000.0,6819400000.0,4464500000.0,4464500000.0,242700000.0,0.091,0.137,0.203,0.242,64500000.0,1822600000.0,1.0,176137946.0,175200000.0,176200000.0,25.482,5230100000.0,196600000.0,241900000.0,12200000.0,29.852,2795200000.0
37,ZBH,MRT,2012-03-31,2012-03-31,2012-03-31,2021-08-03,327600000.0,8603700000.0,8391750000.0,3322500000.0,5281200000.0,0.533,31.875,-254100000.0,674000000.0,674000000.0,1131700000.0,760000000.0,3.855,0.52,1717400000.0,144600000.0,1572800000.0,1717400000.0,0.0,370600000.0,0.0,0.003,0.18,1035200000.0,1405800000.0,0.314,1405800000.0,1035200000.0,975300000.0,4.14,4.12,4.14,5654700000.0,5694550000.0,5654700000.0,12400716629.0,12.0,8.821,948000000.0,5.344,1.0,3345200000.0,0.747,3442600000.0,59900000.0,5342700000.0,5047750000.0,937000000.0,555100000.0,555100000.0,0.0,2942100000.0,861800000.0,2080300000.0,11449716629.0,98400000.0,-56800000.0,-918800000.0,546600000.0,0.0,-368400000.0,-721700000.0,-358000000.0,1202100000.0,-13600000.0,761500000.0,761500000.0,761500000.0,0.0,-1500000.0,0.17,2322700000.0,1022500000.0,126000000.0,0.043,2.025,15.036,15.527,1192700000.0,0.0,64.28,2.558,2.547,895000000.0,6636300000.0,4476900000.0,4476900000.0,242400000.0,0.091,0.134,0.205,0.231,68100000.0,1839300000.0,1.0,178122539.0,177400000.0,178500000.0,25.236,5161100000.0,196700000.0,213800000.0,48100000.0,29.093,2460700000.0
38,ZBH,MRT,2011-12-31,2011-12-31,2011-12-31,2021-08-03,271400000.0,8515300000.0,8270250000.0,3276600000.0,5238700000.0,0.538,29.356,-269200000.0,768300000.0,768300000.0,1122000000.0,760000000.0,3.779,0.545,1719300000.0,143300000.0,1576000000.0,1719300000.0,0.0,359900000.0,0.0,0.0,0.0,1035000000.0,1394900000.0,0.313,1394900000.0,1035000000.0,979700000.0,4.05,4.03,4.05,5507200000.0,5746950000.0,5507200000.0,10562133486.0,10.0,7.572,907700000.0,4.838,1.0,3329800000.0,0.748,3424500000.0,55300000.0,5174700000.0,4827475000.0,929800000.0,455500000.0,455500000.0,0.0,3000500000.0,867100000.0,2133400000.0,9571633486.0,99400000.0,-56800000.0,-1006600000.0,545800000.0,0.0,-455800000.0,-624400000.0,-267300000.0,1176900000.0,2700000.0,760800000.0,760800000.0,760800000.0,0.0,-800000.0,0.171,2305700000.0,1024100000.0,143300000.0,0.0,1.738,12.581,13.19,1207300000.0,0.0,53.42,2.15,2.251,838800000.0,6426800000.0,4451800000.0,4451800000.0,238400000.0,0.092,0.132,0.214,0.232,68400000.0,1834300000.0,1.0,179176972.0,187600000.0,188700000.0,23.73,5090800000.0,210500000.0,218900000.0,8600000.0,27.136,2409500000.0
39,ZBH,MRT,2011-09-30,2011-09-30,2011-09-30,2021-08-03,370100000.0,8198800000.0,8141400000.0,3073300000.0,5125500000.0,0.543,29.838,-303200000.0,553000000.0,553000000.0,1092900000.0,638800000.0,4.556,0.462,1543500000.0,0.0,1543500000.0,1543500000.0,0.0,356300000.0,0.0,0.0,0.0,956400000.0,1312700000.0,0.297,1312700000.0,956400000.0,900200000.0,3.35,3.34,3.35,5600500000.0,5812975000.0,5600500000.0,10709764815.0,11.0,8.159,821600000.0,4.377,1.0,3326300000.0,0.753,3429000000.0,56200000.0,5085700000.0,4624475000.0,968400000.0,424900000.0,424900000.0,0.0,2590100000.0,674600000.0,1915500000.0,10186564815.0,-365600000.0,-82600000.0,-969500000.0,373000000.0,0.0,-592300000.0,-902600000.0,-480500000.0,1124800000.0,4500000.0,639100000.0,639100000.0,639100000.0,0.0,-300000.0,0.145,2380500000.0,945800000.0,108600000.0,0.0,1.819,15.939,15.964,1210300000.0,0.0,53.48,2.305,2.271,827900000.0,6302800000.0,4419200000.0,4419200000.0,230000000.0,0.079,0.11,0.207,0.216,69900000.0,1833900000.0,1.0,190474286.0,187700000.0,188800000.0,23.544,4769800000.0,230600000.0,261100000.0,39600000.0,25.412,2398700000.0
40,ZBH,MRT,2011-06-30,2011-06-30,2011-06-30,2021-08-03,447500000.0,8249200000.0,8092625000.0,3108300000.0,5140900000.0,0.538,31.414,-289600000.0,624100000.0,624100000.0,1060100000.0,638700000.0,4.578,0.371,1147300000.0,0.0,1147300000.0,1147300000.0,0.0,349100000.0,0.0,0.0,0.0,959800000.0,1308900000.0,0.301,1308900000.0,959800000.0,902400000.0,3.29,3.29,3.29,6015800000.0,5868325000.0,6015800000.0,12696537288.0,13.0,9.7,804900000.0,4.203,1.0,3292600000.0,0.756,3505500000.0,57400000.0,4587900000.0,4346125000.0,975100000.0,321400000.0,321400000.0,0.0,2233400000.0,679000000.0,1554400000.0,12131937288.0,-329600000.0,-82600000.0,-646000000.0,-2000000.0,0.0,-644100000.0,-797500000.0,-395700000.0,1094500000.0,17500000.0,638700000.0,638700000.0,638700000.0,0.0,0.0,0.147,2341800000.0,950800000.0,124000000.0,0.0,2.017,18.995,19.21,1213000000.0,0.0,63.2,2.787,2.781,888400000.0,6111300000.0,4352700000.0,4352700000.0,226300000.0,0.079,0.109,0.221,0.221,70000000.0,1801900000.0,1.0,191961030.0,191500000.0,192700000.0,22.73,4743700000.0,232600000.0,263700000.0,31100000.0,24.771,2429300000.0
41,ZBH,MRT,2011-03-31,2011-03-31,2011-03-31,2021-08-03,409700000.0,8117700000.0,7987150000.0,3030700000.0,5087000000.0,0.535,30.448,-292700000.0,575600000.0,575600000.0,1022800000.0,600400000.0,4.248,0.384,1140200000.0,0.0,1140200000.0,1140200000.0,0.0,341400000.0,0.0,0.0,0.0,925500000.0,1266900000.0,0.296,1266900000.0,925500000.0,866900000.0,3.05,3.05,3.05,5864300000.0,5798000000.0,5864300000.0,12102551904.0,13.0,9.553,823500000.0,4.276,1.0,3250200000.0,0.761,3507300000.0,58600000.0,4461600000.0,4185725000.0,958400000.0,290600000.0,290600000.0,0.0,2253400000.0,713400000.0,1540000000.0,11629351904.0,-245600000.0,-82600000.0,-619200000.0,-2000000.0,0.0,-618200000.0,-756000000.0,-352100000.0,1116200000.0,12400000.0,600400000.0,600400000.0,600400000.0,0.0,0.0,0.141,2330400000.0,919800000.0,127300000.0,0.0,1.983,19.369,19.846,1218300000.0,0.0,60.53,2.722,2.728,876300000.0,5908300000.0,4273000000.0,4273000000.0,223600000.0,0.075,0.104,0.221,0.217,69300000.0,1770200000.0,1.0,192125427.0,192600000.0,193800000.0,22.186,4610400000.0,225700000.0,266500000.0,24000000.0,23.938,2317300000.0
42,ZBH,MRT,2010-12-31,2010-12-31,2010-12-31,2021-08-03,321000000.0,7999900000.0,7913225000.0,3009700000.0,4990200000.0,0.533,28.857,-280200000.0,668900000.0,668900000.0,1012200000.0,596900000.0,4.284,0.386,1142100000.0,0.0,1142100000.0,1142100000.0,0.0,340200000.0,0.0,0.0,0.0,920400000.0,1260600000.0,0.299,1260600000.0,920400000.0,860200000.0,2.98,2.97,2.98,5771300000.0,5760400000.0,5771300000.0,10818744588.0,12.0,8.582,913300000.0,4.566,1.0,3208000000.0,0.76,3407900000.0,60200000.0,4362700000.0,4039350000.0,936400000.0,265100000.0,265100000.0,0.0,2228600000.0,702500000.0,1526100000.0,10598744588.0,-22800000.0,-82600000.0,-488700000.0,-2200000.0,0.0,-489600000.0,-726900000.0,-345800000.0,1193500000.0,200000.0,596900000.0,596900000.0,596900000.0,0.0,0.0,0.141,2291300000.0,916700000.0,129600000.0,0.0,1.836,17.756,18.013,1213800000.0,0.0,53.68,2.511,2.544,775900000.0,5699400000.0,4220200000.0,4220200000.0,218500000.0,0.075,0.104,0.228,0.218,64900000.0,1759100000.0,1.0,197443081.0,200000000.0,201100000.0,21.101,4592000000.0,235700000.0,263300000.0,48900000.0,22.96,2307200000.0
43,ZBH,MRT,2010-09-30,2010-09-30,2010-09-30,2021-08-03,325300000.0,8003700000.0,7859625000.0,3007300000.0,4996400000.0,0.533,29.3,-225900000.0,918600000.0,918600000.0,1012500000.0,717200000.0,4.305,0.375,1138600000.0,0.0,1138600000.0,1138600000.0,0.0,337300000.0,0.0,0.0,0.0,1034100000.0,1371400000.0,0.327,1371400000.0,1034100000.0,980500000.0,3.53,3.52,3.53,5821900000.0,5727250000.0,5821900000.0,10693198009.0,10.0,7.797,1012100000.0,5.094,1.0,3180300000.0,0.759,3552800000.0,53600000.0,3972300000.0,3920975000.0,925400000.0,63000000.0,63000000.0,0.0,2181800000.0,698600000.0,1483200000.0,10516298009.0,478900000.0,-39500000.0,-909100000.0,519300000.0,0.0,-388400000.0,-368700000.0,-110500000.0,1238000000.0,-2000000.0,717200000.0,717200000.0,717200000.0,0.0,0.0,0.171,2148000000.0,1032300000.0,116500000.0,0.0,1.806,14.663,14.824,1177400000.0,0.0,52.33,2.508,2.48,757800000.0,5664500000.0,4192800000.0,4192800000.0,213700000.0,0.091,0.125,0.264,0.247,67800000.0,1757600000.0,1.0,200961162.0,198700000.0,199700000.0,21.101,4450900000.0,237800000.0,263300000.0,57600000.0,22.4,2308700000.0
44,ZBH,MRT,2010-06-30,2010-06-30,2010-06-30,2021-08-03,224100000.0,7827300000.0,7770725000.0,2982800000.0,4844500000.0,0.541,28.403,-217900000.0,953700000.0,953700000.0,1042700000.0,676000000.0,4.956,0.365,1130600000.0,0.0,1130600000.0,1130600000.0,0.0,341800000.0,0.0,0.0,0.0,966500000.0,1308300000.0,0.311,1308300000.0,966500000.0,922900000.0,3.27,3.26,3.27,5734500000.0,5766450000.0,5734500000.0,11217350847.0,12.0,8.574,1052100000.0,5.211,1.0,3160700000.0,0.752,3456100000.0,43600000.0,3946300000.0,3770900000.0,885800000.0,33000000.0,33000000.0,0.0,2092800000.0,601800000.0,1491000000.0,10961750847.0,676200000.0,-39500000.0,-750800000.0,460300000.0,0.0,-289900000.0,-298800000.0,-33400000.0,1270000000.0,-5100000.0,676000000.0,676000000.0,676000000.0,0.0,0.0,0.161,2196000000.0,964700000.0,115000000.0,0.0,1.912,16.216,16.529,1170600000.0,0.0,54.05,2.608,2.596,765100000.0,5473400000.0,4203400000.0,4203400000.0,208600000.0,0.087,0.117,0.256,0.23,70600000.0,1758500000.0,1.0,202807605.0,201900000.0,203000000.0,20.819,4371200000.0,217600000.0,246900000.0,25400000.0,21.65,2381000000.0
45,ZBH,MRT,2010-03-31,2010-03-31,2010-03-31,2021-08-03,304900000.0,7822000000.0,7679425000.0,2873800000.0,4948200000.0,0.542,28.147,-231700000.0,871400000.0,871400000.0,1028900000.0,720600000.0,4.386,0.369,1127000000.0,0.0,1127000000.0,1127000000.0,0.0,342700000.0,0.0,0.0,0.0,1034900000.0,1377600000.0,0.331,1377600000.0,1034900000.0,1001600000.0,3.43,3.42,3.43,5713900000.0,5784225000.0,5713900000.0,12374626100.0,12.0,8.983,960700000.0,4.733,1.0,3136700000.0,0.753,3546300000.0,33300000.0,3876100000.0,3653575000.0,896500000.0,0.0,0.0,0.0,2108100000.0,655200000.0,1452900000.0,12005226100.0,608400000.0,-39500000.0,-704700000.0,450300000.0,0.0,-254100000.0,-334600000.0,-50400000.0,1192400000.0,4700000.0,720600000.0,720600000.0,720600000.0,0.0,0.0,0.173,2103600000.0,1033100000.0,136000000.0,0.0,2.101,16.66,17.259,1190500000.0,0.0,59.2,2.882,2.885,767100000.0,5307900000.0,4165600000.0,4165600000.0,204300000.0,0.094,0.125,0.283,0.248,74900000.0,1752500000.0,1.0,202790978.0,203000000.0,204200000.0,20.52,4275700000.0,220800000.0,281000000.0,67900000.0,21.063,2218600000.0
46,ZBH,MRT,2009-12-31,2009-12-31,2009-12-31,2021-08-03,358600000.0,7785500000.0,7531900000.0,2738000000.0,5047500000.0,0.544,26.227,-264600000.0,691700000.0,691700000.0,990700000.0,717400000.0,3.964,0.381,1127600000.0,0.0,1127600000.0,1127600000.0,0.0,337400000.0,0.0,0.0,0.0,1020600000.0,1358000000.0,0.332,1358000000.0,1020600000.0,998200000.0,3.34,3.32,3.34,5638700000.0,5744600000.0,5638700000.0,12746889908.0,12.0,9.387,852900000.0,3.967,1.0,3104700000.0,0.758,3641500000.0,22400000.0,3889200000.0,3524875000.0,913200000.0,66400000.0,66400000.0,0.0,2146800000.0,690700000.0,1456100000.0,12589189908.0,479100000.0,-39500000.0,-914200000.0,660300000.0,0.0,-262100000.0,-381200000.0,-66400000.0,1117500000.0,4900000.0,717400000.0,717400000.0,717400000.0,0.0,0.0,0.175,2085900000.0,1018800000.0,134600000.0,0.0,2.233,17.548,17.698,1221700000.0,0.0,59.11,3.074,3.103,751400000.0,5102500000.0,4095400000.0,4095400000.0,205700000.0,0.095,0.125,0.29,0.249,78400000.0,1729000000.0,1.0,212979017.0,215000000.0,215800000.0,19.048,4144000000.0,209900000.0,280800000.0,57500000.0,19.274,2047300000.0
47,ZBH,MRT,2009-09-30,2009-09-30,2009-09-30,2021-08-03,351200000.0,7648100000.0,7395275000.0,2448800000.0,5199300000.0,0.543,27.99,-434000000.0,442500000.0,442500000.0,959400000.0,729800000.0,3.619,0.279,600200000.0,0.0,600200000.0,600200000.0,0.0,328700000.0,0.0,0.0,0.0,1019900000.0,1348600000.0,0.336,1348600000.0,1019900000.0,1003800000.0,3.34,3.34,3.34,5978700000.0,5747500000.0,5978700000.0,11827830734.0,12.0,8.77,504900000.0,2.364,1.0,3058900000.0,0.761,3757100000.0,16100000.0,3372000000.0,3319025000.0,972100000.0,0.0,0.0,0.0,1669400000.0,676700000.0,992700000.0,11454530734.0,-102700000.0,-381800000.0,-442100000.0,251000000.0,0.0,-199600000.0,-832700000.0,0.0,938900000.0,-9300000.0,729700000.0,729700000.0,729700000.0,0.0,100000.0,0.182,2038900000.0,1020000000.0,121000000.0,0.0,1.916,15.698,16.003,1239700000.0,0.0,53.45,2.851,2.841,743200000.0,4947700000.0,4018300000.0,4018300000.0,202300000.0,0.099,0.127,0.307,0.254,79700000.0,1703400000.0,1.0,214303658.0,213600000.0,214500000.0,18.812,3891000000.0,225500000.0,274100000.0,15600000.0,18.216,1772100000.0
48,ZBH,MRT,2009-06-30,2009-06-30,2009-06-30,2021-08-03,282400000.0,7462100000.0,7252950000.0,2328700000.0,5133400000.0,0.551,27.041,-512800000.0,280200000.0,280200000.0,947300000.0,794900000.0,3.48,0.285,653500000.0,0.0,653500000.0,653500000.0,0.0,307300000.0,0.0,0.0,0.0,1025900000.0,1333200000.0,0.334,1333200000.0,1025900000.0,1042200000.0,3.6,3.59,3.6,5805600000.0,5658150000.0,5805600000.0,9608048554.0,9.0,7.207,381700000.0,1.778,1.0,3047600000.0,0.763,3689200000.0,-16300000.0,3477000000.0,3141875000.0,980900000.0,0.0,0.0,0.0,1656500000.0,669200000.0,987300000.0,9163148554.0,-110600000.0,-381800000.0,-419200000.0,310000000.0,0.0,-116500000.0,-862000000.0,42900000.0,894500000.0,-26600000.0,794500000.0,794500000.0,794500000.0,0.0,400000.0,0.199,2021300000.0,1026300000.0,144000000.0,0.0,1.578,11.533,11.833,1254400000.0,0.0,42.6,2.294,2.289,768700000.0,4797800000.0,3994900000.0,3994900000.0,198000000.0,0.11,0.14,0.327,0.257,72800000.0,1694200000.0,1.0,215097394.0,214700000.0,215500000.0,18.607,3772900000.0,217100000.0,247700000.0,16400000.0,17.573,1659500000.0
49,ZBH,MRT,2009-03-31,2009-03-31,2009-03-31,2021-08-03,228700000.0,7231900000.0,7123025000.0,2195700000.0,5036200000.0,0.569,25.081,-570200000.0,215500000.0,215500000.0,972800000.0,812200000.0,3.121,0.302,660400000.0,0.0,660400000.0,660400000.0,0.0,292900000.0,0.0,0.0,0.0,1037500000.0,1330400000.0,0.328,1330400000.0,1037500000.0,1064600000.0,3.61,3.6,3.61,5555400000.0,5583000000.0,5555400000.0,8378441385.0,8.0,6.298,409800000.0,1.85,1.0,3081700000.0,0.76,3611900000.0,-27100000.0,3361300000.0,2930050000.0,947000000.0,0.0,0.0,0.0,1676500000.0,703600000.0,972900000.0,8133641385.0,-263200000.0,-381800000.0,-850600000.0,540000000.0,0.0,-313500000.0,-897700000.0,54900000.0,980000000.0,-32000000.0,811500000.0,811500000.0,811500000.0,0.0,700000.0,0.2,2043500000.0,1038200000.0,156300000.0,0.0,1.464,10.023,10.111,1257200000.0,0.0,36.5,2.006,1.994,725600000.0,4587700000.0,4054500000.0,4054500000.0,196400000.0,0.114,0.145,0.354,0.256,77200000.0,1709900000.0,1.0,222839490.0,221500000.0,222100000.0,18.305,3620000000.0,204200000.0,253100000.0,69000000.0,16.343,1492100000.0
50,ZBH,MRT,2008-12-31,2008-12-31,2008-12-31,2021-08-03,240000000.0,7239000000.0,7044850000.0,2178600000.0,5060400000.0,0.585,24.858,-597300000.0,215300000.0,215300000.0,997300000.0,849500000.0,2.825,0.281,460100000.0,0.0,460100000.0,460100000.0,0.0,275100000.0,0.0,0.0,0.0,1089100000.0,1364200000.0,0.331,1364200000.0,1089100000.0,1120900000.0,3.73,3.72,3.73,5650300000.0,5620775000.0,5650300000.0,8863140373.0,8.0,6.497,440800000.0,1.939,1.0,3123800000.0,0.758,3646900000.0,-31800000.0,3065800000.0,2669875000.0,928300000.0,0.0,0.0,0.0,1585100000.0,771100000.0,814000000.0,9077140373.0,-251300000.0,-381800000.0,-680000000.0,330000000.0,0.0,-343500000.0,-924200000.0,54900000.0,1038100000.0,-21700000.0,848600000.0,848600000.0,848600000.0,0.0,900000.0,0.206,2033800000.0,1090000000.0,186400000.0,0.0,1.606,10.697,10.836,1264100000.0,0.0,40.42,2.203,2.229,732800000.0,4385500000.0,4121100000.0,4121100000.0,192300000.0,0.12,0.151,0.408,0.264,75900000.0,1704000000.0,1.0,224570530.0,227300000.0,228300000.0,18.131,3592100000.0,198300000.0,272300000.0,26600000.0,15.803,1407500000.0
51,ZBH,MRT,2008-09-30,2008-09-30,2008-09-30,2021-08-03,354700000.0,7078800000.0,6893525000.0,2333300000.0,4745500000.0,0.604,25.017,-482900000.0,545100000.0,545100000.0,1008100000.0,946200000.0,2.783,0.259,331100000.0,0.0,331100000.0,331100000.0,0.0,258400000.0,0.0,0.0,0.0,1201200000.0,1459600000.0,0.35,1459600000.0,1201200000.0,1238300000.0,4.1,4.08,4.1,5621300000.0,5570600000.0,5621300000.0,14479310004.0,12.0,9.92,770200000.0,3.428,1.0,3156300000.0,0.758,3362900000.0,-37100000.0,2663400000.0,2442875000.0,843000000.0,0.0,0.0,0.0,1454000000.0,838500000.0,615500000.0,14540910004.0,229400000.0,108100000.0,-746400000.0,220000000.0,0.0,-519400000.0,-498800000.0,54900000.0,1253100000.0,-5500000.0,944900000.0,944900000.0,944900000.0,0.0,1300000.0,0.227,1954100000.0,1202200000.0,165600000.0,0.0,2.587,15.389,15.746,1188000000.0,0.0,64.56,3.492,3.483,691600000.0,4218000000.0,4164400000.0,4164400000.0,167800000.0,0.137,0.17,0.492,0.288,71800000.0,1697700000.0,1.0,225230955.0,224700000.0,225600000.0,18.533,3715900000.0,197200000.0,293400000.0,48200000.0,16.537,1494800000.0
52,ZBH,MRT,2008-06-30,2008-06-30,2008-06-30,2021-08-03,423200000.0,6942400000.0,6715625000.0,2208100000.0,4734300000.0,0.613,24.102,-429000000.0,390900000.0,390900000.0,970100000.0,775700000.0,2.733,0.261,329300000.0,0.0,329300000.0,329300000.0,0.0,249800000.0,0.0,0.0,0.0,1117300000.0,1367100000.0,0.332,1367100000.0,1117300000.0,1128000000.0,3.33,3.32,3.33,5505000000.0,5478575000.0,5505000000.0,15391044531.0,14.0,11.258,683000000.0,2.99,1.0,3145300000.0,0.764,3443200000.0,-10700000.0,2629700000.0,2314250000.0,800700000.0,0.0,0.0,0.0,1434100000.0,807900000.0,626200000.0,15752944531.0,29400000.0,112100000.0,-848400000.0,220000000.0,0.0,-621000000.0,-472700000.0,12000000.0,1112000000.0,11100000.0,774700000.0,774700000.0,774700000.0,0.0,1000000.0,0.188,2027400000.0,1117900000.0,184000000.0,0.0,2.862,20.334,20.435,1113700000.0,0.0,68.05,3.828,3.777,782500000.0,4003300000.0,4115400000.0,4115400000.0,172900000.0,0.115,0.141,0.483,0.271,73900000.0,1646600000.0,1.0,231490725.0,228400000.0,229500000.0,18.018,3499200000.0,176800000.0,353300000.0,27800000.0,15.32,1400200000.0
53,ZBH,MRT,2008-03-31,2008-03-31,2008-03-31,2021-08-03,412400000.0,6919200000.0,6560225000.0,2222600000.0,4696600000.0,0.611,24.544,-388900000.0,478800000.0,478800000.0,924200000.0,779800000.0,2.816,0.212,116900000.0,0.0,116900000.0,116900000.0,0.0,238400000.0,0.0,0.0,0.0,1131600000.0,1370000000.0,0.342,1370000000.0,1131600000.0,1136800000.0,3.32,3.3,3.32,5706500000.0,5423150000.0,5706500000.0,17793753940.0,16.0,12.988,745200000.0,3.205,1.0,3082300000.0,0.769,3447500000.0,-5200000.0,2320600000.0,2195800000.0,756600000.0,0.0,0.0,0.0,1209700000.0,789200000.0,420500000.0,18155853940.0,150000000.0,0.0,-459600000.0,0.0,0.0,-451000000.0,-543300000.0,0.0,1134100000.0,10200000.0,779100000.0,779100000.0,779100000.0,0.0,700000.0,0.194,1950300000.0,1132000000.0,164700000.0,0.0,3.182,23.304,23.452,1039000000.0,0.0,77.86,4.532,4.518,759300000.0,3776200000.0,4006500000.0,4006500000.0,178100000.0,0.119,0.144,0.515,0.282,71000000.0,1572900000.0,1.0,233185894.0,232500000.0,233900000.0,17.232,3471700000.0,173600000.0,357700000.0,68500000.0,14.932,1433400000.0
54,ZBH,MRT,2007-12-31,2007-12-31,2007-12-31,2021-08-03,290300000.0,6633700000.0,6354900000.0,2082700000.0,4551000000.0,0.613,23.141,-331200000.0,466400000.0,466400000.0,875900000.0,773700000.0,2.782,0.217,104300000.0,0.0,104300000.0,104300000.0,0.0,230000000.0,0.0,0.0,0.0,1127100000.0,1357100000.0,0.348,1357100000.0,1127100000.0,1131100000.0,3.28,3.26,3.28,5449600000.0,5275675000.0,5449600000.0,15314788325.0,14.0,11.285,753200000.0,3.198,1.0,3021600000.0,0.775,3365200000.0,-4000000.0,2157800000.0,2139525000.0,727800000.0,0.0,0.0,0.0,1181300000.0,748600000.0,432700000.0,15527088325.0,198200000.0,0.0,-426500000.0,0.0,0.0,-399500000.0,-491500000.0,0.0,1084400000.0,4800000.0,773200000.0,773200000.0,773200000.0,0.0,500000.0,0.198,1894000000.0,1127600000.0,174100000.0,0.0,2.849,20.082,20.168,971900000.0,0.0,66.15,3.984,3.997,674300000.0,3536900000.0,3897500000.0,3897500000.0,182600000.0,0.122,0.147,0.527,0.289,83900000.0,1516700000.0,1.0,234725440.0,235500000.0,237500000.0,16.55,3268500000.0,154800000.0,357900000.0,85100000.0,13.879,1334100000.0
55,ZBH,MRT,2007-09-30,2007-09-30,2007-09-30,2021-08-03,264900000.0,6367200000.0,6190075000.0,1899900000.0,4467300000.0,0.607,22.364,-314900000.0,315500000.0,315500000.0,829500000.0,754100000.0,2.686,0.212,103200000.0,0.0,103200000.0,103200000.0,0.0,220200000.0,0.0,0.0,0.0,1113600000.0,1333800000.0,0.355,1333800000.0,1113600000.0,1118000000.0,3.18,3.15,3.18,5253200000.0,5143400000.0,5253200000.0,18862377719.0,17.0,14.142,594700000.0,2.532,1.0,2928100000.0,0.779,3298700000.0,-4400000.0,2148900000.0,2087450000.0,732200000.0,0.0,0.0,0.0,1111500000.0,707300000.0,404200000.0,19128177719.0,37400000.0,-129500000.0,-466800000.0,0.0,0.0,-436000000.0,-444400000.0,0.0,909600000.0,8200000.0,754100000.0,754100000.0,754100000.0,0.0,0.0,0.201,1814100000.0,1114000000.0,129000000.0,0.0,3.641,25.366,25.469,914000000.0,0.0,80.99,5.091,5.063,652100000.0,3273100000.0,3757600000.0,3757600000.0,204400000.0,0.122,0.147,0.533,0.296,88100000.0,1434100000.0,1.0,236179506.0,234900000.0,236800000.0,15.997,3068500000.0,145600000.0,363900000.0,110100000.0,13.063,1192600000.0
56,ZBH,MRT,2007-06-30,2007-06-30,2007-06-30,2021-08-03,213200000.0,6320800000.0,6075400000.0,1949300000.0,4371500000.0,0.605,22.302,-296700000.0,361000000.0,361000000.0,813500000.0,892900000.0,3.032,0.196,95200000.0,0.0,95200000.0,95200000.0,0.0,213300000.0,0.0,0.0,0.0,1242100000.0,1455400000.0,0.396,1455400000.0,1242100000.0,1245300000.0,3.75,3.72,3.75,5283300000.0,5031100000.0,5283300000.0,19871548274.0,16.0,13.654,731800000.0,3.089,1.0,2860700000.0,0.779,3256200000.0,-3200000.0,2155900000.0,1997475000.0,682900000.0,0.0,0.0,0.0,1034900000.0,642900000.0,392000000.0,20099948274.0,22900000.0,-133500000.0,-630400000.0,18800000.0,0.0,-580500000.0,-430200000.0,0.0,1028500000.0,5100000.0,892900000.0,892900000.0,892900000.0,0.0,0.0,0.243,1618200000.0,1242500000.0,141300000.0,0.0,3.804,22.511,22.637,865900000.0,0.0,84.89,5.471,5.473,689700000.0,3228600000.0,3674200000.0,3674200000.0,198100000.0,0.147,0.177,0.622,0.338,93200000.0,1411900000.0,1.0,236776399.0,236900000.0,239200000.0,15.509,3064600000.0,148400000.0,352400000.0,68600000.0,12.936,1306400000.0
57,ZBH,MRT,2007-03-31,2007-03-31,2007-03-31,2021-08-03,223300000.0,6097900000.0,5986100000.0,1886600000.0,4211300000.0,0.599,21.598,-267600000.0,328400000.0,328400000.0,797100000.0,862300000.0,3.15,0.191,100000000.0,0.0,100000000.0,100000000.0,0.0,204600000.0,0.0,0.0,0.0,1201400000.0,1406000000.0,0.392,1406000000.0,1201400000.0,1204500000.0,3.59,3.56,3.59,5116600000.0,4934225000.0,5116600000.0,20087622160.0,17.0,14.287,763400000.0,3.222,1.0,2788100000.0,0.778,3175100000.0,-3100000.0,2095500000.0,1912025000.0,658800000.0,0.0,0.0,0.0,978900000.0,598900000.0,380000000.0,20256122160.0,-77800000.0,-34900000.0,-855900000.0,18800000.0,0.0,-810900000.0,-308400000.0,0.0,1031000000.0,10500000.0,862300000.0,862300000.0,862300000.0,0.0,0.0,0.241,1586200000.0,1201900000.0,128600000.0,0.0,3.959,23.491,23.791,820600000.0,0.0,85.41,5.65,5.644,692500000.0,2997100000.0,3585200000.0,3585200000.0,193200000.0,0.144,0.175,0.628,0.335,90000000.0,1382400000.0,1.0,237163344.0,236900000.0,239200000.0,15.134,2922800000.0,152300000.0,342200000.0,69100000.0,12.338,1287700000.0
58,ZBH,MRT,2006-12-31,2006-12-31,2006-12-31,2021-08-03,209200000.0,5974400000.0,5940925000.0,1746200000.0,4228200000.0,0.588,20.249,-252100000.0,268100000.0,268100000.0,780100000.0,834500000.0,2.78,0.214,99600000.0,0.0,99600000.0,99600000.0,0.0,197400000.0,0.0,0.0,0.0,1164700000.0,1362100000.0,0.39,1362100000.0,1164700000.0,1168500000.0,3.43,3.4,3.43,4920500000.0,4886100000.0,4920500000.0,18528277414.0,16.0,13.603,788600000.0,3.245,1.0,2715300000.0,0.777,3228200000.0,-3800000.0,1949500000.0,1842825000.0,638300000.0,0.0,0.0,0.0,1051200000.0,628200000.0,423000000.0,18705277414.0,32500000.0,-34900000.0,-757500000.0,18800000.0,0.0,-730700000.0,-287000000.0,0.0,1040700000.0,9500000.0,834500000.0,834500000.0,834500000.0,0.0,0.0,0.239,1550100000.0,1165200000.0,158000000.0,0.0,3.801,22.415,22.851,807100000.0,0.0,78.38,5.351,5.449,625500000.0,2768500000.0,3495400000.0,3495400000.0,188300000.0,0.14,0.171,0.632,0.333,79600000.0,1355700000.0,1.0,238648611.0,243000000.0,245400000.0,14.384,2746200000.0,159200000.0,334000000.0,106500000.0,11.301,1118000000.0
59,ZBH,MRT,2006-09-30,2006-09-30,2006-09-30,2021-08-03,211800000.0,5908500000.0,5877800000.0,1706300000.0,4202200000.0,0.58,19.983,-221400000.0,277900000.0,277900000.0,758400000.0,789400000.0,2.514,0.229,100900000.0,0.0,100900000.0,100900000.0,0.0,194500000.0,0.0,0.0,0.0,1107200000.0,1301700000.0,0.382,1301700000.0,1107200000.0,1108700000.0,3.21,3.19,3.21,4804000000.0,4826675000.0,4804000000.0,16129719225.0,15.0,12.391,822700000.0,3.422,1.0,2651700000.0,0.778,3263700000.0,-1500000.0,1789000000.0,1796925000.0,630900000.0,0.0,0.0,0.0,1101900000.0,678800000.0,423100000.0,16385319225.0,183800000.0,-69300000.0,-608000000.0,18800000.0,0.0,-585500000.0,-281000000.0,0.0,1044100000.0,6200000.0,789400000.0,789400000.0,789400000.0,0.0,0.0,0.231,1543800000.0,1107900000.0,126400000.0,0.0,3.411,20.757,21.028,751100000.0,0.0,67.5,4.805,4.759,589400000.0,2523900000.0,3410100000.0,3410100000.0,188600000.0,0.134,0.164,0.616,0.325,58600000.0,1323800000.0,1.0,242745470.0,240400000.0,242600000.0,14.185,2644800000.0,161900000.0,319300000.0,104400000.0,11.002,1027500000.0
60,ZBH,MRT,2006-06-30,2006-06-30,2006-06-30,2021-08-03,202100000.0,5963600000.0,5806075000.0,1792400000.0,4171200000.0,0.577,19.942,-221100000.0,338200000.0,338200000.0,749700000.0,774700000.0,2.838,0.218,82600000.0,0.0,82600000.0,82600000.0,0.0,188800000.0,0.0,0.0,0.0,1093000000.0,1281800000.0,0.382,1281800000.0,1093000000.0,1091800000.0,3.13,3.1,3.13,4895800000.0,4752275000.0,4895800000.0,13739964920.0,13.0,10.719,768900000.0,3.132,1.0,2603100000.0,0.776,3262400000.0,1200000.0,1814100000.0,1777400000.0,606100000.0,0.0,0.0,0.0,1065100000.0,631500000.0,433600000.0,14074364920.0,257000000.0,-69300000.0,-279700000.0,-180000000.0,0.0,-457200000.0,-280700000.0,0.0,990000000.0,4900000.0,774700000.0,774700000.0,774700000.0,0.0,0.0,0.231,1509100000.0,1094000000.0,121400000.0,0.0,2.875,18.168,18.121,725000000.0,0.0,56.72,4.198,4.153,639200000.0,2340500000.0,3352800000.0,3352800000.0,185800000.0,0.133,0.163,0.615,0.326,46000000.0,1289200000.0,1.0,248137600.0,245500000.0,247700000.0,13.657,2701200000.0,158800000.0,317100000.0,101200000.0,11.003,1160900000.0
61,ZBH,MRT,2006-03-31,2006-03-31,2006-03-31,2021-08-03,153500000.0,5917200000.0,5703050000.0,1826400000.0,4090800000.0,0.582,19.871,-232000000.0,415900000.0,415900000.0,738500000.0,764500000.0,3.205,0.201,81500000.0,0.0,81500000.0,81500000.0,0.0,186800000.0,0.0,0.0,0.0,1086900000.0,1273700000.0,0.384,1273700000.0,1086900000.0,1080300000.0,3.08,3.05,3.08,4924100000.0,4604475000.0,4924100000.0,16600712494.0,15.0,13.033,696400000.0,2.81,1.0,2579500000.0,0.777,3194300000.0,6600000.0,1818700000.0,1798125000.0,599500000.0,0.0,0.0,0.0,990600000.0,569800000.0,420800000.0,16764412494.0,346800000.0,-55800000.0,32200000.0,-334300000.0,0.0,-300300000.0,-278600000.0,0.0,928400000.0,-2700000.0,764500000.0,764500000.0,764500000.0,0.0,0.0,0.23,1491600000.0,1087900000.0,122000000.0,0.0,3.405,21.929,21.948,701000000.0,0.0,67.6,5.053,5.049,592100000.0,2139600000.0,3318000000.0,3318000000.0,180800000.0,0.134,0.166,0.604,0.328,28200000.0,1272900000.0,1.0,247994275.0,247800000.0,250100000.0,13.39,2722900000.0,151300000.0,315800000.0,56800000.0,10.988,1256600000.0
62,ZBH,MRT,2005-12-31,2005-12-31,2005-12-31,2021-08-03,149300000.0,5721900000.0,5621600000.0,1575600000.0,4146300000.0,0.585,18.951,-255300000.0,245300000.0,245300000.0,739400000.0,732500000.0,2.596,0.221,81600000.0,0.0,81600000.0,81600000.0,0.0,185700000.0,0.0,0.0,0.0,1054100000.0,1239800000.0,0.377,1239800000.0,1054100000.0,1039800000.0,2.96,2.93,2.96,4682800000.0,4411825000.0,4682800000.0,16691134653.0,16.0,13.463,622900000.0,2.521,1.0,2546700000.0,0.775,3185400000.0,14300000.0,1765900000.0,1856100000.0,583700000.0,0.0,0.0,0.0,1036800000.0,606900000.0,429900000.0,16709634653.0,78600000.0,-55800000.0,72600000.0,-557200000.0,0.0,-484600000.0,-311100000.0,0.0,878200000.0,-3900000.0,732500000.0,732500000.0,732500000.0,0.0,0.0,0.223,1491700000.0,1055000000.0,123600000.0,0.0,3.568,22.812,22.784,708800000.0,0.0,67.44,5.085,5.071,524200000.0,1934000000.0,3286100000.0,3286100000.0,175500000.0,0.13,0.166,0.568,0.321,34300000.0,1259600000.0,1.0,247770376.0,247100000.0,249800000.0,13.299,2536500000.0,153700000.0,307300000.0,82100000.0,10.265,968700000.0
63,ZBH,MRT,2005-09-30,2005-09-30,2005-09-30,2021-08-03,170700000.0,5621600000.0,5615000000.0,1500500000.0,4121100000.0,0.577,18.215,-269200000.0,104300000.0,104300000.0,743000000.0,732900000.0,2.289,0.247,85800000.0,0.0,85800000.0,85800000.0,0.0,182700000.0,0.0,0.0,0.0,1014700000.0,1197400000.0,0.37,1197400000.0,1014700000.0,995300000.0,2.98,2.94,2.98,4506400000.0,4226750000.0,4506400000.0,17212205455.0,17.0,14.375,616400000.0,2.492,1.0,2495900000.0,0.771,3236700000.0,19400000.0,1710900000.0,1951825000.0,586600000.0,0.0,0.0,0.0,1113200000.0,655500000.0,457700000.0,17039505455.0,46500000.0,-49400000.0,81400000.0,-593500000.0,0.0,-512100000.0,-328800000.0,0.0,885600000.0,1800000.0,732900000.0,732900000.0,732900000.0,0.0,0.0,0.226,1480300000.0,1015600000.0,109200000.0,0.0,3.781,23.249,23.117,703700000.0,0.0,68.89,5.261,5.262,541100000.0,1734400000.0,3238900000.0,3238900000.0,176900000.0,0.131,0.173,0.52,0.313,76300000.0,1254600000.0,1.0,247343674.0,247400000.0,250200000.0,13.092,2384900000.0,231400000.0,262400000.0,68100000.0,9.64,845000000.0
64,ZBH,MRT,2005-06-30,2005-06-30,2005-06-30,2021-08-03,166400000.0,5551500000.0,5541275000.0,1492200000.0,4059300000.0,0.573,17.428,-267700000.0,95400000.0,95400000.0,737600000.0,692200000.0,2.431,0.289,268100000.0,0.0,268100000.0,268100000.0,0.0,184400000.0,0.0,0.0,0.0,966300000.0,1150700000.0,0.362,1150700000.0,966300000.0,941300000.0,2.82,2.79,2.82,4304600000.0,4007825000.0,4304600000.0,19162244610.0,20.0,16.653,592300000.0,2.398,1.0,2439000000.0,0.768,3213300000.0,25000000.0,1897000000.0,2049150000.0,568000000.0,0.0,0.0,0.0,1245100000.0,613900000.0,631200000.0,18810944610.0,1900000.0,-49400000.0,67400000.0,-599800000.0,0.0,-532400000.0,-327300000.0,0.0,860000000.0,1600000.0,692200000.0,692200000.0,692200000.0,0.0,0.0,0.218,1472000000.0,967000000.0,141800000.0,0.0,4.37,27.176,27.011,676600000.0,0.0,76.17,5.922,5.923,573400000.0,1565800000.0,3176600000.0,3176600000.0,174400000.0,0.125,0.173,0.472,0.304,70600000.0,1245000000.0,1.0,246960025.0,247000000.0,249900000.0,12.861,2338200000.0,212200000.0,249100000.0,16900000.0,9.466,878300000.0
65,ZBH,MRT,2005-03-31,2005-03-31,2005-03-31,2021-08-03,217000000.0,5591400000.0,5480225000.0,1478500000.0,4112900000.0,0.56,16.877,-250800000.0,75000000.0,75000000.0,750700000.0,617800000.0,2.432,0.346,426300000.0,0.0,426300000.0,426300000.0,0.0,184700000.0,0.0,0.0,0.0,866700000.0,1051400000.0,0.343,1051400000.0,866700000.0,837600000.0,2.53,2.5,2.53,4153500000.0,3803725000.0,4153500000.0,19673003652.0,23.0,18.711,569900000.0,2.316,1.0,2316500000.0,0.755,3284100000.0,29100000.0,2050600000.0,2160100000.0,551900000.0,0.0,0.0,0.0,1436300000.0,608000000.0,828300000.0,19195003652.0,-51700000.0,-171300000.0,72900000.0,-535600000.0,0.0,-467700000.0,-407900000.0,25000000.0,820700000.0,3200000.0,617800000.0,617800000.0,617800000.0,0.0,0.0,0.201,1449500000.0,867000000.0,122900000.0,0.0,4.621,31.07,30.755,643100000.0,0.0,77.81,6.258,6.243,570600000.0,1375100000.0,3067200000.0,3067200000.0,169000000.0,0.113,0.162,0.401,0.283,67000000.0,1213800000.0,1.0,246690710.0,246100000.0,249200000.0,12.463,2307300000.0,239600000.0,219800000.0,8100000.0,9.375,870500000.0
66,ZBH,MRT,2004-12-31,2004-12-31,2004-12-31,2021-08-03,253300000.0,5695500000.0,5379875000.0,1560900000.0,4134600000.0,0.554,16.131,-240400000.0,173500000.0,173500000.0,779900000.0,541800000.0,2.227,0.443,651500000.0,27500000.0,624000000.0,651500000.0,0.0,181300000.0,0.0,0.0,0.0,763100000.0,944400000.0,0.317,944400000.0,763100000.0,731400000.0,2.22,2.19,2.22,3942500000.0,3593550000.0,3942500000.0,20271819399.0,27.0,21.465,621800000.0,2.544,1.0,2201000000.0,0.738,3323700000.0,31700000.0,2148800000.0,2260400000.0,536000000.0,0.0,0.0,0.0,1745900000.0,701000000.0,1044900000.0,19653719399.0,77100000.0,-171300000.0,65000000.0,-462000000.0,0.0,-402000000.0,-388300000.0,25000000.0,862200000.0,5200000.0,541800000.0,541800000.0,541800000.0,0.0,0.0,0.182,1437800000.0,763200000.0,131600000.0,0.0,4.985,36.275,36.09,628500000.0,0.0,80.12,6.593,6.569,524800000.0,1201500000.0,2980900000.0,2980900000.0,166700000.0,0.101,0.151,0.338,0.256,42500000.0,1190000000.0,1.0,245303528.0,244400000.0,247800000.0,12.197,2371800000.0,272600000.0,189600000.0,34200000.0,9.705,859900000.0
67,ZBH,MRT,2004-09-30,2004-09-30,2004-09-30,2021-08-03,153000000.0,5326700000.0,5245000000.0,1303000000.0,4023700000.0,0.549,14.819,-217800000.0,62300000.0,62300000.0,814600000.0,378800000.0,2.21,0.465,680400000.0,12500000.0,667900000.0,680400000.0,0.0,175200000.0,0.0,0.0,0.0,587800000.0,763000000.0,0.265,763000000.0,587800000.0,551800000.0,1.49,1.48,1.49,3630700000.0,3393750000.0,3630700000.0,20150090306.0,34.0,26.409,555500000.0,2.267,1.0,2066800000.0,0.717,3255000000.0,36000000.0,2100200000.0,2342075000.0,506400000.0,0.0,0.0,0.0,1689200000.0,589600000.0,1099600000.0,19368490306.0,-131700000.0,-1049600000.0,82800000.0,260400000.0,0.0,332500000.0,-1241200000.0,25000000.0,773300000.0,3700000.0,378800000.0,378800000.0,378800000.0,0.0,0.0,0.131,1479700000.0,587100000.0,122900000.0,0.0,5.335,51.131,53.047,584100000.0,0.0,79.04,6.722,6.721,489400000.0,1001500000.0,2881400000.0,2881400000.0,156700000.0,0.072,0.112,0.251,0.204,22500000.0,1168400000.0,1.0,245046686.0,245000000.0,248200000.0,11.761,2071700000.0,335500000.0,173000000.0,20500000.0,8.456,713400000.0
68,ZBH,MRT,2004-06-30,2004-06-30,2004-06-30,2021-08-03,151200000.0,5307300000.0,4224425000.0,1328100000.0,3979200000.0,0.611,14.278,-199300000.0,87300000.0,87300000.0,742300000.0,335900000.0,2.458,0.52,868900000.0,0.0,868900000.0,868900000.0,0.0,149200000.0,0.0,0.0,0.0,524300000.0,673500000.0,0.261,673500000.0,524300000.0,495300000.0,1.4,1.39,1.4,3488200000.0,2672350000.0,3488200000.0,22361370714.0,43.0,33.202,466900000.0,1.911,1.0,1837100000.0,0.712,3207700000.0,29000000.0,2340800000.0,2000800000.0,504000000.0,0.0,0.0,0.0,1812300000.0,540400000.0,1271900000.0,21522770714.0,-38100000.0,-1049600000.0,86800000.0,444100000.0,0.0,519000000.0,-1226700000.0,25000000.0,666200000.0,3400000.0,335900000.0,335900000.0,335900000.0,0.0,0.0,0.13,1313500000.0,523600000.0,107000000.0,0.0,6.17,64.075,63.0,561000000.0,0.0,88.2,8.344,8.354,531100000.0,873600000.0,2579400000.0,2579400000.0,139700000.0,0.08,0.126,0.262,0.203,22500000.0,1029000000.0,1.0,244022352.0,244300000.0,247900000.0,10.558,2099600000.0,327900000.0,159400000.0,52600000.0,8.594,787700000.0
69,ZBH,MRT,2004-03-31,2004-03-31,2004-03-31,2021-08-03,143500000.0,5190000000.0,3183300000.0,1361500000.0,3828500000.0,0.708,13.639,-176100000.0,121100000.0,121100000.0,638800000.0,308600000.0,2.405,0.565,959700000.0,0.0,959700000.0,959700000.0,0.0,125400000.0,0.0,0.0,0.0,483000000.0,608400000.0,0.27,608400000.0,483000000.0,461400000.0,1.37,1.37,1.37,3312800000.0,1962350000.0,3312800000.0,18938065281.0,39.0,31.128,407900000.0,1.679,1.0,1614300000.0,0.716,3010800000.0,21600000.0,2451800000.0,1589025000.0,503800000.0,0.0,0.0,0.0,1870200000.0,566000000.0,1304200000.0,17920965281.0,75300000.0,-927700000.0,81700000.0,531500000.0,0.0,606300000.0,-1120300000.0,0.0,584000000.0,5300000.0,308600000.0,308600000.0,308600000.0,0.0,0.0,0.137,1131800000.0,482500000.0,125300000.0,0.0,5.41,58.072,53.854,547000000.0,0.0,73.78,7.954,7.954,526500000.0,757300000.0,2253100000.0,2253100000.0,124200000.0,0.097,0.157,0.304,0.214,22500000.0,885500000.0,1.0,242897337.0,242900000.0,246400000.0,9.276,2179200000.0,363200000.0,152800000.0,-2500000.0,8.972,795500000.0
70,ZBH,MRT,2003-12-31,2003-12-31,2003-12-31,2021-08-03,138700000.0,5156000000.0,2130500000.0,1338700000.0,3817300000.0,0.892,15.134,-158500000.0,92000000.0,92000000.0,516200000.0,346300000.0,2.075,0.638,1109100000.0,101300000.0,1007800000.0,1109100000.0,0.0,103300000.0,0.0,0.0,0.0,506300000.0,609600000.0,0.321,609600000.0,506300000.0,493100000.0,1.67,1.64,1.67,3143300000.0,1269825000.0,3143300000.0,16927392132.0,33.0,27.768,336300000.0,1.619,1.0,1384800000.0,0.728,3052300000.0,13200000.0,2475500000.0,1145975000.0,527700000.0,0.0,0.0,0.0,2005700000.0,645300000.0,1360400000.0,17024392132.0,61800000.0,-927700000.0,70500000.0,601200000.0,0.0,664800000.0,-1102700000.0,0.0,494800000.0,4900000.0,346300000.0,346300000.0,346300000.0,0.0,0.0,0.182,934100000.0,450700000.0,127600000.0,0.0,5.416,49.161,42.156,525200000.0,0.0,70.4,8.955,7.692,486400000.0,659700000.0,1901000000.0,1901000000.0,105800000.0,0.163,0.273,0.442,0.266,22500000.0,737500000.0,1.0,241823745.0,207700000.0,211200000.0,9.153,2103700000.0,189100000.0,146800000.0,-59000000.0,10.129,693400000.0
71,ZBH,MRT,2003-09-30,2003-09-30,2003-09-30,2021-08-03,17000000.0,1244400000.0,1056225000.0,814000000.0,430400000.0,1.486,3.786,-117000000.0,177000000.0,177000000.0,385800000.0,381500000.0,2.033,0.67,80000000.0,80000000.0,0.0,80000000.0,0.0,69300000.0,0.0,0.0,0.0,551400000.0,620700000.0,0.395,620700000.0,551400000.0,546300000.0,1.94,1.92,1.94,745100000.0,575575000.0,745100000.0,10810879734.0,20.0,17.417,292000000.0,1.484,1.0,1183800000.0,0.754,11900000.0,5100000.0,735100000.0,676875000.0,294000000.0,0.0,0.0,0.0,499300000.0,400400000.0,98900000.0,10849879734.0,156200000.0,0.0,52400000.0,-178800000.0,0.0,-118700000.0,-135800000.0,0.0,409000000.0,1700000.0,381500000.0,381500000.0,381500000.0,0.0,0.0,0.243,687500000.0,496300000.0,69800000.0,0.0,14.562,28.44,28.402,337900000.0,0.0,55.1,6.913,6.909,254700000.0,622700000.0,1569600000.0,1569600000.0,90300000.0,0.361,0.663,0.815,0.351,0.0,594000000.0,1.0,196912525.0,196800000.0,199600000.0,7.976,1232500000.0,97400000.0,164800000.0,37100000.0,6.263,413600000.0
72,ZBH,MRT,2003-06-30,2003-06-30,2003-06-30,2021-08-03,21800000.0,1142800000.0,960975000.0,754800000.0,388000000.0,1.57,3.299,-83400000.0,115000000.0,115000000.0,374100000.0,361600000.0,1.896,0.763,76000000.0,76000000.0,0.0,76000000.0,0.0,54400000.0,0.0,0.0,0.0,521000000.0,575400000.0,0.381,575400000.0,521000000.0,513600000.0,1.84,1.82,1.84,648200000.0,460900000.0,648200000.0,8893865129.0,17.0,15.457,282100000.0,1.436,1.0,1134800000.0,0.752,11900000.0,7400000.0,693700000.0,667800000.0,280800000.0,0.0,0.0,0.0,494600000.0,398200000.0,96400000.0,8850365129.0,88600000.0,0.0,49700000.0,-238600000.0,0.0,-180000000.0,-98200000.0,0.0,365500000.0,1300000.0,361600000.0,361600000.0,361600000.0,0.0,0.0,0.24,668900000.0,465900000.0,67900000.0,0.0,13.654,24.476,24.484,319900000.0,0.0,45.05,5.865,5.867,259100000.0,537700000.0,1508900000.0,1508900000.0,86500000.0,0.376,0.785,0.78,0.345,0.0,580900000.0,1.0,196456500.0,196500000.0,199100000.0,7.679,1130900000.0,101500000.0,152000000.0,63300000.0,5.755,356600000.0
73,ZBH,MRT,2003-03-31,2003-03-31,2003-03-31,2021-08-03,16200000.0,978800000.0,889050000.0,574700000.0,404100000.0,1.624,2.773,-60200000.0,33400000.0,33400000.0,360900000.0,338500000.0,1.677,0.804,76900000.0,76900000.0,0.0,76900000.0,0.0,39400000.0,0.0,0.0,0.0,489700000.0,529100000.0,0.367,529100000.0,489700000.0,479900000.0,1.73,1.71,1.73,542700000.0,350175000.0,542700000.0,9660971225.0,20.0,18.259,232300000.0,1.187,1.0,1082500000.0,0.75,0.0,9800000.0,679600000.0,680025000.0,265900000.0,0.0,0.0,0.0,436100000.0,342700000.0,93400000.0,9519971225.0,12600000.0,0.0,44400000.0,-273100000.0,0.0,-221800000.0,-60200000.0,0.0,292500000.0,2100000.0,338500000.0,338500000.0,338500000.0,0.0,0.0,0.235,647900000.0,434600000.0,64800000.0,0.0,17.542,28.124,28.11,311000000.0,0.0,48.63,6.596,6.593,237400000.0,448700000.0,1443400000.0,1443400000.0,83000000.0,0.381,0.967,0.72,0.339,0.0,564900000.0,1.0,195763336.0,195700000.0,198000000.0,7.376,978800000.0,95100000.0,141400000.0,42000000.0,5.002,232000000.0
74,ZBH,MRT,2002-12-31,2002-12-31,2002-12-31,2021-08-03,14000000.0,858900000.0,841900000.0,612400000.0,246500000.0,1.63,1.883,-33700000.0,15700000.0,15700000.0,344800000.0,257800000.0,1.528,1.345,156700000.0,156700000.0,0.0,156700000.0,0.0,25300000.0,0.0,0.0,0.0,400900000.0,426200000.0,0.311,426200000.0,400900000.0,388900000.0,1.33,1.31,1.33,366300000.0,247975000.0,366300000.0,8326056087.0,21.0,19.536,186500000.0,0.959,1.0,1027600000.0,0.749,0.0,12000000.0,599100000.0,692950000.0,257600000.0,0.0,0.0,0.0,492600000.0,400800000.0,91800000.0,8097956087.0,-2700000.0,0.0,23900000.0,-212800000.0,0.0,-188900000.0,-35700000.0,0.0,220200000.0,1700000.0,257800000.0,257800000.0,257800000.0,0.0,0.0,0.188,626700000.0,400900000.0,59800000.0,0.0,22.107,31.412,31.218,157800000.0,0.0,41.52,5.901,5.884,214800000.0,313400000.0,1372400000.0,1372400000.0,80700000.0,0.306,1.04,0.579,0.292,0.0,546000000.0,1.0,195037478.0,194500000.0,196800000.0,7.056,858900000.0,122700000.0,131100000.0,19500000.0,4.416,211600000.0
75,ZBH,MRT,2002-09-30,2002-09-30,2002-09-30,2021-08-03,14200000.0,863400000.0,813425000.0,612500000.0,250900000.0,1.615,1.471,-40000000.0,20800000.0,20800000.0,335100000.0,228800000.0,1.56,2.015,248900000.0,150000000.0,98900000.0,248900000.0,0.0,23900000.0,0.0,0.0,0.0,361800000.0,385700000.0,0.294,385700000.0,361800000.0,347500000.0,1.17,1.17,1.17,286400000.0,176075000.0,286400000.0,7754894283.0,21.0,20.106,148600000.0,0.763,1.0,978700000.0,0.745,0.0,14300000.0,698800000.0,722525000.0,253200000.0,0.0,0.0,0.0,577000000.0,392700000.0,184300000.0,7468494283.0,-2600000.0,0.0,19300000.0,-160900000.0,0.0,-150600000.0,-42000000.0,0.0,188600000.0,1400000.0,228800000.0,228800000.0,228800000.0,0.0,0.0,0.174,616900000.0,361800000.0,57300000.0,0.0,26.077,32.642,32.769,154900000.0,0.0,38.34,5.685,5.682,204700000.0,241200000.0,1313800000.0,1313800000.0,76800000.0,0.281,1.299,0.501,0.275,0.0,540100000.0,1.0,194796408.0,194700000.0,196500000.0,6.748,863400000.0,126500000.0,118700000.0,20900000.0,4.435,219800000.0
76,ZBH,MRT,2002-06-30,2002-06-30,2002-06-30,2021-08-03,13000000.0,855100000.0,782100000.0,609900000.0,245200000.0,1.615,1.057,-44200000.0,26400000.0,26400000.0,325000000.0,191100000.0,1.529,3.165,312800000.0,150000000.0,162800000.0,312800000.0,0.0,23200000.0,0.0,0.0,0.0,314500000.0,337700000.0,0.267,337700000.0,314500000.0,300200000.0,0.98,0.98,0.98,205300000.0,110350000.0,205300000.0,7246604451.0,23.0,21.459,97300000.0,0.501,1.0,938000000.0,0.743,0.0,14300000.0,742600000.0,731425000.0,241100000.0,0.0,0.0,0.0,649800000.0,398900000.0,250900000.0,6925204451.0,26400000.0,0.0,9000000.0,309800000.0,0.0,-70500000.0,-46200000.0,0.0,141500000.0,1600000.0,191100000.0,191100000.0,191100000.0,0.0,0.0,0.151,623500000.0,314500000.0,65600000.0,0.0,33.732,36.239,36.388,153300000.0,0.0,35.66,5.483,5.486,218900000.0,176100000.0,1263000000.0,1263000000.0,74500000.0,0.244,1.732,0.43,0.249,0.0,549000000.0,1.0,194200910.0,194300000.0,196000000.0,6.5,855100000.0,125400000.0,109100000.0,19400000.0,4.401,211000000.0
77,ZBH,MRT,2002-03-31,2002-03-31,2002-03-31,2021-08-03,12400000.0,790200000.0,729425000.0,553900000.0,236300000.0,1.661,0.69,-51100000.0,20800000.0,20800000.0,321300000.0,168400000.0,1.456,4.901,342200000.0,150000000.0,192200000.0,342200000.0,0.0,22800000.0,0.0,0.0,0.0,280000000.0,302800000.0,0.25,302800000.0,280000000.0,269000000.0,0.86,0.86,0.86,133900000.0,117875000.0,133900000.0,6950048031.0,25.0,22.953,106600000.0,0.549,1.0,890400000.0,0.735,0.0,11000000.0,731300000.0,607350000.0,219800000.0,0.0,0.0,0.0,656300000.0,380300000.0,276000000.0,6604548031.0,20800000.0,0.0,6200000.0,347000000.0,0.0,-84000000.0,-53100000.0,0.0,157700000.0,200000.0,168400000.0,168400000.0,168400000.0,0.0,0.0,0.139,610400000.0,280000000.0,61200000.0,0.0,49.324,39.219,39.593,149500000.0,0.0,34.05,5.451,5.452,196200000.0,110200000.0,1211700000.0,1211700000.0,72700000.0,0.231,1.429,0.461,0.231,0.0,537700000.0,1.0,193966174.0,194000000.0,195700000.0,6.246,790200000.0,118400000.0,100600000.0,23600000.0,4.073,173600000.0
78,ZBH,MRT,2001-12-31,2001-12-31,2001-12-31,2021-08-03,16800000.0,745000000.0,671200000.0,508600000.0,236400000.0,1.756,0.406,-54700000.0,18400000.0,18400000.0,321600000.0,149800000.0,1.363,8.466,363900000.0,150000000.0,213900000.0,363900000.0,0.0,23400000.0,0.0,0.0,0.0,248300000.0,271700000.0,0.231,271700000.0,248300000.0,240900000.0,0.77,0.77,0.77,78700000.0,169850000.0,78700000.0,6303895219.0,25.0,23.202,117100000.0,0.605,1.0,857000000.0,0.727,0.0,7400000.0,717400000.0,563950000.0,200000000.0,0.0,0.0,0.0,666300000.0,373100000.0,293200000.0,5918995219.0,18400000.0,0.0,1400000.0,366300000.0,0.0,-99100000.0,-54700000.0,0.0,171800000.0,400000.0,149800000.0,149800000.0,149800000.0,0.0,0.0,0.127,608700000.0,248300000.0,67400000.0,0.0,75.21,39.513,39.662,148200000.0,0.0,30.54,5.022,5.019,181700000.0,55600000.0,1178600000.0,1178600000.0,71600000.0,0.223,0.882,0.44,0.211,0.0,537100000.0,1.0,193811232.0,193700000.0,194300000.0,6.085,745000000.0,116000000.0,91100000.0,4300000.0,3.846,135500000.0
79,ZBH,MRT,2001-09-30,2001-09-30,2001-09-30,2021-08-03,9300000.0,738100000.0,,501300000.0,236800000.0,,0.121,-43700000.0,23400000.0,23400000.0,317800000.0,154100000.0,1.29,30.409,408300000.0,150000000.0,258300000.0,408300000.0,0.0,24600000.0,0.0,0.0,0.0,248700000.0,273300000.0,0.239,273300000.0,248700000.0,245700000.0,0.8,0.8,0.8,23500000.0,,23500000.0,5372695621.0,22.0,19.659,141600000.0,0.731,1.0,823600000.0,0.722,0.0,3000000.0,734400000.0,,187600000.0,0.0,0.0,0.0,714600000.0,388600000.0,326000000.0,5372695621.0,23400000.0,0.0,0.0,408300000.0,0.0,-118200000.0,-43700000.0,0.0,185300000.0,0.0,154100000.0,154100000.0,154100000.0,0.0,0.0,0.135,574900000.0,248700000.0,48600000.0,0.0,228.625,34.865,34.688,138300000.0,0.0,27.75,4.707,4.709,191100000.0,12300000.0,1141400000.0,1141400000.0,69400000.0,,,,0.218,0.0,505500000.0,1.0,193610653.0,193700000.0,195000000.0,5.893,738100000.0,121200000.0,91600000.0,19600000.0,3.811,112700000.0
80,ZBH,MRT,2001-06-30,2001-06-30,2001-06-30,2021-08-03,10900000.0,644400000.0,,452100000.0,192300000.0,,1.216,-45600000.0,0.0,0.0,315100000.0,169300000.0,1.136,1.737,0.0,0.0,0.0,0.0,0.0,24400000.0,0.0,,0.0,262800000.0,287200000.0,0.26,287200000.0,262800000.0,262800000.0,0.88,0.88,0.88,235400000.0,,235400000.0,,,,197400000.0,1.02,1.0,791400000.0,0.715,0.0,0.0,246300000.0,,168700000.0,0.0,0.0,0.0,409000000.0,398100000.0,10900000.0,,0.0,0.0,0.0,0.0,0.0,-197400000.0,-45600000.0,0.0,243000000.0,0.0,169300000.0,169300000.0,169300000.0,0.0,0.0,0.153,528600000.0,262800000.0,222400000.0,0.0,,,,131500000.0,0.0,,,,196900000.0,,1106500000.0,1106500000.0,63900000.0,,,,0.238,0.0,464700000.0,1.0,193610653.0,193600000.0,193600000.0,5.715,644400000.0,37800000.0,93500000.0,16800000.0,3.329,54000000.0
81,ZBH,MRT,2001-03-31,2001-03-31,2001-03-31,2021-08-03,,,,,,,,,,,302100000.0,173000000.0,,,,,,,,,,,0.0,265800000.0,,,,265800000.0,265800000.0,0.9,0.9,0.9,,,,,,,,,1.0,771000000.0,0.718,,0.0,,,,,,,,,,,,,,,,,,,,,173000000.0,173000000.0,173000000.0,0.0,0.0,0.161,505200000.0,265800000.0,,0.0,,,,,0.0,,,,,,1073100000.0,1073100000.0,58000000.0,,,,0.248,,447200000.0,1.0,193610653.0,193600000.0,193600000.0,5.543,,,92800000.0,,,
82,ZBH,MRT,2000-12-31,2000-12-31,2000-12-31,2021-08-03,7000000.0,597400000.0,601700000.0,419400000.0,178000000.0,1.729,1.348,-29000000.0,0.0,0.0,290900000.0,176000000.0,2.244,1.289,0.0,0.0,0.0,0.0,0.0,23100000.0,0.0,,0.0,268000000.0,291100000.0,0.28,291100000.0,268000000.0,268000000.0,0.91,0.91,0.91,261000000.0,322500000.0,261000000.0,,,,203400000.0,1.051,1.0,749700000.0,0.72,0.0,0.0,410500000.0,400750000.0,152300000.0,0.0,0.0,0.0,336400000.0,186900000.0,149500000.0,,0.0,0.0,0.0,0.0,0.0,-203400000.0,-29000000.0,0.0,232400000.0,0.0,176000000.0,176000000.0,176000000.0,0.0,0.0,0.169,481700000.0,268000000.0,194100000.0,0.0,,,,118500000.0,0.0,,,,188700000.0,0.0,1040600000.0,1040600000.0,52000000.0,0.293,0.546,0.669,0.258,0.0,429700000.0,1.0,193610653.0,193600000.0,193600000.0,5.375,597400000.0,77000000.0,92000000.0,10500000.0,3.086,232500000.0
83,ZBH,MRT,2000-09-30,2000-09-30,2000-09-30,2021-08-03,,,,,,,,,,,,,,,,,,,,,,,0.0,,,,,,,,,,,,,,,,,,1.0,,,,,,,,,,,,,,,,,,,,,,,,,,,,,,,,,,,,,,,,,,,,,,,,,,,,,,1.0,,193600000.0,,,,,,,,
84,ZBH,MRT,2000-06-30,2000-06-30,2000-06-30,2021-08-03,,,,,,,,,,,,,,,,,,,,,,,0.0,,,,,,,,,,,,,,,,,,1.0,,,,,,,,,,,,,,,,,,,,,,,,,,,,,,,,,,,,,,,,,,,,,,,,,,,,,,1.0,,193600000.0,,,,,,,,
85,ZBH,MRT,1999-12-31,1999-12-31,1999-12-31,2021-08-03,7000000.0,606000000.0,,430000000.0,176000000.0,,1.983,-33200000.0,0.0,0.0,269300000.0,149900000.0,2.0,0.578,0.0,0.0,0.0,0.0,0.0,22000000.0,0.0,,0.0,230900000.0,252900000.0,0.269,252900000.0,230900000.0,230900000.0,0.77,0.77,0.77,384000000.0,,384000000.0,,,,146900000.0,0.759,1.0,669600000.0,0.713,0.0,0.0,391000000.0,,150000000.0,0.0,0.0,0.0,222000000.0,215000000.0,7000000.0,,0.0,0.0,0.0,0.0,0.0,-146900000.0,-33200000.0,0.0,180100000.0,0.0,149900000.0,149900000.0,149900000.0,0.0,0.0,0.16,438700000.0,230900000.0,98000000.0,0.0,,,,114000000.0,0.0,,,,196000000.0,,938900000.0,938900000.0,45200000.0,,,,0.246,0.0,393500000.0,1.0,,193600000.0,193600000.0,4.85,606000000.0,44000000.0,81000000.0,8000000.0,3.13,215000000.0
86,ZBH,MRT,1998-12-31,1998-12-31,1998-12-31,2021-08-03,,,,,,,,-20000000.0,,,265000000.0,145000000.0,,,,,,,,26000000.0,,,0.0,211000000.0,237000000.0,0.275,237000000.0,211000000.0,211000000.0,,,,,,,,,,179000000.0,,1.0,596000000.0,0.692,,0.0,,,,,,,,,,,0.0,0.0,0.0,0.0,0.0,-179000000.0,-20000000.0,0.0,199000000.0,,145000000.0,145000000.0,145000000.0,0.0,0.0,0.168,385000000.0,211000000.0,,,,,,,0.0,,,,,,861000000.0,861000000.0,36000000.0,,,,0.245,0.0,349000000.0,1.0,,,,,,,66000000.0,,,
