None,ticker,dimension,calendardate,datekey,reportperiod,lastupdated,accoci,assets,assetsavg,assetsc,assetsnc,assetturnover,bvps,capex,cashneq,cashnequsd,cor,consolinc,currentratio,de,debt,debtc,debtnc,debtusd,deferredrev,depamor,deposits,divyield,dps,ebit,ebitda,ebitdamargin,ebitdausd,ebitusd,ebt,eps,epsdil,epsusd,equity,equityavg,equityusd,ev,evebit,evebitda,fcf,fcfps,fxusd,gp,grossmargin,intangibles,intexp,invcap,invcapavg,inventory,investments,investmentsc,investmentsnc,liabilities,liabilitiesc,liabilitiesnc,marketcap,ncf,ncfbus,ncfcommon,ncfdebt,ncfdiv,ncff,ncfi,ncfinv,ncfo,ncfx,netinc,netinccmn,netinccmnusd,netincdis,netincnci,netmargin,opex,opinc,payables,payoutratio,pb,pe,pe1,ppnenet,prefdivis,price,ps,ps1,receivables,retearn,revenue,revenueusd,rnd,roa,roe,roic,ros,sbcomp,sgna,sharefactor,sharesbas,shareswa,shareswadil,sps,tangibles,taxassets,taxexp,taxliabilities,tbvps,workingcapital
0,ADBE,MRY,2020-12-31,2020-11-27,2020-11-27,2021-09-29,-158000000.0,24284000000.0,22378750000.0,8146000000.0,16138000000.0,0.575,27.576,-419000000.0,4478000000.0,4478000000.0,1722000000.0,5260000000.0,1.478,0.831,4708000000.0,92000000.0,4616000000.0,4708000000.0,3759000000.0,844000000.0,0.0,0.0,0.0,4292000000.0,5136000000.0,0.399,5136000000.0,4292000000.0,4176000000.0,10.94,10.83,10.94,13264000000.0,11580750000.0,13264000000.0,229799346460.0,54.0,44.743,5308000000.0,11.035,1.0,11146000000.0,0.866,12101000000.0,116000000.0,6901000000.0,6128500000.0,0.0,1514000000.0,1514000000.0,0.0,11020000000.0,5512000000.0,5508000000.0,228840346460.0,1828000000.0,0.0,-2780000000.0,-6000000.0,0.0,-3488000000.0,-414000000.0,5000000.0,5727000000.0,3000000.0,5260000000.0,5260000000.0,5260000000.0,0.0,0.0,0.409,6909000000.0,4237000000.0,306000000.0,0.0,17.253,43.506,43.604,2004000000.0,0.0,477.03,17.784,17.831,1398000000.0,19611000000.0,12868000000.0,12868000000.0,2188000000.0,0.235,0.454,0.7,0.334,909000000.0,4559000000.0,1.0,479718983.0,481000000,485000000.0,26.753,12183000000.0,1370000000.0,-1084000000.0,602000000.0,25.328,2634000000.0
1,ADBE,MRY,2019-12-31,2019-11-29,2019-11-29,2021-09-29,-188000000.0,20762000000.0,19997081250.0,6495000000.0,14267000000.0,0.559,21.667,-395000000.0,2650000000.0,2650000000.0,1673000000.0,2951000000.0,0.793,0.972,4138000000.0,3149000000.0,989000000.0,4138000000.0,3501000000.0,757000000.0,0.0,0.0,0.0,3362000000.0,4119000000.0,0.369,4119000000.0,3362000000.0,3205000000.0,6.07,6.0,6.07,10530000000.0,10143987750.0,10530000000.0,151764820844.0,45.0,36.845,4027000000.0,8.286,1.0,9498000000.0,0.85,12412000000.0,157000000.0,1647000000.0,2148849500.0,0.0,1527000000.0,1527000000.0,0.0,10232000000.0,8191000000.0,2041000000.0,149836851844.0,1007000000.0,-101000000.0,-2517000000.0,0.0,0.0,-2946000000.0,-456000000.0,40000000.0,4422000000.0,-13000000.0,2951000000.0,2951000000.0,2951000000.0,0.0,0.0,0.264,6230000000.0,3268000000.0,209000000.0,0.0,14.23,50.775,50.993,1293000000.0,0.0,309.53,13.413,13.466,1535000000.0,14829000000.0,11171000000.0,11171000000.0,1930000000.0,0.148,0.291,1.565,0.301,788000000.0,4125000000.0,1.0,484078609.0,486000000,492000000.0,22.986,8350000000.0,0.0,254000000.0,812000000.0,17.181,-1696000000.0
2,ADBE,MRY,2018-12-31,2018-11-30,2018-11-30,2021-09-29,-148130000.0,18768682000.0,16075297750.0,4857039000.0,13911643000.0,0.562,19.067,-267000000.0,1642775000.0,1642775000.0,1195000000.0,2591000000.0,1.129,1.005,4124800000.0,0.0,4124800000.0,4124800000.0,3053604000.0,346000000.0,0.0,0.0,0.0,2883000000.0,3229000000.0,0.358,3229000000.0,2883000000.0,2794000000.0,5.28,5.2,5.28,9362114000.0,8890912500.0,9362114000.0,122595330589.0,43.0,37.967,3762000000.0,7.662,1.0,7835000000.0,0.868,12650049000.0,89000000.0,4299532000.0,4211936250.0,0.0,1586187000.0,1586187000.0,0.0,9406568000.0,4301126000.0,5105442000.0,122467820589.0,-663000000.0,-6314000000.0,-1859000000.0,2248000000.0,0.0,-5000000.0,-4685000000.0,1896000000.0,4029000000.0,-2000000.0,2591000000.0,2591000000.0,2591000000.0,0.0,0.0,0.287,4995000000.0,2840000000.0,186258000.0,0.0,13.081,47.267,47.517,1075072000.0,0.0,250.89,13.562,13.642,1315578000.0,11815597000.0,9030000000.0,9030000000.0,1538000000.0,0.161,0.291,0.684,0.319,610000000.0,3366000000.0,1.0,488133527.0,491000000,498000000.0,18.391,6118633000.0,0.0,203000000.0,726512000.0,12.462,555913000.0
3,ADBE,MRY,2017-12-31,2017-12-01,2017-12-01,2021-09-29,-111821000.0,14535556000.0,13713013500.0,7247813000.0,7287743000.0,0.532,17.138,-178122000.0,2306072000.0,2306072000.0,1010491000.0,1693954000.0,2.055,0.718,1881421000.0,0.0,1881421000.0,1881421000.0,2494542000.0,325997000.0,0.0,0.0,0.0,2212043000.0,2538040000.0,0.348,2538040000.0,2212043000.0,2137641000.0,3.43,3.38,3.43,8459869000.0,8005747750.0,8459869000.0,88607797873.0,40.0,34.912,2734731000.0,5.54,1.0,6291014000.0,0.862,6207219000.0,74402000.0,4376229000.0,4562318750.0,0.0,3513702000.0,3513702000.0,0.0,6075687000.0,3527457000.0,2548230000.0,88493129873.0,1294757000.0,-459626000.0,-941649000.0,0.0,0.0,-1183735000.0,-442877000.0,194871000.0,2912853000.0,8516000.0,1693954000.0,1693954000.0,1693954000.0,0.0,0.0,0.232,4122919000.0,2168095000.0,113538000.0,0.0,10.46,52.241,52.338,936976000.0,0.0,179.52,12.12,12.137,1217968000.0,9573870000.0,7301505000.0,7301505000.0,1224059000.0,0.124,0.212,0.485,0.303,454472000.0,2822298000.0,1.0,492943014.0,493632000,501123000.0,14.791,8328337000.0,0.0,443687000.0,467225000.0,16.872,3720356000.0
4,ADBE,MRY,2016-12-31,2016-12-02,2016-12-02,2021-09-29,-173602000.0,12697246000.0,12294538000.0,5839774000.0,6857472000.0,0.476,14.899,-203805000.0,1011315000.0,1011315000.0,819908000.0,1168782000.0,2.077,0.71,1892200000.0,0.0,1892200000.0,1892200000.0,2014750000.0,331535000.0,0.0,0.0,0.0,1505580000.0,1837115000.0,0.314,1837115000.0,1505580000.0,1435138000.0,2.35,2.32,2.35,7424835000.0,7258148500.0,7424835000.0,50737369705.0,34.0,27.618,1995923000.0,4.005,1.0,5034522000.0,0.86,5820879000.0,70442000.0,4945617000.0,4959170000.0,0.0,3830424000.0,3749985000.0,80439000.0,5272411000.0,2811635000.0,2460776000.0,49588450705.0,134755000.0,-48427000.0,-929303000.0,-108000.0,0.0,-1090706000.0,-960033000.0,-707801000.0,2199728000.0,-14234000.0,1168782000.0,1168782000.0,1168782000.0,0.0,0.0,0.2,3540920000.0,1493602000.0,88024000.0,0.0,6.679,42.427,42.438,816264000.0,0.0,99.73,8.47,8.489,833033000.0,8114517000.0,5854430000.0,5854430000.0,975987000.0,0.095,0.161,0.304,0.257,274192000.0,2486399000.0,1.0,497227020.0,498345000,504299000.0,11.748,6876367000.0,0.0,266356000.0,440403000.0,13.798,3028139000.0
5,ADBE,MRY,2015-12-31,2015-11-27,2015-11-27,2021-09-29,-169080000.0,11726472000.0,11352168000.0,4821892000.0,6904580000.0,0.422,14.038,-127157000.0,876560000.0,876560000.0,744317000.0,629551000.0,2.178,0.675,1907231000.0,0.0,1907231000.0,1907231000.0,1485294000.0,339473000.0,0.0,0.0,0.0,937965000.0,1277438000.0,0.266,1277438000.0,937965000.0,873781000.0,1.26,1.24,1.26,7001580000.0,6760508750.0,7001580000.0,47051137997.0,50.0,36.832,1342345000.0,2.691,1.0,4051194000.0,0.845,5876888000.0,64184000.0,4666699000.0,4455007000.0,0.0,3191963000.0,3111524000.0,80439000.0,4724892000.0,2213556000.0,2511336000.0,45974335997.0,-240840000.0,-826004000.0,-460730000.0,378263000.0,0.0,-200687000.0,-1488358000.0,-535197000.0,1469502000.0,-21297000.0,629551000.0,629551000.0,629551000.0,0.0,0.0,0.131,3148099000.0,903095000.0,93307000.0,0.0,6.566,73.027,73.151,787421000.0,0.0,92.17,9.587,9.586,672006000.0,7253431000.0,4795511000.0,4795511000.0,862730000.0,0.055,0.093,0.211,0.196,267706000.0,2216720000.0,1.0,498799349.0,498764000,507164000.0,9.615,5849584000.0,0.0,244230000.0,470503000.0,11.728,2608336000.0
6,ADBE,MRY,2014-12-31,2014-11-28,2014-11-28,2021-09-29,-8094000.0,10785829000.0,10474397500.0,4602328000.0,6183501000.0,0.396,13.61,-148332000.0,1117400000.0,1117400000.0,622080000.0,268395000.0,1.845,0.592,1514315000.0,603229000.0,911086000.0,1514315000.0,1155324000.0,313590000.0,0.0,0.0,0.0,421108000.0,734698000.0,0.177,734698000.0,421108000.0,361376000.0,0.54,0.53,0.54,6775905000.0,6688734000.0,6775905000.0,37352007236.0,89.0,50.84,1139150000.0,2.288,1.0,3524985000.0,0.85,5191624000.0,59732000.0,3496685000.0,3551634250.0,0.0,2702530000.0,2622091000.0,80439000.0,4009924000.0,2494435000.0,1515489000.0,36747080236.0,282844000.0,-29802000.0,-545834000.0,-14684000.0,0.0,-507283000.0,-490707000.0,-312573000.0,1287482000.0,-6648000.0,268395000.0,268395000.0,268395000.0,0.0,0.0,0.065,3112300000.0,412685000.0,68377000.0,0.0,5.423,136.914,136.444,785123000.0,0.0,73.68,8.861,8.845,591800000.0,6924294000.0,4147065000.0,4147065000.0,844353000.0,0.026,0.04,0.119,0.102,333691000.0,2195640000.0,1.0,498738874.0,497867000,508480000.0,8.33,5594205000.0,95279000.0,92981000.0,491981000.0,11.236,2107893000.0
7,ADBE,MRY,2013-12-31,2013-11-29,2013-11-29,2021-09-29,46103000.0,10380298000.0,10265133500.0,4045929000.0,6334369000.0,0.395,13.412,-164098000.0,834556000.0,834556000.0,586557000.0,289985000.0,2.652,0.544,1513973000.0,14676000.0,1499297000.0,1513973000.0,828812000.0,321227000.0,0.0,0.0,0.0,423649000.0,744876000.0,0.184,744876000.0,423649000.0,356141000.0,0.58,0.56,0.58,6724634000.0,6823008250.0,6724634000.0,29084348314.0,69.0,39.046,987588000.0,1.97,1.0,3468683000.0,0.855,5377235000.0,67508000.0,4156832000.0,4303754500.0,0.0,2546435000.0,2339196000.0,207239000.0,3655664000.0,1525648000.0,2130016000.0,28383602314.0,-590496000.0,-704589000.0,-599224000.0,-533000.0,0.0,-559138000.0,-1177803000.0,-309116000.0,1151686000.0,-5241000.0,289985000.0,289985000.0,289985000.0,0.0,0.0,0.072,3045960000.0,422723000.0,62096000.0,0.0,4.221,97.88,97.897,659774000.0,0.0,56.78,6.999,7.02,599820000.0,6928964000.0,4055240000.0,4055240000.0,826631000.0,0.028,0.043,0.098,0.104,313658000.0,2140578000.0,1.0,499887325.0,501372000,513476000.0,8.088,5003063000.0,102247000.0,66156000.0,518401000.0,9.979,2520281000.0
8,ADBE,MRY,2012-12-31,2012-11-30,2012-11-30,2021-09-29,30712000.0,10040229000.0,9542195500.0,4397066000.0,5643163000.0,0.461,13.472,-271076000.0,1425052000.0,1425052000.0,483782000.0,832775000.0,3.457,0.506,1508155000.0,11217000.0,1496938000.0,1508155000.0,619565000.0,299766000.0,0.0,0.0,0.0,1186281000.0,1486047000.0,0.337,1486047000.0,1186281000.0,1118794000.0,1.68,1.66,1.68,6665182000.0,6297455750.0,6665182000.0,17482434433.0,15.0,11.764,1228504000.0,2.483,1.0,3919895000.0,0.89,4678295000.0,67487000.0,4173285000.0,4046829250.0,0.0,2320540000.0,2113301000.0,207239000.0,3375047000.0,1271752000.0,2103295000.0,17133840433.0,435552000.0,-353195000.0,-235726000.0,-9000000.0,0.0,-234723000.0,-834662000.0,-210391000.0,1499580000.0,5357000.0,832775000.0,832775000.0,832775000.0,0.0,0.0,0.189,2739704000.0,1180191000.0,49759000.0,0.0,2.571,20.574,20.601,664302000.0,0.0,34.61,3.891,3.888,617233000.0,7003003000.0,4403677000.0,4403677000.0,742823000.0,0.087,0.132,0.293,0.269,271658000.0,1951141000.0,1.0,495054621.0,494731000,502721000.0,8.901,5361934000.0,125243000.0,286019000.0,535794000.0,10.838,3125314000.0
9,ADBE,MRY,2011-12-31,2011-12-02,2011-12-02,2021-09-29,29950000.0,8991183000.0,8533420250.0,3771451000.0,5219732000.0,0.494,11.625,-210294000.0,989500000.0,989500000.0,437873000.0,832847000.0,3.015,0.555,1514308000.0,9212000.0,1505096000.0,1514308000.0,531705000.0,270205000.0,0.0,0.0,0.0,1102182000.0,1372387000.0,0.325,1372387000.0,1102182000.0,1035230000.0,1.67,1.65,1.67,5783113000.0,5540473250.0,5783113000.0,14055359710.0,13.0,10.242,1333020000.0,2.68,1.0,3778385000.0,0.896,4394743000.0,66952000.0,3870469000.0,3897951750.0,0.0,2129431000.0,1922192000.0,207239000.0,3208070000.0,1250779000.0,1957291000.0,13308186710.0,239609000.0,-259046000.0,-550261000.0,-10046000.0,0.0,-550358000.0,-757402000.0,-288062000.0,1543314000.0,4055000.0,832847000.0,832847000.0,832847000.0,0.0,0.0,0.198,2679086000.0,1099299000.0,86660000.0,0.0,2.301,15.979,16.234,527828000.0,0.0,27.11,3.156,3.199,634373000.0,6528735000.0,4216258000.0,4216258000.0,738053000.0,0.098,0.15,0.283,0.261,276154000.0,1800427000.0,1.0,490895858.0,497469000,503921000.0,8.475,4596440000.0,91963000.0,202383000.0,381194000.0,9.24,2520672000.0
10,ADBE,MRY,2010-12-31,2010-12-03,2010-12-03,2021-09-29,17428000.0,8141148000.0,8010044250.0,3216050000.0,4925098000.0,0.474,10.004,-137491000.0,749891000.0,749891000.0,403502000.0,774680000.0,3.011,0.568,1522461000.0,8799000.0,1513662000.0,1522461000.0,429677000.0,292738000.0,0.0,0.0,0.0,1000103000.0,1292841000.0,0.34,1292841000.0,1000103000.0,943151000.0,1.49,1.47,1.49,5192387000.0,5156855000.0,5192387000.0,15534304647.0,16.0,12.016,975504000.0,1.879,1.0,3396498000.0,0.894,4170628000.0,56952000.0,3675002000.0,3471566500.0,0.0,1925363000.0,1718124000.0,207239000.0,2948761000.0,1068088000.0,1880673000.0,14824003647.0,-249596000.0,-193281000.0,-710750000.0,479058000.0,0.0,-215262000.0,-1159294000.0,-828522000.0,1112995000.0,11965000.0,774680000.0,774680000.0,774680000.0,0.0,0.0,0.204,2403424000.0,993074000.0,52432000.0,0.0,2.855,19.136,19.557,448881000.0,0.0,29.14,3.901,3.98,554328000.0,5980914000.0,3800000000.0,3800000000.0,680332000.0,0.097,0.15,0.288,0.263,214656000.0,1627696000.0,1.0,508716666.0,519045000,525824000.0,7.321,3970520000.0,83247000.0,168471000.0,321526000.0,7.65,2147962000.0
11,ADBE,MRY,2009-12-31,2009-11-27,2009-11-27,2021-09-29,24446000.0,7282237000.0,6298884500.0,2473624000.0,4808613000.0,0.468,9.325,-119592000.0,999487000.0,999487000.0,296732000.0,386508000.0,2.929,0.489,1000000000.0,0.0,1000000000.0,1000000000.0,318293000.0,282423000.0,0.0,0.0,0.0,704927000.0,987350000.0,0.335,987350000.0,704927000.0,701520000.0,0.74,0.73,0.74,4890568000.0,4749331750.0,4890568000.0,17748488975.0,25.0,17.976,998202000.0,1.903,1.0,2649121000.0,0.899,4021977000.0,3407000.0,2416220000.0,2291528750.0,0.0,1112225000.0,904986000.0,207239000.0,2391669000.0,844553000.0,1547116000.0,18530632975.0,113037000.0,-1582669000.0,-170447000.0,636103000.0,0.0,477636000.0,-1497096000.0,202394000.0,1117794000.0,14703000.0,386508000.0,386508000.0,386508000.0,0.0,0.0,0.131,1958608000.0,690513000.0,58904000.0,0.0,3.789,47.944,47.811,388132000.0,0.0,35.38,6.29,6.299,410879000.0,5299914000.0,2945853000.0,2945853000.0,565141000.0,0.061,0.081,0.308,0.239,199982000.0,1280652000.0,1.0,523760118.0,524470000,530610000.0,5.617,3260260000.0,77417000.0,315012000.0,522648000.0,6.216,1629071000.0
12,ADBE,MRY,2008-12-31,2008-11-28,2008-11-28,2021-09-29,57222000.0,5821598000.0,5565416500.0,2735103000.0,3086495000.0,0.643,8.177,-111792000.0,886450000.0,886450000.0,362630000.0,871814000.0,3.587,0.32,350000000.0,0.0,350000000.0,350000000.0,275320000.0,270269000.0,0.0,0.0,0.0,1088527000.0,1358796000.0,0.38,1358796000.0,1088527000.0,1078508000.0,1.62,1.59,1.62,4410354000.0,4159150750.0,4410354000.0,11512679929.0,11.0,8.473,1168890000.0,2.167,1.0,3217259000.0,0.899,2349690000.0,10019000.0,2172859000.0,1774767500.0,0.0,1339991000.0,1132752000.0,207239000.0,1411244000.0,762599000.0,648645000.0,12296942929.0,-59972000.0,-3584000.0,-1403550000.0,350000000.0,0.0,-1021567000.0,-304681000.0,-189305000.0,1280682000.0,-14406000.0,871814000.0,871814000.0,871814000.0,0.0,0.0,0.244,2188988000.0,1028271000.0,55840000.0,0.0,2.788,14.105,14.296,313037000.0,0.0,23.16,3.435,3.489,467234000.0,4913406000.0,3579889000.0,3579889000.0,662057000.0,0.157,0.21,0.613,0.304,230851000.0,1426632000.0,1.0,530956085.0,539373000,548553000.0,6.637,3471908000.0,110713000.0,206694000.0,267646000.0,6.437,1972504000.0
13,ADBE,MRY,2007-12-31,2007-11-30,2007-11-30,2021-09-29,27948000.0,5713679000.0,5855068250.0,2572851000.0,3140828000.0,0.539,7.96,-132075000.0,946422000.0,946422000.0,354694000.0,723807000.0,3.018,0.229,0.0,0.0,0.0,0.0,209268000.0,315464000.0,0.0,0.0,0.0,947443000.0,1262907000.0,0.4,1262907000.0,947443000.0,947190000.0,1.24,1.21,1.24,4649982000.0,4921692250.0,4649982000.0,23620140454.0,25.0,18.703,1308978000.0,2.241,1.0,2803187000.0,0.888,2515746000.0,253000.0,1399101000.0,1765663750.0,0.0,1254671000.0,1047432000.0,207239000.0,1063697000.0,852410000.0,211287000.0,24179423454.0,173922000.0,-75528000.0,-1435440000.0,0.0,0.0,-1350390000.0,81544000.0,289147000.0,1441053000.0,1715000.0,723807000.0,723807000.0,723807000.0,0.0,0.0,0.229,1945602000.0,857585000.0,41724000.0,0.0,5.2,33.406,33.984,289758000.0,0.0,42.14,7.657,7.796,318145000.0,4041592000.0,3157881000.0,3157881000.0,613242000.0,0.124,0.147,0.537,0.3,120011000.0,1259370000.0,1.0,573787932.0,584203000,598775000.0,5.405,3197933000.0,171472000.0,223383000.0,364001000.0,5.474,1720441000.0
14,ADBE,MRY,2006-12-31,2006-12-01,2006-12-01,2021-09-29,6344000.0,5962548000.0,5721638000.0,2884469000.0,3078079000.0,0.45,8.677,-83250000.0,772500000.0,772500000.0,292457000.0,505809000.0,4.258,0.157,0.0,0.0,0.0,0.0,162954000.0,307822000.0,0.0,0.0,0.0,679825000.0,987647000.0,0.384,987647000.0,679825000.0,679727000.0,0.85,0.83,0.85,5151876000.0,4977728500.0,5151876000.0,22309826104.0,33.0,22.589,816695000.0,1.375,1.0,2282843000.0,0.886,2655899000.0,98000.0,1856802000.0,1794459250.0,0.0,1635179000.0,1508379000.0,126800000.0,810672000.0,677347000.0,133325000.0,22954580104.0,351682000.0,444407000.0,-854906000.0,0.0,0.0,-747382000.0,195186000.0,-165971000.0,899945000.0,3933000.0,505809000.0,505809000.0,505809000.0,0.0,0.0,0.196,1731550000.0,551293000.0,55031000.0,0.0,4.456,45.382,46.294,227197000.0,0.0,39.35,8.913,9.072,408666000.0,3317785000.0,2575300000.0,2575300000.0,539684000.0,0.088,0.102,0.379,0.264,206128000.0,1101742000.0,1.0,583343840.0,593750000,612222000.0,4.337,3306649000.0,155613000.0,173918000.0,249083000.0,5.569,2207122000.0
15,ADBE,MRY,2005-12-31,2005-12-02,2005-12-02,2021-09-29,-914000.0,2440315000.0,2397484000.0,2008578000.0,431737000.0,0.82,3.805,-48875000.0,420818000.0,420818000.0,112578000.0,602839000.0,4.181,0.309,0.0,0.0,0.0,0.0,67570000.0,82775000.0,0.0,0.0,0.013,765776000.0,848551000.0,0.432,848551000.0,765776000.0,765776000.0,1.23,1.19,1.23,1864326000.0,1859736250.0,1864326000.0,16825473263.0,22.0,19.828,709514000.0,1.448,1.0,1853743000.0,0.943,135160000.0,0.0,1403942000.0,1434740750.0,0.0,1406816000.0,1280016000.0,126800000.0,575989000.0,480395000.0,95594000.0,17279641263.0,161757000.0,-9541000.0,-243552000.0,0.0,-3044000.0,-246596000.0,-348399000.0,-289983000.0,758389000.0,-1637000.0,602839000.0,602839000.0,602839000.0,0.0,0.0,0.307,1125309000.0,728434000.0,41042000.0,0.011,9.269,28.664,28.431,103549000.0,0.0,34.97,8.788,8.713,204749000.0,2838560000.0,1966321000.0,1966321000.0,365328000.0,0.251,0.324,0.534,0.389,83243000.0,759981000.0,1.0,494127574.0,489921000,508070000.0,4.014,2305155000.0,58710000.0,162937000.0,233329000.0,4.705,1528183000.0
16,ADBE,MRY,2004-12-31,2004-12-03,2004-12-03,2021-09-29,-2289000.0,1958632000.0,1776018250.0,1551029000.0,407603000.0,0.938,2.98,-63226000.0,259061000.0,259061000.0,104378000.0,450398000.0,3.494,0.376,0.0,0.0,0.0,0.0,59541000.0,81867000.0,0.0,0.001,0.025,608645000.0,690512000.0,0.414,690512000.0,608645000.0,608645000.0,0.94,0.91,0.94,1423477000.0,1282242250.0,1423477000.0,14825257683.0,24.0,21.47,641577000.0,1.343,1.0,1562203000.0,0.937,125800000.0,0.0,1129884000.0,1001633500.0,0.0,1180960000.0,1054160000.0,126800000.0,535155000.0,443887000.0,91268000.0,15023957683.0,132539000.0,-15545000.0,-212576000.0,0.0,-11942000.0,-224518000.0,-351312000.0,-272541000.0,704803000.0,3566000.0,450398000.0,450398000.0,450398000.0,0.0,0.0,0.27,970409000.0,591794000.0,43192000.0,0.027,10.554,33.357,33.489,99675000.0,0.0,31.48,9.015,9.022,167440000.0,2238807000.0,1666581000.0,1666581000.0,311296000.0,0.254,0.351,0.608,0.365,98134000.0,659113000.0,1.0,477254056.0,477658000,495626000.0,3.489,1832832000.0,51751000.0,158247000.0,224822000.0,3.837,1107142000.0
17,ADBE,MRY,2003-12-31,2003-11-28,2003-11-28,2021-09-29,-999000.0,1555045000.0,1292348250.0,1329028000.0,226017000.0,1.002,2.35,-39454000.0,189917000.0,189917000.0,93022000.0,266344000.0,3.045,0.413,0.0,0.0,0.0,0.0,45600000.0,49014000.0,0.0,0.001,0.025,380492000.0,429506000.0,0.332,429506000.0,380492000.0,380492000.0,0.57,0.55,0.57,1100800000.0,867236500.0,1100800000.0,9522585626.0,25.0,22.171,393682000.0,0.84,1.0,1201727000.0,0.928,111289000.0,0.0,817309000.0,609202500.0,0.0,906616000.0,906616000.0,0.0,454245000.0,436530000.0,17715000.0,9667046626.0,-23211000.0,-16500000.0,128644000.0,0.0,-11626000.0,117018000.0,-577836000.0,-521882000.0,433136000.0,4471000.0,266344000.0,266344000.0,266344000.0,0.0,0.0,0.206,822280000.0,379447000.0,37437000.0,0.044,8.782,36.295,36.237,77007000.0,0.0,20.655,7.466,7.474,174042000.0,1800398000.0,1294749000.0,1294749000.0,276980000.0,0.206,0.307,0.625,0.294,40262000.0,545844000.0,1.0,468024528.0,468492000,482900000.0,2.764,1443756000.0,35875000.0,114148000.0,211199000.0,3.082,892498000.0
18,ADBE,MRY,2002-12-31,2002-11-29,2002-11-29,2021-09-29,-3950000.0,1051610000.0,1075388000.0,814172000.0,237438000.0,1.083,1.424,-31585000.0,183684000.0,183684000.0,104288000.0,191399000.0,2.158,0.56,0.0,0.0,0.0,0.0,31185000.0,63482000.0,0.0,0.002,0.025,284689000.0,348171000.0,0.299,348171000.0,284689000.0,284689000.0,0.405,0.395,0.405,674321000.0,733117500.0,674321000.0,6835768791.0,24.0,19.633,297753000.0,0.629,1.0,1060500000.0,0.91,98813000.0,0.0,391824000.0,447902750.0,0.0,434053000.0,434053000.0,0.0,377289000.0,377289000.0,0.0,6977122791.0,-34978000.0,7345000.0,-211382000.0,0.0,-11881000.0,-223263000.0,-142270000.0,-118030000.0,329338000.0,1217000.0,191399000.0,191399000.0,191399000.0,0.0,0.0,0.164,773473000.0,287027000.0,37765000.0,0.062,10.347,36.453,36.457,71090000.0,0.0,14.765,5.99,6.004,146873000.0,1545776000.0,1164788000.0,1164788000.0,246082000.0,0.178,0.261,0.636,0.244,28616000.0,488501000.0,1.0,472544720.0,473668000,486238000.0,2.459,952797000.0,55980000.0,93290000.0,173311000.0,2.012,436883000.0
19,ADBE,MRY,2001-12-31,2001-11-30,2001-11-30,2021-09-29,3918000.0,932173000.0,982991000.0,768914000.0,163259000.0,1.251,1.294,-43174000.0,218662000.0,218662000.0,81451000.0,205644000.0,2.439,0.511,0.0,0.0,0.0,0.0,21701000.0,56645000.0,0.0,0.002,0.025,306931000.0,363576000.0,0.296,363576000.0,306931000.0,306931000.0,0.43,0.415,0.43,616972000.0,678155750.0,616972000.0,7316286822.0,24.0,20.123,375528000.0,0.787,1.0,1148269000.0,0.934,36402000.0,0.0,361908000.0,445722250.0,0.0,362951000.0,362951000.0,0.0,315201000.0,315201000.0,0.0,7609105822.0,-18204000.0,0.0,-397579000.0,0.0,-12007000.0,-409586000.0,-26425000.0,16749000.0,418702000.0,-895000.0,205644000.0,205644000.0,205644000.0,0.0,0.0,0.167,769812000.0,378457000.0,30891000.0,0.058,12.333,37.001,37.302,77611000.0,0.0,16.04,6.188,6.221,143955000.0,1366205000.0,1229720000.0,1229720000.0,224122000.0,0.209,0.303,0.689,0.25,63689000.0,519346000.0,1.0,474383156.0,476922000,498290000.0,2.578,895771000.0,34320000.0,101287000.0,132228000.0,1.878,453713000.0
20,ADBE,MRY,2000-12-31,2000-12-01,2000-12-01,2021-09-29,-698000.0,1069416000.0,1016583500.0,877912000.0,191504000.0,1.246,1.579,-24416000.0,236866000.0,236866000.0,87255000.0,287808000.0,2.791,0.421,0.0,0.0,0.0,0.0,17696000.0,43275000.0,0.0,0.001,0.025,443739000.0,487014000.0,0.385,487014000.0,443739000.0,443739000.0,0.605,0.565,0.605,752544000.0,666659250.0,752544000.0,15986450118.0,36.0,32.825,420210000.0,0.882,1.0,1179123000.0,0.931,0.0,0.0,517945000.0,481207750.0,0.0,442987000.0,442987000.0,0.0,316872000.0,314605000.0,2267000.0,16177465118.0,65721000.0,-24448000.0,-136321000.0,0.0,-11979000.0,-148300000.0,-228060000.0,-179196000.0,444626000.0,-2545000.0,287808000.0,287808000.0,287808000.0,0.0,0.0,0.227,771040000.0,408083000.0,40280000.0,0.041,21.497,56.209,55.628,64268000.0,0.0,33.655,12.775,12.666,160113000.0,1172504000.0,1266378000.0,1266378000.0,240212000.0,0.283,0.432,0.922,0.35,141421000.0,517716000.0,1.0,480685340.0,476584000,511548000.0,2.657,1069416000.0,23460000.0,155931000.0,77035000.0,2.244,563307000.0
21,ADBE,MRY,1999-12-31,1999-12-03,1999-12-03,2021-09-29,40332000.0,803859000.0,814318750.0,623015000.0,180844000.0,1.247,1.06,-1593000.0,171145000.0,171145000.0,94540000.0,237751000.0,2.328,0.569,0.0,0.0,0.0,0.0,15676000.0,50770000.0,0.0,0.001,0.025,374427000.0,425197000.0,0.419,425197000.0,374427000.0,374427000.0,0.49,0.46,0.49,512209000.0,552502500.0,512209000.0,7870132207.0,21.0,18.509,332606000.0,0.688,1.0,920894000.0,0.907,0.0,0.0,365085000.0,432521500.0,0.0,327571000.0,327571000.0,0.0,291650000.0,267629000.0,24021000.0,8015966207.0,60274000.0,-36932000.0,-336223000.0,0.0,-12233000.0,-347478000.0,74150000.0,112675000.0,334199000.0,-597000.0,237751000.0,237751000.0,237751000.0,0.0,0.0,0.234,661041000.0,259853000.0,35692000.0,0.051,15.65,33.716,34.026,69138000.0,0.0,16.672,7.894,7.933,78766000.0,896239000.0,1015434000.0,1015434000.0,197476000.0,0.292,0.43,0.866,0.369,63750000.0,432127000.0,1.0,480789696.0,483144000,516820000.0,2.102,803859000.0,36185000.0,136676000.0,80705000.0,1.664,355386000.0
22,ADBE,MRY,1998-12-31,1998-11-27,1998-11-27,2021-09-29,-1879000.0,767331000.0,849502500.0,455945000.0,311386000.0,1.053,0.972,-59745000.0,110871000.0,110871000.0,101034000.0,105144000.0,1.817,0.486,0.0,0.0,0.0,0.0,11333000.0,56264000.0,0.0,0.004,0.025,167694000.0,223958000.0,0.25,223958000.0,167694000.0,167694000.0,0.2,0.195,0.2,516365000.0,628387750.0,516365000.0,2896705552.0,17.0,12.934,143724000.0,0.27,1.0,793757000.0,0.887,0.0,0.0,405494000.0,499218500.0,0.0,161676000.0,161676000.0,0.0,250966000.0,250966000.0,0.0,3080500552.0,-156705000.0,-3544000.0,-308268000.0,0.0,-16291000.0,-321791000.0,-40301000.0,22988000.0,203469000.0,1918000.0,105144000.0,105144000.0,105144000.0,0.0,0.0,0.118,668410000.0,125347000.0,48681000.0,0.125,5.966,29.298,29.3,93887000.0,0.0,5.86,3.443,3.481,141180000.0,732730000.0,894791000.0,894791000.0,188261000.0,0.124,0.167,0.336,0.187,15108000.0,434159000.0,1.0,525682688.0,531464000,543792000.0,1.684,767331000.0,48675000.0,62550000.0,64546000.0,1.444,204979000.0
23,ADBE,MRY,1997-12-31,1997-11-28,1997-11-28,2021-09-29,-1030000.0,940071000.0,1016520250.0,678946000.0,261125000.0,0.897,1.243,-33882000.0,267576000.0,267576000.0,116188000.0,186837000.0,3.022,0.314,0.0,0.0,0.0,0.0,12769000.0,59384000.0,0.0,0.008,0.042,296090000.0,355474000.0,0.39,355474000.0,296090000.0,296090000.0,0.325,0.315,0.325,715424000.0,787488500.0,715424000.0,2888537624.0,10.0,8.126,168796000.0,0.293,1.0,795706000.0,0.873,0.0,0.0,447848000.0,563076000.0,0.0,235380000.0,235380000.0,0.0,224647000.0,224647000.0,0.0,3065448624.0,156831000.0,-6121000.0,-204649000.0,0.0,-20911000.0,-219204000.0,172829000.0,248985000.0,202678000.0,528000.0,186837000.0,186837000.0,186837000.0,0.0,0.0,0.205,564950000.0,230756000.0,57857000.0,0.129,4.285,16.407,16.154,80978000.0,0.0,5.25,3.362,3.314,130974000.0,663861000.0,911894000.0,911894000.0,165859000.0,0.184,0.237,0.526,0.325,30936000.0,391146000.0,1.0,583894976.0,575696000,593280000.0,1.584,940071000.0,42823000.0,109253000.0,48343000.0,1.633,454299000.0
24,ADBE,MRY,1996-12-31,1996-11-29,1996-11-29,2021-09-29,28366000.0,1001393000.0,943062500.0,725814000.0,275579000.0,0.834,1.219,-45869000.0,110745000.0,110745000.0,141147000.0,153277000.0,3.303,0.417,0.0,0.0,0.0,0.0,15537000.0,55621000.0,0.0,0.005,0.025,244824000.0,300445000.0,0.382,300445000.0,244824000.0,244824000.0,0.265,0.255,0.265,706514000.0,702465500.0,706514000.0,,,,152245000.0,0.263,1.0,645416000.0,0.821,0.0,0.0,670926000.0,655425000.0,0.0,453371000.0,453371000.0,0.0,294879000.0,219722000.0,75157000.0,2831397999.0,52252000.0,-8027000.0,-86908000.0,0.0,-14586000.0,-101494000.0,-46865000.0,72430000.0,198114000.0,2497000.0,153277000.0,153277000.0,153277000.0,0.0,0.0,0.195,498630000.0,146786000.0,43056000.0,0.094,4.008,18.472,18.632,80231000.0,0.0,4.938,3.6,3.639,115823000.0,529546000.0,786563000.0,786563000.0,155418000.0,0.163,0.218,0.374,0.311,13600000.0,317006000.0,1.0,573447696.0,579632000,601056000.0,1.357,1001393000.0,0.0,91547000.0,71019000.0,1.728,506092000.0
25,ADBE,MRY,1995-12-31,1995-12-01,1995-12-01,2021-09-29,14366000.0,884732000.0,,692787000.0,191945000.0,,1.176,-34071000.0,58493000.0,58493000.0,130301000.0,93485000.0,3.718,0.267,0.0,0.0,0.0,0.0,18257000.0,60435000.0,0.0,0.003,0.025,163853000.0,224288000.0,0.294,224288000.0,163853000.0,163853000.0,0.158,0.158,0.158,698417000.0,,698417000.0,,,,143685000.0,0.242,1.0,632038000.0,0.829,0.0,0.0,639924000.0,,0.0,457547000.0,457547000.0,0.0,186315000.0,186315000.0,0.0,,-142036000.0,-15158000.0,52518000.0,0.0,-12310000.0,36866000.0,-356668000.0,-210718000.0,177756000.0,10000.0,93485000.0,93485000.0,93485000.0,0.0,0.0,0.123,497467000.0,134571000.0,25639000.0,0.158,,,53.006,51708000.0,0.0,8.375,,6.526,133208000.0,390793000.0,762339000.0,762339000.0,138616000.0,,,,0.215,36878000.0,301239000.0,1.0,,594024000,594024000.0,1.283,884732000.0,0.0,70368000.0,19420000.0,1.489,506472000.0
26,ADBE,MRY,1994-12-31,1994-11-25,1994-11-25,2021-09-29,,,,,,,,-32700000.0,,,122023000.0,15337000.0,,,,,,,,57794000.0,,0.006,0.025,52946000.0,110740000.0,0.164,110740000.0,52946000.0,52946000.0,0.028,0.028,0.028,,,,,,,123036000.0,0.219,1.0,553594000.0,0.819,,0.0,,,,,,,,,,,62534000.0,-14750000.0,36897000.0,0.0,-9906000.0,26465000.0,-118370000.0,-42304000.0,155736000.0,-1297000.0,15337000.0,15337000.0,15337000.0,0.0,0.0,0.023,511080000.0,42514000.0,,0.893,,,143.973,,0.0,4.031,,3.349,,,675617000.0,675617000.0,113797000.0,,,,0.078,15482000.0,295302000.0,1.0,,561352000,561352000.0,1.204,,,37609000.0,,,
0,ADBE,MRQ,2021-09-30,2021-09-03,2021-09-03,2021-09-29,-131000000.0,26144000000.0,,8619000000.0,17525000000.0,,30.218,-95000000.0,4623000000.0,4623000000.0,467000000.0,1212000000.0,1.392,0.814,4685000000.0,97000000.0,4588000000.0,4685000000.0,4385000000.0,213000000.0,0.0,0.0,0.0,1445000000.0,1658000000.0,0.421,1658000000.0,1445000000.0,1418000000.0,2.54,2.52,2.54,14414000000.0,,14414000000.0,318006476000.0,57.0,49.735,1309000000.0,2.744,1.0,3468000000.0,0.881,13395000000.0,27000000.0,6620000000.0,,0.0,1541000000.0,1541000000.0,0.0,11730000000.0,6191000000.0,5539000000.0,317563476000.0,373000000.0,0.0,-797000000.0,0.0,0.0,-899000000.0,-133000000.0,-38000000.0,1404000000.0,1000000.0,1212000000.0,1212000000.0,1212000000.0,0.0,0.0,0.308,2027000000.0,1441000000.0,331000000.0,0.0,22.032,54.387,54.639,2081000000.0,0.0,666.59,21.032,21.059,1545000000.0,22750000000.0,3935000000.0,3935000000.0,651000000.0,,,,,280000000.0,1333000000.0,1.0,476400000.0,477000000,481000000.0,8.249,12749000000.0,1190000000.0,206000000.0,610000000.0,26.727,2428000000.0
1,ADBE,MRQ,2021-06-30,2021-06-04,2021-06-04,2021-09-29,-121000000.0,25582000000.0,,8078000000.0,17504000000.0,,28.979,-95000000.0,4250000000.0,4250000000.0,444000000.0,1116000000.0,1.315,0.847,4693000000.0,96000000.0,4597000000.0,4693000000.0,4283000000.0,208000000.0,0.0,0.0,0.0,1414000000.0,1622000000.0,0.423,1622000000.0,1414000000.0,1386000000.0,2.34,2.32,2.34,13852000000.0,,13852000000.0,242406000000.0,47.0,40.147,1893000000.0,3.96,1.0,3391000000.0,0.884,13500000000.0,28000000.0,6380000000.0,,0.0,1518000000.0,1518000000.0,0.0,11730000000.0,6145000000.0,5585000000.0,241151000000.0,798000000.0,0.0,-1000000000.0,0.0,0.0,-1080000000.0,-107000000.0,-12000000.0,1988000000.0,-3000000.0,1116000000.0,1116000000.0,1116000000.0,0.0,0.0,0.291,1985000000.0,1406000000.0,312000000.0,0.0,17.409,43.202,43.305,2031000000.0,0.0,504.5,16.759,16.759,1477000000.0,21538000000.0,3835000000.0,3835000000.0,612000000.0,,,,,260000000.0,1329000000.0,1.0,478000000.0,478000000,481000000.0,8.023,12082000000.0,1168000000.0,270000000.0,645000000.0,25.276,1933000000.0
2,ADBE,MRQ,2021-03-31,2021-03-05,2021-03-05,2021-09-29,-141000000.0,24985000000.0,,7384000000.0,17601000000.0,,28.28,-59000000.0,3452000000.0,3452000000.0,447000000.0,1261000000.0,1.272,0.844,4707000000.0,94000000.0,4613000000.0,4707000000.0,4285000000.0,215000000.0,0.0,0.0,0.0,1463000000.0,1678000000.0,0.43,1678000000.0,1463000000.0,1433000000.0,2.63,2.61,2.63,13546000000.0,,13546000000.0,211255321000.0,44.0,37.37,1713000000.0,3.576,1.0,3458000000.0,0.886,13574000000.0,30000000.0,6860000000.0,,0.0,1511000000.0,1511000000.0,0.0,11439000000.0,5806000000.0,5633000000.0,211025321000.0,-1026000000.0,-1470000000.0,-863000000.0,0.0,0.0,-1244000000.0,-1558000000.0,-29000000.0,1772000000.0,4000000.0,1261000000.0,1261000000.0,1261000000.0,0.0,0.0,0.323,2004000000.0,1454000000.0,254000000.0,0.0,15.578,37.913,38.035,2007000000.0,0.0,440.83,15.424,15.433,1520000000.0,20521000000.0,3905000000.0,3905000000.0,620000000.0,,,,,260000000.0,1339000000.0,1.0,478700000.0,479000000,483000000.0,8.152,11411000000.0,1262000000.0,172000000.0,702000000.0,23.823,1578000000.0
3,ADBE,MRQ,2020-12-31,2020-11-27,2020-11-27,2021-09-29,-158000000.0,24284000000.0,,8146000000.0,16138000000.0,,27.576,-103000000.0,4478000000.0,4478000000.0,428000000.0,2250000000.0,1.478,0.831,4708000000.0,92000000.0,4616000000.0,4708000000.0,3759000000.0,212000000.0,0.0,0.0,0.0,1224000000.0,1436000000.0,0.419,1436000000.0,1224000000.0,1197000000.0,4.69,4.63,4.69,13264000000.0,,13264000000.0,229799346460.0,54.0,44.743,1679000000.0,3.491,1.0,2996000000.0,0.875,12101000000.0,27000000.0,6901000000.0,,0.0,1514000000.0,1514000000.0,0.0,11020000000.0,5512000000.0,5508000000.0,228840346460.0,711000000.0,0.0,-850000000.0,0.0,0.0,-940000000.0,-131000000.0,-28000000.0,1782000000.0,0.0,2250000000.0,2250000000.0,2250000000.0,0.0,0.0,0.657,1781000000.0,1215000000.0,306000000.0,0.0,17.253,43.506,43.604,2004000000.0,0.0,477.03,17.784,17.831,1398000000.0,19611000000.0,3424000000.0,3424000000.0,558000000.0,,,,,233000000.0,1184000000.0,1.0,479718983.0,481000000,482000000.0,7.119,12183000000.0,1370000000.0,-1053000000.0,602000000.0,25.328,2634000000.0
4,ADBE,MRQ,2020-09-30,2020-08-28,2020-08-28,2021-09-29,-153000000.0,22414000000.0,,7387000000.0,15027000000.0,,24.402,-126000000.0,3767000000.0,3767000000.0,427000000.0,955000000.0,1.44,0.914,4726000000.0,90000000.0,4636000000.0,4726000000.0,3448000000.0,214000000.0,0.0,0.0,0.0,1088000000.0,1302000000.0,0.404,1302000000.0,1088000000.0,1060000000.0,1.99,1.97,1.99,11713000000.0,,11713000000.0,249371316029.0,61.0,51.059,1310000000.0,2.729,1.0,2798000000.0,0.868,12184000000.0,28000000.0,6059000000.0,,0.0,1497000000.0,1497000000.0,0.0,10701000000.0,5130000000.0,5571000000.0,247718316029.0,723000000.0,0.0,-319000000.0,0.0,0.0,-414000000.0,-315000000.0,-189000000.0,1436000000.0,16000000.0,955000000.0,955000000.0,955000000.0,0.0,0.0,0.296,1729000000.0,1069000000.0,229000000.0,0.0,21.149,64.159,64.474,1974000000.0,0.0,516.44,19.919,19.933,1318000000.0,17383000000.0,3225000000.0,3225000000.0,566000000.0,,,,,232000000.0,1122000000.0,1.0,479665239.0,480000000,485000000.0,6.719,10230000000.0,219000000.0,105000000.0,760000000.0,21.312,2257000000.0
5,ADBE,MRQ,2020-06-30,2020-05-29,2020-05-29,2021-09-29,-195000000.0,21603000000.0,,6649000000.0,14954000000.0,,22.622,-96000000.0,3044000000.0,3044000000.0,415000000.0,1100000000.0,1.288,0.985,4697000000.0,85000000.0,4612000000.0,4697000000.0,3461000000.0,209000000.0,0.0,0.0,0.0,1028000000.0,1237000000.0,0.395,1237000000.0,1028000000.0,1000000000.0,2.28,2.27,2.28,10881000000.0,,10881000000.0,188287208610.0,49.0,40.492,1088000000.0,2.262,1.0,2713000000.0,0.867,12230000000.0,28000000.0,5862000000.0,,0.0,1307000000.0,1307000000.0,0.0,10722000000.0,5164000000.0,5558000000.0,186264208610.0,356000000.0,0.0,-849000000.0,0.0,0.0,-901000000.0,80000000.0,176000000.0,1184000000.0,-7000000.0,1100000000.0,1100000000.0,1100000000.0,0.0,0.0,0.352,1697000000.0,1016000000.0,289000000.0,0.0,17.118,50.355,50.536,1876000000.0,0.0,386.6,15.464,15.438,1366000000.0,16428000000.0,3128000000.0,3128000000.0,532000000.0,,,,,227000000.0,1125000000.0,1.0,481800850.0,481000000,485000000.0,6.503,9373000000.0,231000000.0,-100000000.0,776000000.0,19.486,1485000000.0
6,ADBE,MRQ,2020-03-31,2020-02-28,2020-02-28,2021-09-29,-189000000.0,21214000000.0,,6455000000.0,14759000000.0,,21.712,-94000000.0,2688000000.0,2688000000.0,452000000.0,955000000.0,1.235,1.027,4711000000.0,84000000.0,4627000000.0,4711000000.0,3614000000.0,209000000.0,0.0,0.0,0.0,952000000.0,1161000000.0,0.376,1161000000.0,952000000.0,919000000.0,1.98,1.96,1.98,10465000000.0,,10465000000.0,167881088092.0,47.0,38.584,1231000000.0,2.554,1.0,2639000000.0,0.854,12317000000.0,33000000.0,5692000000.0,,0.0,1483000000.0,1483000000.0,0.0,10749000000.0,5228000000.0,5521000000.0,166393042092.0,38000000.0,0.0,-762000000.0,-6000000.0,0.0,-1233000000.0,-48000000.0,46000000.0,1325000000.0,-6000000.0,955000000.0,955000000.0,955000000.0,0.0,0.0,0.309,1702000000.0,937000000.0,265000000.0,0.0,15.9,51.483,51.742,1844000000.0,0.0,345.12,14.269,14.265,1389000000.0,15390000000.0,3091000000.0,3091000000.0,532000000.0,,,,,217000000.0,1128000000.0,1.0,482130975.0,482000000,488000000.0,6.413,8897000000.0,0.0,-36000000.0,727000000.0,18.459,1227000000.0
7,ADBE,MRQ,2019-12-31,2019-11-29,2019-11-29,2021-09-29,-188000000.0,20762000000.0,,6495000000.0,14267000000.0,,21.801,-95000000.0,2650000000.0,2650000000.0,452000000.0,851000000.0,0.793,0.972,4138000000.0,3149000000.0,989000000.0,4138000000.0,3501000000.0,191000000.0,0.0,0.0,0.0,993000000.0,1184000000.0,0.396,1184000000.0,993000000.0,957000000.0,1.76,1.74,1.76,10530000000.0,,10530000000.0,151764820844.0,45.0,36.845,1282000000.0,2.654,1.0,2540000000.0,0.849,12412000000.0,36000000.0,1647000000.0,,0.0,1527000000.0,1527000000.0,0.0,10232000000.0,8191000000.0,2041000000.0,149836851844.0,441000000.0,-1000000.0,-749000000.0,0.0,0.0,-766000000.0,-169000000.0,-73000000.0,1377000000.0,-1000000.0,851000000.0,851000000.0,851000000.0,0.0,0.0,0.284,1570000000.0,970000000.0,209000000.0,0.0,14.23,50.775,50.993,1293000000.0,0.0,309.53,13.413,13.466,1535000000.0,14829000000.0,2992000000.0,2992000000.0,500000000.0,,,,,203000000.0,1028000000.0,1.0,484078609.0,483000000,492000000.0,6.195,8350000000.0,0.0,106000000.0,812000000.0,17.288,-1696000000.0
8,ADBE,MRQ,2019-09-30,2019-08-30,2019-08-30,2021-09-29,-193949000.0,20054880000.0,,5750096000.0,14304784000.0,,21.076,-89000000.0,2209047000.0,2209047000.0,416000000.0,793000000.0,0.737,0.958,4137016000.0,3148587000.0,988429000.0,4137016000.0,3255936000.0,193000000.0,0.0,0.0,0.0,875000000.0,1068000000.0,0.377,1068000000.0,875000000.0,835000000.0,1.63,1.61,1.63,10242773000.0,,10242773000.0,140162878177.0,45.0,37.196,833000000.0,1.714,1.0,2418000000.0,0.853,12503693000.0,40000000.0,1676190000.0,,0.0,1441741000.0,1441741000.0,0.0,9812107000.0,7802966000.0,2009141000.0,138112182177.0,126000000.0,0.0,-592000000.0,0.0,0.0,-624000000.0,-165000000.0,-76000000.0,922000000.0,-7000000.0,793000000.0,793000000.0,793000000.0,0.0,0.0,0.28,1564000000.0,854000000.0,186999000.0,0.0,13.484,49.708,49.914,1244011000.0,0.0,284.51,12.976,12.991,1371697000.0,13976701000.0,2834000000.0,2834000000.0,490000000.0,,,,,196000000.0,1031000000.0,1.0,485438762.0,486000000,491000000.0,5.831,7551187000.0,0.0,42000000.0,759616000.0,15.537,-2052870000.0
9,ADBE,MRQ,2019-06-30,2019-05-31,2019-05-31,2021-09-29,-144364000.0,19665909000.0,,5342645000.0,14323264000.0,,20.352,-146000000.0,2082910000.0,2082910000.0,407000000.0,633000000.0,0.695,0.98,4133606000.0,3145668000.0,987938000.0,4133606000.0,3134074000.0,187000000.0,0.0,0.0,0.0,751000000.0,938000000.0,0.342,938000000.0,751000000.0,711000000.0,1.3,1.29,1.3,9931693000.0,,9931693000.0,134576651459.0,46.0,38.346,964000000.0,1.975,1.0,2337000000.0,0.852,12615023000.0,40000000.0,1414485000.0,,0.0,1396069000.0,1396069000.0,0.0,9734216000.0,7687097000.0,2047119000.0,132185910459.0,344000000.0,0.0,-748000000.0,0.0,0.0,-772000000.0,10000000.0,156000000.0,1110000000.0,-4000000.0,633000000.0,633000000.0,633000000.0,0.0,0.0,0.231,1587000000.0,750000000.0,169101000.0,0.0,13.31,49.848,49.89,1205020000.0,0.0,270.9,13.087,13.088,1272668000.0,13183938000.0,2744000000.0,2744000000.0,476000000.0,,,,,204000000.0,1068000000.0,1.0,487950943.0,488000000,492000000.0,5.623,7050886000.0,0.0,78000000.0,817397000.0,14.449,-2344452000.0
10,ADBE,MRQ,2019-03-31,2019-03-01,2019-03-01,2021-09-29,-150432000.0,19505536000.0,,5133715000.0,14371821000.0,,20.228,-65000000.0,1738846000.0,1738846000.0,397000000.0,674000000.0,0.966,0.976,4129587000.0,892754000.0,3236833000.0,4129587000.0,3218192000.0,186000000.0,0.0,0.0,0.0,743000000.0,929000000.0,0.357,929000000.0,743000000.0,702000000.0,1.38,1.36,1.38,9871485000.0,,9871485000.0,131246543819.0,45.0,39.072,948000000.0,1.943,1.0,2204000000.0,0.847,12724818000.0,41000000.0,3857723000.0,,0.0,1487411000.0,1487411000.0,0.0,9634051000.0,5313736000.0,4320315000.0,128764518819.0,96000000.0,-100000000.0,-428000000.0,0.0,0.0,-784000000.0,-132000000.0,33000000.0,1013000000.0,-1000000.0,674000000.0,674000000.0,674000000.0,0.0,0.0,0.259,1509000000.0,695000000.0,145292000.0,0.0,13.044,48.012,48.177,1104065000.0,0.0,264.01,13.48,13.488,1342343000.0,12579311000.0,2601000000.0,2601000000.0,465000000.0,,,,,185000000.0,997000000.0,1.0,487725915.0,488000000,494000000.0,5.33,6780718000.0,0.0,28000000.0,805118000.0,13.895,-180021000.0
11,ADBE,MRQ,2018-12-31,2018-11-30,2018-11-30,2021-09-29,-148130000.0,18768682000.0,,4857039000.0,13911643000.0,,19.107,-62984000.0,1642775000.0,1642775000.0,359262000.0,678466000.0,1.129,1.005,4124800000.0,0.0,4124800000.0,4124800000.0,3053604000.0,106228000.0,0.0,0.0,0.0,726972000.0,833200000.0,0.338,833200000.0,726972000.0,699341000.0,1.39,1.36,1.39,9362114000.0,,9362114000.0,122595330589.0,43.0,37.967,1044705000.0,2.132,1.0,2105355000.0,0.854,12650049000.0,27631000.0,4299532000.0,,0.0,1586187000.0,1586187000.0,0.0,9406568000.0,4301126000.0,5105442000.0,122467820589.0,-104072000.0,-4680959000.0,-298743000.0,2248000000.0,0.0,1925299000.0,-3138583000.0,1605360000.0,1107689000.0,1523000.0,678466000.0,678466000.0,678466000.0,0.0,0.0,0.275,1385178000.0,720177000.0,186258000.0,0.0,13.081,47.267,47.517,1075072000.0,0.0,250.89,13.562,13.642,1315578000.0,11815597000.0,2464617000.0,2464617000.0,416146000.0,,,,,170059000.0,936201000.0,1.0,488133527.0,489992000,496239000.0,5.03,6118633000.0,0.0,20875000.0,726512000.0,12.487,555913000.0
12,ADBE,MRQ,2018-09-30,2018-08-31,2018-08-31,2021-09-29,-128048000.0,15395620000.0,,6300913000.0,9094707000.0,,18.085,-63558000.0,1747144000.0,1747144000.0,295492000.0,666291000.0,1.662,0.737,1874654000.0,0.0,1874654000.0,1874654000.0,2707374000.0,86890000.0,0.0,0.0,0.0,722465000.0,809355000.0,0.353,809355000.0,722465000.0,701358000.0,1.36,1.34,1.36,8861925000.0,,8861925000.0,127917077483.0,45.0,40.749,891746000.0,1.82,1.0,1995584000.0,0.871,7806329000.0,21107000.0,3924774000.0,,0.0,3197326000.0,3197326000.0,0.0,6533695000.0,3792027000.0,2741668000.0,129031006483.0,-1240842000.0,-1618427000.0,-624939000.0,815000.0,0.0,-671661000.0,-1520334000.0,161651000.0,955304000.0,-4151000.0,666291000.0,666291000.0,666291000.0,0.0,0.0,0.291,1276978000.0,718606000.0,145566000.0,0.0,14.56,53.449,53.668,1019260000.0,0.0,263.51,15.053,15.064,1044507000.0,11137357000.0,2291076000.0,2291076000.0,398957000.0,,,,,159039000.0,854147000.0,1.0,489662656.0,490025000,496866000.0,4.675,7589291000.0,85297000.0,35067000.0,633633000.0,15.488,2508886000.0
13,ADBE,MRQ,2018-06-30,2018-06-01,2018-06-01,2021-09-29,-129230000.0,15163404000.0,,7741444000.0,7421960000.0,,17.697,-45316000.0,2987986000.0,2987986000.0,281344000.0,663167000.0,2.076,0.742,1874057000.0,0.0,1874057000.0,1874057000.0,2634267000.0,76360000.0,0.0,0.0,0.0,711162000.0,787522000.0,0.359,787522000.0,711162000.0,690799000.0,1.35,1.33,1.35,8705583000.0,,8705583000.0,122970532889.0,46.0,41.372,931090000.0,1.893,1.0,1914016000.0,0.872,6144270000.0,20363000.0,4176249000.0,,0.0,3346078000.0,3346078000.0,0.0,6457821000.0,3728956000.0,2728865000.0,123762719889.0,321005000.0,-14614000.0,-699702000.0,-511000.0,0.0,-717365000.0,67679000.0,127609000.0,976406000.0,-5715000.0,663167000.0,663167000.0,663167000.0,0.0,0.0,0.302,1215532000.0,698484000.0,117194000.0,0.0,14.216,57.103,57.116,993486000.0,0.0,251.31,15.238,15.221,1074877000.0,10471066000.0,2195360000.0,2195360000.0,374128000.0,,,,,145376000.0,824255000.0,1.0,492470335.0,491914000,498252000.0,4.463,9019134000.0,117970000.0,27632000.0,649442000.0,18.335,4012488000.0
14,ADBE,MRQ,2018-03-31,2018-03-02,2018-03-02,2021-09-29,-109939000.0,14973485000.0,,7480814000.0,7492671000.0,,17.547,-95142000.0,2666981000.0,2666981000.0,258902000.0,583076000.0,2.115,0.734,1874794000.0,0.0,1874794000.0,1874794000.0,2572204000.0,76522000.0,0.0,0.0,0.0,722401000.0,798923000.0,0.384,798923000.0,722401000.0,702502000.0,1.18,1.17,1.18,8634028000.0,,8634028000.0,102703608599.0,42.0,36.978,894459000.0,1.818,1.0,1820045000.0,0.875,6197639000.0,19899000.0,4447190000.0,,0.0,3480989000.0,3480989000.0,0.0,6339457000.0,3536469000.0,2802988000.0,103128259599.0,360909000.0,0.0,-235616000.0,-304000.0,0.0,-541273000.0,-93762000.0,1380000.0,989601000.0,6343000.0,583076000.0,583076000.0,583076000.0,0.0,0.0,0.28,1117312000.0,702733000.0,131090000.0,0.0,11.944,54.897,55.063,991674000.0,0.0,209.79,13.395,13.409,1062690000.0,9830399000.0,2078947000.0,2078947000.0,348769000.0,,,,,135526000.0,751397000.0,1.0,491578529.0,492061000,499433000.0,4.225,8775846000.0,149710000.0,119426000.0,701059000.0,17.835,3944345000.0
15,ADBE,MRQ,2017-12-31,2017-12-01,2017-12-01,2021-09-29,-111821000.0,14535556000.0,,7247813000.0,7287743000.0,,17.191,-37684000.0,2306072000.0,2306072000.0,270872000.0,501549000.0,2.055,0.718,1881421000.0,0.0,1881421000.0,1881421000.0,2494542000.0,81234000.0,0.0,0.0,0.0,662128000.0,743362000.0,0.37,743362000.0,662128000.0,643012000.0,1.02,1.0,1.02,8459869000.0,,8459869000.0,88607797873.0,40.0,34.912,795536000.0,1.617,1.0,1735723000.0,0.865,6207219000.0,19116000.0,4376229000.0,,0.0,3513702000.0,3513702000.0,0.0,6075687000.0,3527457000.0,2548230000.0,88493129873.0,531522000.0,0.0,-299331000.0,1328000.0,0.0,-319509000.0,20366000.0,58050000.0,833220000.0,-2555000.0,501549000.0,501549000.0,501549000.0,0.0,0.0,0.25,1086383000.0,649340000.0,113538000.0,0.0,10.46,52.241,52.338,936976000.0,0.0,179.52,12.12,12.137,1217968000.0,9573870000.0,2006595000.0,2006595000.0,324026000.0,,,,,119744000.0,743671000.0,1.0,492943014.0,492114000,501312000.0,4.078,8328337000.0,0.0,141463000.0,467225000.0,16.924,3720356000.0
16,ADBE,MRQ,2017-09-30,2017-09-01,2017-09-01,2021-09-29,-98630000.0,13906815000.0,,6581057000.0,7325758000.0,,16.559,-54238000.0,1774550000.0,1774550000.0,262922000.0,419569000.0,2.046,0.702,1889218000.0,0.0,1889218000.0,1889218000.0,2204864000.0,82319000.0,0.0,0.0,0.0,560188000.0,642507000.0,0.349,642507000.0,560188000.0,541379000.0,0.85,0.84,0.85,8170434000.0,,8170434000.0,77078931966.0,38.0,32.789,650198000.0,1.318,1.0,1578152000.0,0.857,6241323000.0,18809000.0,4564016000.0,,0.0,3593936000.0,3593936000.0,0.0,5736381000.0,3216144000.0,2520237000.0,76507483966.0,457600000.0,0.0,-195148000.0,-416000.0,0.0,-218299000.0,-36814000.0,17424000.0,704436000.0,8277000.0,419569000.0,419569000.0,419569000.0,0.0,0.0,0.228,1032478000.0,545674000.0,90327000.0,0.0,9.364,48.057,48.006,939809000.0,0.0,155.06,11.083,11.083,1006187000.0,9072321000.0,1841074000.0,1841074000.0,315555000.0,,,,,120369000.0,697495000.0,1.0,493405675.0,493426000,500398000.0,3.731,7665492000.0,0.0,121810000.0,506048000.0,15.535,3364913000.0
17,ADBE,MRQ,2017-06-30,2017-06-02,2017-06-02,2021-09-29,-146752000.0,13364900000.0,,6052197000.0,7312703000.0,,15.786,-55297000.0,1316950000.0,1316950000.0,239360000.0,374390000.0,1.986,0.713,1888398000.0,0.0,1888398000.0,1888398000.0,2074992000.0,81635000.0,0.0,0.0,0.0,510965000.0,592600000.0,0.334,592600000.0,510965000.0,492618000.0,0.76,0.75,0.76,7803998000.0,,7803998000.0,71794446466.0,39.0,33.148,589530000.0,1.192,1.0,1532830000.0,0.865,6242537000.0,18347000.0,4645915000.0,,0.0,3614563000.0,3614563000.0,0.0,5560902000.0,3047896000.0,2513006000.0,70979268466.0,248054000.0,0.0,-298957000.0,-644000.0,0.0,-314432000.0,-87547000.0,-32250000.0,644827000.0,5206000.0,374390000.0,374390000.0,374390000.0,0.0,0.0,0.211,1028748000.0,504082000.0,77905000.0,0.0,9.095,49.181,49.137,924108000.0,0.0,143.48,10.876,10.869,901452000.0,8652752000.0,1772190000.0,1772190000.0,299401000.0,,,,,116049000.0,710027000.0,1.0,494697996.0,494371000,500351000.0,3.585,7122363000.0,0.0,118228000.0,541926000.0,14.407,3004301000.0
18,ADBE,MRQ,2017-03-31,2017-03-03,2017-03-03,2021-09-29,-185409000.0,13044783000.0,,5755562000.0,7289221000.0,,15.343,-30903000.0,1068896000.0,1068896000.0,237337000.0,398446000.0,1.948,0.719,1884074000.0,0.0,1884074000.0,1884074000.0,2060246000.0,80809000.0,0.0,0.0,0.0,478762000.0,559571000.0,0.333,559571000.0,478762000.0,460632000.0,0.81,0.8,0.81,7588690000.0,,7588690000.0,60199933139.0,36.0,30.029,699467000.0,1.414,1.0,1444309000.0,0.859,6242777000.0,18130000.0,4663115000.0,,0.0,3659160000.0,3578721000.0,80439000.0,5456093000.0,2954069000.0,2502024000.0,59309180139.0,57581000.0,-459626000.0,-148213000.0,-268000.0,0.0,-331495000.0,-338882000.0,151647000.0,730370000.0,-2412000.0,398446000.0,398446000.0,398446000.0,0.0,0.0,0.237,975310000.0,468999000.0,191484000.0,0.0,7.815,45.173,45.298,821730000.0,0.0,120.04,9.639,9.65,850840000.0,8299362000.0,1681646000.0,1681646000.0,285077000.0,,,,,98310000.0,671105000.0,1.0,494078475.0,494612000,500861000.0,3.4,6802006000.0,0.0,62186000.0,446768000.0,13.752,2801493000.0
19,ADBE,MRQ,2016-12-31,2016-12-02,2016-12-02,2021-09-29,-173602000.0,12697246000.0,,5839774000.0,6857472000.0,,14.978,-48633000.0,1011315000.0,1011315000.0,216556000.0,399613000.0,2.077,0.71,1892200000.0,0.0,1892200000.0,1892200000.0,2014750000.0,81860000.0,0.0,0.0,0.0,474218000.0,556078000.0,0.346,556078000.0,474218000.0,456700000.0,0.81,0.8,0.81,7424835000.0,,7424835000.0,50737369705.0,34.0,27.618,646968000.0,1.305,1.0,1391863000.0,0.865,5820879000.0,17518000.0,4945617000.0,,0.0,3830424000.0,3749985000.0,80439000.0,5272411000.0,2811635000.0,2460776000.0,49588450705.0,243643000.0,0.0,-294126000.0,-22000.0,0.0,-300469000.0,-143098000.0,-94465000.0,695601000.0,-8391000.0,399613000.0,399613000.0,399613000.0,0.0,0.0,0.248,919583000.0,472280000.0,88024000.0,0.0,6.679,42.427,42.438,816264000.0,0.0,99.73,8.47,8.489,833033000.0,8114517000.0,1608419000.0,1608419000.0,257849000.0,,,,,81079000.0,643234000.0,1.0,497227020.0,495708000,501791000.0,3.245,6876367000.0,0.0,57087000.0,440403000.0,13.872,3028139000.0
20,ADBE,MRQ,2016-09-30,2016-09-02,2016-09-02,2021-09-29,-134111000.0,12367441000.0,,5418710000.0,6948731000.0,,14.597,-55213000.0,767672000.0,767672000.0,202701000.0,270788000.0,2.163,0.699,1916591000.0,0.0,1916591000.0,1916591000.0,1797985000.0,84014000.0,0.0,0.0,0.0,373582000.0,457596000.0,0.313,457596000.0,373582000.0,356301000.0,0.54,0.54,0.54,7277946000.0,,7277946000.0,52639997684.0,39.0,31.317,462672000.0,0.928,1.0,1261266000.0,0.862,5887410000.0,17281000.0,5123284000.0,,0.0,3759165000.0,3678726000.0,80439000.0,5089495000.0,2505666000.0,2583829000.0,51607987684.0,-118707000.0,0.0,-312462000.0,-65000.0,0.0,-324957000.0,-306588000.0,-251375000.0,517885000.0,-5047000.0,270788000.0,270788000.0,270788000.0,0.0,0.0,0.185,891941000.0,369325000.0,83444000.0,0.0,7.091,52.031,52.308,811524000.0,0.0,103.57,9.295,9.3,731166000.0,7714904000.0,1463967000.0,1463967000.0,248450000.0,,,,,80523000.0,620839000.0,1.0,498290892.0,498584000,503669000.0,2.936,6480031000.0,0.0,85513000.0,525252000.0,12.997,2913044000.0
21,ADBE,MRQ,2016-06-30,2016-06-03,2016-06-03,2021-09-29,-133047000.0,12216783000.0,,5238564000.0,6978219000.0,,14.498,-53759000.0,886379000.0,886379000.0,202079000.0,244074000.0,2.196,0.685,1918389000.0,0.0,1918389000.0,1918389000.0,1681632000.0,84461000.0,0.0,0.0,0.0,347004000.0,431465000.0,0.308,431465000.0,347004000.0,329830000.0,0.49,0.48,0.49,7248611000.0,,7248611000.0,50456817289.0,41.0,32.345,434956000.0,0.87,1.0,1196630000.0,0.856,5938749000.0,17174000.0,4924454000.0,,0.0,3512468000.0,3432029000.0,80439000.0,4968172000.0,2385590000.0,2582582000.0,49370682289.0,55683000.0,-48427000.0,-218259000.0,-21000.0,0.0,-180888000.0,-251505000.0,-149319000.0,488715000.0,-639000.0,244074000.0,244074000.0,244074000.0,0.0,0.0,0.174,852391000.0,344239000.0,75582000.0,0.0,6.811,55.129,55.14,796077000.0,0.0,98.7,9.304,9.3,666736000.0,7444115000.0,1398709000.0,1398709000.0,232484000.0,,,,,35139000.0,600919000.0,1.0,500209547.0,499974000,504725000.0,2.798,6278034000.0,0.0,85756000.0,534606000.0,12.557,2852974000.0
22,ADBE,MRQ,2016-03-31,2016-03-04,2016-03-04,2021-09-29,-151679000.0,11896682000.0,,4935390000.0,6961292000.0,,14.187,-46200000.0,830696000.0,830696000.0,198572000.0,254307000.0,2.211,0.68,1916831000.0,0.0,1916831000.0,1916831000.0,1608660000.0,81200000.0,0.0,0.0,0.0,310776000.0,391976000.0,0.283,391976000.0,310776000.0,292307000.0,0.51,0.5,0.51,7081202000.0,,7081202000.0,43976785475.0,41.0,31.145,451327000.0,0.904,1.0,1184763000.0,0.856,5907686000.0,18469000.0,4843325000.0,,0.0,3347631000.0,3267192000.0,80439000.0,4815480000.0,2231806000.0,2583674000.0,42946114475.0,-45864000.0,0.0,-104456000.0,0.0,0.0,-284392000.0,-258842000.0,-212642000.0,497527000.0,-157000.0,254307000.0,254307000.0,254307000.0,0.0,0.0,0.184,877005000.0,307758000.0,71706000.0,0.0,6.065,53.752,53.862,794876000.0,0.0,86.18,8.471,8.485,599207000.0,7221083000.0,1383335000.0,1383335000.0,237204000.0,,,,,77451000.0,621407000.0,1.0,498330407.0,499125000,505676000.0,2.772,5988996000.0,0.0,38000000.0,531511000.0,11.999,2703584000.0
23,ADBE,MRQ,2015-12-31,2015-11-27,2015-11-27,2021-09-29,-169080000.0,11726472000.0,,4821892000.0,6904580000.0,,14.049,-6897000.0,876560000.0,876560000.0,201361000.0,222705000.0,2.178,0.675,1907231000.0,0.0,1907231000.0,1907231000.0,1485294000.0,86359000.0,0.0,0.0,0.0,313455000.0,399814000.0,0.306,399814000.0,313455000.0,296940000.0,0.44,0.44,0.44,7001580000.0,,7001580000.0,47051137997.0,50.0,36.832,447618000.0,0.898,1.0,1105043000.0,0.846,5876888000.0,16515000.0,4666699000.0,,0.0,3191963000.0,3111524000.0,80439000.0,4724892000.0,2213556000.0,2511336000.0,45974335997.0,47268000.0,0.0,61415000.0,0.0,0.0,-115150000.0,-285987000.0,-279090000.0,454515000.0,-6110000.0,222705000.0,222705000.0,222705000.0,0.0,0.0,0.17,814609000.0,290434000.0,93307000.0,0.0,6.566,73.027,73.151,787421000.0,0.0,92.17,9.587,9.586,672006000.0,7253431000.0,1306404000.0,1306404000.0,220514000.0,,,,,12889000.0,577083000.0,1.0,498799349.0,498383000,507284000.0,2.621,5849584000.0,0.0,74235000.0,470503000.0,11.737,2608336000.0
24,ADBE,MRQ,2015-09-30,2015-08-28,2015-08-28,2021-09-29,-140831000.0,11508395000.0,,4525888000.0,6982507000.0,,13.72,-48984000.0,829292000.0,829292000.0,190985000.0,174465000.0,2.196,0.682,1906094000.0,0.0,1906094000.0,1906094000.0,1306029000.0,87550000.0,0.0,0.0,0.0,249138000.0,336688000.0,0.276,336688000.0,249138000.0,232619000.0,0.35,0.34,0.35,6841332000.0,,6841332000.0,40461271696.0,54.0,37.439,311504000.0,0.625,1.0,1026783000.0,0.843,5958969000.0,16519000.0,4565414000.0,,0.0,2919880000.0,2839441000.0,80439000.0,4667063000.0,2060814000.0,2606249000.0,39513042696.0,-126855000.0,-20025000.0,-31359000.0,-957000.0,0.0,-18710000.0,-465091000.0,-396082000.0,360488000.0,-3542000.0,174465000.0,174465000.0,174465000.0,0.0,0.0,0.143,780764000.0,246019000.0,69823000.0,0.0,5.776,79.827,79.4,797464000.0,0.0,79.4,8.661,8.678,593554000.0,7049629000.0,1217768000.0,1217768000.0,218660000.0,,,,,85975000.0,544609000.0,1.0,497645374.0,498630000,505809000.0,2.442,5549426000.0,82438000.0,58154000.0,638198000.0,11.129,2465074000.0
25,ADBE,MRQ,2015-06-30,2015-05-29,2015-05-29,2021-09-29,-129473000.0,11165383000.0,,4178397000.0,6986986000.0,,13.239,-35730000.0,956147000.0,956147000.0,185173000.0,147493000.0,2.157,0.689,1904376000.0,0.0,1904376000.0,1904376000.0,1228155000.0,85929000.0,0.0,0.0,0.0,197579000.0,283508000.0,0.244,283508000.0,197579000.0,180974000.0,0.3,0.29,0.3,6610103000.0,,6610103000.0,40755017119.0,71.0,45.259,435754000.0,0.873,1.0,976985000.0,0.841,5972169000.0,16605000.0,4204410000.0,,0.0,2537540000.0,2457101000.0,80439000.0,4555280000.0,1937033000.0,2618247000.0,39566283119.0,243263000.0,-5637000.0,-197089000.0,-153000.0,0.0,-186102000.0,-38909000.0,2458000.0,471484000.0,-3210000.0,147493000.0,147493000.0,147493000.0,0.0,0.0,0.127,783368000.0,193617000.0,56539000.0,0.0,5.986,108.341,106.878,785199000.0,0.0,79.09,9.096,9.078,502617000.0,6879444000.0,1162158000.0,1162158000.0,208047000.0,,,,,84649000.0,557206000.0,1.0,500269100.0,499290000,505582000.0,2.328,5193214000.0,71218000.0,33481000.0,627194000.0,10.401,2241364000.0
26,ADBE,MRQ,2015-03-31,2015-02-27,2015-02-27,2021-09-29,-103810000.0,11008422000.0,,3972159000.0,7036263000.0,,13.211,-35546000.0,712884000.0,712884000.0,166798000.0,84888000.0,2.221,0.671,1901618000.0,64000.0,1901554000.0,1901618000.0,1183269000.0,79635000.0,0.0,0.0,0.0,177793000.0,257428000.0,0.232,257428000.0,177793000.0,163248000.0,0.17,0.17,0.17,6589020000.0,,6589020000.0,39813557225.0,77.0,47.795,147469000.0,0.296,1.0,942383000.0,0.85,6025491000.0,14545000.0,4383505000.0,,0.0,2544375000.0,2463936000.0,80439000.0,4419402000.0,1788160000.0,2631242000.0,39416642225.0,-404516000.0,-800342000.0,-293697000.0,379373000.0,0.0,119275000.0,-698371000.0,137517000.0,183015000.0,-8435000.0,84888000.0,84888000.0,84888000.0,0.0,0.0,0.077,769358000.0,173025000.0,71670000.0,0.0,5.982,128.713,127.581,784314000.0,0.0,79.1,9.261,9.269,532427000.0,6756803000.0,1109181000.0,1109181000.0,215509000.0,,,,,84193000.0,537822000.0,1.0,498314061.0,498754000,507526000.0,2.224,4982931000.0,60470000.0,78360000.0,613641000.0,9.991,2183999000.0
27,ADBE,MRQ,2014-12-31,2014-11-28,2014-11-28,2021-09-29,-8094000.0,10785829000.0,,4602328000.0,6183501000.0,,13.603,-36775000.0,1117400000.0,1117400000.0,160943000.0,88136000.0,1.845,0.592,1514315000.0,603229000.0,911086000.0,1514315000.0,1155324000.0,78147000.0,0.0,0.0,0.0,124953000.0,203100000.0,0.189,203100000.0,124953000.0,112275000.0,0.18,0.18,0.18,6775905000.0,,6775905000.0,37352007236.0,89.0,50.84,362978000.0,0.729,1.0,912385000.0,0.85,5191624000.0,12678000.0,3496685000.0,,0.0,2702530000.0,2622091000.0,80439000.0,4009924000.0,2494435000.0,1515489000.0,36747080236.0,214071000.0,-29802000.0,-121382000.0,-3253000.0,0.0,-103353000.0,-77959000.0,-11382000.0,399753000.0,-4370000.0,88136000.0,88136000.0,88136000.0,0.0,0.0,0.082,787880000.0,124505000.0,68377000.0,0.0,5.423,136.914,136.444,785123000.0,0.0,73.68,8.861,8.845,591800000.0,6924294000.0,1073328000.0,1073328000.0,213687000.0,,,,,84950000.0,542396000.0,1.0,498738874.0,498122000,508195000.0,2.155,5594205000.0,95279000.0,24139000.0,491981000.0,11.231,2107893000.0
28,ADBE,MRQ,2014-09-30,2014-08-29,2014-08-29,2021-09-29,20067000.0,10493680000.0,,4279468000.0,6214212000.0,,13.504,-54966000.0,903329000.0,903329000.0,157724000.0,44686000.0,1.906,0.559,1508256000.0,606426000.0,901830000.0,1508256000.0,996538000.0,80154000.0,0.0,0.0,0.0,76299000.0,156453000.0,0.156,156453000.0,76299000.0,62938000.0,0.09,0.09,0.09,6731260000.0,,6731260000.0,36450552684.0,91.0,50.771,213554000.0,0.428,1.0,847685000.0,0.843,5237620000.0,13361000.0,3615739000.0,,0.0,2697307000.0,2616868000.0,80439000.0,3762420000.0,2245248000.0,1517172000.0,35761279684.0,86309000.0,0.0,-33500000.0,-3372000.0,0.0,-9794000.0,-170394000.0,-115428000.0,268520000.0,-2023000.0,44686000.0,44686000.0,44686000.0,0.0,0.0,0.044,773509000.0,74176000.0,53791000.0,0.0,5.313,145.62,146.735,785856000.0,0.0,71.9,8.69,8.709,528331000.0,6850790000.0,1005409000.0,1005409000.0,212049000.0,,,,,82986000.0,548151000.0,1.0,497375239.0,498468000,507811000.0,2.017,5256060000.0,79713000.0,18252000.0,490626000.0,10.544,2034220000.0
29,ADBE,MRQ,2014-06-30,2014-05-30,2014-05-30,2021-09-29,46642000.0,10372199000.0,,4114343000.0,6257856000.0,,13.329,-27198000.0,817020000.0,817020000.0,154904000.0,88527000.0,1.855,0.563,1506293000.0,609742000.0,896551000.0,1506293000.0,928604000.0,77653000.0,0.0,0.0,0.0,138374000.0,216027000.0,0.202,216027000.0,138374000.0,121271000.0,0.18,0.17,0.18,6636888000.0,,6636888000.0,32899334017.0,76.0,43.652,340338000.0,0.684,1.0,913304000.0,0.855,5306115000.0,17103000.0,3537385000.0,,0.0,2720430000.0,2513191000.0,207239000.0,3735311000.0,2217972000.0,1517339000.0,32123522017.0,83104000.0,0.0,-137176000.0,-3626000.0,0.0,-135927000.0,-147932000.0,-120734000.0,367536000.0,-573000.0,88527000.0,88527000.0,88527000.0,0.0,0.0,0.083,778046000.0,135258000.0,54858000.0,0.0,4.84,113.153,115.25,642450000.0,0.0,64.54,7.825,7.828,531557000.0,6806104000.0,1068208000.0,1068208000.0,209092000.0,,,,,83005000.0,555968000.0,1.0,497730431.0,497931000,506687000.0,2.145,5066084000.0,72489000.0,32744000.0,505178000.0,10.174,1896371000.0
30,ADBE,MRQ,2014-03-31,2014-02-28,2014-02-28,2021-09-29,56592000.0,10245882000.0,,3942391000.0,6303491000.0,,13.303,-29393000.0,733916000.0,733916000.0,148509000.0,47046000.0,1.866,0.55,1509728000.0,613310000.0,896418000.0,1509728000.0,881087000.0,77636000.0,0.0,0.0,0.0,81482000.0,159118000.0,0.159,159118000.0,81482000.0,64892000.0,0.09,0.09,0.09,6610883000.0,,6610883000.0,34761381296.0,86.0,47.82,222280000.0,0.447,1.0,851611000.0,0.852,5352619000.0,16590000.0,3556728000.0,,0.0,2605415000.0,2398176000.0,207239000.0,3634999000.0,2112347000.0,1522652000.0,34081964296.0,-100640000.0,0.0,-253776000.0,-4433000.0,0.0,-258209000.0,-94422000.0,-65029000.0,251673000.0,318000.0,47046000.0,47046000.0,47046000.0,0.0,0.0,0.047,772865000.0,78746000.0,64508000.0,0.0,5.155,125.341,129.491,651083000.0,0.0,68.63,8.421,8.426,510507000.0,6734701000.0,1000120000.0,1000120000.0,209525000.0,,,,,82750000.0,549125000.0,1.0,496604463.0,496948000,508340000.0,2.013,4893263000.0,91149000.0,17846000.0,511047000.0,9.847,1830044000.0
31,ADBE,MRQ,2013-12-31,2013-11-29,2013-11-29,2021-09-29,46103000.0,10380298000.0,,4045929000.0,6334369000.0,,13.466,-10861000.0,834556000.0,834556000.0,147516000.0,65320000.0,2.652,0.544,1513973000.0,14676000.0,1499297000.0,1513973000.0,828812000.0,81350000.0,0.0,0.0,0.0,104992000.0,186342000.0,0.179,186342000.0,104992000.0,88270000.0,0.13,0.12,0.13,6724634000.0,,6724634000.0,29084348314.0,69.0,39.046,304121000.0,0.609,1.0,894183000.0,0.858,5377235000.0,16722000.0,4156832000.0,,0.0,2546435000.0,2339196000.0,207239000.0,3655664000.0,1525648000.0,2130016000.0,28383602314.0,15471000.0,-214000.0,-335108000.0,-6041000.0,0.0,-300530000.0,-15000.0,11060000.0,314982000.0,1034000.0,65320000.0,65320000.0,65320000.0,0.0,0.0,0.063,791347000.0,102836000.0,62096000.0,0.0,4.221,97.88,97.897,659774000.0,0.0,56.78,6.999,7.02,599820000.0,6928964000.0,1041699000.0,1041699000.0,205196000.0,,,,,86754000.0,569898000.0,1.0,499887325.0,499371000,514439000.0,2.086,5003063000.0,102247000.0,22950000.0,518401000.0,10.019,2520281000.0
32,ADBE,MRQ,2013-09-30,2013-08-30,2013-08-30,2021-09-29,12966000.0,10234156000.0,,3886124000.0,6348032000.0,,13.558,-46798000.0,819085000.0,819085000.0,147076000.0,83002000.0,2.924,0.497,1519831000.0,17462000.0,1502369000.0,1519831000.0,734075000.0,82175000.0,0.0,0.0,0.0,110007000.0,192182000.0,0.193,192182000.0,110007000.0,93260000.0,0.16,0.16,0.16,6834759000.0,,6834759000.0,23257688848.0,37.0,24.623,168727000.0,0.335,1.0,848043000.0,0.852,5390272000.0,16747000.0,4215513000.0,,0.0,2552091000.0,2344852000.0,207239000.0,3399397000.0,1329117000.0,2070280000.0,22978455848.0,-427325000.0,-608019000.0,-237337000.0,-10034000.0,0.0,-247371000.0,-397235000.0,257582000.0,215525000.0,1756000.0,83002000.0,83002000.0,83002000.0,0.0,0.0,0.083,737689000.0,110354000.0,71070000.0,0.0,3.362,51.406,51.404,659747000.0,0.0,45.75,5.514,5.535,522409000.0,6878216000.0,995119000.0,995119000.0,208700000.0,,,,,63838000.0,516716000.0,1.0,502261330.0,504116000,514058000.0,1.974,4843884000.0,47710000.0,10258000.0,453439000.0,9.609,2557007000.0
33,ADBE,MRQ,2013-06-30,2013-05-31,2013-05-31,2021-09-29,27461000.0,10280369000.0,,4557657000.0,5722712000.0,,13.761,-46249000.0,1246410000.0,1246410000.0,135281000.0,76546000.0,3.603,0.484,1525643000.0,20083000.0,1505560000.0,1525643000.0,691261000.0,80950000.0,0.0,0.0,0.0,108332000.0,189282000.0,0.187,189282000.0,108332000.0,91127000.0,0.15,0.15,0.15,6927302000.0,,6927302000.0,21763108141.0,27.0,19.66,252899000.0,0.502,1.0,875268000.0,0.866,4776434000.0,17205000.0,4518313000.0,,0.0,2826537000.0,2619298000.0,207239000.0,3353067000.0,1264855000.0,2088212000.0,21538081141.0,-59972000.0,0.0,-15345000.0,-7297000.0,0.0,-22642000.0,-334439000.0,-288190000.0,299148000.0,-2039000.0,76546000.0,76546000.0,76546000.0,0.0,0.0,0.076,763959000.0,111309000.0,53685000.0,0.0,3.109,38.097,37.64,645865000.0,0.0,42.91,5.065,5.079,470052000.0,6855463000.0,1010549000.0,1010549000.0,203097000.0,,,,,78870000.0,523078000.0,1.0,501936172.0,503384000,512446000.0,2.008,5503935000.0,54525000.0,14581000.0,455170000.0,10.934,3292802000.0
34,ADBE,MRQ,2013-03-31,2013-03-01,2013-03-01,2021-09-29,40110000.0,10165711000.0,,4373083000.0,5792628000.0,,13.649,-60190000.0,1306382000.0,1306382000.0,156684000.0,65117000.0,3.459,0.494,1531409000.0,22406000.0,1509003000.0,1531409000.0,700031000.0,76752000.0,0.0,0.0,0.0,100318000.0,177070000.0,0.176,177070000.0,100318000.0,83484000.0,0.13,0.13,0.13,6805338000.0,,6805338000.0,19949946260.0,20.0,15.275,261841000.0,0.525,1.0,851189000.0,0.845,4802055000.0,16834000.0,4324360000.0,,0.0,2561546000.0,2354307000.0,207239000.0,3360373000.0,1264323000.0,2096050000.0,19866843260.0,-118670000.0,-96356000.0,-11434000.0,22839000.0,0.0,11405000.0,-446114000.0,-289568000.0,322031000.0,-5992000.0,65117000.0,65117000.0,65117000.0,0.0,0.0,0.065,752965000.0,98224000.0,72725000.0,0.0,2.919,27.876,27.66,686014000.0,0.0,39.83,4.55,4.548,485801000.0,6808489000.0,1007873000.0,1007873000.0,209638000.0,,,,,84196000.0,530886000.0,1.0,498790943.0,498607000,507840000.0,2.021,5363656000.0,64930000.0,18367000.0,463755000.0,10.757,3108760000.0
35,ADBE,MRQ,2012-12-31,2012-11-30,2012-11-30,2021-09-29,30712000.0,10040229000.0,,4397066000.0,5643163000.0,,13.468,-81789000.0,1425052000.0,1425052000.0,124978000.0,222333000.0,3.457,0.506,1508155000.0,11217000.0,1496938000.0,1508155000.0,619565000.0,78621000.0,0.0,0.0,0.0,307398000.0,386019000.0,0.335,386019000.0,307398000.0,290631000.0,0.45,0.44,0.45,6665182000.0,,6665182000.0,17482434433.0,15.0,11.764,391870000.0,0.792,1.0,1028450000.0,0.892,4678295000.0,16767000.0,4173285000.0,,0.0,2320540000.0,2113301000.0,207239000.0,3375047000.0,1271752000.0,2103295000.0,17133840433.0,262672000.0,0.0,-80911000.0,-2985000.0,0.0,-80419000.0,-129475000.0,-47686000.0,473659000.0,-1093000.0,222333000.0,222333000.0,222333000.0,0.0,0.0,0.193,720685000.0,307765000.0,49759000.0,0.0,2.571,20.574,20.601,664302000.0,0.0,34.61,3.891,3.888,617233000.0,7003003000.0,1153428000.0,1153428000.0,195047000.0,,,,,55535000.0,513630000.0,1.0,495054621.0,494908000,504383000.0,2.331,5361934000.0,125243000.0,68298000.0,535794000.0,10.834,3125314000.0
36,ADBE,MRQ,2012-09-30,2012-08-31,2012-08-31,2021-09-29,22511000.0,9630013000.0,,4010173000.0,5619840000.0,,13.032,-77432000.0,1162380000.0,1162380000.0,119621000.0,201357000.0,3.428,0.496,1510974000.0,11093000.0,1499881000.0,1510974000.0,560333000.0,74110000.0,0.0,0.0,0.0,280465000.0,354575000.0,0.328,354575000.0,280465000.0,263212000.0,0.41,0.4,0.41,6438693000.0,,6438693000.0,15936271908.0,14.0,11.197,185908000.0,0.376,1.0,960959000.0,0.889,4703496000.0,17253000.0,4105401000.0,,0.0,2292222000.0,2084983000.0,207239000.0,3191320000.0,1169710000.0,2021610000.0,15377415908.0,211142000.0,50000.0,60948000.0,836000.0,0.0,62956000.0,-119220000.0,-41838000.0,263340000.0,4066000.0,201357000.0,201357000.0,201357000.0,0.0,0.0,0.186,682655000.0,278304000.0,58446000.0,0.0,2.388,19.61,19.791,619392000.0,0.0,31.27,3.493,3.509,566671000.0,6815375000.0,1080580000.0,1080580000.0,189145000.0,,,,,78497000.0,478805000.0,1.0,491762581.0,494051000,499757000.0,2.187,4926517000.0,57024000.0,61855000.0,437482000.0,9.972,2840463000.0
37,ADBE,MRQ,2012-06-30,2012-06-01,2012-06-01,2021-09-29,20615000.0,9365832000.0,,3770807000.0,5595025000.0,,12.299,-60767000.0,951238000.0,951238000.0,130918000.0,223876000.0,3.027,0.535,1510094000.0,9426000.0,1500668000.0,1510094000.0,592778000.0,77174000.0,0.0,0.0,0.0,311203000.0,388377000.0,0.345,388377000.0,311203000.0,294574000.0,0.45,0.45,0.45,6099646000.0,,6099646000.0,15505432686.0,14.0,11.029,387451000.0,0.781,1.0,993531000.0,0.884,4723145000.0,16629000.0,3955899000.0,,0.0,2254118000.0,2046879000.0,207239000.0,3266186000.0,1245644000.0,2020542000.0,14794484686.0,149975000.0,-61000.0,-149129000.0,-2290000.0,0.0,-148735000.0,-148260000.0,-87432000.0,448218000.0,-1248000.0,223876000.0,223876000.0,223876000.0,0.0,0.0,0.199,688388000.0,305143000.0,69416000.0,0.0,2.425,19.018,19.115,573566000.0,0.0,29.82,3.413,3.412,529391000.0,6671230000.0,1124449000.0,1124449000.0,180903000.0,,,,,68714000.0,497062000.0,1.0,496126247.0,495950000,501377000.0,2.267,4642687000.0,79360000.0,70698000.0,460753000.0,9.361,2525163000.0
38,ADBE,MRQ,2012-03-31,2012-03-02,2012-03-02,2021-09-29,46748000.0,9132708000.0,,3505655000.0,5627053000.0,,12.118,-51088000.0,801263000.0,801263000.0,108265000.0,185209000.0,3.144,0.526,1512211000.0,9318000.0,1502893000.0,1512211000.0,548964000.0,69861000.0,0.0,0.0,0.0,287215000.0,357076000.0,0.342,357076000.0,287215000.0,270377000.0,0.37,0.37,0.37,5986302000.0,,5986302000.0,17180772734.0,16.0,12.632,263275000.0,0.533,1.0,936955000.0,0.896,4775902000.0,16838000.0,3952732000.0,,0.0,2172094000.0,1964855000.0,207239000.0,3146406000.0,1115022000.0,2031384000.0,16655964734.0,-188237000.0,-353184000.0,-66634000.0,-4561000.0,0.0,-68525000.0,-437707000.0,-33435000.0,314363000.0,3632000.0,185209000.0,185209000.0,185209000.0,0.0,0.0,0.177,647976000.0,288979000.0,70100000.0,0.0,2.782,21.259,21.484,549780000.0,0.0,33.73,3.934,3.936,512211000.0,6497070000.0,1045220000.0,1045220000.0,177728000.0,,,,,68912000.0,461644000.0,1.0,493802690.0,494016000,500378000.0,2.116,4356806000.0,77514000.0,85168000.0,434879000.0,8.819,2390633000.0
39,ADBE,MRQ,2011-12-31,2011-12-02,2011-12-02,2021-09-29,29950000.0,8991183000.0,,3771451000.0,5219732000.0,,11.766,-74897000.0,989500000.0,989500000.0,116379000.0,173719000.0,3.015,0.555,1514308000.0,9212000.0,1505096000.0,1514308000.0,531705000.0,73290000.0,0.0,0.0,0.0,249954000.0,323244000.0,0.281,323244000.0,249954000.0,233180000.0,0.35,0.35,0.35,5783113000.0,,5783113000.0,14055359710.0,13.0,10.242,421856000.0,0.858,1.0,1035782000.0,0.899,4394743000.0,16774000.0,3870469000.0,,0.0,2129431000.0,1922192000.0,207239000.0,3208070000.0,1250779000.0,1957291000.0,13308186710.0,220288000.0,-151925000.0,1191000.0,-2243000.0,0.0,-199000.0,-259680000.0,-32858000.0,496753000.0,-16586000.0,173719000.0,173719000.0,173719000.0,0.0,0.0,0.151,789651000.0,246131000.0,86660000.0,0.0,2.301,15.979,16.234,527828000.0,0.0,27.11,3.156,3.199,634373000.0,6528735000.0,1152161000.0,1152161000.0,195403000.0,,,,,74281000.0,487916000.0,1.0,490895858.0,491523000,496682000.0,2.344,4596440000.0,91963000.0,59461000.0,381194000.0,9.351,2520672000.0
40,ADBE,MRQ,2011-09-30,2011-09-02,2011-09-02,2021-09-29,59194000.0,8492758000.0,,3469196000.0,5023562000.0,,11.251,-65475000.0,769212000.0,769212000.0,104654000.0,195101000.0,3.361,0.526,1516385000.0,9107000.0,1507278000.0,1516385000.0,484059000.0,64009000.0,0.0,0.0,0.0,273150000.0,337159000.0,0.333,337159000.0,273150000.0,256719000.0,0.39,0.39,0.39,5563958000.0,,5563958000.0,12617834221.0,11.0,8.836,259653000.0,0.525,1.0,908558000.0,0.897,4160023000.0,16431000.0,4047649000.0,,0.0,2157303000.0,1950064000.0,207239000.0,2928800000.0,1032259000.0,1896541000.0,11926878221.0,-58263000.0,-70549000.0,-93820000.0,-4179000.0,0.0,-97681000.0,-300122000.0,-164222000.0,325128000.0,14412000.0,195101000.0,195101000.0,195101000.0,0.0,0.0,0.193,634448000.0,274110000.0,65236000.0,0.0,2.144,12.853,13.125,499059000.0,0.0,24.15,2.929,2.933,559320000.0,6381530000.0,1013212000.0,1013212000.0,181039000.0,,,,,64800000.0,439217000.0,1.0,493866593.0,494537000,498741000.0,2.049,4332735000.0,71087000.0,61618000.0,355313000.0,8.761,2436937000.0
41,ADBE,MRQ,2011-06-30,2011-06-03,2011-06-03,2021-09-29,54342000.0,8339716000.0,,3389318000.0,4950398000.0,,10.786,-37501000.0,827475000.0,827475000.0,109201000.0,229436000.0,3.227,0.547,1518431000.0,9003000.0,1509428000.0,1518431000.0,482027000.0,66620000.0,0.0,0.0,0.0,275971000.0,342591000.0,0.335,342591000.0,275971000.0,259244000.0,0.46,0.45,0.46,5389415000.0,,5389415000.0,17403635420.0,15.0,11.782,351830000.0,0.704,1.0,913978000.0,0.893,4117704000.0,16727000.0,3862589000.0,,0.0,2005284000.0,1798045000.0,207239000.0,2950301000.0,1050379000.0,1899922000.0,16783338420.0,-72681000.0,0.0,-373283000.0,-1455000.0,0.0,-365960000.0,-102475000.0,-64974000.0,389331000.0,6423000.0,229436000.0,229436000.0,229436000.0,0.0,0.0,0.224,637254000.0,276724000.0,60533000.0,0.0,3.114,17.429,17.603,463415000.0,0.0,33.27,4.145,4.106,568570000.0,6228574000.0,1023179000.0,1023179000.0,183211000.0,,,,,66081000.0,444237000.0,1.0,504458624.0,499686000,506280000.0,2.048,4222012000.0,68017000.0,29808000.0,335989000.0,8.449,2338939000.0
42,ADBE,MRQ,2011-03-31,2011-03-04,2011-03-04,2021-09-29,28695000.0,8310024000.0,,3350798000.0,4959226000.0,,10.762,-32421000.0,900156000.0,900156000.0,107639000.0,234591000.0,3.4,0.532,1520453000.0,8900000.0,1511553000.0,1520453000.0,443398000.0,66286000.0,0.0,0.0,0.0,303107000.0,369393000.0,0.359,369393000.0,303107000.0,286087000.0,0.47,0.46,0.47,5425407000.0,,5425407000.0,18574331674.0,16.0,13.083,299681000.0,0.594,1.0,920067000.0,0.895,4133689000.0,17020000.0,3811100000.0,,0.0,1943918000.0,1736679000.0,207239000.0,2884617000.0,985532000.0,1899085000.0,17801761674.0,150265000.0,-36572000.0,-84349000.0,-2169000.0,0.0,-86518000.0,-95125000.0,-26008000.0,332102000.0,-194000.0,234591000.0,234591000.0,234591000.0,0.0,0.0,0.228,617733000.0,302334000.0,54742000.0,0.0,3.281,20.181,20.626,453497000.0,0.0,35.27,4.485,4.48,533353000.0,6045631000.0,1027706000.0,1027706000.0,178400000.0,,,,,70992000.0,429057000.0,1.0,504728145.0,504134000,511345000.0,2.039,4176335000.0,66928000.0,51496000.0,348573000.0,8.284,2365266000.0
43,ADBE,MRQ,2010-12-31,2010-12-03,2010-12-03,2021-09-29,17428000.0,8141148000.0,,3216050000.0,4925098000.0,,10.24,-55427000.0,749891000.0,749891000.0,107217000.0,268850000.0,3.011,0.568,1522461000.0,8799000.0,1513662000.0,1522461000.0,429677000.0,76097000.0,0.0,0.0,0.0,302797000.0,378894000.0,0.376,378894000.0,302797000.0,286011000.0,0.52,0.52,0.52,5192387000.0,,5192387000.0,15534304647.0,16.0,12.016,255194000.0,0.503,1.0,900729000.0,0.894,4170628000.0,16786000.0,3675002000.0,,0.0,1925363000.0,1718124000.0,207239000.0,2948761000.0,1068088000.0,1880673000.0,14824003647.0,-64258000.0,-193281000.0,-190370000.0,-2150000.0,0.0,-186262000.0,-203004000.0,47902000.0,310621000.0,14387000.0,268850000.0,268850000.0,268850000.0,0.0,0.0,0.267,613786000.0,286943000.0,52432000.0,0.0,2.855,19.136,19.557,448881000.0,0.0,29.14,3.901,3.98,554328000.0,5980914000.0,1007946000.0,1007946000.0,170378000.0,,,,,12596000.0,423031000.0,1.0,508716666.0,507063000,512228000.0,1.988,3970520000.0,83247000.0,17161000.0,321526000.0,7.83,2147962000.0
44,ADBE,MRQ,2010-09-30,2010-09-03,2010-09-03,2021-09-29,21571000.0,7947029000.0,,3236415000.0,4710614000.0,,9.803,-6889000.0,814149000.0,814149000.0,99084000.0,230065000.0,3.346,0.563,1524450000.0,8698000.0,1515752000.0,1524450000.0,420915000.0,73154000.0,0.0,0.0,0.0,313147000.0,386301000.0,0.39,386301000.0,313147000.0,296752000.0,0.44,0.44,0.44,5084858000.0,,5084858000.0,15844913087.0,18.0,13.651,284534000.0,0.549,1.0,891235000.0,0.9,3903029000.0,16395000.0,3787099000.0,,0.0,1971364000.0,1764125000.0,207239000.0,2862171000.0,967202000.0,1894969000.0,15488868087.0,-323457000.0,0.0,-354420000.0,-1511000.0,0.0,-354244000.0,-266668000.0,-259800000.0,291423000.0,6032000.0,230065000.0,230065000.0,230065000.0,0.0,0.0,0.232,589222000.0,302013000.0,56465000.0,0.0,3.046,32.692,32.407,422920000.0,0.0,29.49,4.364,4.31,484550000.0,5738864000.0,990319000.0,990319000.0,168296000.0,,,,,47225000.0,405396000.0,1.0,525224418.0,518710000,523179000.0,1.909,4044000000.0,76765000.0,66687000.0,343257000.0,7.796,2269213000.0
45,ADBE,MRQ,2010-06-30,2010-06-04,2010-06-04,2021-09-29,39995000.0,8006931000.0,,3276071000.0,4730860000.0,,9.843,-49628000.0,1137606000.0,1137606000.0,107833000.0,148611000.0,3.378,0.546,1493651000.0,0.0,1493651000.0,1493651000.0,404343000.0,74906000.0,0.0,0.0,0.0,210249000.0,285155000.0,0.302,285155000.0,210249000.0,194173000.0,0.28,0.28,0.28,5178755000.0,,5178755000.0,16535121079.0,23.0,16.319,201462000.0,0.383,1.0,835202000.0,0.886,3935624000.0,16076000.0,3457444000.0,,0.0,1714355000.0,1507116000.0,207239000.0,2828176000.0,969908000.0,1858268000.0,16631017079.0,-451836000.0,0.0,-215764000.0,-520000.0,0.0,-214857000.0,-480903000.0,-431111000.0,251090000.0,-7166000.0,148611000.0,148611000.0,148611000.0,0.0,0.0,0.158,607917000.0,227285000.0,50273000.0,0.0,3.211,43.793,43.277,407621000.0,0.0,31.593,5.107,5.104,439151000.0,5570097000.0,943035000.0,943035000.0,167318000.0,,,,,61804000.0,410929000.0,1.0,526422951.0,526148000,533259000.0,1.792,4071307000.0,70955000.0,45562000.0,356273000.0,7.738,2306163000.0
46,ADBE,MRQ,2010-03-31,2010-03-05,2010-03-05,2021-09-29,29109000.0,7945069000.0,,3177219000.0,4767850000.0,,9.866,-25547000.0,1589442000.0,1589442000.0,89368000.0,127154000.0,3.527,0.536,1493546000.0,0.0,1493546000.0,1493546000.0,359743000.0,68581000.0,0.0,0.0,0.0,173910000.0,242491000.0,0.282,242491000.0,173910000.0,166215000.0,0.24,0.24,0.24,5171420000.0,,5171420000.0,18428559367.0,27.0,19.254,234314000.0,0.447,1.0,769332000.0,0.896,3981678000.0,7695000.0,2966721000.0,,0.0,1290181000.0,1082942000.0,207239000.0,2773649000.0,900774000.0,1872875000.0,18428046367.0,589955000.0,0.0,49804000.0,483239000.0,0.0,540101000.0,-208719000.0,-185513000.0,259861000.0,-1288000.0,127154000.0,127154000.0,127154000.0,0.0,0.0,0.148,592499000.0,176833000.0,44188000.0,0.0,3.563,51.586,50.957,386205000.0,0.0,35.16,6.106,6.106,350577000.0,5427068000.0,858700000.0,858700000.0,174340000.0,,,,,93031000.0,388340000.0,1.0,524119635.0,524173000,532645000.0,1.638,3963391000.0,67265000.0,39061000.0,455784000.0,7.561,2276445000.0
47,ADBE,MRQ,2009-12-31,2009-11-27,2009-11-27,2021-09-29,24446000.0,7282237000.0,,2473624000.0,4808613000.0,,9.518,-34933000.0,999487000.0,999487000.0,82324000.0,-32043000.0,2.929,0.489,1000000000.0,0.0,1000000000.0,1000000000.0,318293000.0,85037000.0,0.0,0.0,0.0,161747000.0,246784000.0,0.326,246784000.0,161747000.0,160212000.0,-0.05,-0.06,-0.05,4890568000.0,,4890568000.0,17748488975.0,25.0,17.976,218908000.0,0.426,1.0,674959000.0,0.891,4021977000.0,1535000.0,2416220000.0,,0.0,1112225000.0,904986000.0,207239000.0,2391669000.0,844553000.0,1547116000.0,18530632975.0,-132657000.0,-1582669000.0,57347000.0,636103000.0,0.0,705346000.0,-1091888000.0,526214000.0,253841000.0,44000.0,-32043000.0,-32043000.0,-32043000.0,0.0,0.0,-0.042,521317000.0,153642000.0,58904000.0,0.0,3.789,47.944,47.811,388132000.0,0.0,35.38,6.29,6.299,410879000.0,5299914000.0,757283000.0,757283000.0,137852000.0,,,,,71124000.0,332170000.0,1.0,523760118.0,513835000,523902000.0,1.474,3260260000.0,77417000.0,192255000.0,522648000.0,6.345,1629071000.0
48,ADBE,MRQ,2009-09-30,2009-08-28,2009-08-28,2021-09-29,21728000.0,5961960000.0,,2990934000.0,2971026000.0,,8.927,-58431000.0,1132144000.0,1132144000.0,65047000.0,136045000.0,4.868,0.27,350000000.0,0.0,350000000.0,350000000.0,218194000.0,63921000.0,0.0,0.0,0.0,174876000.0,238797000.0,0.342,238797000.0,174876000.0,174416000.0,0.26,0.26,0.26,4694558000.0,,4694558000.0,15781406952.0,19.0,14.527,178250000.0,0.339,1.0,632460000.0,0.907,2243330000.0,460000.0,2322103000.0,,0.0,1631556000.0,1424317000.0,207239000.0,1267402000.0,614383000.0,653019000.0,16658186952.0,-94636000.0,0.0,-276600000.0,0.0,0.0,-276600000.0,-55894000.0,2266000.0,236681000.0,1177000.0,136045000.0,136045000.0,136045000.0,0.0,0.0,0.195,464858000.0,167602000.0,48416000.0,0.0,3.548,25.07,24.984,335752000.0,0.0,31.73,5.367,5.376,281807000.0,5331957000.0,697507000.0,697507000.0,138902000.0,,,,,39654000.0,310913000.0,1.0,524998013.0,525911000,531809000.0,1.326,3718630000.0,72163000.0,38371000.0,263225000.0,7.071,2376551000.0
49,ADBE,MRQ,2009-06-30,2009-05-29,2009-05-29,2021-09-29,27310000.0,6063745000.0,,3087769000.0,2975976000.0,,9.16,-10312000.0,1226780000.0,1226780000.0,72008000.0,126071000.0,5.032,0.263,350000000.0,0.0,350000000.0,350000000.0,213315000.0,64725000.0,0.0,0.0,0.0,164350000.0,229075000.0,0.325,229075000.0,164350000.0,163730000.0,0.24,0.24,0.24,4801041000.0,,4801041000.0,13959988507.0,16.0,12.209,251217000.0,0.479,1.0,632665000.0,0.898,2283504000.0,620000.0,2289829000.0,,0.0,1644644000.0,1437405000.0,207239000.0,1262704000.0,613632000.0,649072000.0,14758913507.0,77855000.0,0.0,20215000.0,0.0,0.0,20215000.0,-217752000.0,-210440000.0,261529000.0,13863000.0,126071000.0,126071000.0,126071000.0,0.0,0.0,0.179,471312000.0,161353000.0,42258000.0,0.0,3.074,20.498,20.569,291720000.0,0.0,28.18,4.481,4.485,262598000.0,5195912000.0,704673000.0,704673000.0,138470000.0,,,,,40959000.0,314027000.0,1.0,523737172.0,524159000,528013000.0,1.344,3780241000.0,76907000.0,37659000.0,252754000.0,7.212,2474137000.0
50,ADBE,MRQ,2009-03-31,2009-02-27,2009-02-27,2021-09-29,25095000.0,5887596000.0,,2868991000.0,3018605000.0,,8.795,-15916000.0,1148925000.0,1148925000.0,77353000.0,156435000.0,4.505,0.277,350000000.0,0.0,350000000.0,350000000.0,225286000.0,68740000.0,0.0,0.0,0.0,203954000.0,272694000.0,0.347,272694000.0,203954000.0,203162000.0,0.3,0.3,0.3,4611160000.0,,4611160000.0,8214944954.0,8.0,6.495,349827000.0,0.667,1.0,709037000.0,0.902,2313843000.0,792000.0,2137963000.0,,0.0,1442008000.0,1234769000.0,207239000.0,1276436000.0,636865000.0,639571000.0,8751394954.0,262475000.0,0.0,28591000.0,0.0,0.0,28675000.0,-131562000.0,-115646000.0,365743000.0,-381000.0,156435000.0,156435000.0,156435000.0,0.0,0.0,0.199,501121000.0,207916000.0,41416000.0,0.0,1.898,10.819,10.915,300376000.0,0.0,16.7,2.518,2.519,300048000.0,5069840000.0,786390000.0,786390000.0,149917000.0,,,,,48245000.0,323542000.0,1.0,524035626.0,524268000,527830000.0,1.5,3573753000.0,81125000.0,46727000.0,267999000.0,6.817,2232126000.0
51,ADBE,MRQ,2008-12-31,2008-11-28,2008-11-28,2021-09-29,57222000.0,5821598000.0,,2735103000.0,3086495000.0,,8.327,-23311000.0,886450000.0,886450000.0,86438000.0,245917000.0,3.587,0.32,350000000.0,0.0,350000000.0,350000000.0,275320000.0,67428000.0,0.0,0.0,0.0,278336000.0,345764000.0,0.378,345764000.0,278336000.0,276344000.0,0.47,0.46,0.47,4410354000.0,,4410354000.0,11512679929.0,11.0,8.473,314938000.0,0.595,1.0,828863000.0,0.906,2349690000.0,1992000.0,2172859000.0,,0.0,1339991000.0,1132752000.0,207239000.0,1411244000.0,762599000.0,648645000.0,12296942929.0,-247813000.0,-4069000.0,-282269000.0,0.0,0.0,-273921000.0,-299591000.0,-272211000.0,338249000.0,-12550000.0,245917000.0,245917000.0,245917000.0,0.0,0.0,0.269,555670000.0,273193000.0,55840000.0,0.0,2.788,14.105,14.296,313037000.0,0.0,23.16,3.435,3.489,467234000.0,4913406000.0,915301000.0,915301000.0,153148000.0,,,,,33133000.0,356070000.0,1.0,530956085.0,529620000,535995000.0,1.728,3471908000.0,110713000.0,30427000.0,267646000.0,6.555,1972504000.0
52,ADBE,MRQ,2008-09-30,2008-08-29,2008-08-29,2021-09-29,23439000.0,5638750000.0,,2517120000.0,3121630000.0,,8.232,-39810000.0,1134263000.0,1134263000.0,110851000.0,191608000.0,3.804,0.29,350000000.0,0.0,350000000.0,350000000.0,232431000.0,64983000.0,0.0,0.0,0.0,230904000.0,295887000.0,0.333,295887000.0,230904000.0,228514000.0,0.36,0.35,0.36,4371442000.0,,4371442000.0,21906899786.0,20.0,15.852,171532000.0,0.323,1.0,776406000.0,0.875,2380433000.0,2390000.0,1812391000.0,,0.0,1073880000.0,866641000.0,207239000.0,1267308000.0,661663000.0,605645000.0,22719352786.0,-28190000.0,485000.0,16435000.0,0.0,0.0,30741000.0,-264759000.0,-225434000.0,211342000.0,-5514000.0,191608000.0,191608000.0,191608000.0,0.0,0.0,0.216,556937000.0,219469000.0,56254000.0,0.0,5.197,26.788,27.812,317071000.0,0.0,42.83,6.354,6.361,361657000.0,4667489000.0,887257000.0,887257000.0,170124000.0,,,,,106297000.0,368595000.0,1.0,530454186.0,531060000,541311000.0,1.671,3258317000.0,94500000.0,36906000.0,234009000.0,6.135,1855457000.0
53,ADBE,MRQ,2008-06-30,2008-05-30,2008-05-30,2021-09-29,21301000.0,5460417000.0,,2381469000.0,3078948000.0,,7.575,-22403000.0,1162453000.0,1162453000.0,82866000.0,214910000.0,3.54,0.351,350000000.0,0.0,350000000.0,350000000.0,216413000.0,68656000.0,0.0,0.0,0.0,281834000.0,350490000.0,0.395,350490000.0,281834000.0,278006000.0,0.4,0.4,0.4,4040657000.0,,4040657000.0,22849390231.0,20.0,15.814,309388000.0,0.58,1.0,804020000.0,0.907,2448412000.0,3828000.0,1526787000.0,,0.0,909522000.0,702283000.0,207239000.0,1419760000.0,672765000.0,746995000.0,23432123231.0,129720000.0,0.0,-41204000.0,-100000000.0,0.0,-131875000.0,-69102000.0,-46699000.0,331791000.0,-1094000.0,214910000.0,214910000.0,214910000.0,0.0,0.0,0.242,543842000.0,260178000.0,60961000.0,0.0,5.799,27.192,28.797,300371000.0,0.0,44.06,6.619,6.638,368130000.0,4475880000.0,886886000.0,886886000.0,170300000.0,,,,,48387000.0,356443000.0,1.0,531823042.0,533391000,542376000.0,1.663,3012005000.0,100206000.0,63096000.0,375028000.0,5.647,1708704000.0
54,ADBE,MRQ,2008-03-31,2008-02-29,2008-02-29,2021-09-29,26215000.0,5340901000.0,,2226272000.0,3114629000.0,,6.797,-26268000.0,1032733000.0,1032733000.0,82475000.0,219379000.0,3.325,0.4,450000000.0,0.0,450000000.0,450000000.0,214618000.0,69202000.0,0.0,0.0,0.0,297453000.0,366655000.0,0.412,366655000.0,297453000.0,295644000.0,0.39,0.38,0.39,3814150000.0,,3814150000.0,18198943160.0,17.0,13.125,373032000.0,0.665,1.0,807970000.0,0.907,2501589000.0,1809000.0,1587033000.0,,0.0,889750000.0,682511000.0,207239000.0,1526751000.0,669546000.0,857205000.0,19145365160.0,86311000.0,0.0,-1096512000.0,450000000.0,0.0,-646512000.0,328771000.0,355039000.0,399300000.0,4752000.0,219379000.0,219379000.0,219379000.0,0.0,0.0,0.246,532539000.0,275431000.0,62019000.0,0.0,5.02,23.952,24.209,297522000.0,0.0,33.65,5.633,5.555,332105000.0,4260970000.0,890445000.0,890445000.0,168485000.0,,,,,43034000.0,345524000.0,1.0,568955874.0,561113000,571259000.0,1.587,2839312000.0,132892000.0,76265000.0,385016000.0,5.06,1556726000.0
55,ADBE,MRQ,2007-12-31,2007-11-30,2007-11-30,2021-09-29,27948000.0,5713679000.0,,2572851000.0,3140828000.0,,8.081,-28131000.0,946422000.0,946422000.0,98596000.0,222208000.0,3.018,0.229,0.0,0.0,0.0,0.0,209268000.0,78190000.0,0.0,0.0,0.0,290755000.0,368945000.0,0.405,368945000.0,290755000.0,290677000.0,0.39,0.38,0.39,4649982000.0,,4649982000.0,23620140454.0,25.0,18.703,371729000.0,0.646,1.0,812615000.0,0.892,2515746000.0,78000.0,1399101000.0,,0.0,1254671000.0,1047432000.0,207239000.0,1063697000.0,852410000.0,211287000.0,24179423454.0,387139000.0,-8798000.0,-338461000.0,0.0,0.0,-307807000.0,294891000.0,331820000.0,399860000.0,195000.0,222208000.0,222208000.0,222208000.0,0.0,0.0,0.244,536783000.0,275832000.0,41724000.0,0.0,5.2,33.406,33.984,289758000.0,0.0,42.14,7.657,7.796,318145000.0,4041592000.0,911211000.0,911211000.0,162847000.0,,,,,-11667000.0,356043000.0,1.0,573787932.0,575389000,588311000.0,1.584,3197933000.0,171472000.0,68469000.0,364001000.0,5.558,1720441000.0
56,ADBE,MRQ,2007-09-30,2007-08-31,2007-08-31,2021-09-29,13700000.0,5666461000.0,,2505230000.0,3161231000.0,,8.109,-32160000.0,559283000.0,559283000.0,92621000.0,205243000.0,3.102,0.197,0.0,0.0,0.0,0.0,192102000.0,81727000.0,0.0,0.0,0.0,277064000.0,358791000.0,0.421,358791000.0,277064000.0,276995000.0,0.35,0.34,0.35,4733000000.0,,4733000000.0,24254086638.0,27.0,19.925,392514000.0,0.672,1.0,759065000.0,0.891,2591353000.0,69000.0,1708081000.0,,0.0,1603670000.0,1396431000.0,207239000.0,933461000.0,807744000.0,125717000.0,25155703638.0,-342334000.0,639000.0,-727331000.0,0.0,0.0,-710357000.0,-54903000.0,-23382000.0,424674000.0,-1748000.0,205243000.0,205243000.0,205243000.0,0.0,0.0,0.241,504040000.0,255025000.0,64374000.0,0.0,5.315,36.732,36.853,278722000.0,0.0,42.75,8.589,8.519,321674000.0,3819384000.0,851686000.0,851686000.0,163217000.0,,,,,45490000.0,322375000.0,1.0,588437512.0,583670000,597334000.0,1.459,3075108000.0,168783000.0,71752000.0,284593000.0,5.269,1697486000.0
57,ADBE,MRQ,2007-06-30,2007-06-01,2007-06-01,2021-09-29,16755000.0,6135949000.0,,2952521000.0,3183428000.0,,8.837,-23484000.0,901617000.0,901617000.0,91214000.0,152505000.0,3.79,0.181,0.0,0.0,0.0,0.0,208796000.0,87049000.0,0.0,0.0,0.0,205171000.0,292220000.0,0.392,292220000.0,205171000.0,205116000.0,0.26,0.25,0.26,5195712000.0,,5195712000.0,25657886398.0,34.0,24.296,321915000.0,0.548,1.0,654363000.0,0.878,2624012000.0,55000.0,1831239000.0,,0.0,1629447000.0,1422208000.0,207239000.0,940237000.0,779081000.0,161156000.0,26183916398.0,375587000.0,-64275000.0,-162213000.0,0.0,0.0,-126347000.0,152007000.0,239766000.0,345399000.0,4528000.0,152505000.0,152505000.0,152505000.0,0.0,0.0,0.205,473972000.0,180391000.0,55038000.0,0.0,5.04,45.617,45.907,266395000.0,0.0,44.53,9.772,9.771,371457000.0,3614142000.0,745577000.0,745577000.0,150049000.0,,,,,39957000.0,304999000.0,1.0,588006207.0,587929000,603417000.0,1.268,3511937000.0,196098000.0,52611000.0,266860000.0,5.973,2173440000.0
58,ADBE,MRQ,2007-03-31,2007-03-02,2007-03-02,2021-09-29,7103000.0,5904184000.0,,2857000000.0,3047184000.0,,8.688,-48300000.0,526030000.0,526030000.0,72263000.0,143851000.0,4.358,0.156,0.0,0.0,0.0,0.0,170539000.0,68498000.0,0.0,0.0,0.0,174453000.0,242951000.0,0.374,242951000.0,174453000.0,174402000.0,0.24,0.24,0.24,5108075000.0,,5108075000.0,21977227710.0,31.0,21.803,222820000.0,0.379,1.0,577144000.0,0.889,2598396000.0,51000.0,2124234000.0,,0.0,1883170000.0,1756370000.0,126800000.0,796109000.0,655524000.0,140585000.0,22749727710.0,-246470000.0,-3094000.0,-207435000.0,0.0,0.0,-205879000.0,-310451000.0,-259057000.0,271120000.0,-1260000.0,143851000.0,143851000.0,143851000.0,0.0,0.0,0.222,430807000.0,146337000.0,46867000.0,0.0,4.454,41.774,42.022,258899000.0,0.0,38.66,8.855,8.847,368259000.0,3461636000.0,649407000.0,649407000.0,137129000.0,,,,,46231000.0,275953000.0,1.0,588456485.0,587969000,604249000.0,1.104,3305788000.0,164264000.0,30551000.0,268752000.0,5.622,2201476000.0
59,ADBE,MRQ,2006-12-31,2006-12-01,2006-12-01,2021-09-29,6344000.0,5962548000.0,,2884469000.0,3078079000.0,,8.689,-33081000.0,772500000.0,772500000.0,79625000.0,183244000.0,4.258,0.157,0.0,0.0,0.0,0.0,162954000.0,75276000.0,0.0,0.0,0.0,248059000.0,323335000.0,0.474,323335000.0,248059000.0,247961000.0,0.31,0.3,0.31,5151876000.0,,5151876000.0,22309826104.0,33.0,22.589,257955000.0,0.435,1.0,602550000.0,0.883,2655899000.0,98000.0,1856802000.0,,0.0,1635179000.0,1508379000.0,126800000.0,810672000.0,677347000.0,133325000.0,22954580104.0,127746000.0,-27095000.0,-51957000.0,0.0,0.0,-20255000.0,-143473000.0,-83297000.0,291036000.0,438000.0,183244000.0,183244000.0,183244000.0,0.0,0.0,0.269,439178000.0,163372000.0,55031000.0,0.0,4.456,45.382,46.294,227197000.0,0.0,39.35,8.913,9.072,408666000.0,3317785000.0,682175000.0,682175000.0,138416000.0,,,,,69340000.0,283000000.0,1.0,583343840.0,592931000,610515000.0,1.151,3306649000.0,155613000.0,64717000.0,249083000.0,5.577,2207122000.0
60,ADBE,MRQ,2006-09-30,2006-09-01,2006-09-01,2021-09-29,1762000.0,5620785000.0,,2496554000.0,3124231000.0,,8.379,-18852000.0,644754000.0,644754000.0,69479000.0,94396000.0,4.477,0.144,0.0,0.0,0.0,0.0,124791000.0,74553000.0,0.0,0.0,0.0,123012000.0,197565000.0,0.328,197565000.0,123012000.0,123012000.0,0.16,0.16,0.16,4913819000.0,,4913819000.0,18299466947.0,29.0,20.189,172564000.0,0.294,1.0,532712000.0,0.885,2689099000.0,0.0,1729235000.0,,0.0,1468498000.0,1341698000.0,126800000.0,706966000.0,557697000.0,149269000.0,18724859947.0,219361000.0,0.0,-35291000.0,0.0,0.0,-6976000.0,34901000.0,53753000.0,191416000.0,20000.0,94396000.0,94396000.0,94396000.0,0.0,0.0,0.157,422679000.0,110033000.0,38624000.0,0.0,3.811,39.107,37.161,212875000.0,0.0,32.33,7.791,7.888,330691000.0,3161131000.0,602191000.0,602191000.0,130440000.0,,,,,49778000.0,274514000.0,1.0,579179089.0,586433000,600882000.0,1.027,2931686000.0,138504000.0,28616000.0,245122000.0,4.999,1938857000.0
61,ADBE,MRQ,2006-06-30,2006-06-02,2006-06-02,2021-09-29,-2891000.0,5501486000.0,,2328456000.0,3173030000.0,,8.011,-19683000.0,425393000.0,425393000.0,65607000.0,123097000.0,4.055,0.154,0.0,0.0,0.0,0.0,101620000.0,79643000.0,0.0,0.0,0.0,164497000.0,244140000.0,0.384,244140000.0,164497000.0,164497000.0,0.21,0.2,0.21,4768607000.0,,4768607000.0,16727668683.0,24.0,18.17,220441000.0,0.37,1.0,569849000.0,0.897,2737195000.0,0.0,1764617000.0,,0.0,1527493000.0,1400693000.0,126800000.0,732879000.0,574281000.0,158598000.0,17362854683.0,-209793000.0,-26477000.0,-497860000.0,0.0,0.0,-469176000.0,16747000.0,62907000.0,240124000.0,2512000.0,123097000.0,123097000.0,123097000.0,0.0,0.0,0.194,421941000.0,147908000.0,49481000.0,0.0,3.641,32.801,29.0,210181000.0,0.0,29.0,7.588,7.544,332187000.0,3066734000.0,635456000.0,635456000.0,133285000.0,,,,,35931000.0,270115000.0,1.0,598719127.0,595284000,613804000.0,1.067,2764291000.0,128814000.0,41400000.0,249933000.0,4.644,1754175000.0
62,ADBE,MRQ,2006-03-31,2006-03-03,2006-03-03,2021-09-29,-5034000.0,5801733000.0,,2595532000.0,3206201000.0,,8.483,-11634000.0,635186000.0,635186000.0,77746000.0,105072000.0,4.543,0.143,0.0,0.0,0.0,0.0,94763000.0,78350000.0,0.0,0.0,0.0,144257000.0,222607000.0,0.34,222607000.0,144257000.0,144257000.0,0.18,0.17,0.18,5076612000.0,,5076612000.0,23001789796.0,31.0,26.156,165735000.0,0.277,1.0,577732000.0,0.881,2768067000.0,0.0,1827183000.0,,0.0,1596219000.0,1469419000.0,126800000.0,725121000.0,571297000.0,153824000.0,23422607796.0,214368000.0,497979000.0,-269798000.0,0.0,0.0,-250975000.0,287011000.0,-199334000.0,177369000.0,963000.0,105072000.0,105072000.0,105072000.0,0.0,0.0,0.16,447752000.0,129980000.0,51218000.0,0.0,4.614,42.126,35.5,208159000.0,0.0,39.05,10.9,10.875,331853000.0,2943638000.0,655478000.0,655478000.0,137543000.0,,,,,51079000.0,274113000.0,1.0,599810699.0,598451000,621839000.0,1.095,3033666000.0,124898000.0,39185000.0,238410000.0,5.069,2024235000.0
63,ADBE,MRQ,2005-12-31,2005-12-02,2005-12-02,2021-09-29,-914000.0,2440315000.0,,2008578000.0,431737000.0,,3.784,-10769000.0,420818000.0,420818000.0,30695000.0,156251000.0,4.181,0.309,0.0,0.0,0.0,0.0,67570000.0,34895000.0,0.0,0.0,0.0,207219000.0,242114000.0,0.474,242114000.0,207219000.0,207219000.0,0.32,0.31,0.32,1864326000.0,,1864326000.0,16825473263.0,22.0,19.828,239520000.0,0.486,1.0,479676000.0,0.94,135160000.0,0.0,1403942000.0,,0.0,1406816000.0,1280016000.0,126800000.0,575989000.0,480395000.0,95594000.0,17279641263.0,-33350000.0,0.0,-393125000.0,0.0,0.0,-393125000.0,109846000.0,120615000.0,250289000.0,-360000.0,156251000.0,156251000.0,156251000.0,0.0,0.0,0.306,287746000.0,191930000.0,41042000.0,0.0,9.269,28.664,28.431,103549000.0,0.0,34.97,8.788,8.713,204749000.0,2838560000.0,510371000.0,510371000.0,94647000.0,,,,,19149000.0,193099000.0,1.0,494127574.0,492633000,508700000.0,1.036,2305155000.0,58710000.0,50968000.0,233329000.0,4.679,1528183000.0
64,ADBE,MRQ,2005-09-30,2005-09-02,2005-09-02,2021-09-29,-2811000.0,2605595000.0,,2180679000.0,424916000.0,,4.23,-17470000.0,454168000.0,454168000.0,27480000.0,144916000.0,4.552,0.253,0.0,0.0,0.0,0.0,60010000.0,17798000.0,0.0,0.001,0.0,193964000.0,211762000.0,0.435,211762000.0,193964000.0,193964000.0,0.29,0.29,0.29,2080151000.0,,2080151000.0,12842644171.0,18.0,16.08,155551000.0,0.316,1.0,459559000.0,0.944,135487000.0,0.0,1536855000.0,,0.0,1565417000.0,1438617000.0,126800000.0,525444000.0,479085000.0,46359000.0,13095946171.0,200866000.0,0.0,52298000.0,0.0,0.0,52298000.0,-26426000.0,-8956000.0,173021000.0,1973000.0,144916000.0,144916000.0,144916000.0,0.0,0.0,0.298,275971000.0,183588000.0,37428000.0,0.0,6.296,23.382,23.368,103663000.0,0.0,26.64,6.946,6.947,197125000.0,2682315000.0,487039000.0,487039000.0,94586000.0,,,,,16371000.0,181385000.0,1.0,491589571.0,491710000,507821000.0,0.991,2470108000.0,55018000.0,49048000.0,216175000.0,5.024,1701594000.0
65,ADBE,MRQ,2005-06-30,2005-06-03,2005-06-03,2021-09-29,523000.0,2421216000.0,,1999568000.0,421648000.0,,3.826,-9124000.0,253302000.0,253302000.0,27434000.0,149778000.0,3.861,0.295,0.0,0.0,0.0,0.0,61033000.0,15128000.0,0.0,0.001,0.006,187808000.0,202936000.0,0.409,202936000.0,187808000.0,187808000.0,0.31,0.29,0.31,1869903000.0,,1869903000.0,15694542051.0,24.0,21.126,161858000.0,0.331,1.0,468595000.0,0.945,136190000.0,0.0,1513800000.0,,0.0,1564064000.0,1437264000.0,126800000.0,551313000.0,517924000.0,33389000.0,15911902051.0,35942000.0,0.0,71376000.0,0.0,-12000.0,71364000.0,-204319000.0,-195195000.0,170982000.0,-2085000.0,149778000.0,149778000.0,149778000.0,0.0,0.0,0.302,286391000.0,182204000.0,38717000.0,0.019,8.509,30.621,30.411,98934000.0,0.0,32.54,8.83,8.825,208639000.0,2537399000.0,496029000.0,496029000.0,89409000.0,,,,,20450000.0,196982000.0,1.0,488995146.0,488765000,508156000.0,1.015,2285026000.0,56513000.0,38030000.0,231041000.0,4.675,1481644000.0
66,ADBE,MRQ,2005-03-31,2005-03-04,2005-03-04,2021-09-29,-3223000.0,2122810000.0,,1699939000.0,422871000.0,,3.341,-11512000.0,217360000.0,217360000.0,26969000.0,151894000.0,3.511,0.307,0.0,0.0,0.0,0.0,57087000.0,14954000.0,0.0,0.001,0.006,176785000.0,191739000.0,0.405,191739000.0,176785000.0,176785000.0,0.31,0.3,0.31,1624565000.0,,1624565000.0,15196538694.0,25.0,21.631,152585000.0,0.314,1.0,445913000.0,0.943,136896000.0,0.0,1284366000.0,,0.0,1376543000.0,1249743000.0,126800000.0,498245000.0,484188000.0,14057000.0,15572665694.0,-41701000.0,-9541000.0,25899000.0,0.0,-3032000.0,22867000.0,-227500000.0,-206447000.0,164097000.0,-1165000.0,151894000.0,151894000.0,151894000.0,0.0,0.0,0.321,275201000.0,170712000.0,38575000.0,0.019,9.586,32.493,32.207,100340000.0,0.0,31.885,9.074,9.034,166540000.0,2387657000.0,472882000.0,472882000.0,86686000.0,,,,,27273000.0,188515000.0,1.0,488400994.0,486260000,506182000.0,0.972,1985914000.0,37924000.0,24891000.0,200958000.0,4.084,1215751000.0
67,ADBE,MRQ,2004-12-31,2004-12-03,2004-12-03,2021-09-29,-2289000.0,1958632000.0,,1551029000.0,407603000.0,,2.968,-21874000.0,259061000.0,259061000.0,29372000.0,113501000.0,3.494,0.376,0.0,0.0,0.0,0.0,59541000.0,38860000.0,0.0,0.001,0.006,153380000.0,192240000.0,0.448,192240000.0,153380000.0,153380000.0,0.23,0.23,0.23,1423477000.0,,1423477000.0,14825257683.0,24.0,21.47,190022000.0,0.396,1.0,400130000.0,0.932,125800000.0,0.0,1129884000.0,,0.0,1180960000.0,1054160000.0,126800000.0,535155000.0,443887000.0,91268000.0,15023957683.0,114660000.0,0.0,21130000.0,0.0,-2982000.0,18148000.0,-119116000.0,-97242000.0,211896000.0,3732000.0,113501000.0,113501000.0,113501000.0,0.0,0.0,0.264,253751000.0,146379000.0,43192000.0,0.026,10.554,33.357,33.489,99675000.0,0.0,31.48,9.015,9.022,167440000.0,2238807000.0,429502000.0,429502000.0,80100000.0,,,,,67868000.0,173651000.0,1.0,477254056.0,479686000,502010000.0,0.895,1832832000.0,51751000.0,39879000.0,224822000.0,3.821,1107142000.0
68,ADBE,MRQ,2004-09-30,2004-09-03,2004-09-03,2021-09-29,-558000.0,1720808000.0,,1333571000.0,387237000.0,,2.57,-14417000.0,198700000.0,198700000.0,23569000.0,104461000.0,3.1,0.404,0.0,0.0,0.0,0.0,47148000.0,14828000.0,0.0,0.001,0.006,141163000.0,155991000.0,0.386,155991000.0,141163000.0,141163000.0,0.22,0.21,0.22,1225756000.0,,1225756000.0,10938276135.0,19.0,17.359,146029000.0,0.306,1.0,380144000.0,0.942,124460000.0,0.0,967424000.0,,0.0,1067872000.0,941072000.0,126800000.0,495052000.0,430224000.0,64828000.0,11156940135.0,-24763000.0,0.0,-153436000.0,0.0,-2991000.0,-156427000.0,-28769000.0,-14352000.0,160446000.0,-13000.0,104461000.0,104461000.0,104461000.0,0.0,0.0,0.259,239830000.0,140314000.0,36661000.0,0.027,9.102,26.549,26.288,89029000.0,0.0,23.265,6.992,6.954,137091000.0,2128353000.0,403713000.0,403713000.0,80072000.0,,,,,11592000.0,159758000.0,1.0,479559000.0,476942000,494226000.0,0.846,1596348000.0,30113000.0,36702000.0,236422000.0,3.347,903347000.0
69,ADBE,MRQ,2004-06-30,2004-06-04,2004-06-04,2021-09-29,-4420000.0,1733127000.0,,1484639000.0,248488000.0,,2.645,-12491000.0,218664000.0,218664000.0,27255000.0,109401000.0,3.526,0.373,0.0,0.0,0.0,0.0,44780000.0,14741000.0,0.0,0.001,0.006,147839000.0,162580000.0,0.396,162580000.0,147839000.0,147839000.0,0.23,0.22,0.23,1262252000.0,,1262252000.0,10643765562.0,20.0,18.399,134509000.0,0.282,1.0,382830000.0,0.934,125044000.0,0.0,968406000.0,,0.0,1062555000.0,1062555000.0,0.0,470875000.0,421013000.0,49862000.0,10843524562.0,26355000.0,-15545000.0,-65019000.0,0.0,-2983000.0,-68002000.0,-52158000.0,-24122000.0,147000000.0,-485000.0,109401000.0,109401000.0,109401000.0,0.0,0.0,0.267,240991000.0,141839000.0,33133000.0,0.026,8.591,28.512,28.211,84713000.0,0.0,22.71,7.176,7.172,143535000.0,2026867000.0,410085000.0,410085000.0,76053000.0,,,,,13366000.0,164938000.0,1.0,477477964.0,477238000,493946000.0,0.859,1608083000.0,31961000.0,38438000.0,204110000.0,3.37,1063626000.0
70,ADBE,MRQ,2004-03-31,2004-03-05,2004-03-05,2021-09-29,5582000.0,1691506000.0,,1462138000.0,229368000.0,,2.554,-14444000.0,199759000.0,199759000.0,24182000.0,123035000.0,3.325,0.389,0.0,0.0,0.0,0.0,43326000.0,13438000.0,0.0,0.001,0.006,166263000.0,179701000.0,0.425,179701000.0,166263000.0,166263000.0,0.26,0.25,0.26,1217484000.0,,1217484000.0,8504664344.0,18.0,16.363,171017000.0,0.359,1.0,399099000.0,0.943,111132000.0,0.0,940820000.0,,0.0,1049576000.0,1049576000.0,0.0,474022000.0,439795000.0,34227000.0,8694581344.0,16287000.0,0.0,-15251000.0,0.0,-2986000.0,-18237000.0,-151269000.0,-136825000.0,185461000.0,332000.0,123035000.0,123035000.0,123035000.0,0.0,0.0,0.291,235837000.0,163262000.0,35598000.0,0.023,7.141,25.942,25.497,82512000.0,0.0,18.23,6.118,6.116,154990000.0,1920444000.0,423281000.0,423281000.0,75071000.0,,,,,5308000.0,160766000.0,1.0,476938088.0,476768000,492174000.0,0.888,1580374000.0,27955000.0,43228000.0,219590000.0,3.315,1022343000.0
71,ADBE,MRQ,2003-12-31,2003-11-28,2003-11-28,2021-09-29,-999000.0,1555045000.0,,1329028000.0,226017000.0,,2.292,-12590000.0,189917000.0,189917000.0,25227000.0,83349000.0,3.045,0.413,0.0,0.0,0.0,0.0,45600000.0,12775000.0,0.0,0.001,0.006,119070000.0,131845000.0,0.368,131845000.0,119070000.0,119070000.0,0.175,0.165,0.175,1100800000.0,,1100800000.0,9522585626.0,25.0,22.171,116025000.0,0.242,1.0,333359000.0,0.93,111289000.0,0.0,817309000.0,,0.0,906616000.0,906616000.0,0.0,454245000.0,436530000.0,17715000.0,9667046626.0,16012000.0,0.0,132081000.0,0.0,-2925000.0,129156000.0,-244032000.0,-231442000.0,128615000.0,2273000.0,83349000.0,83349000.0,83349000.0,0.0,0.0,0.232,218096000.0,115263000.0,37437000.0,0.034,8.782,36.295,36.237,77007000.0,0.0,20.655,7.466,7.474,174042000.0,1800398000.0,358586000.0,358586000.0,73088000.0,,,,,25454000.0,145113000.0,1.0,468024528.0,480240000,500048000.0,0.747,1443756000.0,35875000.0,35721000.0,211199000.0,3.006,892498000.0
72,ADBE,MRQ,2003-09-30,2003-08-29,2003-08-29,2021-09-29,-127000.0,1286781000.0,,1037162000.0,249619000.0,,1.851,-7682000.0,144461000.0,144461000.0,22077000.0,64524000.0,2.452,0.49,0.0,0.0,0.0,0.0,41609000.0,12182000.0,0.0,0.001,0.006,92177000.0,104359000.0,0.327,104359000.0,92177000.0,92177000.0,0.14,0.135,0.14,863776000.0,,863776000.0,8915373438.0,28.0,23.651,89401000.0,0.192,1.0,297045000.0,0.931,112450000.0,0.0,606865000.0,,0.0,708269000.0,708269000.0,0.0,423005000.0,423005000.0,0.0,9057204438.0,2630000.0,0.0,-8047000.0,0.0,-2916000.0,-10963000.0,-82806000.0,-75124000.0,97083000.0,-684000.0,64524000.0,64524000.0,64524000.0,0.0,0.0,0.202,204830000.0,92215000.0,32070000.0,0.043,10.486,40.6,40.448,72874000.0,0.0,19.415,7.359,7.362,141055000.0,1720037000.0,319122000.0,319122000.0,68814000.0,,,,,2904000.0,136455000.0,1.0,466505508.0,466728000,480990000.0,0.684,1174331000.0,36938000.0,27653000.0,201025000.0,2.516,614157000.0
73,ADBE,MRQ,2003-06-30,2003-05-30,2003-05-30,2021-09-29,-506000.0,1239736000.0,,986045000.0,253691000.0,,1.738,-11692000.0,141831000.0,141831000.0,23356000.0,64246000.0,2.278,0.536,0.0,0.0,0.0,0.0,42021000.0,12065000.0,0.0,0.001,0.006,91780000.0,103845000.0,0.324,103845000.0,91780000.0,91780000.0,0.14,0.135,0.14,806937000.0,,806937000.0,8046932982.0,27.0,22.424,116399000.0,0.251,1.0,296790000.0,0.927,111980000.0,0.0,553126000.0,,0.0,640791000.0,640791000.0,0.0,432799000.0,432799000.0,0.0,8189029982.0,-266000.0,-16500000.0,36088000.0,0.0,-2898000.0,33190000.0,-162860000.0,-134668000.0,128091000.0,1313000.0,64246000.0,64246000.0,64246000.0,0.0,0.0,0.201,205329000.0,91461000.0,41306000.0,0.043,10.148,39.799,40.136,73626000.0,0.0,17.66,6.844,6.852,158591000.0,1658434000.0,320146000.0,320146000.0,69117000.0,,,,,8938000.0,136212000.0,1.0,463704982.0,464248000,478474000.0,0.69,1127756000.0,46025000.0,27534000.0,191530000.0,2.429,553246000.0
74,ADBE,MRQ,2003-03-31,2003-02-28,2003-02-28,2021-09-29,-3657000.0,1087831000.0,,853047000.0,234784000.0,,1.509,-7490000.0,142097000.0,142097000.0,22362000.0,54225000.0,2.185,0.56,0.0,0.0,0.0,0.0,32484000.0,11992000.0,0.0,0.002,0.006,77465000.0,89457000.0,0.301,89457000.0,77465000.0,77465000.0,0.115,0.115,0.115,697433000.0,,697433000.0,6170872862.0,21.0,17.602,71857000.0,0.155,1.0,274533000.0,0.925,95826000.0,0.0,459510000.0,,0.0,510560000.0,510560000.0,0.0,390398000.0,390398000.0,0.0,6354556862.0,-41587000.0,0.0,-31478000.0,0.0,-2887000.0,-34365000.0,-88138000.0,-80648000.0,79347000.0,1569000.0,54225000.0,54225000.0,54225000.0,0.0,0.0,0.183,194025000.0,80508000.0,34191000.0,0.052,9.111,32.452,33.133,70228000.0,0.0,13.75,5.323,5.323,158939000.0,1597107000.0,296895000.0,296895000.0,65956000.0,,,,,2966000.0,128069000.0,1.0,462149590.0,462168000,470588000.0,0.642,992005000.0,49219000.0,23240000.0,178202000.0,2.146,462649000.0
75,ADBE,MRQ,2002-12-31,2002-11-29,2002-11-29,2021-09-29,-3950000.0,1051610000.0,,814172000.0,237438000.0,,1.441,-11317000.0,183684000.0,183684000.0,26522000.0,40089000.0,2.158,0.56,0.0,0.0,0.0,0.0,31185000.0,17116000.0,0.0,0.002,0.006,62174000.0,79290000.0,0.269,79290000.0,62174000.0,62174000.0,0.085,0.085,0.085,674321000.0,,674321000.0,6835768791.0,24.0,19.633,124609000.0,0.266,1.0,268132000.0,0.91,98813000.0,0.0,391824000.0,,0.0,434053000.0,434053000.0,0.0,377289000.0,377289000.0,0.0,6977122791.0,42330000.0,0.0,-130166000.0,0.0,-2954000.0,-133120000.0,39427000.0,35215000.0,135926000.0,97000.0,40089000.0,40089000.0,40089000.0,0.0,0.0,0.136,205208000.0,62924000.0,37765000.0,0.071,10.347,36.453,36.457,71090000.0,0.0,14.765,5.99,6.004,146873000.0,1545776000.0,294654000.0,294654000.0,64181000.0,,,,,3242000.0,120134000.0,1.0,472544720.0,467800000,474238000.0,0.63,952797000.0,55980000.0,22085000.0,173311000.0,2.037,436883000.0
76,ADBE,MRQ,2002-09-30,2002-08-30,2002-08-30,2021-09-29,-7852000.0,1104863000.0,,863669000.0,241194000.0,,1.597,-7278000.0,141354000.0,141354000.0,31636000.0,47201000.0,2.506,0.453,0.0,0.0,0.0,0.0,27315000.0,16841000.0,0.0,0.002,0.006,69413000.0,86254000.0,0.303,86254000.0,69413000.0,69413000.0,0.1,0.095,0.1,760155000.0,,760155000.0,4593131548.0,17.0,13.742,39301000.0,0.083,1.0,253243000.0,0.889,109343000.0,0.0,509458000.0,,0.0,494877000.0,494877000.0,0.0,344708000.0,344708000.0,0.0,4824383548.0,-89898000.0,0.0,-93510000.0,0.0,-2994000.0,-96504000.0,-40623000.0,-30173000.0,46579000.0,650000.0,47201000.0,47201000.0,47201000.0,0.0,0.0,0.166,183773000.0,69470000.0,32868000.0,0.06,6.347,25.994,25.769,69360000.0,0.0,10.05,4.252,4.216,172586000.0,1508589000.0,284879000.0,284879000.0,59746000.0,,,,,2211000.0,120486000.0,1.0,480038164.0,476020000,486750000.0,0.598,995520000.0,54867000.0,22212000.0,156546000.0,2.091,518961000.0
77,ADBE,MRQ,2002-06-30,2002-05-31,2002-05-31,2021-09-29,-6576000.0,1155137000.0,,907777000.0,247360000.0,,1.697,-7261000.0,231252000.0,231252000.0,25133000.0,54301000.0,2.619,0.429,0.0,0.0,0.0,0.0,25796000.0,15722000.0,0.0,0.001,0.006,79855000.0,95577000.0,0.301,95577000.0,79855000.0,79855000.0,0.115,0.11,0.115,808483000.0,,808483000.0,8370192663.0,32.0,26.001,101509000.0,0.213,1.0,292226000.0,0.921,114061000.0,0.0,463170000.0,,0.0,468660000.0,468660000.0,0.0,346654000.0,346654000.0,0.0,8590892663.0,10552000.0,7345000.0,-9695000.0,0.0,-2972000.0,-12667000.0,-86590000.0,-83348000.0,108770000.0,1039000.0,54301000.0,54301000.0,54301000.0,0.0,0.0,0.171,201378000.0,90848000.0,33712000.0,0.052,10.626,48.077,48.133,80286000.0,0.0,18.05,7.523,7.53,162736000.0,1464342000.0,317359000.0,317359000.0,62858000.0,,,,,14340000.0,132964000.0,1.0,475949732.0,476404000,495374000.0,0.666,1041076000.0,44079000.0,25554000.0,133425000.0,2.185,561123000.0
78,ADBE,MRQ,2002-03-31,2002-03-01,2002-03-01,2021-09-29,-1185000.0,989942000.0,,826203000.0,163739000.0,,1.457,-5729000.0,220700000.0,220700000.0,20997000.0,49808000.0,2.75,0.436,0.0,0.0,0.0,0.0,23615000.0,13803000.0,0.0,0.001,0.006,73247000.0,87050000.0,0.325,87050000.0,73247000.0,73247000.0,0.105,0.1,0.105,689511000.0,,689511000.0,8906198357.0,32.0,26.8,32334000.0,0.068,1.0,246899000.0,0.922,41652000.0,0.0,427159000.0,,0.0,430556000.0,400090000.0,30466000.0,300431000.0,300431000.0,0.0,9124860357.0,2038000.0,0.0,21989000.0,0.0,-2961000.0,19028000.0,-54484000.0,-39724000.0,38063000.0,-569000.0,49808000.0,49808000.0,49808000.0,0.0,0.0,0.186,183114000.0,63785000.0,34443000.0,0.057,13.234,49.139,49.41,79059000.0,0.0,19.27,7.808,7.802,163823000.0,1413036000.0,267896000.0,267896000.0,59297000.0,,,,,8823000.0,114917000.0,1.0,473526744.0,473162000,490490000.0,0.566,948290000.0,34861000.0,23439000.0,122180000.0,2.004,525772000.0
79,ADBE,MRQ,2001-12-31,2001-11-30,2001-11-30,2021-09-29,3918000.0,932173000.0,,768914000.0,163259000.0,,1.304,-8826000.0,218662000.0,218662000.0,19035000.0,34289000.0,2.439,0.511,0.0,0.0,0.0,0.0,21701000.0,14190000.0,0.0,0.002,0.006,51178000.0,65368000.0,0.247,65368000.0,51178000.0,51178000.0,0.07,0.075,0.07,616972000.0,,616972000.0,7316286822.0,24.0,20.123,119785000.0,0.253,1.0,245505000.0,0.928,36402000.0,0.0,361908000.0,,0.0,362951000.0,362951000.0,0.0,315201000.0,315201000.0,0.0,7609105822.0,-74157000.0,0.0,-105498000.0,0.0,-2981000.0,-108479000.0,-93729000.0,-97823000.0,128611000.0,-560000.0,34289000.0,34289000.0,34289000.0,0.0,0.0,0.13,193244000.0,52261000.0,30891000.0,0.086,12.333,37.001,37.302,77611000.0,0.0,16.04,6.188,6.221,143955000.0,1366205000.0,264540000.0,264540000.0,54649000.0,,,,,16887000.0,122982000.0,1.0,474383156.0,473028000,488096000.0,0.559,895771000.0,34320000.0,16889000.0,132228000.0,1.894,453713000.0
80,ADBE,MRQ,2001-09-30,2001-08-31,2001-08-31,2021-09-29,-389000.0,968128000.0,,790985000.0,177143000.0,,1.407,-9427000.0,292819000.0,292819000.0,20041000.0,40294000.0,2.653,0.445,0.0,0.0,0.0,0.0,19347000.0,13787000.0,0.0,0.001,0.006,60140000.0,73927000.0,0.253,73927000.0,60140000.0,60140000.0,0.085,0.08,0.085,669940000.0,,669940000.0,7818469949.0,21.0,18.043,73300000.0,0.154,1.0,272077000.0,0.931,0.0,0.0,377121000.0,,0.0,283069000.0,283069000.0,0.0,298188000.0,298188000.0,0.0,8028203949.0,83085000.0,0.0,-68331000.0,0.0,-2990000.0,-71321000.0,70901000.0,85708000.0,82727000.0,778000.0,40294000.0,40294000.0,40294000.0,0.0,0.0,0.138,179234000.0,92843000.0,30750000.0,0.071,11.983,32.042,32.01,80073000.0,0.0,16.805,6.08,6.06,168299000.0,1334869000.0,292118000.0,292118000.0,54189000.0,,,,,24921000.0,121477000.0,1.0,477727102.0,476102000,497132000.0,0.614,968128000.0,47376000.0,19846000.0,126455000.0,2.033,492797000.0
81,ADBE,MRQ,2001-06-30,2001-06-01,2001-06-01,2021-09-29,6541000.0,997028000.0,,803972000.0,193056000.0,,1.434,-14605000.0,209734000.0,209734000.0,22359000.0,61305000.0,2.56,0.46,0.0,0.0,0.0,0.0,17588000.0,14476000.0,0.0,0.001,0.006,91500000.0,105976000.0,0.308,105976000.0,91500000.0,91500000.0,0.13,0.125,0.13,682974000.0,,682974000.0,9528330808.0,22.0,19.457,124222000.0,0.261,1.0,321734000.0,0.935,0.0,0.0,473240000.0,,0.0,378436000.0,378436000.0,0.0,314054000.0,314054000.0,0.0,9704592808.0,33472000.0,0.0,-138569000.0,0.0,-3010000.0,-141579000.0,37360000.0,51971000.0,138827000.0,-1136000.0,61305000.0,61305000.0,61305000.0,0.0,0.0,0.178,203835000.0,117899000.0,31326000.0,0.046,14.209,33.635,33.537,74303000.0,0.0,20.29,7.151,7.121,166536000.0,1297564000.0,344093000.0,344093000.0,59597000.0,,,,,9937000.0,140657000.0,1.0,478294372.0,476326000,500254000.0,0.722,997028000.0,27719000.0,30195000.0,114331000.0,2.093,489918000.0
82,ADBE,MRQ,2001-03-31,2001-03-02,2001-03-02,2021-09-29,-4004000.0,1034635000.0,,845375000.0,189260000.0,,1.547,-10316000.0,176262000.0,176262000.0,20016000.0,69756000.0,2.938,0.393,0.0,0.0,0.0,0.0,18021000.0,14192000.0,0.0,0.002,0.006,104113000.0,118305000.0,0.36,118305000.0,104113000.0,104113000.0,0.145,0.14,0.145,742737000.0,,742737000.0,6433875274.0,14.0,12.996,58221000.0,0.121,1.0,308953000.0,0.939,0.0,0.0,570620000.0,,0.0,443957000.0,443957000.0,0.0,291898000.0,287753000.0,4145000.0,6670741274.0,-60604000.0,0.0,-85181000.0,0.0,-3026000.0,-88207000.0,-40957000.0,-23107000.0,68537000.0,23000.0,69756000.0,69756000.0,69756000.0,0.0,0.0,0.212,193499000.0,115454000.0,38694000.0,0.041,8.981,22.767,22.512,67147000.0,0.0,13.845,5.08,5.063,174902000.0,1239240000.0,328969000.0,328969000.0,55687000.0,,,,,11944000.0,134230000.0,1.0,481815910.0,480156000,507218000.0,0.685,1034635000.0,26215000.0,34357000.0,91372000.0,2.155,557622000.0
83,ADBE,MRQ,2000-12-31,2000-12-01,2000-12-01,2021-09-29,-698000.0,1069416000.0,,877912000.0,191504000.0,,1.571,-12317000.0,236866000.0,236866000.0,22261000.0,79196000.0,2.791,0.421,0.0,0.0,0.0,0.0,17696000.0,12343000.0,0.0,0.001,0.006,122784000.0,135127000.0,0.38,135127000.0,122784000.0,122784000.0,0.165,0.155,0.165,752544000.0,,752544000.0,15986450118.0,36.0,32.825,138031000.0,0.288,1.0,332933000.0,0.937,0.0,0.0,517945000.0,,0.0,442987000.0,442987000.0,0.0,316872000.0,314605000.0,2267000.0,16177465118.0,45851000.0,-24448000.0,10776000.0,0.0,-3007000.0,7769000.0,-111554000.0,-76557000.0,150348000.0,-712000.0,79196000.0,79196000.0,79196000.0,0.0,0.0,0.223,209241000.0,123692000.0,40280000.0,0.036,21.497,56.209,55.628,64268000.0,0.0,33.655,12.775,12.666,160113000.0,1172504000.0,355194000.0,355194000.0,60270000.0,,,,,51310000.0,145121000.0,1.0,480685340.0,478924000,515004000.0,0.742,1069416000.0,23460000.0,43588000.0,77035000.0,2.233,563307000.0
84,ADBE,MRQ,2000-09-30,2000-09-01,2000-09-01,2021-09-29,58692000.0,1043637000.0,,829479000.0,214158000.0,,1.413,-6866000.0,191015000.0,191015000.0,23668000.0,78270000.0,2.242,0.549,0.0,0.0,0.0,0.0,17933000.0,9864000.0,0.0,0.001,0.006,120429000.0,130293000.0,0.396,130293000.0,120429000.0,120429000.0,0.165,0.155,0.165,673684000.0,,673684000.0,16055577748.0,34.0,31.093,120885000.0,0.253,1.0,305199000.0,0.928,0.0,0.0,482669000.0,,0.0,437208000.0,437208000.0,0.0,369953000.0,369953000.0,0.0,16260235748.0,-13643000.0,0.0,-58320000.0,0.0,-3005000.0,-61325000.0,-79714000.0,-72735000.0,127751000.0,-355000.0,78270000.0,78270000.0,78270000.0,0.0,0.0,0.238,199323000.0,105876000.0,40797000.0,0.036,24.136,53.143,52.852,59050000.0,0.0,33.825,13.63,13.523,158659000.0,1096340000.0,328867000.0,328867000.0,61572000.0,,,,,29841000.0,136536000.0,1.0,480716504.0,476928000,511656000.0,0.69,1043637000.0,41820000.0,42159000.0,127345000.0,2.188,459526000.0
85,ADBE,MRQ,2000-06-30,2000-06-02,2000-06-02,2021-09-29,35596000.0,936207000.0,,743484000.0,192723000.0,,1.271,-6689000.0,204658000.0,204658000.0,20604000.0,65777000.0,2.318,0.551,0.0,0.0,0.0,0.0,18231000.0,10145000.0,0.0,0.001,0.006,101195000.0,111340000.0,0.371,111340000.0,101195000.0,101195000.0,0.14,0.13,0.14,603804000.0,,603804000.0,14805890500.0,33.0,30.303,111141000.0,0.234,1.0,279481000.0,0.931,0.0,0.0,410744000.0,,0.0,340813000.0,340813000.0,0.0,332403000.0,320805000.0,11598000.0,14966277500.0,44271000.0,0.0,-49951000.0,0.0,-2989000.0,-52940000.0,-20028000.0,-11858000.0,117830000.0,-591000.0,65777000.0,65777000.0,65777000.0,0.0,0.0,0.219,189970000.0,89511000.0,36892000.0,0.043,24.787,52.54,52.698,59538000.0,0.0,31.25,13.304,13.196,143422000.0,1021077000.0,300085000.0,300085000.0,60912000.0,,,,,37384000.0,121542000.0,1.0,478920880.0,475032000,510696000.0,0.632,936207000.0,58059000.0,35418000.0,108760000.0,1.971,422679000.0
86,ADBE,MRQ,2000-03-31,2000-03-03,2000-03-03,2021-09-29,118612000.0,1017074000.0,,839598000.0,177476000.0,,1.342,1456000.0,160387000.0,160387000.0,20722000.0,64565000.0,2.446,0.598,0.0,0.0,0.0,0.0,18711000.0,10923000.0,0.0,0.001,0.006,99331000.0,110254000.0,0.391,110254000.0,99331000.0,99331000.0,0.135,0.13,0.135,636605000.0,,636605000.0,10659288905.0,26.0,23.035,50153000.0,0.106,1.0,261510000.0,0.927,0.0,0.0,513473000.0,,0.0,481320000.0,481320000.0,0.0,380469000.0,343214000.0,37255000.0,10830433905.0,-10758000.0,0.0,-38826000.0,0.0,-2978000.0,-41804000.0,-16764000.0,-18046000.0,48697000.0,-887000.0,64565000.0,64565000.0,64565000.0,0.0,0.0,0.229,172506000.0,89004000.0,38730000.0,0.044,17.013,41.018,41.573,61411000.0,0.0,22.657,10.115,10.041,145906000.0,958296000.0,282232000.0,282232000.0,57458000.0,,,,,22886000.0,114517000.0,1.0,478006572.0,474512000,505956000.0,0.595,1017074000.0,43475000.0,34766000.0,155987000.0,2.143,496384000.0
87,ADBE,MRQ,1999-12-31,1999-12-03,1999-12-03,2021-09-29,40332000.0,803859000.0,,623015000.0,180844000.0,,1.075,28558000.0,171145000.0,171145000.0,24070000.0,97359000.0,2.328,0.569,0.0,0.0,0.0,0.0,15676000.0,11201000.0,0.0,0.001,0.006,153292000.0,164493000.0,0.584,164493000.0,153292000.0,153292000.0,0.2,0.188,0.2,512209000.0,,512209000.0,7870132207.0,21.0,18.509,126257000.0,0.265,1.0,257700000.0,0.915,0.0,0.0,365085000.0,,0.0,327571000.0,327571000.0,0.0,291650000.0,267629000.0,24021000.0,8015966207.0,25311000.0,-5932000.0,-162566000.0,0.0,-3011000.0,-165577000.0,93157000.0,48865000.0,97699000.0,32000.0,97359000.0,97359000.0,97359000.0,0.0,0.0,0.346,175772000.0,81928000.0,35692000.0,0.03,15.65,33.716,34.026,69138000.0,0.0,16.672,7.894,7.933,78766000.0,896239000.0,281770000.0,281770000.0,57007000.0,,,,,7563000.0,110683000.0,1.0,480789696.0,476448000,519784000.0,0.591,803859000.0,36185000.0,55933000.0,80705000.0,1.687,355386000.0
88,ADBE,MRQ,1999-09-30,1999-09-03,1999-09-03,2021-09-29,45415000.0,838447000.0,,647260000.0,191187000.0,,1.186,-12464000.0,145834000.0,145834000.0,24267000.0,57155000.0,2.578,0.45,0.0,0.0,0.0,0.0,19216000.0,12473000.0,0.0,0.002,0.006,90028000.0,102501000.0,0.393,102501000.0,90028000.0,90028000.0,0.117,0.11,0.117,578367000.0,,578367000.0,6371926415.0,21.0,18.094,80747000.0,0.166,1.0,236609000.0,0.907,0.0,0.0,441519000.0,,0.0,335133000.0,335133000.0,0.0,260080000.0,251094000.0,8986000.0,6494084415.0,23676000.0,0.0,-108725000.0,0.0,-3093000.0,-111818000.0,42487000.0,63641000.0,93211000.0,-204000.0,57155000.0,57155000.0,57155000.0,0.0,0.0,0.219,164658000.0,71951000.0,34205000.0,0.051,11.228,34.061,34.091,99020000.0,0.0,13.125,6.624,6.527,133674000.0,804981000.0,260876000.0,260876000.0,47996000.0,,,,,32105000.0,111034000.0,1.0,494787384.0,487584000,518632000.0,0.535,838447000.0,20567000.0,32873000.0,52302000.0,1.72,396166000.0
89,ADBE,MRQ,1999-06-30,1999-06-04,1999-06-04,2021-09-29,19054000.0,842463000.0,,494508000.0,347955000.0,,1.186,-10167000.0,122158000.0,122158000.0,23704000.0,44961000.0,1.886,0.466,0.0,0.0,0.0,0.0,21642000.0,14703000.0,0.0,0.003,0.006,70788000.0,85491000.0,0.348,85491000.0,70788000.0,70788000.0,0.092,0.087,0.092,574564000.0,,574564000.0,4347337779.0,21.0,16.432,96393000.0,0.199,1.0,222182000.0,0.904,0.0,0.0,458098000.0,,0.0,204386000.0,204386000.0,0.0,267899000.0,262207000.0,5692000.0,4426823779.0,42672000.0,0.0,-30692000.0,0.0,-3072000.0,-33764000.0,-30143000.0,-19494000.0,106560000.0,19000.0,44961000.0,44961000.0,44961000.0,0.0,0.0,0.183,170661000.0,51521000.0,38582000.0,0.065,7.705,33.121,33.843,94466000.0,0.0,9.07,4.697,4.663,121025000.0,773127000.0,245886000.0,245886000.0,47596000.0,,,,,16285000.0,106527000.0,1.0,488073184.0,484576000,512400000.0,0.507,842463000.0,35013000.0,25827000.0,48636000.0,1.739,232301000.0
90,ADBE,MRQ,1999-03-31,1999-03-05,1999-03-05,2021-09-29,16830000.0,772506000.0,,438763000.0,333743000.0,,1.117,-7520000.0,79486000.0,79486000.0,22499000.0,38276000.0,1.927,0.418,0.0,0.0,0.0,0.0,17970000.0,12393000.0,0.0,0.004,0.006,60319000.0,72712000.0,0.32,72712000.0,60319000.0,60319000.0,0.077,0.075,0.077,544870000.0,,544870000.0,2720457199.0,15.0,11.498,29209000.0,0.06,1.0,204403000.0,0.901,0.0,0.0,465384000.0,,0.0,183751000.0,183751000.0,0.0,227636000.0,227636000.0,0.0,2831328199.0,-31385000.0,-31000000.0,-34240000.0,0.0,-3057000.0,-36319000.0,-31351000.0,19663000.0,36729000.0,-444000.0,38276000.0,38276000.0,38276000.0,0.0,0.0,0.169,149950000.0,54453000.0,29250000.0,0.078,5.196,24.267,25.323,93562000.0,0.0,5.774,3.065,3.048,132042000.0,750225000.0,226902000.0,226902000.0,44877000.0,,,,,7797000.0,103883000.0,1.0,490379424.0,487784000,507072000.0,0.465,772506000.0,34039000.0,22043000.0,47659000.0,1.584,211127000.0
91,ADBE,MRQ,1998-12-31,1998-11-27,1998-11-27,2021-09-29,-1879000.0,767331000.0,,455945000.0,311386000.0,,1.01,-7032000.0,110871000.0,110871000.0,24292000.0,50268000.0,1.817,0.486,0.0,0.0,0.0,0.0,11333000.0,11290000.0,0.0,0.004,0.006,80172000.0,91462000.0,0.371,91462000.0,80172000.0,80172000.0,0.098,0.095,0.098,516365000.0,,516365000.0,2896705552.0,17.0,12.934,51738000.0,0.101,1.0,222444000.0,0.902,0.0,0.0,405494000.0,,0.0,161676000.0,161676000.0,0.0,250966000.0,250966000.0,0.0,3080500552.0,-72924000.0,0.0,-215940000.0,0.0,-3293000.0,-219233000.0,85488000.0,48548000.0,58770000.0,2051000.0,50268000.0,50268000.0,50268000.0,0.0,0.0,0.204,149913000.0,72531000.0,48681000.0,0.061,5.966,29.298,29.3,93887000.0,0.0,5.86,3.443,3.481,141180000.0,732730000.0,246736000.0,246736000.0,46530000.0,,,,,4059000.0,95898000.0,1.0,525682688.0,511352000,522768000.0,0.483,767331000.0,48675000.0,29904000.0,64546000.0,1.501,204979000.0
92,ADBE,MRQ,1998-09-30,1998-08-28,1998-08-28,2021-09-29,-3878000.0,902967000.0,,595914000.0,307053000.0,,1.262,-16186000.0,183795000.0,183795000.0,23369000.0,152000.0,2.661,0.33,0.0,0.0,0.0,0.0,12957000.0,14662000.0,0.0,0.012,0.006,242000.0,14904000.0,0.067,14904000.0,242000.0,242000.0,0.0,0.0,0.0,678984000.0,,678984000.0,1711766496.0,11.0,7.399,64853000.0,0.12,1.0,199563000.0,0.895,0.0,0.0,495189000.0,,0.0,259471000.0,259471000.0,0.0,223983000.0,223983000.0,0.0,1827124496.0,68437000.0,-1201000.0,-4695000.0,0.0,-3379000.0,-7719000.0,-5403000.0,17774000.0,81039000.0,520000.0,152000.0,152000.0,152000.0,0.0,0.0,0.001,205663000.0,-6100000.0,46690000.0,,2.691,17.967,18.471,95244000.0,0.0,3.399,2.088,2.09,113722000.0,708780000.0,222932000.0,222932000.0,48979000.0,,,,,1375000.0,118744000.0,1.0,537587200.0,538224000,547296000.0,0.414,902967000.0,19742000.0,90000.0,43402000.0,1.678,371931000.0
93,ADBE,MRQ,1998-06-30,1998-05-29,1998-05-29,2021-09-29,-4792000.0,898053000.0,,589164000.0,308889000.0,,1.282,-24601000.0,115358000.0,115358000.0,25568000.0,27980000.0,2.755,0.312,0.0,0.0,0.0,0.0,14585000.0,12886000.0,0.0,0.008,0.006,44645000.0,57531000.0,0.253,57531000.0,44645000.0,44645000.0,0.052,0.051,0.052,684238000.0,,684238000.0,2554290509.0,10.0,8.108,7714000.0,0.014,1.0,201742000.0,0.888,0.0,0.0,568880000.0,,0.0,277246000.0,277246000.0,0.0,213815000.0,213815000.0,0.0,2660943509.0,8705000.0,-375000.0,17840000.0,0.0,-3338000.0,16915000.0,-40110000.0,-5700000.0,32315000.0,-415000.0,27980000.0,27980000.0,27980000.0,0.0,0.0,0.123,164498000.0,37244000.0,44506000.0,0.115,3.889,17.171,18.155,99914000.0,0.0,4.992,3.016,3.021,151886000.0,711983000.0,227310000.0,227310000.0,49414000.0,,,,,6182000.0,114519000.0,1.0,532988184.0,533880000,551920000.0,0.426,898053000.0,17231000.0,16665000.0,45965000.0,1.682,375349000.0
94,ADBE,MRQ,1998-03-31,1998-02-27,1998-02-27,2021-09-29,-4031000.0,829659000.0,,541982000.0,287677000.0,,1.169,-11926000.0,106653000.0,106653000.0,27805000.0,26744000.0,2.77,0.309,0.0,0.0,0.0,0.0,13902000.0,17426000.0,0.0,0.008,0.006,42635000.0,60061000.0,0.304,60061000.0,42635000.0,42635000.0,0.049,0.048,0.049,633964000.0,,633964000.0,2765600809.0,10.0,8.351,19419000.0,0.036,1.0,170008000.0,0.859,0.0,0.0,527311000.0,,0.0,271545000.0,271545000.0,0.0,195695000.0,195695000.0,0.0,3033176809.0,-160923000.0,-1968000.0,-105473000.0,0.0,-6281000.0,-111754000.0,-80276000.0,-37634000.0,31345000.0,-238000.0,26744000.0,26744000.0,26744000.0,0.0,0.0,0.135,148336000.0,21672000.0,42929000.0,0.122,4.784,18.152,18.852,84539000.0,0.0,5.524,3.434,3.39,115019000.0,687383000.0,197813000.0,197813000.0,43338000.0,,,,,3492000.0,104998000.0,1.0,549115512.0,542096000,556680000.0,0.365,829659000.0,16214000.0,15891000.0,44098000.0,1.53,346287000.0
95,ADBE,MRQ,1997-12-31,1997-11-28,1997-11-28,2021-09-29,-1030000.0,940071000.0,,678946000.0,261125000.0,,1.25,-8534000.0,267576000.0,267576000.0,16552000.0,46819000.0,3.022,0.314,0.0,0.0,0.0,0.0,12769000.0,24652000.0,0.0,0.008,0.023,74191000.0,98843000.0,0.435,98843000.0,74191000.0,74191000.0,0.083,0.08,0.083,715424000.0,,715424000.0,2888537624.0,10.0,8.126,35520000.0,0.062,1.0,210580000.0,0.927,0.0,0.0,447848000.0,,0.0,235380000.0,235380000.0,0.0,224647000.0,224647000.0,0.0,3065448624.0,90665000.0,0.0,-209522000.0,0.0,-3573000.0,-206739000.0,251524000.0,299810000.0,44054000.0,1826000.0,46819000.0,46819000.0,46819000.0,0.0,0.0,0.206,153117000.0,57463000.0,57857000.0,0.277,4.285,16.407,16.154,80978000.0,0.0,5.25,3.362,3.314,130974000.0,663861000.0,227132000.0,227132000.0,42533000.0,,,,,8488000.0,108018000.0,1.0,583894976.0,572312000,589800000.0,0.397,940071000.0,42823000.0,27372000.0,48343000.0,1.643,454299000.0
96,ADBE,MRQ,1997-09-30,1997-08-29,1997-08-29,2021-09-29,2796000.0,1105560000.0,,852839000.0,252721000.0,,1.498,-8738000.0,176911000.0,176911000.0,32689000.0,53428000.0,3.651,0.268,0.0,0.0,0.0,0.0,16286000.0,13083000.0,0.0,0.005,0.006,85528000.0,98611000.0,0.429,98611000.0,85528000.0,85528000.0,0.091,0.09,0.091,871973000.0,,871973000.0,2684486076.0,8.0,6.818,45512000.0,0.078,1.0,197350000.0,0.858,0.0,0.0,695062000.0,,0.0,510248000.0,510248000.0,0.0,233587000.0,233587000.0,0.0,2870073076.0,-8676000.0,-4000000.0,-986000.0,0.0,-10089000.0,-11075000.0,-50534000.0,-63882000.0,54250000.0,-1317000.0,53428000.0,53428000.0,53428000.0,0.0,0.0,0.232,145766000.0,51584000.0,46989000.0,0.066,3.291,13.813,13.449,84021000.0,0.0,4.923,3.216,3.211,122596000.0,621905000.0,230039000.0,230039000.0,43876000.0,,,,,1368000.0,97309000.0,1.0,583051920.0,582128000,596224000.0,0.395,1105560000.0,0.0,32100000.0,63713000.0,1.899,619252000.0
97,ADBE,MRQ,1997-06-30,1997-05-30,1997-05-30,2021-09-29,12934000.0,1080379000.0,,827677000.0,252702000.0,,1.469,-9982000.0,185587000.0,185587000.0,32658000.0,40106000.0,3.549,0.275,0.0,0.0,0.0,0.0,19964000.0,10439000.0,0.0,0.004,0.006,63204000.0,73643000.0,0.323,73643000.0,63204000.0,63204000.0,0.07,0.068,0.07,847133000.0,,847133000.0,3104718818.0,11.0,8.821,58905000.0,0.102,1.0,195606000.0,0.857,0.0,0.0,661546000.0,,0.0,461874000.0,461874000.0,0.0,233246000.0,233246000.0,0.0,3194405818.0,95900000.0,-2121000.0,10678000.0,0.0,-3660000.0,7018000.0,19505000.0,38062000.0,68887000.0,490000.0,40106000.0,40106000.0,40106000.0,0.0,0.0,0.176,140695000.0,54911000.0,61601000.0,0.086,3.771,17.343,17.165,82917000.0,0.0,5.579,3.788,3.815,130984000.0,587310000.0,228264000.0,228264000.0,41253000.0,,,,,18878000.0,96285000.0,1.0,572602432.0,576680000,595328000.0,0.396,1080379000.0,0.0,23098000.0,40454000.0,1.873,594431000.0
98,ADBE,MRQ,1997-03-31,1997-02-28,1997-02-28,2021-09-29,-1030000.0,940071000.0,,678946000.0,261125000.0,,1.251,-6628000.0,267576000.0,267576000.0,34289000.0,46484000.0,3.022,0.314,0.0,0.0,0.0,0.0,15706000.0,11210000.0,0.0,0.005,0.006,73167000.0,84377000.0,0.373,84377000.0,73167000.0,73167000.0,0.081,0.079,0.081,715424000.0,,715424000.0,2505610113.0,9.0,7.749,28859000.0,0.05,1.0,192170000.0,0.849,0.0,0.0,447848000.0,,0.0,235380000.0,235380000.0,0.0,224647000.0,224647000.0,0.0,2616355113.0,-21058000.0,0.0,-4819000.0,0.0,-3589000.0,-8408000.0,-47666000.0,-25005000.0,35487000.0,-471000.0,46484000.0,46484000.0,46484000.0,0.0,0.0,0.205,125372000.0,66798000.0,57857000.0,0.074,3.657,15.752,15.679,80978000.0,0.0,4.562,3.193,3.185,130974000.0,663861000.0,226459000.0,226459000.0,38197000.0,,,,,2202000.0,89534000.0,1.0,573447696.0,571944000,591512000.0,0.396,940071000.0,16999000.0,26683000.0,48343000.0,1.644,454299000.0
99,ADBE,MRQ,1996-12-31,1996-11-29,1996-11-29,2021-09-29,28366000.0,1001393000.0,,725814000.0,275579000.0,,1.391,36005000.0,110745000.0,110745000.0,36244000.0,67758000.0,3.303,0.417,0.0,0.0,0.0,0.0,15537000.0,34594000.0,0.0,0.005,0.006,102490000.0,137084000.0,0.66,137084000.0,102490000.0,102490000.0,0.124,0.114,0.124,706514000.0,,706514000.0,,,,97316000.0,0.192,1.0,171431000.0,0.825,0.0,0.0,670926000.0,,0.0,453371000.0,453371000.0,0.0,294879000.0,219722000.0,75157000.0,2831397999.0,32447000.0,-3500000.0,-24775000.0,0.0,-3645000.0,-28420000.0,-3435000.0,29459000.0,61311000.0,2991000.0,67758000.0,67758000.0,67758000.0,0.0,0.0,0.326,134992000.0,36439000.0,43056000.0,0.048,4.008,18.472,18.632,80231000.0,0.0,4.938,3.6,3.639,115823000.0,529546000.0,207675000.0,207675000.0,44246000.0,,,,,2467000.0,81117000.0,1.0,573447696.0,507800000,593496000.0,0.409,1001393000.0,0.0,34732000.0,71019000.0,1.972,506092000.0
100,ADBE,MRQ,1996-09-30,1996-08-30,1996-08-30,2021-09-29,,,,,,,,-65007000.0,,,33617000.0,29847000.0,,,,,,,,8162000.0,,0.005,0.006,48686000.0,56848000.0,0.314,56848000.0,48686000.0,48686000.0,0.05,0.05,0.05,,,,,,,-31882000.0,-0.054,1.0,147292000.0,0.814,,0.0,,,,,,,,,,,582000.0,0.0,-33254000.0,0.0,-3622000.0,-36876000.0,4207000.0,35720000.0,33125000.0,126000.0,29847000.0,29847000.0,29847000.0,0.0,0.0,0.165,112394000.0,34898000.0,,0.12,,,,,0.0,4.688,,,,,180909000.0,180909000.0,36301000.0,,,,,5631000.0,75467000.0,1.0,,594472000,594472000.0,0.304,,,18839000.0,,,
101,ADBE,MRQ,1996-06-30,1996-05-31,1996-05-31,2021-09-29,,,,,,,,-6391000.0,,,36078000.0,22009000.0,,,,,,,,5267000.0,,0.005,0.006,39787000.0,45054000.0,0.22,45054000.0,39787000.0,39787000.0,0.036,0.036,0.036,,,,,,,51491000.0,0.085,1.0,168259000.0,0.823,,0.0,,,,,,,,,,,-8454000.0,-4527000.0,-38485000.0,0.0,-3632000.0,-42117000.0,-23772000.0,3900000.0,57882000.0,-447000.0,22009000.0,22009000.0,22009000.0,0.0,0.0,0.108,135156000.0,33103000.0,,0.167,,,,,0.0,4.656,,,,,204337000.0,204337000.0,37664000.0,,,,,1932000.0,82167000.0,1.0,,605104000,605104000.0,0.338,,,17778000.0,,,
102,ADBE,MRQ,1996-03-31,1996-03-01,1996-03-01,2021-09-29,,,,,,,,-10476000.0,,,35208000.0,33663000.0,,,,,,,,7598000.0,,0.006,0.006,53861000.0,61459000.0,0.317,61459000.0,53861000.0,53861000.0,0.055,0.055,0.055,,,,,,,35320000.0,0.058,1.0,158434000.0,0.818,,0.0,,,,,,,,,,,27677000.0,0.0,9606000.0,0.0,-3687000.0,5919000.0,-23865000.0,3351000.0,45796000.0,-173000.0,33663000.0,33663000.0,33663000.0,0.0,0.0,0.174,116088000.0,42346000.0,,0.109,,,,,0.0,4.077,,,,,193642000.0,193642000.0,37207000.0,,,,,3570000.0,78255000.0,1.0,,611152000,611152000.0,0.317,,,20198000.0,,,
103,ADBE,MRQ,1995-12-31,1995-12-01,1995-12-01,2021-09-29,14366000.0,884732000.0,,692787000.0,191945000.0,,1.176,,58493000.0,58493000.0,,,3.718,0.267,0.0,0.0,0.0,0.0,18257000.0,,0.0,0.003,0.006,,,,,,,,,,698417000.0,,698417000.0,,,,,,1.0,,,0.0,,639924000.0,,0.0,457547000.0,457547000.0,0.0,186315000.0,186315000.0,0.0,,,,,,,,,,,,,,,,,,,,25639000.0,,,,53.006,51708000.0,,8.375,,6.526,133208000.0,390793000.0,,,,,,,,,,1.0,,594024000,,,884732000.0,0.0,,19420000.0,1.489,506472000.0
0,ADBE,MRT,2021-09-30,2021-09-03,2021-09-03,2021-09-29,-131000000.0,26144000000.0,25248750000.0,8619000000.0,17525000000.0,0.598,30.218,-352000000.0,4623000000.0,4623000000.0,1786000000.0,5839000000.0,1.392,0.814,4685000000.0,97000000.0,4588000000.0,4685000000.0,4385000000.0,848000000.0,0.0,0.0,0.0,5546000000.0,6394000000.0,0.423,6394000000.0,5546000000.0,5434000000.0,12.2,12.08,12.2,14414000000.0,13769000000.0,14414000000.0,318006476000.0,57.0,49.735,6594000000.0,13.824,1.0,13313000000.0,0.882,13395000000.0,112000000.0,6620000000.0,6690250000.0,0.0,1541000000.0,1541000000.0,0.0,11730000000.0,6191000000.0,5539000000.0,317563476000.0,856000000.0,-1470000000.0,-3510000000.0,0.0,0.0,-4163000000.0,-1929000000.0,-107000000.0,6946000000.0,2000000.0,5839000000.0,5839000000.0,5839000000.0,0.0,0.0,0.387,7797000000.0,5516000000.0,331000000.0,0.0,22.032,54.387,54.639,2081000000.0,0.0,666.59,21.032,21.059,1545000000.0,22750000000.0,15099000000.0,15099000000.0,2441000000.0,0.231,0.424,0.829,0.367,1033000000.0,5185000000.0,1.0,476400000.0,477000000,481000000.0,31.654,12749000000.0,1190000000.0,-405000000.0,610000000.0,26.727,2428000000.0
1,ADBE,MRT,2021-06-30,2021-06-04,2021-06-04,2021-09-29,-121000000.0,25582000000.0,24316250000.0,8078000000.0,17504000000.0,0.592,28.979,-383000000.0,4250000000.0,4250000000.0,1746000000.0,5582000000.0,1.315,0.847,4693000000.0,96000000.0,4597000000.0,4693000000.0,4283000000.0,849000000.0,0.0,0.0,0.0,5189000000.0,6038000000.0,0.42,6038000000.0,5189000000.0,5076000000.0,11.65,11.53,11.65,13852000000.0,13093750000.0,13852000000.0,242406000000.0,47.0,40.147,6595000000.0,13.797,1.0,12643000000.0,0.879,13500000000.0,113000000.0,6380000000.0,6550000000.0,0.0,1518000000.0,1518000000.0,0.0,11730000000.0,6145000000.0,5585000000.0,241151000000.0,1206000000.0,-1470000000.0,-3032000000.0,0.0,0.0,-3678000000.0,-2111000000.0,-258000000.0,6978000000.0,17000000.0,5582000000.0,5582000000.0,5582000000.0,0.0,0.0,0.388,7499000000.0,5144000000.0,312000000.0,0.0,17.409,43.202,43.305,2031000000.0,0.0,504.5,16.759,16.759,1477000000.0,21538000000.0,14389000000.0,14389000000.0,2356000000.0,0.23,0.426,0.792,0.361,985000000.0,4974000000.0,1.0,478000000.0,478000000,481000000.0,30.103,12082000000.0,1168000000.0,-506000000.0,645000000.0,25.276,1933000000.0
2,ADBE,MRT,2021-03-31,2021-03-05,2021-03-05,2021-09-29,-141000000.0,24985000000.0,23321500000.0,7384000000.0,17601000000.0,0.587,28.28,-384000000.0,3452000000.0,3452000000.0,1717000000.0,5566000000.0,1.272,0.844,4707000000.0,94000000.0,4613000000.0,4707000000.0,4285000000.0,850000000.0,0.0,0.0,0.0,4803000000.0,5653000000.0,0.413,5653000000.0,4803000000.0,4690000000.0,11.59,11.48,11.59,13546000000.0,12351000000.0,13546000000.0,211255321000.0,44.0,37.37,5790000000.0,12.088,1.0,11965000000.0,0.875,13574000000.0,113000000.0,6860000000.0,6420500000.0,0.0,1511000000.0,1511000000.0,0.0,11439000000.0,5806000000.0,5633000000.0,211025321000.0,764000000.0,-1470000000.0,-2881000000.0,0.0,0.0,-3499000000.0,-1924000000.0,-70000000.0,6174000000.0,13000000.0,5566000000.0,5566000000.0,5566000000.0,0.0,0.0,0.407,7211000000.0,4754000000.0,254000000.0,0.0,15.578,37.913,38.035,2007000000.0,0.0,440.83,15.424,15.433,1520000000.0,20521000000.0,13682000000.0,13682000000.0,2276000000.0,0.239,0.451,0.748,0.351,952000000.0,4770000000.0,1.0,478700000.0,479000000,483000000.0,28.564,11411000000.0,1262000000.0,-876000000.0,702000000.0,23.823,1578000000.0
3,ADBE,MRT,2020-12-31,2020-11-27,2020-11-27,2021-09-29,-158000000.0,24284000000.0,22378750000.0,8146000000.0,16138000000.0,0.575,27.576,-419000000.0,4478000000.0,4478000000.0,1722000000.0,5260000000.0,1.478,0.831,4708000000.0,92000000.0,4616000000.0,4708000000.0,3759000000.0,844000000.0,0.0,0.0,0.0,4292000000.0,5136000000.0,0.399,5136000000.0,4292000000.0,4176000000.0,10.94,10.83,10.94,13264000000.0,11580750000.0,13264000000.0,229799346460.0,54.0,44.743,5308000000.0,11.035,1.0,11146000000.0,0.866,12101000000.0,116000000.0,6901000000.0,6128500000.0,0.0,1514000000.0,1514000000.0,0.0,11020000000.0,5512000000.0,5508000000.0,228840346460.0,1828000000.0,0.0,-2780000000.0,-6000000.0,0.0,-3488000000.0,-414000000.0,5000000.0,5727000000.0,3000000.0,5260000000.0,5260000000.0,5260000000.0,0.0,0.0,0.409,6909000000.0,4237000000.0,306000000.0,0.0,17.253,43.506,43.604,2004000000.0,0.0,477.03,17.784,17.831,1398000000.0,19611000000.0,12868000000.0,12868000000.0,2188000000.0,0.235,0.454,0.7,0.334,909000000.0,4559000000.0,1.0,479718983.0,481000000,485000000.0,26.753,12183000000.0,1370000000.0,-1084000000.0,602000000.0,25.328,2634000000.0
4,ADBE,MRT,2020-09-30,2020-08-28,2020-08-28,2021-09-29,-153000000.0,22414000000.0,21498250000.0,7387000000.0,15027000000.0,0.578,24.402,-411000000.0,3767000000.0,3767000000.0,1746000000.0,3861000000.0,1.44,0.914,4726000000.0,90000000.0,4636000000.0,4726000000.0,3448000000.0,823000000.0,0.0,0.0,0.0,4061000000.0,4884000000.0,0.393,4884000000.0,4061000000.0,3936000000.0,8.01,7.94,8.01,11713000000.0,10897250000.0,11713000000.0,249371316029.0,61.0,51.059,4911000000.0,10.231,1.0,10690000000.0,0.86,12184000000.0,125000000.0,6059000000.0,4815000000.0,0.0,1497000000.0,1497000000.0,0.0,10701000000.0,5130000000.0,5571000000.0,247718316029.0,1558000000.0,-1000000.0,-2679000000.0,-6000000.0,0.0,-3314000000.0,-452000000.0,-40000000.0,5322000000.0,2000000.0,3861000000.0,3861000000.0,3861000000.0,0.0,0.0,0.31,6698000000.0,3992000000.0,229000000.0,0.0,21.149,64.159,64.474,1974000000.0,0.0,516.44,19.919,19.933,1318000000.0,17383000000.0,12436000000.0,12436000000.0,2130000000.0,0.18,0.354,0.843,0.327,879000000.0,4403000000.0,1.0,479665239.0,480000000,485000000.0,25.908,10230000000.0,219000000.0,75000000.0,760000000.0,21.312,2257000000.0
5,ADBE,MRT,2020-06-30,2020-05-29,2020-05-29,2021-09-29,-195000000.0,21603000000.0,20908470000.0,6649000000.0,14954000000.0,0.576,22.622,-374000000.0,3044000000.0,3044000000.0,1735000000.0,3699000000.0,1.288,0.985,4697000000.0,85000000.0,4612000000.0,4697000000.0,3461000000.0,802000000.0,0.0,0.0,0.0,3848000000.0,4650000000.0,0.386,4650000000.0,3848000000.0,3711000000.0,7.65,7.58,7.65,10881000000.0,10529693250.0,10881000000.0,188287208610.0,49.0,40.492,4434000000.0,9.218,1.0,10310000000.0,0.856,12230000000.0,137000000.0,5862000000.0,3719297500.0,0.0,1307000000.0,1307000000.0,0.0,10722000000.0,5164000000.0,5558000000.0,186264208610.0,961000000.0,-1000000.0,-2952000000.0,-6000000.0,0.0,-3524000000.0,-302000000.0,73000000.0,4808000000.0,-21000000.0,3699000000.0,3699000000.0,3699000000.0,0.0,0.0,0.307,6533000000.0,3777000000.0,289000000.0,0.0,17.118,50.355,50.536,1876000000.0,0.0,386.6,15.464,15.438,1366000000.0,16428000000.0,12045000000.0,12045000000.0,2054000000.0,0.177,0.351,1.035,0.319,843000000.0,4312000000.0,1.0,481800850.0,481000000,485000000.0,25.042,9373000000.0,231000000.0,12000000.0,776000000.0,19.486,1485000000.0
6,ADBE,MRT,2020-03-31,2020-02-28,2020-02-28,2021-09-29,-189000000.0,21214000000.0,20424197250.0,6455000000.0,14759000000.0,0.571,21.712,-424000000.0,2688000000.0,2688000000.0,1727000000.0,3232000000.0,1.235,1.027,4711000000.0,84000000.0,4627000000.0,4711000000.0,3614000000.0,780000000.0,0.0,0.0,0.0,3571000000.0,4351000000.0,0.373,4351000000.0,3571000000.0,3422000000.0,6.67,6.6,6.67,10465000000.0,10292366500.0,10465000000.0,167881088092.0,47.0,38.584,4310000000.0,8.942,1.0,9934000000.0,0.852,12317000000.0,149000000.0,5692000000.0,2607418750.0,0.0,1483000000.0,1483000000.0,0.0,10749000000.0,5228000000.0,5521000000.0,166393042092.0,949000000.0,-1000000.0,-2851000000.0,-6000000.0,0.0,-3395000000.0,-372000000.0,53000000.0,4734000000.0,-18000000.0,3232000000.0,3232000000.0,3232000000.0,0.0,0.0,0.277,6423000000.0,3511000000.0,265000000.0,0.0,15.9,51.483,51.742,1844000000.0,0.0,345.12,14.269,14.265,1389000000.0,15390000000.0,11661000000.0,11661000000.0,1998000000.0,0.158,0.314,1.37,0.306,820000000.0,4255000000.0,1.0,482130975.0,482000000,488000000.0,24.193,8897000000.0,0.0,190000000.0,727000000.0,18.459,1227000000.0
7,ADBE,MRT,2019-12-31,2019-11-29,2019-11-29,2021-09-29,-188000000.0,20762000000.0,19997081250.0,6495000000.0,14267000000.0,0.559,21.667,-395000000.0,2650000000.0,2650000000.0,1673000000.0,2951000000.0,0.793,0.972,4138000000.0,3149000000.0,989000000.0,4138000000.0,3501000000.0,757000000.0,0.0,0.0,0.0,3362000000.0,4119000000.0,0.369,4119000000.0,3362000000.0,3205000000.0,6.07,6.0,6.07,10530000000.0,10143987750.0,10530000000.0,151764820844.0,45.0,36.845,4027000000.0,8.286,1.0,9498000000.0,0.85,12412000000.0,157000000.0,1647000000.0,2148849500.0,0.0,1527000000.0,1527000000.0,0.0,10232000000.0,8191000000.0,2041000000.0,149836851844.0,1007000000.0,-101000000.0,-2517000000.0,0.0,0.0,-2946000000.0,-456000000.0,40000000.0,4422000000.0,-13000000.0,2951000000.0,2951000000.0,2951000000.0,0.0,0.0,0.264,6230000000.0,3268000000.0,209000000.0,0.0,14.23,50.775,50.993,1293000000.0,0.0,309.53,13.413,13.466,1535000000.0,14829000000.0,11171000000.0,11171000000.0,1930000000.0,0.148,0.291,1.565,0.301,788000000.0,4125000000.0,1.0,484078609.0,486000000,492000000.0,22.986,8350000000.0,0.0,254000000.0,812000000.0,17.181,-1696000000.0
8,ADBE,MRT,2019-09-30,2019-08-30,2019-08-30,2021-09-29,-193949000.0,20054880000.0,19498751750.0,5750096000.0,14304784000.0,0.546,21.076,-362984000.0,2209047000.0,2209047000.0,1579262000.0,2778466000.0,0.737,0.958,4137016000.0,3148587000.0,988429000.0,4137016000.0,3255936000.0,672228000.0,0.0,0.0,0.0,3095972000.0,3768200000.0,0.354,3768200000.0,3095972000.0,2947341000.0,5.7,5.62,5.7,10242773000.0,9852016250.0,10242773000.0,140162878177.0,45.0,37.196,3789705000.0,7.798,1.0,9064355000.0,0.852,12503693000.0,148631000.0,1676190000.0,2811982500.0,0.0,1441741000.0,1441741000.0,0.0,9812107000.0,7802966000.0,2009141000.0,138112182177.0,461928000.0,-4780959000.0,-2066743000.0,2248000000.0,0.0,-254701000.0,-3425583000.0,1718360000.0,4152689000.0,-10477000.0,2778466000.0,2778466000.0,2778466000.0,0.0,0.0,0.261,6045178000.0,3019177000.0,186999000.0,0.0,13.484,49.708,49.914,1244011000.0,0.0,284.51,12.976,12.991,1371697000.0,13976701000.0,10643617000.0,10643617000.0,1847146000.0,0.142,0.282,1.101,0.291,755059000.0,4032201000.0,1.0,485438762.0,486000000,491000000.0,21.9,7551187000.0,0.0,168875000.0,759616000.0,15.537,-2052870000.0
9,ADBE,MRT,2019-06-30,2019-05-31,2019-05-31,2021-09-29,-144364000.0,19665909000.0,18333936750.0,5342645000.0,14323264000.0,0.551,20.352,-337542000.0,2082910000.0,2082910000.0,1458754000.0,2651757000.0,0.695,0.98,4133606000.0,3145668000.0,987938000.0,4133606000.0,3134074000.0,566118000.0,0.0,0.0,0.0,2943437000.0,3509555000.0,0.347,3509555000.0,2943437000.0,2813699000.0,5.43,5.35,5.43,9931693000.0,9506804250.0,9931693000.0,134576651459.0,46.0,38.346,3848451000.0,7.886,1.0,8641939000.0,0.856,12615023000.0,129738000.0,1414485000.0,3374128500.0,0.0,1396069000.0,1396069000.0,0.0,9734216000.0,7687097000.0,2047119000.0,132185910459.0,-904914000.0,-6399386000.0,-2099682000.0,2248815000.0,0.0,-302362000.0,-4780917000.0,1956011000.0,4185993000.0,-7628000.0,2651757000.0,2651757000.0,2651757000.0,0.0,0.0,0.263,5758156000.0,2883783000.0,169101000.0,0.0,13.31,49.848,49.89,1205020000.0,0.0,270.9,13.087,13.088,1272668000.0,13183938000.0,10100693000.0,10100693000.0,1756103000.0,0.145,0.279,0.872,0.291,718098000.0,3855348000.0,1.0,487950943.0,488000000,492000000.0,20.698,7050886000.0,0.0,161942000.0,817397000.0,14.449,-2344452000.0
10,ADBE,MRT,2019-03-31,2019-03-01,2019-03-01,2021-09-29,-150432000.0,19505536000.0,17208310500.0,5133715000.0,14371821000.0,0.555,20.228,-236858000.0,1738846000.0,1738846000.0,1333098000.0,2681924000.0,0.966,0.976,4129587000.0,892754000.0,3236833000.0,4129587000.0,3218192000.0,455478000.0,0.0,0.0,0.0,2903599000.0,3359077000.0,0.352,3359077000.0,2903599000.0,2793498000.0,5.48,5.39,5.48,9871485000.0,9200276750.0,9871485000.0,131246543819.0,45.0,39.072,3815541000.0,7.819,1.0,8218955000.0,0.86,12724818000.0,110101000.0,3857723000.0,4064569500.0,0.0,1487411000.0,1487411000.0,0.0,9634051000.0,5313736000.0,4320315000.0,128764518819.0,-927909000.0,-6414000000.0,-2051384000.0,2248304000.0,0.0,-247727000.0,-4723238000.0,1927620000.0,4052399000.0,-9343000.0,2681924000.0,2681924000.0,2681924000.0,0.0,0.0,0.281,5386688000.0,2832267000.0,145292000.0,0.0,13.044,48.012,48.177,1104065000.0,0.0,264.01,13.48,13.488,1342343000.0,12579311000.0,9552053000.0,9552053000.0,1654231000.0,0.156,0.292,0.714,0.304,659474000.0,3611603000.0,1.0,487725915.0,488000000,494000000.0,19.574,6780718000.0,0.0,111574000.0,805118000.0,13.895,-180021000.0
11,ADBE,MRT,2018-12-31,2018-11-30,2018-11-30,2021-09-29,-148130000.0,18768682000.0,16075297750.0,4857039000.0,13911643000.0,0.562,19.067,-267000000.0,1642775000.0,1642775000.0,1195000000.0,2591000000.0,1.129,1.005,4124800000.0,0.0,4124800000.0,4124800000.0,3053604000.0,346000000.0,0.0,0.0,0.0,2883000000.0,3229000000.0,0.358,3229000000.0,2883000000.0,2794000000.0,5.28,5.2,5.28,9362114000.0,8890912500.0,9362114000.0,122595330589.0,43.0,37.967,3762000000.0,7.662,1.0,7835000000.0,0.868,12650049000.0,89000000.0,4299532000.0,4211936250.0,0.0,1586187000.0,1586187000.0,0.0,9406568000.0,4301126000.0,5105442000.0,122467820589.0,-663000000.0,-6314000000.0,-1859000000.0,2248000000.0,0.0,-5000000.0,-4685000000.0,1896000000.0,4029000000.0,-2000000.0,2591000000.0,2591000000.0,2591000000.0,0.0,0.0,0.287,4995000000.0,2840000000.0,186258000.0,0.0,13.081,47.267,47.517,1075072000.0,0.0,250.89,13.562,13.642,1315578000.0,11815597000.0,9030000000.0,9030000000.0,1538000000.0,0.161,0.291,0.684,0.319,610000000.0,3366000000.0,1.0,488133527.0,491000000,498000000.0,18.391,6118633000.0,0.0,203000000.0,726512000.0,12.462,555913000.0
12,ADBE,MRT,2018-09-30,2018-08-31,2018-08-31,2021-09-29,-128048000.0,15395620000.0,15017016250.0,6300913000.0,9094707000.0,0.571,18.085,-241700000.0,1747144000.0,1747144000.0,1106610000.0,2414083000.0,1.662,0.737,1874654000.0,0.0,1874654000.0,1874654000.0,2707374000.0,321006000.0,0.0,0.0,0.0,2818156000.0,3139162000.0,0.366,3139162000.0,2818156000.0,2737671000.0,4.91,4.84,4.91,8861925000.0,8665351250.0,8861925000.0,127917077483.0,45.0,40.749,3512831000.0,7.169,1.0,7465368000.0,0.871,7806329000.0,80485000.0,3924774000.0,4231110500.0,0.0,3197326000.0,3197326000.0,0.0,6533695000.0,3792027000.0,2741668000.0,129031006483.0,-27406000.0,-1633041000.0,-1859588000.0,1328000.0,0.0,-2249808000.0,-1526051000.0,348690000.0,3754531000.0,-6078000.0,2414083000.0,2414083000.0,2414083000.0,0.0,0.0,0.282,4696205000.0,2769163000.0,145566000.0,0.0,14.56,53.449,53.668,1019260000.0,0.0,263.51,15.053,15.064,1044507000.0,11137357000.0,8571978000.0,8571978000.0,1445880000.0,0.161,0.279,0.666,0.329,559685000.0,3173470000.0,1.0,489662656.0,490025000,496866000.0,17.493,7589291000.0,85297000.0,323588000.0,633633000.0,15.488,2508886000.0
13,ADBE,MRT,2018-06-30,2018-06-01,2018-06-01,2021-09-29,-129230000.0,15163404000.0,14644815000.0,7741444000.0,7421960000.0,0.555,17.697,-232380000.0,2987986000.0,2987986000.0,1074040000.0,2167361000.0,2.076,0.742,1874057000.0,0.0,1874057000.0,1874057000.0,2634267000.0,316435000.0,0.0,0.0,0.0,2655879000.0,2972314000.0,0.366,2972314000.0,2655879000.0,2577692000.0,4.4,4.34,4.4,8705583000.0,8492478500.0,8705583000.0,122970532889.0,46.0,41.372,3271283000.0,6.65,1.0,7047936000.0,0.868,6144270000.0,78187000.0,4176249000.0,4390921000.0,0.0,3346078000.0,3346078000.0,0.0,6457821000.0,3728956000.0,2728865000.0,123762719889.0,1671036000.0,-14614000.0,-1429797000.0,97000.0,0.0,-1796446000.0,-42531000.0,204463000.0,3503663000.0,6350000.0,2167361000.0,2167361000.0,2167361000.0,0.0,0.0,0.267,4451705000.0,2596231000.0,117194000.0,0.0,14.216,57.103,57.116,993486000.0,0.0,251.31,15.238,15.221,1074877000.0,10471066000.0,8121976000.0,8121976000.0,1362478000.0,0.148,0.255,0.605,0.327,521015000.0,3016818000.0,1.0,492470335.0,491914000,498252000.0,16.511,9019134000.0,117970000.0,410331000.0,649442000.0,18.335,4012488000.0
14,ADBE,MRT,2018-03-31,2018-03-02,2018-03-02,2021-09-29,-109939000.0,14973485000.0,14195189000.0,7480814000.0,7492671000.0,0.542,17.547,-242361000.0,2666981000.0,2666981000.0,1032056000.0,1878584000.0,2.115,0.734,1874794000.0,0.0,1874794000.0,1874794000.0,2572204000.0,321710000.0,0.0,0.0,0.0,2455682000.0,2777392000.0,0.361,2777392000.0,2455682000.0,2379511000.0,3.81,3.76,3.81,8634028000.0,8267082250.0,8634028000.0,102703608599.0,42.0,36.978,2929723000.0,5.954,1.0,6666750000.0,0.866,6197639000.0,76171000.0,4447190000.0,4508337500.0,0.0,3480989000.0,3480989000.0,0.0,6339457000.0,3536469000.0,2802988000.0,103128259599.0,1598085000.0,0.0,-1029052000.0,-36000.0,0.0,-1393513000.0,-197757000.0,44604000.0,3172084000.0,17271000.0,1878584000.0,1878584000.0,1878584000.0,0.0,0.0,0.244,4264921000.0,2401829000.0,131090000.0,0.0,11.944,54.897,55.063,991674000.0,0.0,209.79,13.395,13.409,1062690000.0,9830399000.0,7698806000.0,7698806000.0,1287751000.0,0.132,0.227,0.545,0.319,491688000.0,2902590000.0,1.0,491578529.0,492061000,499433000.0,15.646,8775846000.0,149710000.0,500927000.0,701059000.0,17.835,3944345000.0
15,ADBE,MRT,2017-12-31,2017-12-01,2017-12-01,2021-09-29,-111821000.0,14535556000.0,13713013500.0,7247813000.0,7287743000.0,0.532,17.138,-178122000.0,2306072000.0,2306072000.0,1010491000.0,1693954000.0,2.055,0.718,1881421000.0,0.0,1881421000.0,1881421000.0,2494542000.0,325997000.0,0.0,0.0,0.0,2212043000.0,2538040000.0,0.348,2538040000.0,2212043000.0,2137641000.0,3.43,3.38,3.43,8459869000.0,8005747750.0,8459869000.0,88607797873.0,40.0,34.912,2734731000.0,5.54,1.0,6291014000.0,0.862,6207219000.0,74402000.0,4376229000.0,4562318750.0,0.0,3513702000.0,3513702000.0,0.0,6075687000.0,3527457000.0,2548230000.0,88493129873.0,1294757000.0,-459626000.0,-941649000.0,0.0,0.0,-1183735000.0,-442877000.0,194871000.0,2912853000.0,8516000.0,1693954000.0,1693954000.0,1693954000.0,0.0,0.0,0.232,4122919000.0,2168095000.0,113538000.0,0.0,10.46,52.241,52.338,936976000.0,0.0,179.52,12.12,12.137,1217968000.0,9573870000.0,7301505000.0,7301505000.0,1224059000.0,0.124,0.212,0.485,0.303,454472000.0,2822298000.0,1.0,492943014.0,493632000,501123000.0,14.791,8328337000.0,0.0,443687000.0,467225000.0,16.872,3720356000.0
16,ADBE,MRT,2017-09-30,2017-09-01,2017-09-01,2021-09-29,-98630000.0,13906815000.0,13253436000.0,6581057000.0,7325758000.0,0.521,16.559,-189071000.0,1774550000.0,1774550000.0,956175000.0,1592018000.0,2.046,0.702,1889218000.0,0.0,1889218000.0,1889218000.0,2204864000.0,326623000.0,0.0,0.0,0.0,2024133000.0,2350756000.0,0.341,2350756000.0,2024133000.0,1951329000.0,3.23,3.19,3.23,8170434000.0,7746989250.0,8170434000.0,77078931966.0,38.0,32.789,2586163000.0,5.241,1.0,5947154000.0,0.861,6241323000.0,72804000.0,4564016000.0,4704665750.0,0.0,3593936000.0,3593936000.0,0.0,5736381000.0,3216144000.0,2520237000.0,76507483966.0,1006878000.0,-459626000.0,-936444000.0,-1350000.0,0.0,-1164695000.0,-606341000.0,42356000.0,2775234000.0,2680000.0,1592018000.0,1592018000.0,1592018000.0,0.0,0.0,0.231,3956119000.0,1991035000.0,90327000.0,0.0,9.364,48.057,48.006,939809000.0,0.0,155.06,11.083,11.083,1006187000.0,9072321000.0,6903329000.0,6903329000.0,1157882000.0,0.12,0.206,0.43,0.293,415807000.0,2721861000.0,1.0,493405675.0,493426000,500398000.0,13.991,7665492000.0,0.0,359311000.0,506048000.0,15.535,3364913000.0
17,ADBE,MRT,2017-06-30,2017-06-02,2017-06-02,2021-09-29,-146752000.0,13364900000.0,12868592500.0,6052197000.0,7312703000.0,0.507,15.786,-190046000.0,1316950000.0,1316950000.0,895954000.0,1443237000.0,1.986,0.713,1888398000.0,0.0,1888398000.0,1888398000.0,2074992000.0,328318000.0,0.0,0.0,0.0,1837527000.0,2165845000.0,0.332,2165845000.0,1837527000.0,1766251000.0,2.92,2.89,2.92,7803998000.0,7523867250.0,7803998000.0,71794446466.0,39.0,33.148,2398637000.0,4.852,1.0,5630268000.0,0.863,6242537000.0,71276000.0,4645915000.0,4844482750.0,0.0,3614563000.0,3614563000.0,0.0,5560902000.0,3047896000.0,2513006000.0,70979268466.0,430571000.0,-459626000.0,-1053758000.0,-999000.0,0.0,-1271353000.0,-876115000.0,-226443000.0,2588683000.0,-10644000.0,1443237000.0,1443237000.0,1443237000.0,0.0,0.0,0.221,3815582000.0,1814686000.0,77905000.0,0.0,9.095,49.181,49.137,924108000.0,0.0,143.48,10.876,10.869,901452000.0,8652752000.0,6526222000.0,6526222000.0,1090777000.0,0.112,0.192,0.379,0.282,375961000.0,2645205000.0,1.0,494697996.0,494371000,500351000.0,13.201,7122363000.0,0.0,323014000.0,541926000.0,14.407,3004301000.0
18,ADBE,MRT,2017-03-31,2017-03-03,2017-03-03,2021-09-29,-185409000.0,13044783000.0,12581563250.0,5755562000.0,7289221000.0,0.489,15.343,-188508000.0,1068896000.0,1068896000.0,858673000.0,1312921000.0,1.948,0.719,1884074000.0,0.0,1884074000.0,1884074000.0,2060246000.0,331144000.0,0.0,0.0,0.0,1673566000.0,2004710000.0,0.326,2004710000.0,1673566000.0,1603463000.0,2.65,2.62,2.65,7588690000.0,7385020500.0,7588690000.0,60199933139.0,36.0,30.029,2244063000.0,4.537,1.0,5294068000.0,0.86,6242777000.0,70103000.0,4663115000.0,4914117500.0,0.0,3659160000.0,3578721000.0,80439000.0,5456093000.0,2954069000.0,2502024000.0,59309180139.0,238200000.0,-508053000.0,-973060000.0,-376000.0,0.0,-1137809000.0,-1040073000.0,-343512000.0,2432571000.0,-16489000.0,1312921000.0,1312921000.0,1312921000.0,0.0,0.0,0.213,3639225000.0,1654843000.0,191484000.0,0.0,7.815,45.173,45.298,821730000.0,0.0,120.04,9.639,9.65,850840000.0,8299362000.0,6152741000.0,6152741000.0,1023860000.0,0.104,0.178,0.341,0.272,295051000.0,2536097000.0,1.0,494078475.0,494612000,500861000.0,12.44,6802006000.0,0.0,290542000.0,446768000.0,13.752,2801493000.0
19,ADBE,MRT,2016-12-31,2016-12-02,2016-12-02,2021-09-29,-173602000.0,12697246000.0,12294538000.0,5839774000.0,6857472000.0,0.476,14.899,-203805000.0,1011315000.0,1011315000.0,819908000.0,1168782000.0,2.077,0.71,1892200000.0,0.0,1892200000.0,1892200000.0,2014750000.0,331535000.0,0.0,0.0,0.0,1505580000.0,1837115000.0,0.314,1837115000.0,1505580000.0,1435138000.0,2.35,2.32,2.35,7424835000.0,7258148500.0,7424835000.0,50737369705.0,34.0,27.618,1995923000.0,4.005,1.0,5034522000.0,0.86,5820879000.0,70442000.0,4945617000.0,4959170000.0,0.0,3830424000.0,3749985000.0,80439000.0,5272411000.0,2811635000.0,2460776000.0,49588450705.0,134755000.0,-48427000.0,-929303000.0,-108000.0,0.0,-1090706000.0,-960033000.0,-707801000.0,2199728000.0,-14234000.0,1168782000.0,1168782000.0,1168782000.0,0.0,0.0,0.2,3540920000.0,1493602000.0,88024000.0,0.0,6.679,42.427,42.438,816264000.0,0.0,99.73,8.47,8.489,833033000.0,8114517000.0,5854430000.0,5854430000.0,975987000.0,0.095,0.161,0.304,0.257,274192000.0,2486399000.0,1.0,497227020.0,498345000,504299000.0,11.748,6876367000.0,0.0,266356000.0,440403000.0,13.798,3028139000.0
20,ADBE,MRT,2016-09-30,2016-09-02,2016-09-02,2021-09-29,-134111000.0,12367441000.0,12051844500.0,5418710000.0,6948731000.0,0.461,14.597,-162069000.0,767672000.0,767672000.0,804713000.0,991874000.0,2.163,0.699,1916591000.0,0.0,1916591000.0,1916591000.0,1797985000.0,336034000.0,0.0,0.0,0.0,1344817000.0,1680851000.0,0.303,1680851000.0,1344817000.0,1275378000.0,1.98,1.96,1.98,7277946000.0,7152334750.0,7277946000.0,52639997684.0,39.0,31.317,1796573000.0,3.603,1.0,4747702000.0,0.855,5887410000.0,69439000.0,5123284000.0,4889440500.0,0.0,3759165000.0,3678726000.0,80439000.0,5089495000.0,2505666000.0,2583829000.0,51607987684.0,-61620000.0,-48427000.0,-573762000.0,-86000.0,0.0,-905387000.0,-1102922000.0,-892426000.0,1958642000.0,-11953000.0,991874000.0,991874000.0,991874000.0,0.0,0.0,0.179,3435946000.0,1311756000.0,83444000.0,0.0,7.091,52.031,52.308,811524000.0,0.0,103.57,9.295,9.3,731166000.0,7714904000.0,5552415000.0,5552415000.0,938652000.0,0.082,0.139,0.275,0.242,206002000.0,2420248000.0,1.0,498290892.0,498584000,503669000.0,11.136,6480031000.0,0.0,283504000.0,525252000.0,12.997,2913044000.0
21,ADBE,MRT,2016-06-30,2016-06-03,2016-06-03,2021-09-29,-133047000.0,12216783000.0,11837083000.0,5238564000.0,6978219000.0,0.448,14.498,-155840000.0,886379000.0,886379000.0,792997000.0,895551000.0,2.196,0.685,1918389000.0,0.0,1918389000.0,1918389000.0,1681632000.0,339570000.0,0.0,0.0,0.0,1220373000.0,1559943000.0,0.294,1559943000.0,1220373000.0,1151696000.0,1.79,1.76,1.79,7248611000.0,7043181250.0,7248611000.0,50456817289.0,41.0,32.345,1645405000.0,3.291,1.0,4513219000.0,0.851,5938749000.0,68677000.0,4924454000.0,4749973000.0,0.0,3512468000.0,3432029000.0,80439000.0,4968172000.0,2385590000.0,2582582000.0,49370682289.0,-69768000.0,-68452000.0,-292659000.0,-978000.0,0.0,-599140000.0,-1261425000.0,-1037133000.0,1801245000.0,-10448000.0,895551000.0,895551000.0,895551000.0,0.0,0.0,0.169,3324769000.0,1188450000.0,75582000.0,0.0,6.811,55.129,55.14,796077000.0,0.0,98.7,9.304,9.3,666736000.0,7444115000.0,5306216000.0,5306216000.0,908862000.0,0.076,0.127,0.257,0.23,211454000.0,2344018000.0,1.0,500209547.0,499974000,504725000.0,10.613,6278034000.0,0.0,256145000.0,534606000.0,12.557,2852974000.0
22,ADBE,MRT,2016-03-31,2016-03-04,2016-03-04,2021-09-29,-151679000.0,11896682000.0,11574233000.0,4935390000.0,6961292000.0,0.438,14.187,-137811000.0,830696000.0,830696000.0,776091000.0,798970000.0,2.211,0.68,1916831000.0,0.0,1916831000.0,1916831000.0,1608660000.0,341038000.0,0.0,0.0,0.0,1070948000.0,1411986000.0,0.279,1411986000.0,1070948000.0,1002840000.0,1.6,1.57,1.6,7081202000.0,6883554250.0,7081202000.0,43976785475.0,41.0,31.145,1646203000.0,3.298,1.0,4293574000.0,0.847,5907686000.0,68108000.0,4843325000.0,4569962000.0,0.0,3347631000.0,3267192000.0,80439000.0,4815480000.0,2231806000.0,2583674000.0,42946114475.0,117812000.0,-25662000.0,-271489000.0,-1110000.0,0.0,-604354000.0,-1048829000.0,-885356000.0,1784014000.0,-13019000.0,798970000.0,798970000.0,798970000.0,0.0,0.0,0.158,3255746000.0,1037828000.0,71706000.0,0.0,6.065,53.752,53.862,794876000.0,0.0,86.18,8.471,8.485,599207000.0,7221083000.0,5069665000.0,5069665000.0,884425000.0,0.069,0.116,0.234,0.211,260964000.0,2300305000.0,1.0,498330407.0,499125000,505676000.0,10.157,5988996000.0,0.0,203870000.0,531511000.0,11.999,2703584000.0
23,ADBE,MRT,2015-12-31,2015-11-27,2015-11-27,2021-09-29,-169080000.0,11726472000.0,11352168000.0,4821892000.0,6904580000.0,0.422,14.038,-127157000.0,876560000.0,876560000.0,744317000.0,629551000.0,2.178,0.675,1907231000.0,0.0,1907231000.0,1907231000.0,1485294000.0,339473000.0,0.0,0.0,0.0,937965000.0,1277438000.0,0.266,1277438000.0,937965000.0,873781000.0,1.26,1.24,1.26,7001580000.0,6760508750.0,7001580000.0,47051137997.0,50.0,36.832,1342345000.0,2.691,1.0,4051194000.0,0.845,5876888000.0,64184000.0,4666699000.0,4455007000.0,0.0,3191963000.0,3111524000.0,80439000.0,4724892000.0,2213556000.0,2511336000.0,45974335997.0,-240840000.0,-826004000.0,-460730000.0,378263000.0,0.0,-200687000.0,-1488358000.0,-535197000.0,1469502000.0,-21297000.0,629551000.0,629551000.0,629551000.0,0.0,0.0,0.131,3148099000.0,903095000.0,93307000.0,0.0,6.566,73.027,73.151,787421000.0,0.0,92.17,9.587,9.586,672006000.0,7253431000.0,4795511000.0,4795511000.0,862730000.0,0.055,0.093,0.211,0.196,267706000.0,2216720000.0,1.0,498799349.0,498764000,507164000.0,9.615,5849584000.0,0.0,244230000.0,470503000.0,11.728,2608336000.0
24,ADBE,MRT,2015-09-30,2015-08-28,2015-08-28,2021-09-29,-140831000.0,11508395000.0,11117007250.0,4525888000.0,6982507000.0,0.41,13.72,-157035000.0,829292000.0,829292000.0,703899000.0,494982000.0,2.196,0.682,1906094000.0,0.0,1906094000.0,1906094000.0,1306029000.0,331261000.0,0.0,0.0,0.0,749463000.0,1080724000.0,0.237,1080724000.0,749463000.0,689116000.0,1.0,0.98,1.0,6841332000.0,6704090000.0,6841332000.0,40461271696.0,54.0,37.439,1257705000.0,2.522,1.0,3858536000.0,0.846,5958969000.0,60347000.0,4565414000.0,4162503500.0,0.0,2919880000.0,2839441000.0,80439000.0,4667063000.0,2060814000.0,2606249000.0,39513042696.0,-74037000.0,-855806000.0,-643527000.0,375010000.0,0.0,-188890000.0,-1280330000.0,-267489000.0,1414740000.0,-19557000.0,494982000.0,494982000.0,494982000.0,0.0,0.0,0.108,3121370000.0,737166000.0,69823000.0,0.0,5.776,79.827,79.4,797464000.0,0.0,79.4,8.661,8.678,593554000.0,7049629000.0,4562435000.0,4562435000.0,855903000.0,0.045,0.074,0.18,0.164,339767000.0,2182033000.0,1.0,497645374.0,498630000,505809000.0,9.15,5549426000.0,82438000.0,194134000.0,638198000.0,11.129,2465074000.0
25,ADBE,MRT,2015-06-30,2015-05-29,2015-05-29,2021-09-29,-129473000.0,11165383000.0,10863328500.0,4178397000.0,6986986000.0,0.4,13.239,-163017000.0,956147000.0,956147000.0,670638000.0,365203000.0,2.157,0.689,1904376000.0,0.0,1904376000.0,1904376000.0,1228155000.0,323865000.0,0.0,0.0,0.0,576624000.0,900489000.0,0.207,900489000.0,576624000.0,519435000.0,0.74,0.73,0.74,6610103000.0,6676572000.0,6610103000.0,40755017119.0,71.0,45.259,1159755000.0,2.323,1.0,3679438000.0,0.846,5972169000.0,57189000.0,4204410000.0,3925084750.0,0.0,2537540000.0,2457101000.0,80439000.0,4555280000.0,1937033000.0,2618247000.0,39566283119.0,139127000.0,-835781000.0,-645668000.0,372595000.0,0.0,-179974000.0,-985633000.0,13165000.0,1322772000.0,-18038000.0,365203000.0,365203000.0,365203000.0,0.0,0.0,0.084,3114115000.0,565323000.0,56539000.0,0.0,5.986,108.341,106.878,785199000.0,0.0,79.09,9.096,9.078,502617000.0,6879444000.0,4350076000.0,4350076000.0,849292000.0,0.034,0.055,0.147,0.133,336778000.0,2185575000.0,1.0,500269100.0,499290000,505582000.0,8.713,5193214000.0,71218000.0,154232000.0,627194000.0,10.401,2241364000.0
26,ADBE,MRT,2015-03-31,2015-02-27,2015-02-27,2021-09-29,-103810000.0,11008422000.0,10665032500.0,3972159000.0,7036263000.0,0.399,13.211,-154485000.0,712884000.0,712884000.0,640369000.0,306237000.0,2.221,0.671,1901618000.0,64000.0,1901554000.0,1901618000.0,1183269000.0,315589000.0,0.0,0.0,0.0,517419000.0,833008000.0,0.196,833008000.0,517419000.0,459732000.0,0.62,0.61,0.62,6589020000.0,6683268250.0,6589020000.0,39813557225.0,77.0,47.795,1064339000.0,2.134,1.0,3615757000.0,0.85,6025491000.0,57687000.0,4383505000.0,3758328500.0,0.0,2544375000.0,2463936000.0,80439000.0,4419402000.0,1788160000.0,2631242000.0,39416642225.0,-21032000.0,-830144000.0,-585755000.0,369122000.0,0.0,-129799000.0,-1094656000.0,-110027000.0,1218824000.0,-15401000.0,306237000.0,306237000.0,306237000.0,0.0,0.0,0.072,3108793000.0,506964000.0,71670000.0,0.0,5.982,128.713,127.581,784314000.0,0.0,79.1,9.261,9.269,532427000.0,6756803000.0,4256126000.0,4256126000.0,850337000.0,0.029,0.046,0.138,0.122,335134000.0,2184337000.0,1.0,498314061.0,498754000,507526000.0,8.534,4982931000.0,60470000.0,153495000.0,613641000.0,9.991,2183999000.0
27,ADBE,MRT,2014-12-31,2014-11-28,2014-11-28,2021-09-29,-8094000.0,10785829000.0,10474397500.0,4602328000.0,6183501000.0,0.396,13.61,-148332000.0,1117400000.0,1117400000.0,622080000.0,268395000.0,1.845,0.592,1514315000.0,603229000.0,911086000.0,1514315000.0,1155324000.0,313590000.0,0.0,0.0,0.0,421108000.0,734698000.0,0.177,734698000.0,421108000.0,361376000.0,0.54,0.53,0.54,6775905000.0,6688734000.0,6775905000.0,37352007236.0,89.0,50.84,1139150000.0,2.288,1.0,3524985000.0,0.85,5191624000.0,59732000.0,3496685000.0,3551634250.0,0.0,2702530000.0,2622091000.0,80439000.0,4009924000.0,2494435000.0,1515489000.0,36747080236.0,282844000.0,-29802000.0,-545834000.0,-14684000.0,0.0,-507283000.0,-490707000.0,-312573000.0,1287482000.0,-6648000.0,268395000.0,268395000.0,268395000.0,0.0,0.0,0.065,3112300000.0,412685000.0,68377000.0,0.0,5.423,136.914,136.444,785123000.0,0.0,73.68,8.861,8.845,591800000.0,6924294000.0,4147065000.0,4147065000.0,844353000.0,0.026,0.04,0.119,0.102,333691000.0,2195640000.0,1.0,498738874.0,497867000,508480000.0,8.33,5594205000.0,95279000.0,92981000.0,491981000.0,11.236,2107893000.0
28,ADBE,MRT,2014-09-30,2014-08-29,2014-08-29,2021-09-29,20067000.0,10493680000.0,10373014750.0,4279468000.0,6214212000.0,0.397,13.504,-122418000.0,903329000.0,903329000.0,608653000.0,245579000.0,1.906,0.559,1508256000.0,606426000.0,901830000.0,1508256000.0,996538000.0,316793000.0,0.0,0.0,0.0,401147000.0,717940000.0,0.174,717940000.0,401147000.0,337371000.0,0.49,0.47,0.49,6731260000.0,6675916250.0,6731260000.0,36450552684.0,91.0,50.771,1080293000.0,2.167,1.0,3506783000.0,0.852,5237620000.0,63776000.0,3615739000.0,3716671000.0,0.0,2697307000.0,2616868000.0,80439000.0,3762420000.0,2245248000.0,1517172000.0,35761279684.0,84244000.0,-214000.0,-759560000.0,-17472000.0,0.0,-704460000.0,-412763000.0,-290131000.0,1202711000.0,-1244000.0,245579000.0,245579000.0,245579000.0,0.0,0.0,0.06,3115767000.0,391016000.0,53791000.0,0.0,5.313,145.62,146.735,785856000.0,0.0,71.9,8.69,8.709,528331000.0,6850790000.0,4115436000.0,4115436000.0,835862000.0,0.024,0.037,0.108,0.097,335495000.0,2223142000.0,1.0,497375239.0,498468000,507811000.0,8.256,5256060000.0,79713000.0,91792000.0,490626000.0,10.544,2034220000.0
29,ADBE,MRT,2014-06-30,2014-05-30,2014-05-30,2021-09-29,46642000.0,10372199000.0,10308133750.0,4114343000.0,6257856000.0,0.398,13.329,-114250000.0,817020000.0,817020000.0,598005000.0,283895000.0,1.855,0.563,1506293000.0,609742000.0,896551000.0,1506293000.0,928604000.0,318814000.0,0.0,0.0,0.0,434855000.0,753669000.0,0.184,753669000.0,434855000.0,367693000.0,0.56,0.54,0.56,6636888000.0,6701791000.0,6636888000.0,32899334017.0,76.0,43.652,1035466000.0,2.08,1.0,3507141000.0,0.854,5306115000.0,67162000.0,3537385000.0,3866614500.0,0.0,2720430000.0,2513191000.0,207239000.0,3735311000.0,2217972000.0,1517339000.0,32123522017.0,-429390000.0,-608233000.0,-963397000.0,-24134000.0,0.0,-942037000.0,-639604000.0,82879000.0,1149716000.0,2535000.0,283895000.0,283895000.0,283895000.0,0.0,0.0,0.069,3079947000.0,427194000.0,54858000.0,0.0,4.84,113.153,115.25,642450000.0,0.0,64.54,7.825,7.828,531557000.0,6806104000.0,4105146000.0,4105146000.0,832513000.0,0.028,0.042,0.112,0.106,316347000.0,2191707000.0,1.0,497730431.0,497931000,506687000.0,8.244,5066084000.0,72489000.0,83798000.0,505178000.0,10.174,1896371000.0
30,ADBE,MRT,2014-03-31,2014-02-28,2014-02-28,2021-09-29,56592000.0,10245882000.0,10285176250.0,3942391000.0,6303491000.0,0.394,13.303,-133301000.0,733916000.0,733916000.0,578382000.0,271914000.0,1.866,0.55,1509728000.0,613310000.0,896418000.0,1509728000.0,881087000.0,322111000.0,0.0,0.0,0.0,404813000.0,726924000.0,0.18,726924000.0,404813000.0,337549000.0,0.53,0.52,0.53,6610883000.0,6774394500.0,6610883000.0,34761381296.0,86.0,47.82,948027000.0,1.908,1.0,3469105000.0,0.857,5352619000.0,67264000.0,3556728000.0,4111846500.0,0.0,2605415000.0,2398176000.0,207239000.0,3634999000.0,2112347000.0,1522652000.0,34081964296.0,-572466000.0,-608233000.0,-841566000.0,-27805000.0,0.0,-828752000.0,-826111000.0,-84577000.0,1081328000.0,1069000.0,271914000.0,271914000.0,271914000.0,0.0,0.0,0.067,3065860000.0,403245000.0,64508000.0,0.0,5.155,125.341,129.491,651083000.0,0.0,68.63,8.421,8.426,510507000.0,6734701000.0,4047487000.0,4047487000.0,826518000.0,0.026,0.04,0.098,0.1,312212000.0,2158817000.0,1.0,496604463.0,496948000,508340000.0,8.145,4893263000.0,91149000.0,65635000.0,511047000.0,9.847,1830044000.0
31,ADBE,MRT,2013-12-31,2013-11-29,2013-11-29,2021-09-29,46103000.0,10380298000.0,10265133500.0,4045929000.0,6334369000.0,0.395,13.412,-164098000.0,834556000.0,834556000.0,586557000.0,289985000.0,2.652,0.544,1513973000.0,14676000.0,1499297000.0,1513973000.0,828812000.0,321227000.0,0.0,0.0,0.0,423649000.0,744876000.0,0.184,744876000.0,423649000.0,356141000.0,0.58,0.56,0.58,6724634000.0,6823008250.0,6724634000.0,29084348314.0,69.0,39.046,987588000.0,1.97,1.0,3468683000.0,0.855,5377235000.0,67508000.0,4156832000.0,4303754500.0,0.0,2546435000.0,2339196000.0,207239000.0,3655664000.0,1525648000.0,2130016000.0,28383602314.0,-590496000.0,-704589000.0,-599224000.0,-533000.0,0.0,-559138000.0,-1177803000.0,-309116000.0,1151686000.0,-5241000.0,289985000.0,289985000.0,289985000.0,0.0,0.0,0.072,3045960000.0,422723000.0,62096000.0,0.0,4.221,97.88,97.897,659774000.0,0.0,56.78,6.999,7.02,599820000.0,6928964000.0,4055240000.0,4055240000.0,826631000.0,0.028,0.043,0.098,0.104,313658000.0,2140578000.0,1.0,499887325.0,501372000,513476000.0,8.088,5003063000.0,102247000.0,66156000.0,518401000.0,9.979,2520281000.0
32,ADBE,MRT,2013-09-30,2013-08-30,2013-08-30,2021-09-29,12966000.0,10234156000.0,10180116250.0,3886124000.0,6348032000.0,0.409,13.558,-235026000.0,819085000.0,819085000.0,564019000.0,446998000.0,2.924,0.497,1519831000.0,17462000.0,1502369000.0,1519831000.0,734075000.0,318498000.0,0.0,0.0,0.0,626055000.0,944553000.0,0.227,944553000.0,626055000.0,558502000.0,0.89,0.88,0.89,6834759000.0,6808145250.0,6834759000.0,23257688848.0,37.0,24.623,1075337000.0,2.133,1.0,3602950000.0,0.865,5390272000.0,67553000.0,4215513000.0,4307867750.0,0.0,2552091000.0,2344852000.0,207239000.0,3399397000.0,1329117000.0,2070280000.0,22978455848.0,-343295000.0,-704375000.0,-345027000.0,2523000.0,0.0,-339027000.0,-1307263000.0,-367862000.0,1310363000.0,-7368000.0,446998000.0,446998000.0,446998000.0,0.0,0.0,0.107,2975298000.0,627652000.0,71070000.0,0.0,3.362,51.406,51.404,659747000.0,0.0,45.75,5.514,5.535,522409000.0,6878216000.0,4166969000.0,4166969000.0,816482000.0,0.044,0.066,0.145,0.15,282439000.0,2084310000.0,1.0,502261330.0,504116000,514058000.0,8.266,4843884000.0,47710000.0,111504000.0,453439000.0,9.609,2557007000.0
33,ADBE,MRT,2013-06-30,2013-05-31,2013-05-31,2021-09-29,27461000.0,10280369000.0,10029080500.0,4557657000.0,5722712000.0,0.424,13.761,-265660000.0,1246410000.0,1246410000.0,536564000.0,565353000.0,3.603,0.484,1525643000.0,20083000.0,1505560000.0,1525643000.0,691261000.0,310433000.0,0.0,0.0,0.0,796513000.0,1106946000.0,0.26,1106946000.0,796513000.0,728454000.0,1.14,1.12,1.14,6927302000.0,6709128750.0,6927302000.0,21763108141.0,27.0,19.66,1092518000.0,2.17,1.0,3715866000.0,0.874,4776434000.0,68059000.0,4518313000.0,4280339750.0,0.0,2826537000.0,2619298000.0,207239000.0,3353067000.0,1264855000.0,2088212000.0,21538081141.0,295172000.0,-96306000.0,-46742000.0,13393000.0,0.0,-28700000.0,-1029248000.0,-667282000.0,1358178000.0,-5058000.0,565353000.0,565353000.0,565353000.0,0.0,0.0,0.133,2920264000.0,795602000.0,53685000.0,0.0,3.109,38.097,37.64,645865000.0,0.0,42.91,5.065,5.079,470052000.0,6855463000.0,4252430000.0,4252430000.0,796927000.0,0.056,0.084,0.186,0.187,297098000.0,2046399000.0,1.0,501936172.0,503384000,512446000.0,8.448,5503935000.0,54525000.0,163101000.0,455170000.0,10.934,3292802000.0
34,ADBE,MRT,2013-03-31,2013-03-01,2013-03-01,2021-09-29,40110000.0,10165711000.0,9800446250.0,4373083000.0,5792628000.0,0.446,13.649,-280178000.0,1306382000.0,1306382000.0,532201000.0,712683000.0,3.459,0.494,1531409000.0,22406000.0,1509003000.0,1531409000.0,700031000.0,306657000.0,0.0,0.0,0.0,999384000.0,1306041000.0,0.299,1306041000.0,999384000.0,931901000.0,1.44,1.42,1.44,6805338000.0,6502214750.0,6805338000.0,19949946260.0,20.0,15.275,1227070000.0,2.461,1.0,3834129000.0,0.878,4802055000.0,67483000.0,4324360000.0,4139736250.0,0.0,2561546000.0,2354307000.0,207239000.0,3360373000.0,1264323000.0,2096050000.0,19866843260.0,505119000.0,-96367000.0,-180526000.0,18400000.0,0.0,-154793000.0,-843069000.0,-466524000.0,1507248000.0,-4267000.0,712683000.0,712683000.0,712683000.0,0.0,0.0,0.163,2844693000.0,989436000.0,72725000.0,0.0,2.919,27.876,27.66,686014000.0,0.0,39.83,4.55,4.548,485801000.0,6808489000.0,4366330000.0,4366330000.0,774733000.0,0.073,0.11,0.241,0.229,286942000.0,2020383000.0,1.0,498790943.0,498607000,507840000.0,8.757,5363656000.0,64930000.0,219218000.0,463755000.0,10.757,3108760000.0
35,ADBE,MRT,2012-12-31,2012-11-30,2012-11-30,2021-09-29,30712000.0,10040229000.0,9542195500.0,4397066000.0,5643163000.0,0.461,13.472,-271076000.0,1425052000.0,1425052000.0,483782000.0,832775000.0,3.457,0.506,1508155000.0,11217000.0,1496938000.0,1508155000.0,619565000.0,299766000.0,0.0,0.0,0.0,1186281000.0,1486047000.0,0.337,1486047000.0,1186281000.0,1118794000.0,1.68,1.66,1.68,6665182000.0,6297455750.0,6665182000.0,17482434433.0,15.0,11.764,1228504000.0,2.483,1.0,3919895000.0,0.89,4678295000.0,67487000.0,4173285000.0,4046829250.0,0.0,2320540000.0,2113301000.0,207239000.0,3375047000.0,1271752000.0,2103295000.0,17133840433.0,435552000.0,-353195000.0,-235726000.0,-9000000.0,0.0,-234723000.0,-834662000.0,-210391000.0,1499580000.0,5357000.0,832775000.0,832775000.0,832775000.0,0.0,0.0,0.189,2739704000.0,1180191000.0,49759000.0,0.0,2.571,20.574,20.601,664302000.0,0.0,34.61,3.891,3.888,617233000.0,7003003000.0,4403677000.0,4403677000.0,742823000.0,0.087,0.132,0.293,0.269,271658000.0,1951141000.0,1.0,495054621.0,494731000,502721000.0,8.901,5361934000.0,125243000.0,286019000.0,535794000.0,10.838,3125314000.0
36,ADBE,MRT,2012-09-30,2012-08-31,2012-08-31,2021-09-29,22511000.0,9630013000.0,9279934000.0,4010173000.0,5619840000.0,0.474,13.032,-264184000.0,1162380000.0,1162380000.0,475183000.0,784161000.0,3.428,0.496,1510974000.0,11093000.0,1499881000.0,1510974000.0,560333000.0,294435000.0,0.0,0.0,0.0,1128837000.0,1423272000.0,0.323,1423272000.0,1128837000.0,1061343000.0,1.58,1.57,1.58,6438693000.0,6076938500.0,6438693000.0,15936271908.0,14.0,11.197,1258490000.0,2.547,1.0,3927227000.0,0.892,4703496000.0,67494000.0,4105401000.0,3971125250.0,0.0,2292222000.0,2084983000.0,207239000.0,3191320000.0,1169710000.0,2021610000.0,15377415908.0,393168000.0,-505120000.0,-153624000.0,-8258000.0,0.0,-154503000.0,-964867000.0,-195563000.0,1522674000.0,-10136000.0,784161000.0,784161000.0,784161000.0,0.0,0.0,0.178,2808670000.0,1118557000.0,58446000.0,0.0,2.388,19.61,19.791,619392000.0,0.0,31.27,3.493,3.509,566671000.0,6815375000.0,4402410000.0,4402410000.0,743179000.0,0.085,0.129,0.284,0.256,290404000.0,1925427000.0,1.0,491762581.0,494051000,499757000.0,8.911,4926517000.0,57024000.0,277182000.0,437482000.0,9.972,2840463000.0
37,ADBE,MRT,2012-06-30,2012-06-01,2012-06-01,2021-09-29,20615000.0,9365832000.0,8995620250.0,3770807000.0,5595025000.0,0.482,12.299,-252227000.0,951238000.0,951238000.0,460216000.0,777905000.0,3.027,0.535,1510094000.0,9426000.0,1500668000.0,1510094000.0,592778000.0,284334000.0,0.0,0.0,0.0,1121522000.0,1405856000.0,0.324,1405856000.0,1121522000.0,1054850000.0,1.56,1.56,1.56,6099646000.0,5858254750.0,6099646000.0,15505432686.0,14.0,11.029,1332235000.0,2.686,1.0,3874826000.0,0.894,4723145000.0,66672000.0,3955899000.0,3956687250.0,0.0,2254118000.0,2046879000.0,207239000.0,3266186000.0,1245644000.0,2020542000.0,14794484686.0,123763000.0,-575719000.0,-308392000.0,-13273000.0,0.0,-315140000.0,-1145769000.0,-317947000.0,1584462000.0,210000.0,777905000.0,777905000.0,777905000.0,0.0,0.0,0.179,2760463000.0,1114363000.0,69416000.0,0.0,2.425,19.018,19.115,573566000.0,0.0,29.82,3.413,3.412,529391000.0,6671230000.0,4335042000.0,4335042000.0,735073000.0,0.086,0.133,0.283,0.259,276707000.0,1885839000.0,1.0,496126247.0,495950000,501377000.0,8.741,4642687000.0,79360000.0,276945000.0,460753000.0,9.361,2525163000.0
38,ADBE,MRT,2012-03-31,2012-03-02,2012-03-02,2021-09-29,46748000.0,9132708000.0,8739091250.0,3505655000.0,5627053000.0,0.484,12.118,-228961000.0,801263000.0,801263000.0,438499000.0,783465000.0,3.144,0.526,1512211000.0,9318000.0,1502893000.0,1512211000.0,548964000.0,273780000.0,0.0,0.0,0.0,1086290000.0,1360070000.0,0.321,1360070000.0,1086290000.0,1019520000.0,1.57,1.56,1.57,5986302000.0,5680697000.0,5986302000.0,17180772734.0,16.0,12.632,1296614000.0,2.625,1.0,3795273000.0,0.896,4775902000.0,66770000.0,3952732000.0,3933359750.0,0.0,2172094000.0,1964855000.0,207239000.0,3146406000.0,1115022000.0,2031384000.0,16655964734.0,-98893000.0,-575658000.0,-532546000.0,-12438000.0,0.0,-532365000.0,-1099984000.0,-295489000.0,1525575000.0,7881000.0,783465000.0,783465000.0,783465000.0,0.0,0.0,0.185,2709329000.0,1085944000.0,70100000.0,0.0,2.782,21.259,21.484,549780000.0,0.0,33.73,3.934,3.936,512211000.0,6497070000.0,4233772000.0,4233772000.0,737381000.0,0.09,0.138,0.276,0.257,274074000.0,1833014000.0,1.0,493802690.0,494016000,500378000.0,8.57,4356806000.0,77514000.0,236055000.0,434879000.0,8.819,2390633000.0
39,ADBE,MRT,2011-12-31,2011-12-02,2011-12-02,2021-09-29,29950000.0,8991183000.0,8533420250.0,3771451000.0,5219732000.0,0.494,11.625,-210294000.0,989500000.0,989500000.0,437873000.0,832847000.0,3.015,0.555,1514308000.0,9212000.0,1505096000.0,1514308000.0,531705000.0,270205000.0,0.0,0.0,0.0,1102182000.0,1372387000.0,0.325,1372387000.0,1102182000.0,1035230000.0,1.67,1.65,1.67,5783113000.0,5540473250.0,5783113000.0,14055359710.0,13.0,10.242,1333020000.0,2.68,1.0,3778385000.0,0.896,4394743000.0,66952000.0,3870469000.0,3897951750.0,0.0,2129431000.0,1922192000.0,207239000.0,3208070000.0,1250779000.0,1957291000.0,13308186710.0,239609000.0,-259046000.0,-550261000.0,-10046000.0,0.0,-550358000.0,-757402000.0,-288062000.0,1543314000.0,4055000.0,832847000.0,832847000.0,832847000.0,0.0,0.0,0.198,2679086000.0,1099299000.0,86660000.0,0.0,2.301,15.979,16.234,527828000.0,0.0,27.11,3.156,3.199,634373000.0,6528735000.0,4216258000.0,4216258000.0,738053000.0,0.098,0.15,0.283,0.261,276154000.0,1800427000.0,1.0,490895858.0,497469000,503921000.0,8.475,4596440000.0,91963000.0,202383000.0,381194000.0,9.24,2520672000.0
40,ADBE,MRT,2011-09-30,2011-09-02,2011-09-02,2021-09-29,59194000.0,8492758000.0,8320911500.0,3469196000.0,5023562000.0,0.489,11.251,-190824000.0,769212000.0,769212000.0,428711000.0,927978000.0,3.361,0.526,1516385000.0,9107000.0,1507278000.0,1516385000.0,484059000.0,273012000.0,0.0,0.0,0.0,1155025000.0,1428037000.0,0.351,1428037000.0,1155025000.0,1088061000.0,1.84,1.82,1.84,5563958000.0,5392791750.0,5563958000.0,12617834221.0,11.0,8.836,1166358000.0,2.358,1.0,3643332000.0,0.895,4160023000.0,66964000.0,4047649000.0,3849085000.0,0.0,2157303000.0,1950064000.0,207239000.0,2928800000.0,1032259000.0,1896541000.0,11926878221.0,-44937000.0,-300402000.0,-741822000.0,-9953000.0,0.0,-736421000.0,-700726000.0,-207302000.0,1357182000.0,35028000.0,927978000.0,927978000.0,927978000.0,0.0,0.0,0.228,2503221000.0,1140111000.0,65236000.0,0.0,2.144,12.853,13.125,499059000.0,0.0,24.15,2.929,2.933,559320000.0,6381530000.0,4072043000.0,4072043000.0,713028000.0,0.112,0.172,0.3,0.284,214469000.0,1735542000.0,1.0,493866593.0,494537000,498741000.0,8.234,4332735000.0,71087000.0,160083000.0,355313000.0,8.761,2436937000.0
41,ADBE,MRT,2011-06-30,2011-06-03,2011-06-03,2021-09-29,54342000.0,8339716000.0,8184479250.0,3389318000.0,4950398000.0,0.495,10.786,-132238000.0,827475000.0,827475000.0,423141000.0,962942000.0,3.227,0.547,1518431000.0,9003000.0,1509428000.0,1518431000.0,482027000.0,282157000.0,0.0,0.0,0.0,1195022000.0,1477179000.0,0.365,1477179000.0,1195022000.0,1128094000.0,1.89,1.87,1.89,5389415000.0,5273016750.0,5389415000.0,17403635420.0,15.0,11.782,1191239000.0,2.384,1.0,3626009000.0,0.895,4117704000.0,66928000.0,3862589000.0,3783947500.0,0.0,2005284000.0,1798045000.0,207239000.0,2950301000.0,1050379000.0,1899922000.0,16783338420.0,-310131000.0,-229853000.0,-1002422000.0,-7285000.0,0.0,-992984000.0,-667272000.0,-302880000.0,1323477000.0,26648000.0,962942000.0,962942000.0,962942000.0,0.0,0.0,0.238,2457995000.0,1168014000.0,60533000.0,0.0,3.114,17.429,17.603,463415000.0,0.0,33.27,4.145,4.106,568570000.0,6228574000.0,4049150000.0,4049150000.0,700285000.0,0.118,0.183,0.316,0.295,196894000.0,1701721000.0,1.0,504458624.0,499686000,506280000.0,8.103,4222012000.0,68017000.0,165152000.0,335989000.0,8.449,2338939000.0
42,ADBE,MRT,2011-03-31,2011-03-04,2011-03-04,2021-09-29,28695000.0,8310024000.0,8101283000.0,3350798000.0,4959226000.0,0.49,10.762,-144365000.0,900156000.0,900156000.0,421773000.0,882117000.0,3.4,0.532,1520453000.0,8900000.0,1511553000.0,1520453000.0,443398000.0,290443000.0,0.0,0.0,0.0,1129300000.0,1419743000.0,0.358,1419743000.0,1129300000.0,1063023000.0,1.71,1.7,1.71,5425407000.0,5220351750.0,5425407000.0,18574331674.0,16.0,13.083,1040871000.0,2.065,1.0,3547233000.0,0.894,4133689000.0,66277000.0,3811100000.0,3682661250.0,0.0,1943918000.0,1736679000.0,207239000.0,2884617000.0,985532000.0,1899085000.0,17801761674.0,-689286000.0,-229853000.0,-844903000.0,-6350000.0,0.0,-841881000.0,-1045700000.0,-669017000.0,1185236000.0,13059000.0,882117000.0,882117000.0,882117000.0,0.0,0.0,0.222,2428658000.0,1118575000.0,54742000.0,0.0,3.281,20.181,20.626,453497000.0,0.0,35.27,4.485,4.48,533353000.0,6045631000.0,3969006000.0,3969006000.0,684392000.0,0.109,0.169,0.307,0.285,192617000.0,1668413000.0,1.0,504728145.0,504134000,511345000.0,7.873,4176335000.0,66928000.0,180906000.0,348573000.0,8.284,2365266000.0
43,ADBE,MRT,2010-12-31,2010-12-03,2010-12-03,2021-09-29,17428000.0,8141148000.0,8010044250.0,3216050000.0,4925098000.0,0.474,10.004,-137491000.0,749891000.0,749891000.0,403502000.0,774680000.0,3.011,0.568,1522461000.0,8799000.0,1513662000.0,1522461000.0,429677000.0,292738000.0,0.0,0.0,0.0,1000103000.0,1292841000.0,0.34,1292841000.0,1000103000.0,943151000.0,1.49,1.47,1.49,5192387000.0,5156855000.0,5192387000.0,15534304647.0,16.0,12.016,975504000.0,1.879,1.0,3396498000.0,0.894,4170628000.0,56952000.0,3675002000.0,3471566500.0,0.0,1925363000.0,1718124000.0,207239000.0,2948761000.0,1068088000.0,1880673000.0,14824003647.0,-249596000.0,-193281000.0,-710750000.0,479058000.0,0.0,-215262000.0,-1159294000.0,-828522000.0,1112995000.0,11965000.0,774680000.0,774680000.0,774680000.0,0.0,0.0,0.204,2403424000.0,993074000.0,52432000.0,0.0,2.855,19.136,19.557,448881000.0,0.0,29.14,3.901,3.98,554328000.0,5980914000.0,3800000000.0,3800000000.0,680332000.0,0.097,0.15,0.288,0.263,214656000.0,1627696000.0,1.0,508716666.0,519045000,525824000.0,7.321,3970520000.0,83247000.0,168471000.0,321526000.0,7.65,2147962000.0
44,ADBE,MRT,2010-09-30,2010-09-03,2010-09-03,2021-09-29,21571000.0,7947029000.0,7795316500.0,3236415000.0,4710614000.0,0.455,9.803,-116997000.0,814149000.0,814149000.0,378609000.0,473787000.0,3.346,0.563,1524450000.0,8698000.0,1515752000.0,1524450000.0,420915000.0,301678000.0,0.0,0.0,0.0,859053000.0,1160731000.0,0.327,1160731000.0,859053000.0,817352000.0,0.91,0.9,0.91,5084858000.0,5081400250.0,5084858000.0,15844913087.0,18.0,13.651,939218000.0,1.811,1.0,3170728000.0,0.893,3903029000.0,41701000.0,3787099000.0,3156871000.0,0.0,1971364000.0,1764125000.0,207239000.0,2862171000.0,967202000.0,1894969000.0,15488868087.0,-317995000.0,-1582669000.0,-463033000.0,1117311000.0,0.0,676346000.0,-2048178000.0,-350210000.0,1056215000.0,-2378000.0,473787000.0,473787000.0,473787000.0,0.0,0.0,0.133,2310955000.0,859773000.0,56465000.0,0.0,3.046,32.692,32.407,422920000.0,0.0,29.49,4.364,4.31,484550000.0,5738864000.0,3549337000.0,3549337000.0,647806000.0,0.061,0.093,0.272,0.242,273184000.0,1536835000.0,1.0,525224418.0,518710000,523179000.0,6.843,4044000000.0,76765000.0,343565000.0,343257000.0,7.796,2269213000.0
45,ADBE,MRT,2010-06-30,2010-06-04,2010-06-04,2021-09-29,39995000.0,8006931000.0,7299049250.0,3276071000.0,4730860000.0,0.446,9.843,-168539000.0,1137606000.0,1137606000.0,344572000.0,379767000.0,3.378,0.546,1493651000.0,0.0,1493651000.0,1493651000.0,404343000.0,292445000.0,0.0,0.0,0.0,720782000.0,1013227000.0,0.311,1013227000.0,720782000.0,695016000.0,0.73,0.72,0.73,5178755000.0,4983825250.0,5178755000.0,16535121079.0,23.0,16.319,832934000.0,1.583,1.0,2911953000.0,0.894,3935624000.0,25766000.0,3457444000.0,2790622000.0,0.0,1714355000.0,1507116000.0,207239000.0,2828176000.0,969908000.0,1858268000.0,16631017079.0,-89174000.0,-1582669000.0,-385213000.0,1118822000.0,0.0,753990000.0,-1837404000.0,-88144000.0,1001473000.0,-7233000.0,379767000.0,379767000.0,379767000.0,0.0,0.0,0.117,2186591000.0,725362000.0,50273000.0,0.0,3.211,43.793,43.277,407621000.0,0.0,31.593,5.107,5.104,439151000.0,5570097000.0,3256525000.0,3256525000.0,618412000.0,0.052,0.076,0.258,0.221,265613000.0,1442352000.0,1.0,526422951.0,526148000,533259000.0,6.189,4071307000.0,70955000.0,315249000.0,356273000.0,7.738,2306163000.0
46,ADBE,MRT,2010-03-31,2010-03-05,2010-03-05,2021-09-29,29109000.0,7945069000.0,6813252750.0,3177219000.0,4767850000.0,0.443,9.866,-129223000.0,1589442000.0,1589442000.0,308747000.0,357227000.0,3.527,0.536,1493546000.0,0.0,1493546000.0,1493546000.0,359743000.0,282264000.0,0.0,0.0,0.0,674883000.0,957147000.0,0.317,957147000.0,674883000.0,664573000.0,0.69,0.68,0.69,5171420000.0,4889396750.0,5171420000.0,18428559367.0,27.0,19.254,882689000.0,1.684,1.0,2709416000.0,0.898,3981678000.0,10310000.0,2966721000.0,2498718250.0,0.0,1290181000.0,1082942000.0,207239000.0,2773649000.0,900774000.0,1872875000.0,18428046367.0,440517000.0,-1582669000.0,-149234000.0,1119342000.0,0.0,989062000.0,-1574253000.0,132527000.0,1011912000.0,13796000.0,357227000.0,357227000.0,357227000.0,0.0,0.0,0.118,2049986000.0,659430000.0,44188000.0,0.0,3.563,51.586,50.957,386205000.0,0.0,35.16,6.106,6.106,350577000.0,5427068000.0,3018163000.0,3018163000.0,589564000.0,0.052,0.073,0.27,0.224,244768000.0,1345450000.0,1.0,524119635.0,524173000,532645000.0,5.758,3963391000.0,67265000.0,307346000.0,455784000.0,7.561,2276445000.0
47,ADBE,MRT,2009-12-31,2009-11-27,2009-11-27,2021-09-29,24446000.0,7282237000.0,6298884500.0,2473624000.0,4808613000.0,0.468,9.325,-119592000.0,999487000.0,999487000.0,296732000.0,386508000.0,2.929,0.489,1000000000.0,0.0,1000000000.0,1000000000.0,318293000.0,282423000.0,0.0,0.0,0.0,704927000.0,987350000.0,0.335,987350000.0,704927000.0,701520000.0,0.74,0.73,0.74,4890568000.0,4749331750.0,4890568000.0,17748488975.0,25.0,17.976,998202000.0,1.903,1.0,2649121000.0,0.899,4021977000.0,3407000.0,2416220000.0,2291528750.0,0.0,1112225000.0,904986000.0,207239000.0,2391669000.0,844553000.0,1547116000.0,18530632975.0,113037000.0,-1582669000.0,-170447000.0,636103000.0,0.0,477636000.0,-1497096000.0,202394000.0,1117794000.0,14703000.0,386508000.0,386508000.0,386508000.0,0.0,0.0,0.131,1958608000.0,690513000.0,58904000.0,0.0,3.789,47.944,47.811,388132000.0,0.0,35.38,6.29,6.299,410879000.0,5299914000.0,2945853000.0,2945853000.0,565141000.0,0.061,0.081,0.308,0.239,199982000.0,1280652000.0,1.0,523760118.0,524470000,530610000.0,5.617,3260260000.0,77417000.0,315012000.0,522648000.0,6.216,1629071000.0
48,ADBE,MRT,2009-09-30,2009-08-28,2009-08-28,2021-09-29,21728000.0,5961960000.0,5933724750.0,2990934000.0,2971026000.0,0.523,8.927,-107970000.0,1132144000.0,1132144000.0,300846000.0,664468000.0,4.868,0.27,350000000.0,0.0,350000000.0,350000000.0,218194000.0,264814000.0,0.0,0.0,0.0,821516000.0,1086330000.0,0.35,1086330000.0,821516000.0,817652000.0,1.27,1.26,1.27,4694558000.0,4629278250.0,4694558000.0,15781406952.0,19.0,14.527,1094232000.0,2.081,1.0,2803025000.0,0.903,2243330000.0,3864000.0,2322103000.0,2230688500.0,0.0,1631556000.0,1424317000.0,207239000.0,1267402000.0,614383000.0,653019000.0,16658186952.0,-2119000.0,-4069000.0,-510063000.0,0.0,0.0,-501631000.0,-704799000.0,-596031000.0,1202202000.0,2109000.0,664468000.0,664468000.0,664468000.0,0.0,0.0,0.214,1992961000.0,810064000.0,48416000.0,0.0,3.548,25.07,24.984,335752000.0,0.0,31.73,5.367,5.376,281807000.0,5331957000.0,3103871000.0,3103871000.0,580437000.0,0.112,0.144,0.368,0.265,161991000.0,1304552000.0,1.0,524998013.0,525911000,531809000.0,5.902,3718630000.0,72163000.0,153184000.0,263225000.0,7.071,2376551000.0
49,ADBE,MRT,2009-06-30,2009-05-29,2009-05-29,2021-09-29,27310000.0,6063745000.0,5852922250.0,3087769000.0,2975976000.0,0.563,9.16,-89349000.0,1226780000.0,1226780000.0,346650000.0,720031000.0,5.032,0.263,350000000.0,0.0,350000000.0,350000000.0,213315000.0,265876000.0,0.0,0.0,0.0,877544000.0,1143420000.0,0.347,1143420000.0,877544000.0,871750000.0,1.37,1.35,1.37,4801041000.0,4548499250.0,4801041000.0,13959988507.0,16.0,12.209,1087514000.0,2.075,1.0,2946971000.0,0.895,2283504000.0,5794000.0,2289829000.0,2103260500.0,0.0,1644644000.0,1437405000.0,207239000.0,1262704000.0,613632000.0,649072000.0,14758913507.0,64327000.0,-3584000.0,-217028000.0,0.0,0.0,-194290000.0,-913664000.0,-823731000.0,1176863000.0,-4582000.0,720031000.0,720031000.0,720031000.0,0.0,0.0,0.219,2085040000.0,861931000.0,42258000.0,0.0,3.074,20.498,20.569,291720000.0,0.0,28.18,4.481,4.485,262598000.0,5195912000.0,3293621000.0,3293621000.0,611659000.0,0.123,0.158,0.417,0.266,228634000.0,1362234000.0,1.0,523737172.0,524159000,528013000.0,6.284,3780241000.0,76907000.0,151719000.0,252754000.0,7.212,2474137000.0
50,ADBE,MRT,2009-03-31,2009-02-27,2009-02-27,2021-09-29,25095000.0,5887596000.0,5702090250.0,2868991000.0,3018605000.0,0.61,8.795,-101440000.0,1148925000.0,1148925000.0,357508000.0,808870000.0,4.505,0.277,350000000.0,0.0,350000000.0,350000000.0,225286000.0,269807000.0,0.0,0.0,0.0,995028000.0,1264835000.0,0.364,1264835000.0,995028000.0,986026000.0,1.53,1.51,1.53,4611160000.0,4358403250.0,4611160000.0,8214944954.0,8.0,6.495,1145685000.0,2.185,1.0,3118326000.0,0.897,2313843000.0,9002000.0,2137963000.0,1912500000.0,0.0,1442008000.0,1234769000.0,207239000.0,1276436000.0,636865000.0,639571000.0,8751394954.0,116192000.0,-3584000.0,-278447000.0,-100000000.0,0.0,-346380000.0,-765014000.0,-659990000.0,1247125000.0,-19539000.0,808870000.0,808870000.0,808870000.0,0.0,0.0,0.233,2157570000.0,960756000.0,41416000.0,0.0,1.898,10.819,10.915,300376000.0,0.0,16.7,2.518,2.519,300048000.0,5069840000.0,3475834000.0,3475834000.0,643489000.0,0.142,0.186,0.52,0.286,236062000.0,1404650000.0,1.0,524035626.0,524268000,527830000.0,6.63,3573753000.0,81125000.0,177156000.0,267999000.0,6.817,2232126000.0
51,ADBE,MRT,2008-12-31,2008-11-28,2008-11-28,2021-09-29,57222000.0,5821598000.0,5565416500.0,2735103000.0,3086495000.0,0.643,8.177,-111792000.0,886450000.0,886450000.0,362630000.0,871814000.0,3.587,0.32,350000000.0,0.0,350000000.0,350000000.0,275320000.0,270269000.0,0.0,0.0,0.0,1088527000.0,1358796000.0,0.38,1358796000.0,1088527000.0,1078508000.0,1.62,1.59,1.62,4410354000.0,4159150750.0,4410354000.0,11512679929.0,11.0,8.473,1168890000.0,2.167,1.0,3217259000.0,0.899,2349690000.0,10019000.0,2172859000.0,1774767500.0,0.0,1339991000.0,1132752000.0,207239000.0,1411244000.0,762599000.0,648645000.0,12296942929.0,-59972000.0,-3584000.0,-1403550000.0,350000000.0,0.0,-1021567000.0,-304681000.0,-189305000.0,1280682000.0,-14406000.0,871814000.0,871814000.0,871814000.0,0.0,0.0,0.244,2188988000.0,1028271000.0,55840000.0,0.0,2.788,14.105,14.296,313037000.0,0.0,23.16,3.435,3.489,467234000.0,4913406000.0,3579889000.0,3579889000.0,662057000.0,0.157,0.21,0.613,0.304,230851000.0,1426632000.0,1.0,530956085.0,539373000,548553000.0,6.637,3471908000.0,110713000.0,206694000.0,267646000.0,6.437,1972504000.0
52,ADBE,MRT,2008-09-30,2008-08-29,2008-08-29,2021-09-29,23439000.0,5638750000.0,5538436750.0,2517120000.0,3121630000.0,0.646,8.232,-116612000.0,1134263000.0,1134263000.0,374788000.0,848105000.0,3.804,0.29,350000000.0,0.0,350000000.0,350000000.0,232431000.0,281031000.0,0.0,0.0,0.0,1100946000.0,1381977000.0,0.386,1381977000.0,1100946000.0,1092841000.0,1.54,1.51,1.54,4371442000.0,4219057750.0,4371442000.0,21906899786.0,20.0,15.852,1225681000.0,2.308,1.0,3201011000.0,0.895,2380433000.0,8105000.0,1812391000.0,1581328000.0,0.0,1073880000.0,866641000.0,207239000.0,1267308000.0,661663000.0,605645000.0,22719352786.0,574980000.0,-8313000.0,-1459742000.0,350000000.0,0.0,-1055453000.0,289801000.0,414726000.0,1342293000.0,-1661000.0,848105000.0,848105000.0,848105000.0,0.0,0.0,0.237,2170101000.0,1030910000.0,56254000.0,0.0,5.197,26.788,27.812,317071000.0,0.0,42.83,6.354,6.361,361657000.0,4667489000.0,3575799000.0,3575799000.0,671756000.0,0.153,0.201,0.696,0.308,186051000.0,1426605000.0,1.0,530454186.0,531060000,541311000.0,6.733,3258317000.0,94500000.0,244736000.0,234009000.0,6.135,1855457000.0
53,ADBE,MRT,2008-06-30,2008-05-30,2008-05-30,2021-09-29,21301000.0,5460417000.0,5545364500.0,2381469000.0,3078948000.0,0.638,7.575,-108962000.0,1162453000.0,1162453000.0,356558000.0,861740000.0,3.54,0.351,350000000.0,0.0,350000000.0,350000000.0,216413000.0,297775000.0,0.0,0.0,0.0,1147106000.0,1444881000.0,0.408,1444881000.0,1147106000.0,1141322000.0,1.53,1.5,1.53,4040657000.0,4309447250.0,4040657000.0,22849390231.0,20.0,15.814,1446663000.0,2.712,1.0,3183670000.0,0.899,2448412000.0,5784000.0,1526787000.0,1555250500.0,0.0,909522000.0,702283000.0,207239000.0,1419760000.0,672765000.0,746995000.0,23432123231.0,260836000.0,-8159000.0,-2203508000.0,350000000.0,0.0,-1796551000.0,499657000.0,616778000.0,1555625000.0,2105000.0,861740000.0,861740000.0,861740000.0,0.0,0.0,0.243,2117204000.0,1066466000.0,60961000.0,0.0,5.799,27.192,28.797,300371000.0,0.0,44.06,6.619,6.638,368130000.0,4475880000.0,3540228000.0,3540228000.0,664849000.0,0.155,0.2,0.738,0.324,125244000.0,1380385000.0,1.0,531823042.0,533391000,542376000.0,6.637,3012005000.0,100206000.0,279582000.0,375028000.0,5.647,1708704000.0
54,ADBE,MRT,2008-03-31,2008-02-29,2008-02-29,2021-09-29,26215000.0,5340901000.0,5714247500.0,2226272000.0,3114629000.0,0.595,6.797,-110043000.0,1032733000.0,1032733000.0,364906000.0,799335000.0,3.325,0.4,450000000.0,0.0,450000000.0,450000000.0,214618000.0,316168000.0,0.0,0.0,0.0,1070443000.0,1386611000.0,0.408,1386611000.0,1070443000.0,1068432000.0,1.39,1.35,1.39,3814150000.0,4598211000.0,3814150000.0,18198943160.0,17.0,13.125,1459190000.0,2.601,1.0,3034013000.0,0.893,2501589000.0,2011000.0,1587033000.0,1631363500.0,0.0,889750000.0,682511000.0,207239000.0,1526751000.0,669546000.0,857205000.0,19145365160.0,506703000.0,-72434000.0,-2324517000.0,450000000.0,0.0,-1791023000.0,720766000.0,903243000.0,1569233000.0,7727000.0,799335000.0,799335000.0,799335000.0,0.0,0.0,0.235,2047334000.0,986679000.0,62019000.0,0.0,5.02,23.952,24.209,297522000.0,0.0,33.65,5.633,5.555,332105000.0,4260970000.0,3398919000.0,3398919000.0,644598000.0,0.14,0.174,0.656,0.315,116814000.0,1328941000.0,1.0,568955874.0,561113000,571259000.0,6.057,2839312000.0,132892000.0,269097000.0,385016000.0,5.06,1556726000.0
55,ADBE,MRT,2007-12-31,2007-11-30,2007-11-30,2021-09-29,27948000.0,5713679000.0,5855068250.0,2572851000.0,3140828000.0,0.539,7.96,-132075000.0,946422000.0,946422000.0,354694000.0,723807000.0,3.018,0.229,0.0,0.0,0.0,0.0,209268000.0,315464000.0,0.0,0.0,0.0,947443000.0,1262907000.0,0.4,1262907000.0,947443000.0,947190000.0,1.24,1.21,1.24,4649982000.0,4921692250.0,4649982000.0,23620140454.0,25.0,18.703,1308978000.0,2.241,1.0,2803187000.0,0.888,2515746000.0,253000.0,1399101000.0,1765663750.0,0.0,1254671000.0,1047432000.0,207239000.0,1063697000.0,852410000.0,211287000.0,24179423454.0,173922000.0,-75528000.0,-1435440000.0,0.0,0.0,-1350390000.0,81544000.0,289147000.0,1441053000.0,1715000.0,723807000.0,723807000.0,723807000.0,0.0,0.0,0.229,1945602000.0,857585000.0,41724000.0,0.0,5.2,33.406,33.984,289758000.0,0.0,42.14,7.657,7.796,318145000.0,4041592000.0,3157881000.0,3157881000.0,613242000.0,0.124,0.147,0.537,0.3,120011000.0,1259370000.0,1.0,573787932.0,584203000,598775000.0,5.405,3197933000.0,171472000.0,223383000.0,364001000.0,5.474,1720441000.0
56,ADBE,MRT,2007-09-30,2007-08-31,2007-08-31,2021-09-29,13700000.0,5666461000.0,5917285500.0,2505230000.0,3161231000.0,0.495,8.109,-137025000.0,559283000.0,559283000.0,335723000.0,684843000.0,3.102,0.197,0.0,0.0,0.0,0.0,192102000.0,312550000.0,0.0,0.0,0.0,904747000.0,1217297000.0,0.416,1217297000.0,904747000.0,904474000.0,1.16,1.13,1.16,4733000000.0,5047165750.0,4733000000.0,24254086638.0,27.0,19.925,1195204000.0,2.048,1.0,2593122000.0,0.885,2591353000.0,273000.0,1708081000.0,1880089000.0,0.0,1603670000.0,1396431000.0,207239000.0,933461000.0,807744000.0,125717000.0,25155703638.0,-85471000.0,-93825000.0,-1148936000.0,0.0,0.0,-1062838000.0,-356820000.0,-125970000.0,1332229000.0,1958000.0,684843000.0,684843000.0,684843000.0,0.0,0.0,0.234,1847997000.0,745125000.0,64374000.0,0.0,5.315,36.732,36.853,278722000.0,0.0,42.75,8.589,8.519,321674000.0,3819384000.0,2928845000.0,2928845000.0,588811000.0,0.116,0.136,0.481,0.309,201018000.0,1186327000.0,1.0,588437512.0,583670000,597334000.0,5.018,3075108000.0,168783000.0,219631000.0,284593000.0,5.269,1697486000.0
57,ADBE,MRT,2007-06-30,2007-06-01,2007-06-01,2021-09-29,16755000.0,6135949000.0,5905866500.0,2952521000.0,3183428000.0,0.454,8.837,-123717000.0,901617000.0,901617000.0,312581000.0,573996000.0,3.79,0.181,0.0,0.0,0.0,0.0,208796000.0,305376000.0,0.0,0.0,0.0,750695000.0,1056071000.0,0.394,1056071000.0,750695000.0,750491000.0,0.97,0.95,0.97,5195712000.0,5092370500.0,5195712000.0,25657886398.0,34.0,24.296,975254000.0,1.659,1.0,2366769000.0,0.883,2624012000.0,204000.0,1831239000.0,1885377500.0,0.0,1629447000.0,1422208000.0,207239000.0,940237000.0,779081000.0,161156000.0,26183916398.0,476224000.0,-94464000.0,-456896000.0,0.0,0.0,-359457000.0,-267016000.0,-48835000.0,1098971000.0,3726000.0,573996000.0,573996000.0,573996000.0,0.0,0.0,0.214,1766636000.0,600133000.0,55038000.0,0.0,5.04,45.617,45.907,266395000.0,0.0,44.53,9.772,9.771,371457000.0,3614142000.0,2679350000.0,2679350000.0,556034000.0,0.097,0.113,0.398,0.28,205306000.0,1138466000.0,1.0,588006207.0,587929000,603417000.0,4.557,3511937000.0,196098000.0,176495000.0,266860000.0,5.973,2173440000.0
58,ADBE,MRT,2007-03-31,2007-03-02,2007-03-02,2021-09-29,7103000.0,5904184000.0,5747250750.0,2857000000.0,3047184000.0,0.447,8.688,-119916000.0,526030000.0,526030000.0,286974000.0,544588000.0,4.358,0.156,0.0,0.0,0.0,0.0,170539000.0,297970000.0,0.0,0.0,0.0,710021000.0,1007991000.0,0.392,1007991000.0,710021000.0,709872000.0,0.92,0.9,0.92,5108075000.0,4985594250.0,5108075000.0,21977227710.0,31.0,21.803,873780000.0,1.486,1.0,2282255000.0,0.888,2598396000.0,149000.0,2124234000.0,1868722000.0,0.0,1883170000.0,1756370000.0,126800000.0,796109000.0,655524000.0,140585000.0,22749727710.0,-109156000.0,-56666000.0,-792543000.0,0.0,0.0,-702286000.0,-402276000.0,-225694000.0,993696000.0,1710000.0,544588000.0,544588000.0,544588000.0,0.0,0.0,0.212,1714605000.0,567650000.0,46867000.0,0.0,4.454,41.774,42.022,258899000.0,0.0,38.66,8.855,8.847,368259000.0,3461636000.0,2569229000.0,2569229000.0,539270000.0,0.095,0.109,0.38,0.276,201280000.0,1103582000.0,1.0,588456485.0,587969000,604249000.0,4.37,3305788000.0,164264000.0,165284000.0,268752000.0,5.622,2201476000.0
59,ADBE,MRT,2006-12-31,2006-12-01,2006-12-01,2021-09-29,6344000.0,5962548000.0,5721638000.0,2884469000.0,3078079000.0,0.45,8.677,-83250000.0,772500000.0,772500000.0,292457000.0,505809000.0,4.258,0.157,0.0,0.0,0.0,0.0,162954000.0,307822000.0,0.0,0.0,0.0,679825000.0,987647000.0,0.384,987647000.0,679825000.0,679727000.0,0.85,0.83,0.85,5151876000.0,4977728500.0,5151876000.0,22309826104.0,33.0,22.589,816695000.0,1.375,1.0,2282843000.0,0.886,2655899000.0,98000.0,1856802000.0,1794459250.0,0.0,1635179000.0,1508379000.0,126800000.0,810672000.0,677347000.0,133325000.0,22954580104.0,351682000.0,444407000.0,-854906000.0,0.0,0.0,-747382000.0,195186000.0,-165971000.0,899945000.0,3933000.0,505809000.0,505809000.0,505809000.0,0.0,0.0,0.196,1731550000.0,551293000.0,55031000.0,0.0,4.456,45.382,46.294,227197000.0,0.0,39.35,8.913,9.072,408666000.0,3317785000.0,2575300000.0,2575300000.0,539684000.0,0.088,0.102,0.379,0.264,206128000.0,1101742000.0,1.0,583343840.0,593750000,612222000.0,4.337,3306649000.0,155613000.0,173918000.0,249083000.0,5.569,2207122000.0
60,ADBE,MRT,2006-09-30,2006-09-01,2006-09-01,2021-09-29,1762000.0,5620785000.0,4841079750.0,2496554000.0,3124231000.0,0.496,8.379,-60938000.0,644754000.0,644754000.0,243527000.0,478816000.0,4.477,0.144,0.0,0.0,0.0,0.0,124791000.0,267441000.0,0.0,0.0,0.0,638985000.0,906426000.0,0.377,906426000.0,638985000.0,638985000.0,0.87,0.84,0.87,4913819000.0,4155841000.0,4913819000.0,18299466947.0,29.0,20.189,798260000.0,1.361,1.0,2159969000.0,0.899,2689099000.0,0.0,1729235000.0,1681244250.0,0.0,1468498000.0,1341698000.0,126800000.0,706966000.0,557697000.0,149269000.0,18724859947.0,190586000.0,471502000.0,-1196074000.0,0.0,0.0,-1120252000.0,448505000.0,37941000.0,859198000.0,3135000.0,478816000.0,478816000.0,478816000.0,0.0,0.0,0.199,1580118000.0,579851000.0,38624000.0,0.0,3.811,39.107,37.161,212875000.0,0.0,32.33,7.791,7.888,330691000.0,3161131000.0,2403496000.0,2403496000.0,495915000.0,0.099,0.115,0.38,0.266,155937000.0,1011841000.0,1.0,579179089.0,586433000,600882000.0,4.099,2931686000.0,138504000.0,160169000.0,245122000.0,4.999,1938857000.0
61,ADBE,MRT,2006-06-30,2006-06-02,2006-06-02,2021-09-29,-2891000.0,5501486000.0,4087282250.0,2328456000.0,3173030000.0,0.56,8.011,-59556000.0,425393000.0,425393000.0,201528000.0,529336000.0,4.055,0.154,0.0,0.0,0.0,0.0,101620000.0,210686000.0,0.0,0.0,0.0,709937000.0,920623000.0,0.402,920623000.0,709937000.0,709937000.0,1.0,0.97,1.0,4768607000.0,3447424000.0,4768607000.0,16727668683.0,24.0,18.17,781247000.0,1.312,1.0,2086816000.0,0.912,2737195000.0,0.0,1764617000.0,1633149250.0,0.0,1527493000.0,1400693000.0,126800000.0,732879000.0,574281000.0,158598000.0,17362854683.0,172091000.0,471502000.0,-1108485000.0,0.0,0.0,-1060978000.0,387178000.0,-24768000.0,840803000.0,5088000.0,529336000.0,529336000.0,529336000.0,0.0,0.0,0.231,1433410000.0,653406000.0,49481000.0,0.0,3.641,32.801,29.0,210181000.0,0.0,29.0,7.588,7.544,332187000.0,3066734000.0,2288344000.0,2288344000.0,460061000.0,0.13,0.154,0.435,0.31,122530000.0,918712000.0,1.0,598719127.0,595284000,613804000.0,3.844,2764291000.0,128814000.0,180601000.0,249933000.0,4.644,1754175000.0
62,ADBE,MRT,2006-03-31,2006-03-03,2006-03-03,2021-09-29,-5034000.0,5801733000.0,3317214750.0,2595532000.0,3206201000.0,0.648,8.483,-48997000.0,635186000.0,635186000.0,163355000.0,556017000.0,4.543,0.143,0.0,0.0,0.0,0.0,94763000.0,146171000.0,0.0,0.0,0.006,733248000.0,879419000.0,0.409,879419000.0,733248000.0,733248000.0,1.1,1.06,1.1,5076612000.0,2722748000.0,5076612000.0,23001789796.0,31.0,26.156,722664000.0,1.208,1.0,1985562000.0,0.924,2768067000.0,0.0,1827183000.0,1570445000.0,0.0,1596219000.0,1469419000.0,126800000.0,725121000.0,571297000.0,153824000.0,23422607796.0,417826000.0,497979000.0,-539249000.0,0.0,-12000.0,-520438000.0,166112000.0,-282870000.0,771661000.0,491000.0,556017000.0,556017000.0,556017000.0,0.0,0.0,0.259,1297860000.0,687702000.0,51218000.0,0.005,4.614,42.126,35.5,208159000.0,0.0,39.05,10.9,10.875,331853000.0,2943638000.0,2148917000.0,2148917000.0,416185000.0,0.168,0.204,0.467,0.341,107049000.0,845579000.0,1.0,599810699.0,598451000,621839000.0,3.591,3033666000.0,124898000.0,177231000.0,238410000.0,5.069,2024235000.0
63,ADBE,MRT,2005-12-31,2005-12-02,2005-12-02,2021-09-29,-914000.0,2440315000.0,2397484000.0,2008578000.0,431737000.0,0.82,3.805,-48875000.0,420818000.0,420818000.0,112578000.0,602839000.0,4.181,0.309,0.0,0.0,0.0,0.0,67570000.0,82775000.0,0.0,0.0,0.013,765776000.0,848551000.0,0.432,848551000.0,765776000.0,765776000.0,1.23,1.19,1.23,1864326000.0,1859736250.0,1864326000.0,16825473263.0,22.0,19.828,709514000.0,1.448,1.0,1853743000.0,0.943,135160000.0,0.0,1403942000.0,1434740750.0,0.0,1406816000.0,1280016000.0,126800000.0,575989000.0,480395000.0,95594000.0,17279641263.0,161757000.0,-9541000.0,-243552000.0,0.0,-3044000.0,-246596000.0,-348399000.0,-289983000.0,758389000.0,-1637000.0,602839000.0,602839000.0,602839000.0,0.0,0.0,0.307,1125309000.0,728434000.0,41042000.0,0.011,9.269,28.664,28.431,103549000.0,0.0,34.97,8.788,8.713,204749000.0,2838560000.0,1966321000.0,1966321000.0,365328000.0,0.251,0.324,0.534,0.389,83243000.0,759981000.0,1.0,494127574.0,489921000,508070000.0,4.014,2305155000.0,58710000.0,162937000.0,233329000.0,4.705,1528183000.0
64,ADBE,MRT,2005-09-30,2005-09-02,2005-09-02,2021-09-29,-2811000.0,2605595000.0,2277063250.0,2180679000.0,424916000.0,0.828,4.23,-59980000.0,454168000.0,454168000.0,111255000.0,560089000.0,4.552,0.253,0.0,0.0,0.0,0.0,60010000.0,86740000.0,0.0,0.001,0.019,711937000.0,798677000.0,0.424,798677000.0,711937000.0,711937000.0,1.14,1.11,1.14,2080151000.0,1749524000.0,2080151000.0,12842644171.0,18.0,16.08,660016000.0,1.342,1.0,1774197000.0,0.941,135487000.0,0.0,1536855000.0,1366226250.0,0.0,1565417000.0,1438617000.0,126800000.0,525444000.0,479085000.0,46359000.0,13095946171.0,309767000.0,-9541000.0,170703000.0,0.0,-6026000.0,164677000.0,-577361000.0,-507840000.0,719996000.0,2455000.0,560089000.0,560089000.0,560089000.0,0.0,0.0,0.297,1091314000.0,682883000.0,37428000.0,0.017,6.296,23.382,23.368,103663000.0,0.0,26.64,6.946,6.947,197125000.0,2682315000.0,1885452000.0,1885452000.0,350781000.0,0.246,0.32,0.521,0.378,131962000.0,740533000.0,1.0,491589571.0,491710000,507821000.0,3.834,2470108000.0,55018000.0,151848000.0,216175000.0,5.024,1701594000.0
65,ADBE,MRT,2005-06-30,2005-06-03,2005-06-03,2021-09-29,523000.0,2421216000.0,2055866500.0,1999568000.0,421648000.0,0.877,3.826,-56927000.0,253302000.0,253302000.0,107344000.0,519634000.0,3.861,0.295,0.0,0.0,0.0,0.0,61033000.0,83770000.0,0.0,0.001,0.025,659136000.0,742906000.0,0.412,742906000.0,659136000.0,659136000.0,1.07,1.03,1.07,1869903000.0,1535925250.0,1869903000.0,15694542051.0,24.0,21.126,650494000.0,1.331,1.0,1694782000.0,0.94,136190000.0,0.0,1513800000.0,1223868500.0,0.0,1564064000.0,1437264000.0,126800000.0,551313000.0,517924000.0,33389000.0,15911902051.0,84138000.0,-9541000.0,-35031000.0,0.0,-9017000.0,-44048000.0,-579704000.0,-513236000.0,707421000.0,469000.0,519634000.0,519634000.0,519634000.0,0.0,0.0,0.288,1055173000.0,639609000.0,38717000.0,0.023,8.509,30.621,30.411,98934000.0,0.0,32.54,8.83,8.825,208639000.0,2537399000.0,1802126000.0,1802126000.0,336267000.0,0.253,0.338,0.539,0.366,127183000.0,718906000.0,1.0,488995146.0,488765000,508156000.0,3.687,2285026000.0,56513000.0,139502000.0,231041000.0,4.675,1481644000.0
66,ADBE,MRT,2005-03-31,2005-03-04,2005-03-04,2021-09-29,-3223000.0,2122810000.0,1883844250.0,1699939000.0,422871000.0,0.911,3.341,-60294000.0,217360000.0,217360000.0,107165000.0,479257000.0,3.511,0.307,0.0,0.0,0.0,0.0,57087000.0,83383000.0,0.0,0.001,0.025,619167000.0,702550000.0,0.409,702550000.0,619167000.0,619167000.0,0.99,0.96,0.99,1624565000.0,1384012500.0,1624565000.0,15196538694.0,25.0,21.631,623145000.0,1.282,1.0,1609017000.0,0.938,136896000.0,0.0,1284366000.0,1087520000.0,0.0,1376543000.0,1249743000.0,126800000.0,498245000.0,484188000.0,14057000.0,15572665694.0,74551000.0,-25086000.0,-171426000.0,0.0,-11988000.0,-183414000.0,-427543000.0,-342163000.0,683439000.0,2069000.0,479257000.0,479257000.0,479257000.0,0.0,0.0,0.279,1009773000.0,599244000.0,38575000.0,0.025,9.586,32.493,32.207,100340000.0,0.0,31.885,9.074,9.034,166540000.0,2387657000.0,1716182000.0,1716182000.0,322911000.0,0.254,0.346,0.569,0.361,120099000.0,686862000.0,1.0,488400994.0,486260000,506182000.0,3.529,1985914000.0,37924000.0,139910000.0,200958000.0,4.084,1215751000.0
67,ADBE,MRT,2004-12-31,2004-12-03,2004-12-03,2021-09-29,-2289000.0,1958632000.0,1776018250.0,1551029000.0,407603000.0,0.938,2.98,-63226000.0,259061000.0,259061000.0,104378000.0,450398000.0,3.494,0.376,0.0,0.0,0.0,0.0,59541000.0,81867000.0,0.0,0.001,0.025,608645000.0,690512000.0,0.414,690512000.0,608645000.0,608645000.0,0.94,0.91,0.94,1423477000.0,1282242250.0,1423477000.0,14825257683.0,24.0,21.47,641577000.0,1.343,1.0,1562203000.0,0.937,125800000.0,0.0,1129884000.0,1001633500.0,0.0,1180960000.0,1054160000.0,126800000.0,535155000.0,443887000.0,91268000.0,15023957683.0,132539000.0,-15545000.0,-212576000.0,0.0,-11942000.0,-224518000.0,-351312000.0,-272541000.0,704803000.0,3566000.0,450398000.0,450398000.0,450398000.0,0.0,0.0,0.27,970409000.0,591794000.0,43192000.0,0.027,10.554,33.357,33.489,99675000.0,0.0,31.48,9.015,9.022,167440000.0,2238807000.0,1666581000.0,1666581000.0,311296000.0,0.254,0.351,0.608,0.365,98134000.0,659113000.0,1.0,477254056.0,477658000,495626000.0,3.489,1832832000.0,51751000.0,158247000.0,224822000.0,3.837,1107142000.0
68,ADBE,MRT,2004-09-30,2004-09-03,2004-09-03,2021-09-29,-558000.0,1720808000.0,1675121500.0,1333571000.0,387237000.0,0.953,2.57,-53942000.0,198700000.0,198700000.0,100233000.0,420246000.0,3.1,0.404,0.0,0.0,0.0,0.0,47148000.0,55782000.0,0.0,0.001,0.025,574335000.0,630117000.0,0.395,630117000.0,574335000.0,574335000.0,0.885,0.845,0.885,1225756000.0,1201573000.0,1225756000.0,10938276135.0,19.0,17.359,567580000.0,1.19,1.0,1495432000.0,0.937,124460000.0,0.0,967424000.0,923489750.0,0.0,1067872000.0,941072000.0,126800000.0,495052000.0,430224000.0,64828000.0,11156940135.0,33891000.0,-15545000.0,-101625000.0,0.0,-11885000.0,-113510000.0,-476228000.0,-406741000.0,621522000.0,2107000.0,420246000.0,420246000.0,420246000.0,0.0,0.0,0.263,934754000.0,560678000.0,36661000.0,0.028,9.102,26.549,26.288,89029000.0,0.0,23.265,6.992,6.954,137091000.0,2128353000.0,1595665000.0,1595665000.0,304284000.0,0.251,0.35,0.622,0.36,55720000.0,630575000.0,1.0,479559000.0,476942000,494226000.0,3.346,1596348000.0,30113000.0,154089000.0,236422000.0,3.347,903347000.0
69,ADBE,MRT,2004-06-30,2004-06-04,2004-06-04,2021-09-29,-4420000.0,1733127000.0,1566614750.0,1484639000.0,248488000.0,0.965,2.645,-47207000.0,218664000.0,218664000.0,98741000.0,380309000.0,3.526,0.373,0.0,0.0,0.0,0.0,44780000.0,53136000.0,0.0,0.001,0.025,525349000.0,578485000.0,0.383,578485000.0,525349000.0,525349000.0,0.805,0.77,0.805,1262252000.0,1111078000.0,1262252000.0,10643765562.0,20.0,18.399,510952000.0,1.071,1.0,1412333000.0,0.935,125044000.0,0.0,968406000.0,833350000.0,0.0,1062555000.0,1062555000.0,0.0,470875000.0,421013000.0,49862000.0,10843524562.0,61284000.0,-15545000.0,43764000.0,0.0,-11810000.0,31954000.0,-530265000.0,-467513000.0,558159000.0,1436000.0,380309000.0,380309000.0,380309000.0,0.0,0.0,0.252,899754000.0,512579000.0,33133000.0,0.031,8.591,28.512,28.211,84713000.0,0.0,22.71,7.176,7.172,143535000.0,2026867000.0,1511074000.0,1511074000.0,293026000.0,0.243,0.342,0.63,0.348,47032000.0,607272000.0,1.0,477477964.0,477238000,493946000.0,3.166,1608083000.0,31961000.0,145040000.0,204110000.0,3.37,1063626000.0
70,ADBE,MRT,2004-03-31,2004-03-05,2004-03-05,2021-09-29,5582000.0,1691506000.0,1443267000.0,1462138000.0,229368000.0,0.985,2.554,-46408000.0,199759000.0,199759000.0,94842000.0,335154000.0,3.325,0.389,0.0,0.0,0.0,0.0,43326000.0,50460000.0,0.0,0.001,0.025,469290000.0,519750000.0,0.366,519750000.0,469290000.0,469290000.0,0.715,0.685,0.715,1217484000.0,997249250.0,1217484000.0,8504664344.0,18.0,16.363,492842000.0,1.034,1.0,1326293000.0,0.933,111132000.0,0.0,940820000.0,729530000.0,0.0,1049576000.0,1049576000.0,0.0,474022000.0,439795000.0,34227000.0,8694581344.0,34663000.0,-16500000.0,144871000.0,0.0,-11725000.0,133146000.0,-640967000.0,-578059000.0,539250000.0,3234000.0,335154000.0,335154000.0,335154000.0,0.0,0.0,0.236,864092000.0,462201000.0,35598000.0,0.035,7.141,25.942,25.497,82512000.0,0.0,18.23,6.118,6.116,154990000.0,1920444000.0,1421135000.0,1421135000.0,286090000.0,0.232,0.336,0.643,0.33,42604000.0,578546000.0,1.0,476938088.0,476768000,492174000.0,2.981,1580374000.0,27955000.0,134136000.0,219590000.0,3.315,1022343000.0
71,ADBE,MRT,2003-12-31,2003-11-28,2003-11-28,2021-09-29,-999000.0,1555045000.0,1292348250.0,1329028000.0,226017000.0,1.002,2.35,-39454000.0,189917000.0,189917000.0,93022000.0,266344000.0,3.045,0.413,0.0,0.0,0.0,0.0,45600000.0,49014000.0,0.0,0.001,0.025,380492000.0,429506000.0,0.332,429506000.0,380492000.0,380492000.0,0.57,0.55,0.57,1100800000.0,867236500.0,1100800000.0,9522585626.0,25.0,22.171,393682000.0,0.84,1.0,1201727000.0,0.928,111289000.0,0.0,817309000.0,609202500.0,0.0,906616000.0,906616000.0,0.0,454245000.0,436530000.0,17715000.0,9667046626.0,-23211000.0,-16500000.0,128644000.0,0.0,-11626000.0,117018000.0,-577836000.0,-521882000.0,433136000.0,4471000.0,266344000.0,266344000.0,266344000.0,0.0,0.0,0.206,822280000.0,379447000.0,37437000.0,0.044,8.782,36.295,36.237,77007000.0,0.0,20.655,7.466,7.474,174042000.0,1800398000.0,1294749000.0,1294749000.0,276980000.0,0.206,0.307,0.625,0.294,40262000.0,545844000.0,1.0,468024528.0,468492000,482900000.0,2.764,1443756000.0,35875000.0,114148000.0,211199000.0,3.082,892498000.0
72,ADBE,MRT,2003-09-30,2003-08-29,2003-08-29,2021-09-29,-127000.0,1286781000.0,1166489500.0,1037162000.0,249619000.0,1.055,1.851,-38181000.0,144461000.0,144461000.0,94317000.0,223084000.0,2.452,0.49,0.0,0.0,0.0,0.0,41609000.0,53355000.0,0.0,0.001,0.025,323596000.0,376951000.0,0.306,376951000.0,323596000.0,323596000.0,0.48,0.47,0.48,863776000.0,760616750.0,863776000.0,8915373438.0,28.0,23.651,402266000.0,0.862,1.0,1136500000.0,0.923,112450000.0,0.0,606865000.0,502831250.0,0.0,708269000.0,708269000.0,0.0,423005000.0,423005000.0,0.0,9057204438.0,3107000.0,-16500000.0,-133603000.0,0.0,-11655000.0,-145258000.0,-294377000.0,-255225000.0,440447000.0,2295000.0,223084000.0,223084000.0,223084000.0,0.0,0.0,0.181,809392000.0,327108000.0,32070000.0,0.052,10.486,40.6,40.448,72874000.0,0.0,19.415,7.359,7.362,141055000.0,1720037000.0,1230817000.0,1230817000.0,268068000.0,0.191,0.293,0.644,0.263,18050000.0,520870000.0,1.0,466505508.0,466728000,480990000.0,2.637,1174331000.0,36938000.0,100512000.0,201025000.0,2.516,614157000.0
73,ADBE,MRT,2003-06-30,2003-05-30,2003-05-30,2021-09-29,-506000.0,1239736000.0,1121010000.0,986045000.0,253691000.0,1.067,1.738,-37777000.0,141831000.0,141831000.0,103876000.0,205761000.0,2.278,0.536,0.0,0.0,0.0,0.0,42021000.0,58014000.0,0.0,0.001,0.025,300832000.0,358846000.0,0.3,358846000.0,300832000.0,300832000.0,0.44,0.43,0.44,806937000.0,734711500.0,806937000.0,8046932982.0,27.0,22.424,352166000.0,0.759,1.0,1092698000.0,0.913,111980000.0,0.0,553126000.0,478479500.0,0.0,640791000.0,640791000.0,0.0,432799000.0,432799000.0,0.0,8189029982.0,-89421000.0,-16500000.0,-219066000.0,0.0,-11733000.0,-230799000.0,-252194000.0,-210274000.0,389943000.0,3629000.0,205761000.0,205761000.0,205761000.0,0.0,0.0,0.172,788335000.0,304363000.0,41306000.0,0.057,10.148,39.799,40.136,73626000.0,0.0,17.66,6.844,6.852,158591000.0,1658434000.0,1196574000.0,1196574000.0,259000000.0,0.184,0.28,0.629,0.251,17357000.0,504901000.0,1.0,463704982.0,464248000,478474000.0,2.577,1127756000.0,46025000.0,95071000.0,191530000.0,2.429,553246000.0
74,ADBE,MRT,2003-03-31,2003-02-28,2003-02-28,2021-09-29,-3657000.0,1087831000.0,1099860250.0,853047000.0,234784000.0,1.085,1.509,-33346000.0,142097000.0,142097000.0,105653000.0,195816000.0,2.185,0.56,0.0,0.0,0.0,0.0,32484000.0,61671000.0,0.0,0.002,0.025,288907000.0,350578000.0,0.294,350578000.0,288907000.0,288907000.0,0.415,0.405,0.415,697433000.0,735098000.0,697433000.0,6170872862.0,21.0,17.602,337276000.0,0.73,1.0,1088134000.0,0.911,95826000.0,0.0,459510000.0,455990500.0,0.0,510560000.0,510560000.0,0.0,390398000.0,390398000.0,0.0,6354556862.0,-78603000.0,7345000.0,-264849000.0,0.0,-11807000.0,-276656000.0,-175924000.0,-158954000.0,370622000.0,3355000.0,195816000.0,195816000.0,195816000.0,0.0,0.0,0.164,784384000.0,303750000.0,34191000.0,0.06,9.111,32.452,33.133,70228000.0,0.0,13.75,5.323,5.323,158939000.0,1597107000.0,1193787000.0,1193787000.0,252741000.0,0.178,0.266,0.634,0.242,22759000.0,501653000.0,1.0,462149590.0,462168000,470588000.0,2.583,992005000.0,49219000.0,93091000.0,178202000.0,2.146,462649000.0
75,ADBE,MRT,2002-12-31,2002-11-29,2002-11-29,2021-09-29,-3950000.0,1051610000.0,1075388000.0,814172000.0,237438000.0,1.083,1.424,-31585000.0,183684000.0,183684000.0,104288000.0,191399000.0,2.158,0.56,0.0,0.0,0.0,0.0,31185000.0,63482000.0,0.0,0.002,0.025,284689000.0,348171000.0,0.299,348171000.0,284689000.0,284689000.0,0.405,0.395,0.405,674321000.0,733117500.0,674321000.0,6835768791.0,24.0,19.633,297753000.0,0.629,1.0,1060500000.0,0.91,98813000.0,0.0,391824000.0,447902750.0,0.0,434053000.0,434053000.0,0.0,377289000.0,377289000.0,0.0,6977122791.0,-34978000.0,7345000.0,-211382000.0,0.0,-11881000.0,-223263000.0,-142270000.0,-118030000.0,329338000.0,1217000.0,191399000.0,191399000.0,191399000.0,0.0,0.0,0.164,773473000.0,287027000.0,37765000.0,0.062,10.347,36.453,36.457,71090000.0,0.0,14.765,5.99,6.004,146873000.0,1545776000.0,1164788000.0,1164788000.0,246082000.0,0.178,0.261,0.636,0.244,28616000.0,488501000.0,1.0,472544720.0,473668000,486238000.0,2.459,952797000.0,55980000.0,93290000.0,173311000.0,2.012,436883000.0
76,ADBE,MRT,2002-09-30,2002-08-30,2002-08-30,2021-09-29,-7852000.0,1104863000.0,1045528750.0,863669000.0,241194000.0,1.085,1.597,-29094000.0,141354000.0,141354000.0,96801000.0,185599000.0,2.506,0.453,0.0,0.0,0.0,0.0,27315000.0,60556000.0,0.0,0.002,0.025,273693000.0,334249000.0,0.295,334249000.0,273693000.0,273693000.0,0.39,0.38,0.39,760155000.0,718780250.0,760155000.0,4593131548.0,17.0,13.742,292929000.0,0.615,1.0,1037873000.0,0.915,109343000.0,0.0,509458000.0,440423750.0,0.0,494877000.0,494877000.0,0.0,344708000.0,344708000.0,0.0,4824383548.0,-151465000.0,7345000.0,-186714000.0,0.0,-11908000.0,-198622000.0,-275426000.0,-251068000.0,322023000.0,560000.0,185599000.0,185599000.0,185599000.0,0.0,0.0,0.164,761509000.0,276364000.0,32868000.0,0.064,6.347,25.994,25.769,69360000.0,0.0,10.05,4.252,4.216,172586000.0,1508589000.0,1134674000.0,1134674000.0,236550000.0,0.178,0.258,0.621,0.241,42261000.0,491349000.0,1.0,480038164.0,476020000,486750000.0,2.384,995520000.0,54867000.0,88094000.0,156546000.0,2.091,518961000.0
77,ADBE,MRT,2002-06-30,2002-05-31,2002-05-31,2021-09-29,-6576000.0,1155137000.0,1011345000.0,907777000.0,247360000.0,1.129,1.697,-31243000.0,231252000.0,231252000.0,85206000.0,178692000.0,2.619,0.429,0.0,0.0,0.0,0.0,25796000.0,57502000.0,0.0,0.001,0.025,264420000.0,321922000.0,0.282,321922000.0,264420000.0,264420000.0,0.375,0.365,0.375,808483000.0,696226500.0,808483000.0,8370192663.0,32.0,26.001,326928000.0,0.686,1.0,1056707000.0,0.925,114061000.0,0.0,463170000.0,407339500.0,0.0,468660000.0,468660000.0,0.0,346654000.0,346654000.0,0.0,8590892663.0,21518000.0,7345000.0,-161535000.0,0.0,-11904000.0,-173439000.0,-163902000.0,-135187000.0,358171000.0,688000.0,178692000.0,178692000.0,178692000.0,0.0,0.0,0.156,756970000.0,299737000.0,33712000.0,0.067,10.626,48.077,48.133,80286000.0,0.0,18.05,7.523,7.53,162736000.0,1464342000.0,1141913000.0,1141913000.0,230993000.0,0.177,0.257,0.649,0.232,64971000.0,492340000.0,1.0,475949732.0,476404000,495374000.0,2.397,1041076000.0,44079000.0,85728000.0,133425000.0,2.185,561123000.0
78,ADBE,MRT,2002-03-31,2002-03-01,2002-03-01,2021-09-29,-1185000.0,989942000.0,971817750.0,826203000.0,163739000.0,1.203,1.457,-38587000.0,220700000.0,220700000.0,82432000.0,185696000.0,2.75,0.436,0.0,0.0,0.0,0.0,23615000.0,56256000.0,0.0,0.001,0.025,276065000.0,332321000.0,0.284,332321000.0,276065000.0,276065000.0,0.39,0.38,0.39,689511000.0,664849250.0,689511000.0,8906198357.0,32.0,26.8,349641000.0,0.739,1.0,1086215000.0,0.929,41652000.0,0.0,427159000.0,409857000.0,0.0,430556000.0,400090000.0,30466000.0,300431000.0,300431000.0,0.0,9124860357.0,44438000.0,0.0,-290409000.0,0.0,-11942000.0,-302351000.0,-39952000.0,132000.0,388228000.0,-1487000.0,185696000.0,185696000.0,185696000.0,0.0,0.0,0.159,759427000.0,326788000.0,34443000.0,0.064,13.234,49.139,49.41,79059000.0,0.0,19.27,7.808,7.802,163823000.0,1413036000.0,1168647000.0,1168647000.0,227732000.0,0.191,0.279,0.674,0.236,60568000.0,500033000.0,1.0,473526744.0,473162000,490490000.0,2.47,948290000.0,34861000.0,90369000.0,122180000.0,2.004,525772000.0
79,ADBE,MRT,2001-12-31,2001-11-30,2001-11-30,2021-09-29,3918000.0,932173000.0,982991000.0,768914000.0,163259000.0,1.251,1.294,-43174000.0,218662000.0,218662000.0,81451000.0,205644000.0,2.439,0.511,0.0,0.0,0.0,0.0,21701000.0,56645000.0,0.0,0.002,0.025,306931000.0,363576000.0,0.296,363576000.0,306931000.0,306931000.0,0.43,0.415,0.43,616972000.0,678155750.0,616972000.0,7316286822.0,24.0,20.123,375528000.0,0.787,1.0,1148269000.0,0.934,36402000.0,0.0,361908000.0,445722250.0,0.0,362951000.0,362951000.0,0.0,315201000.0,315201000.0,0.0,7609105822.0,-18204000.0,0.0,-397579000.0,0.0,-12007000.0,-409586000.0,-26425000.0,16749000.0,418702000.0,-895000.0,205644000.0,205644000.0,205644000.0,0.0,0.0,0.167,769812000.0,378457000.0,30891000.0,0.058,12.333,37.001,37.302,77611000.0,0.0,16.04,6.188,6.221,143955000.0,1366205000.0,1229720000.0,1229720000.0,224122000.0,0.209,0.303,0.689,0.25,63689000.0,519346000.0,1.0,474383156.0,476922000,498290000.0,2.578,895771000.0,34320000.0,101287000.0,132228000.0,1.878,453713000.0
80,ADBE,MRT,2001-09-30,2001-08-31,2001-08-31,2021-09-29,-389000.0,968128000.0,1017301750.0,790985000.0,177143000.0,1.298,1.407,-46665000.0,292819000.0,292819000.0,84677000.0,250551000.0,2.653,0.445,0.0,0.0,0.0,0.0,19347000.0,54798000.0,0.0,0.001,0.025,378537000.0,433335000.0,0.328,433335000.0,378537000.0,378537000.0,0.525,0.5,0.525,669940000.0,712048750.0,669940000.0,7818469949.0,21.0,18.043,393774000.0,0.827,1.0,1235697000.0,0.936,0.0,0.0,377121000.0,484731500.0,0.0,283069000.0,283069000.0,0.0,298188000.0,298188000.0,0.0,8028203949.0,101804000.0,-24448000.0,-281305000.0,0.0,-12033000.0,-293338000.0,-44250000.0,38015000.0,440439000.0,-1047000.0,250551000.0,250551000.0,250551000.0,0.0,0.0,0.19,785809000.0,449888000.0,30750000.0,0.048,11.983,32.042,32.01,80073000.0,0.0,16.805,6.08,6.06,168299000.0,1334869000.0,1320374000.0,1320374000.0,229743000.0,0.246,0.352,0.781,0.287,98112000.0,541485000.0,1.0,477727102.0,476102000,497132000.0,2.773,968128000.0,47376000.0,127986000.0,126455000.0,2.033,492797000.0
81,ADBE,MRT,2001-06-30,2001-06-01,2001-06-01,2021-09-29,6541000.0,997028000.0,1036179000.0,803972000.0,193056000.0,1.31,1.434,-44104000.0,209734000.0,209734000.0,88304000.0,288527000.0,2.56,0.46,0.0,0.0,0.0,0.0,17588000.0,50875000.0,0.0,0.001,0.025,438826000.0,489701000.0,0.361,489701000.0,438826000.0,438826000.0,0.605,0.575,0.605,682974000.0,712984750.0,682974000.0,9528330808.0,22.0,19.457,441359000.0,0.927,1.0,1268819000.0,0.935,0.0,0.0,473240000.0,511118500.0,0.0,378436000.0,378436000.0,0.0,314054000.0,314054000.0,0.0,9704592808.0,5076000.0,-24448000.0,-271294000.0,0.0,-12048000.0,-283342000.0,-194865000.0,-120428000.0,485463000.0,-2180000.0,288527000.0,288527000.0,288527000.0,0.0,0.0,0.213,805898000.0,462921000.0,31326000.0,0.041,14.209,33.635,33.537,74303000.0,0.0,20.29,7.151,7.121,166536000.0,1297564000.0,1357123000.0,1357123000.0,237126000.0,0.278,0.405,0.859,0.323,103032000.0,556544000.0,1.0,478294372.0,476326000,500254000.0,2.849,997028000.0,27719000.0,150299000.0,114331000.0,2.093,489918000.0
82,ADBE,MRT,2001-03-31,2001-03-02,2001-03-02,2021-09-29,-4004000.0,1034635000.0,1020973750.0,845375000.0,189260000.0,1.286,1.547,-36188000.0,176262000.0,176262000.0,86549000.0,292999000.0,2.938,0.393,0.0,0.0,0.0,0.0,18021000.0,46544000.0,0.0,0.002,0.025,448521000.0,495065000.0,0.377,495065000.0,448521000.0,448521000.0,0.615,0.58,0.615,742737000.0,693192250.0,742737000.0,6433875274.0,14.0,12.996,428278000.0,0.892,1.0,1226566000.0,0.934,0.0,0.0,570620000.0,495494500.0,0.0,443957000.0,443957000.0,0.0,291898000.0,287753000.0,4145000.0,6670741274.0,15875000.0,-24448000.0,-182676000.0,0.0,-12027000.0,-194703000.0,-252253000.0,-184257000.0,464466000.0,-1635000.0,292999000.0,292999000.0,292999000.0,0.0,0.0,0.223,792033000.0,434533000.0,38694000.0,0.041,8.981,22.767,22.512,67147000.0,0.0,13.845,5.08,5.063,174902000.0,1239240000.0,1313115000.0,1313115000.0,238441000.0,0.287,0.423,0.905,0.342,130479000.0,537429000.0,1.0,481815910.0,480156000,507218000.0,2.735,1034635000.0,26215000.0,155522000.0,91372000.0,2.155,557622000.0
83,ADBE,MRT,2000-12-31,2000-12-01,2000-12-01,2021-09-29,-698000.0,1069416000.0,1016583500.0,877912000.0,191504000.0,1.246,1.579,-24416000.0,236866000.0,236866000.0,87255000.0,287808000.0,2.791,0.421,0.0,0.0,0.0,0.0,17696000.0,43275000.0,0.0,0.001,0.025,443739000.0,487014000.0,0.385,487014000.0,443739000.0,443739000.0,0.605,0.565,0.605,752544000.0,666659250.0,752544000.0,15986450118.0,36.0,32.825,420210000.0,0.882,1.0,1179123000.0,0.931,0.0,0.0,517945000.0,481207750.0,0.0,442987000.0,442987000.0,0.0,316872000.0,314605000.0,2267000.0,16177465118.0,65721000.0,-24448000.0,-136321000.0,0.0,-11979000.0,-148300000.0,-228060000.0,-179196000.0,444626000.0,-2545000.0,287808000.0,287808000.0,287808000.0,0.0,0.0,0.227,771040000.0,408083000.0,40280000.0,0.041,21.497,56.209,55.628,64268000.0,0.0,33.655,12.775,12.666,160113000.0,1172504000.0,1266378000.0,1266378000.0,240212000.0,0.283,0.432,0.922,0.35,141421000.0,517716000.0,1.0,480685340.0,476584000,511548000.0,2.657,1069416000.0,23460000.0,155931000.0,77035000.0,2.244,563307000.0
84,ADBE,MRT,2000-09-30,2000-09-01,2000-09-01,2021-09-29,58692000.0,1043637000.0,950194250.0,829479000.0,214158000.0,1.255,1.413,16459000.0,191015000.0,191015000.0,89064000.0,305971000.0,2.242,0.549,0.0,0.0,0.0,0.0,17933000.0,42133000.0,0.0,0.001,0.025,474247000.0,516380000.0,0.433,516380000.0,474247000.0,474247000.0,0.64,0.603,0.64,673684000.0,606575500.0,673684000.0,16055577748.0,34.0,31.093,408436000.0,0.856,1.0,1103890000.0,0.925,0.0,0.0,482669000.0,442992750.0,0.0,437208000.0,437208000.0,0.0,369953000.0,369953000.0,0.0,16260235748.0,45181000.0,-5932000.0,-309663000.0,0.0,-11983000.0,-321646000.0,-23349000.0,-53774000.0,391977000.0,-1801000.0,305971000.0,305971000.0,305971000.0,0.0,0.0,0.256,737571000.0,366319000.0,40797000.0,0.039,24.136,53.143,52.852,59050000.0,0.0,33.825,13.63,13.523,158659000.0,1096340000.0,1192954000.0,1192954000.0,236949000.0,0.322,0.504,1.071,0.398,97674000.0,483278000.0,1.0,480716504.0,476928000,511656000.0,2.501,1043637000.0,41820000.0,168276000.0,127345000.0,2.188,459526000.0
85,ADBE,MRT,2000-06-30,2000-06-02,2000-06-02,2021-09-29,35596000.0,936207000.0,898896750.0,743484000.0,192723000.0,1.251,1.271,10861000.0,204658000.0,204658000.0,89663000.0,284856000.0,2.318,0.551,0.0,0.0,0.0,0.0,18231000.0,44742000.0,0.0,0.001,0.025,443846000.0,488588000.0,0.434,488588000.0,443846000.0,443846000.0,0.593,0.557,0.593,603804000.0,582746250.0,603804000.0,14805890500.0,33.0,30.303,368298000.0,0.775,1.0,1035300000.0,0.92,0.0,0.0,410744000.0,432705250.0,0.0,340813000.0,340813000.0,0.0,332403000.0,320805000.0,11598000.0,14966277500.0,82500000.0,-5932000.0,-360068000.0,0.0,-12071000.0,-372139000.0,98852000.0,82602000.0,357437000.0,-1650000.0,284856000.0,284856000.0,284856000.0,0.0,0.0,0.253,702906000.0,332394000.0,36892000.0,0.042,24.787,52.54,52.698,59538000.0,0.0,31.25,13.304,13.196,143422000.0,1021077000.0,1124963000.0,1124963000.0,223373000.0,0.317,0.489,1.026,0.395,99938000.0,457776000.0,1.0,478920880.0,475032000,510696000.0,2.368,936207000.0,58059000.0,158990000.0,108760000.0,1.971,422679000.0
86,ADBE,MRT,2000-03-31,2000-03-03,2000-03-03,2021-09-29,118612000.0,1017074000.0,875460750.0,839598000.0,177476000.0,1.223,1.342,7383000.0,160387000.0,160387000.0,92763000.0,264040000.0,2.446,0.598,0.0,0.0,0.0,0.0,18711000.0,49300000.0,0.0,0.001,0.025,413439000.0,462739000.0,0.432,462739000.0,413439000.0,413439000.0,0.545,0.515,0.545,636605000.0,575436250.0,636605000.0,10659288905.0,26.0,23.035,353550000.0,0.745,1.0,978001000.0,0.913,0.0,0.0,513473000.0,444543750.0,0.0,481320000.0,481320000.0,0.0,380469000.0,343214000.0,37255000.0,10830433905.0,80901000.0,-5932000.0,-340809000.0,0.0,-12154000.0,-352963000.0,88737000.0,74966000.0,346167000.0,-1040000.0,264040000.0,264040000.0,264040000.0,0.0,0.0,0.247,683597000.0,294404000.0,38730000.0,0.046,17.013,41.018,41.573,61411000.0,0.0,22.657,10.115,10.041,145906000.0,958296000.0,1070764000.0,1070764000.0,210057000.0,0.302,0.459,0.93,0.386,78839000.0,442761000.0,1.0,478006572.0,474512000,505956000.0,2.257,1017074000.0,43475000.0,149399000.0,155987000.0,2.143,496384000.0
87,ADBE,MRT,1999-12-31,1999-12-03,1999-12-03,2021-09-29,40332000.0,803859000.0,814318750.0,623015000.0,180844000.0,1.247,1.06,-1593000.0,171145000.0,171145000.0,94540000.0,237751000.0,2.328,0.569,0.0,0.0,0.0,0.0,15676000.0,50770000.0,0.0,0.001,0.025,374427000.0,425197000.0,0.419,425197000.0,374427000.0,374427000.0,0.49,0.46,0.49,512209000.0,552502500.0,512209000.0,7870132207.0,21.0,18.509,332606000.0,0.688,1.0,920894000.0,0.907,0.0,0.0,365085000.0,432521500.0,0.0,327571000.0,327571000.0,0.0,291650000.0,267629000.0,24021000.0,8015966207.0,60274000.0,-36932000.0,-336223000.0,0.0,-12233000.0,-347478000.0,74150000.0,112675000.0,334199000.0,-597000.0,237751000.0,237751000.0,237751000.0,0.0,0.0,0.234,661041000.0,259853000.0,35692000.0,0.051,15.65,33.716,34.026,69138000.0,0.0,16.672,7.894,7.933,78766000.0,896239000.0,1015434000.0,1015434000.0,197476000.0,0.292,0.43,0.866,0.369,63750000.0,432127000.0,1.0,480789696.0,483144000,516820000.0,2.102,803859000.0,36185000.0,136676000.0,80705000.0,1.664,355386000.0
88,ADBE,MRT,1999-09-30,1999-09-03,1999-09-03,2021-09-29,45415000.0,838447000.0,805186750.0,647260000.0,191187000.0,1.218,1.186,-37183000.0,145834000.0,145834000.0,94762000.0,190660000.0,2.578,0.45,0.0,0.0,0.0,0.0,19216000.0,50859000.0,0.0,0.002,0.025,301307000.0,352166000.0,0.359,352166000.0,301307000.0,301307000.0,0.385,0.368,0.385,578367000.0,553541500.0,578367000.0,6371926415.0,21.0,18.094,258087000.0,0.529,1.0,885638000.0,0.903,0.0,0.0,441519000.0,442623750.0,0.0,335133000.0,335133000.0,0.0,260080000.0,251094000.0,8986000.0,6494084415.0,-37961000.0,-31000000.0,-389597000.0,0.0,-12515000.0,-401134000.0,66481000.0,112358000.0,295270000.0,1422000.0,190660000.0,190660000.0,190660000.0,0.0,0.0,0.194,635182000.0,250456000.0,34205000.0,0.065,11.228,34.061,34.091,99020000.0,0.0,13.125,6.624,6.527,133674000.0,804981000.0,980400000.0,980400000.0,186999000.0,0.237,0.344,0.681,0.307,60246000.0,417342000.0,1.0,494787384.0,487584000,518632000.0,2.011,838447000.0,20567000.0,110647000.0,52302000.0,1.72,396166000.0
89,ADBE,MRT,1999-06-30,1999-06-04,1999-06-04,2021-09-29,19054000.0,842463000.0,821316750.0,494508000.0,347955000.0,1.147,1.186,-40905000.0,122158000.0,122158000.0,93864000.0,133657000.0,1.886,0.466,0.0,0.0,0.0,0.0,21642000.0,53048000.0,0.0,0.003,0.025,211521000.0,264569000.0,0.281,264569000.0,211521000.0,211521000.0,0.268,0.257,0.268,574564000.0,578695750.0,574564000.0,4347337779.0,21.0,16.432,242193000.0,0.5,1.0,848592000.0,0.9,0.0,0.0,458098000.0,456041250.0,0.0,204386000.0,204386000.0,0.0,267899000.0,262207000.0,5692000.0,4426823779.0,6800000.0,-32201000.0,-285567000.0,0.0,-12801000.0,-297035000.0,18591000.0,66491000.0,283098000.0,2146000.0,133657000.0,133657000.0,133657000.0,0.0,0.0,0.142,676187000.0,172405000.0,38582000.0,0.093,7.705,33.121,33.843,94466000.0,0.0,9.07,4.697,4.663,121025000.0,773127000.0,942456000.0,942456000.0,187982000.0,0.163,0.231,0.464,0.224,29516000.0,425052000.0,1.0,488073184.0,484576000,512400000.0,1.945,842463000.0,35013000.0,77864000.0,48636000.0,1.739,232301000.0
90,ADBE,MRT,1999-03-31,1999-03-05,1999-03-05,2021-09-29,16830000.0,772506000.0,835214250.0,438763000.0,333743000.0,1.106,1.117,-55339000.0,79486000.0,79486000.0,95728000.0,116676000.0,1.927,0.418,0.0,0.0,0.0,0.0,17970000.0,51231000.0,0.0,0.004,0.025,185378000.0,236609000.0,0.256,236609000.0,185378000.0,185378000.0,0.228,0.221,0.228,544870000.0,606114250.0,544870000.0,2720457199.0,15.0,11.498,153514000.0,0.315,1.0,828152000.0,0.896,0.0,0.0,465384000.0,483736750.0,0.0,183751000.0,183751000.0,0.0,227636000.0,227636000.0,0.0,2831328199.0,-27167000.0,-32576000.0,-237035000.0,0.0,-13067000.0,-246356000.0,8624000.0,80285000.0,208853000.0,1712000.0,116676000.0,116676000.0,116676000.0,0.0,0.0,0.126,670024000.0,158128000.0,29250000.0,0.11,5.196,24.267,25.323,93562000.0,0.0,5.774,3.065,3.048,132042000.0,750225000.0,923880000.0,923880000.0,189800000.0,0.14,0.192,0.383,0.201,19413000.0,433044000.0,1.0,490379424.0,487784000,507072000.0,1.894,772506000.0,34039000.0,68702000.0,47659000.0,1.584,211127000.0
91,ADBE,MRT,1998-12-31,1998-11-27,1998-11-27,2021-09-29,-1879000.0,767331000.0,849502500.0,455945000.0,311386000.0,1.053,0.972,-59745000.0,110871000.0,110871000.0,101034000.0,105144000.0,1.817,0.486,0.0,0.0,0.0,0.0,11333000.0,56264000.0,0.0,0.004,0.025,167694000.0,223958000.0,0.25,223958000.0,167694000.0,167694000.0,0.2,0.195,0.2,516365000.0,628387750.0,516365000.0,2896705552.0,17.0,12.934,143724000.0,0.27,1.0,793757000.0,0.887,0.0,0.0,405494000.0,499218500.0,0.0,161676000.0,161676000.0,0.0,250966000.0,250966000.0,0.0,3080500552.0,-156705000.0,-3544000.0,-308268000.0,0.0,-16291000.0,-321791000.0,-40301000.0,22988000.0,203469000.0,1918000.0,105144000.0,105144000.0,105144000.0,0.0,0.0,0.118,668410000.0,125347000.0,48681000.0,0.125,5.966,29.298,29.3,93887000.0,0.0,5.86,3.443,3.481,141180000.0,732730000.0,894791000.0,894791000.0,188261000.0,0.124,0.167,0.336,0.187,15108000.0,434159000.0,1.0,525682688.0,531464000,543792000.0,1.684,767331000.0,48675000.0,62550000.0,64546000.0,1.444,204979000.0
92,ADBE,MRT,1998-09-30,1998-08-28,1998-08-28,2021-09-29,-3878000.0,902967000.0,892687500.0,595914000.0,307053000.0,0.98,1.262,-61247000.0,183795000.0,183795000.0,93294000.0,101695000.0,2.661,0.33,0.0,0.0,0.0,0.0,12957000.0,69626000.0,0.0,0.012,0.042,161713000.0,231339000.0,0.264,231339000.0,161713000.0,161713000.0,0.184,0.179,0.184,678984000.0,678152500.0,678984000.0,1711766496.0,11.0,7.399,127506000.0,0.237,1.0,781893000.0,0.893,0.0,0.0,495189000.0,509807000.0,0.0,259471000.0,259471000.0,0.0,223983000.0,223983000.0,0.0,1827124496.0,6884000.0,-3544000.0,-301850000.0,0.0,-16571000.0,-309297000.0,125735000.0,274250000.0,188753000.0,1693000.0,101695000.0,101695000.0,101695000.0,0.0,0.0,0.116,671614000.0,110279000.0,46690000.0,0.228,2.691,17.967,18.471,95244000.0,0.0,3.399,2.088,2.09,113722000.0,708780000.0,875187000.0,875187000.0,184264000.0,0.114,0.15,0.317,0.185,19537000.0,446279000.0,1.0,537587200.0,538224000,547296000.0,1.626,902967000.0,19742000.0,60018000.0,43402000.0,1.678,371931000.0
93,ADBE,MRT,1998-06-30,1998-05-29,1998-05-29,2021-09-29,-4792000.0,898053000.0,943335750.0,589164000.0,308889000.0,0.935,1.282,-53799000.0,115358000.0,115358000.0,102614000.0,154971000.0,2.755,0.312,0.0,0.0,0.0,0.0,14585000.0,68047000.0,0.0,0.008,0.042,246999000.0,315046000.0,0.357,315046000.0,246999000.0,246999000.0,0.275,0.269,0.275,684238000.0,726399750.0,684238000.0,2554290509.0,10.0,8.108,108165000.0,0.203,1.0,779680000.0,0.884,0.0,0.0,568880000.0,559775250.0,0.0,277246000.0,277246000.0,0.0,213815000.0,213815000.0,0.0,2660943509.0,-70229000.0,-6343000.0,-298141000.0,0.0,-23281000.0,-312653000.0,80604000.0,192594000.0,161964000.0,-144000.0,154971000.0,154971000.0,154971000.0,0.0,0.0,0.176,611717000.0,167963000.0,44506000.0,0.153,3.889,17.171,18.155,99914000.0,0.0,4.992,3.016,3.021,151886000.0,711983000.0,882294000.0,882294000.0,179161000.0,0.164,0.213,0.441,0.28,19530000.0,424844000.0,1.0,532988184.0,533880000,551920000.0,1.653,898053000.0,17231000.0,92028000.0,45965000.0,1.682,375349000.0
94,ADBE,MRT,1998-03-31,1998-02-27,1998-02-27,2021-09-29,-4031000.0,829659000.0,988917250.0,541982000.0,287677000.0,0.893,1.169,-39180000.0,106653000.0,106653000.0,109704000.0,167097000.0,2.77,0.309,0.0,0.0,0.0,0.0,13902000.0,65600000.0,0.0,0.008,0.042,265558000.0,331158000.0,0.375,331158000.0,265558000.0,265558000.0,0.293,0.285,0.293,633964000.0,767123500.0,633964000.0,2765600809.0,10.0,8.351,159356000.0,0.294,1.0,773544000.0,0.876,0.0,0.0,527311000.0,582941750.0,0.0,271545000.0,271545000.0,0.0,195695000.0,195695000.0,0.0,3033176809.0,16966000.0,-8089000.0,-305303000.0,0.0,-23603000.0,-322550000.0,140219000.0,236356000.0,198536000.0,761000.0,167097000.0,167097000.0,167097000.0,0.0,0.0,0.189,587914000.0,185630000.0,42929000.0,0.143,4.784,18.152,18.852,84539000.0,0.0,5.524,3.434,3.39,115019000.0,687383000.0,883248000.0,883248000.0,171000000.0,0.169,0.218,0.456,0.301,32226000.0,406610000.0,1.0,549115512.0,542096000,556680000.0,1.629,829659000.0,16214000.0,98461000.0,44098000.0,1.53,346287000.0
95,ADBE,MRT,1997-12-31,1997-11-28,1997-11-28,2021-09-29,-1030000.0,940071000.0,1016520250.0,678946000.0,261125000.0,0.897,1.243,-33882000.0,267576000.0,267576000.0,116188000.0,186837000.0,3.022,0.314,0.0,0.0,0.0,0.0,12769000.0,59384000.0,0.0,0.008,0.042,296090000.0,355474000.0,0.39,355474000.0,296090000.0,296090000.0,0.325,0.315,0.325,715424000.0,787488500.0,715424000.0,2888537624.0,10.0,8.126,168796000.0,0.293,1.0,795706000.0,0.873,0.0,0.0,447848000.0,563076000.0,0.0,235380000.0,235380000.0,0.0,224647000.0,224647000.0,0.0,3065448624.0,156831000.0,-6121000.0,-204649000.0,0.0,-20911000.0,-219204000.0,172829000.0,248985000.0,202678000.0,528000.0,186837000.0,186837000.0,186837000.0,0.0,0.0,0.205,564950000.0,230756000.0,57857000.0,0.129,4.285,16.407,16.154,80978000.0,0.0,5.25,3.362,3.314,130974000.0,663861000.0,911894000.0,911894000.0,165859000.0,0.184,0.237,0.526,0.325,30936000.0,391146000.0,1.0,583894976.0,575696000,593280000.0,1.584,940071000.0,42823000.0,109253000.0,48343000.0,1.633,454299000.0
96,ADBE,MRT,1997-09-30,1997-08-29,1997-08-29,2021-09-29,2796000.0,1105560000.0,1031850750.0,852839000.0,252721000.0,0.865,1.498,10657000.0,176911000.0,176911000.0,135880000.0,207776000.0,3.651,0.268,0.0,0.0,0.0,0.0,16286000.0,69326000.0,0.0,0.005,0.025,324389000.0,393715000.0,0.441,393715000.0,324389000.0,324389000.0,0.366,0.35,0.366,871973000.0,785261000.0,871973000.0,2684486076.0,8.0,6.818,230592000.0,0.396,1.0,756557000.0,0.848,0.0,0.0,695062000.0,618845500.0,0.0,510248000.0,510248000.0,0.0,233587000.0,233587000.0,0.0,2870073076.0,98613000.0,-9621000.0,-19902000.0,0.0,-20983000.0,-40885000.0,-82130000.0,-21366000.0,219935000.0,1693000.0,207776000.0,207776000.0,207776000.0,0.0,0.0,0.233,546825000.0,209732000.0,46989000.0,0.068,3.291,13.813,13.449,84021000.0,0.0,4.923,3.216,3.211,122596000.0,621905000.0,892437000.0,892437000.0,167572000.0,0.201,0.265,0.524,0.363,24915000.0,364245000.0,1.0,583051920.0,582128000,596224000.0,1.533,1105560000.0,0.0,116613000.0,63713000.0,1.899,619252000.0
97,ADBE,MRT,1997-06-30,1997-05-30,1997-05-30,2021-09-29,12934000.0,1080379000.0,,827677000.0,252702000.0,,1.469,-45612000.0,185587000.0,185587000.0,136808000.0,184195000.0,3.549,0.275,0.0,0.0,0.0,0.0,19964000.0,64405000.0,0.0,0.004,0.025,287547000.0,351952000.0,0.417,351952000.0,287547000.0,287547000.0,0.325,0.31,0.325,847133000.0,,847133000.0,3104718818.0,11.0,8.821,153198000.0,0.266,1.0,706499000.0,0.838,0.0,0.0,661546000.0,,0.0,461874000.0,461874000.0,0.0,233246000.0,233246000.0,0.0,3194405818.0,107871000.0,-5621000.0,-52170000.0,0.0,-14516000.0,-66686000.0,-27389000.0,78236000.0,198810000.0,3136000.0,184195000.0,184195000.0,184195000.0,0.0,0.0,0.218,513453000.0,193046000.0,61601000.0,0.077,3.771,17.343,17.165,82917000.0,0.0,5.579,3.788,3.815,130984000.0,587310000.0,843307000.0,843307000.0,159997000.0,,,,0.341,29178000.0,342403000.0,1.0,572602432.0,576680000,595328000.0,1.462,1080379000.0,0.0,103352000.0,40454000.0,1.873,594431000.0
98,ADBE,MRT,1997-03-31,1997-02-28,1997-02-28,2021-09-29,-1030000.0,940071000.0,,678946000.0,261125000.0,,1.251,-42021000.0,267576000.0,267576000.0,140228000.0,166098000.0,3.022,0.314,0.0,0.0,0.0,0.0,15706000.0,59233000.0,0.0,0.005,0.025,264130000.0,323363000.0,0.395,323363000.0,264130000.0,264130000.0,0.291,0.279,0.291,715424000.0,,715424000.0,2505610113.0,9.0,7.749,145784000.0,0.255,1.0,679152000.0,0.829,0.0,0.0,447848000.0,,0.0,235380000.0,235380000.0,0.0,224647000.0,224647000.0,0.0,2616355113.0,3517000.0,-8027000.0,-101333000.0,0.0,-14488000.0,-115821000.0,-70666000.0,44074000.0,187805000.0,2199000.0,166098000.0,166098000.0,166098000.0,0.0,0.0,0.203,507914000.0,171238000.0,57857000.0,0.086,3.657,15.752,15.679,80978000.0,0.0,4.562,3.193,3.185,130974000.0,663861000.0,819380000.0,819380000.0,156408000.0,,,,0.322,12232000.0,328285000.0,1.0,573447696.0,571944000,591512000.0,1.433,940071000.0,16999000.0,98032000.0,48343000.0,1.644,454299000.0
99,ADBE,MRT,1996-12-31,1996-11-29,1996-11-29,2021-09-29,28366000.0,1001393000.0,943062500.0,725814000.0,275579000.0,0.834,1.219,-45869000.0,110745000.0,110745000.0,141147000.0,153277000.0,3.303,0.417,0.0,0.0,0.0,0.0,15537000.0,55621000.0,0.0,0.005,0.025,244824000.0,300445000.0,0.382,300445000.0,244824000.0,244824000.0,0.265,0.255,0.265,706514000.0,702465500.0,706514000.0,,,,152245000.0,0.263,1.0,645416000.0,0.821,0.0,0.0,670926000.0,655425000.0,0.0,453371000.0,453371000.0,0.0,294879000.0,219722000.0,75157000.0,2831397999.0,52252000.0,-8027000.0,-86908000.0,0.0,-14586000.0,-101494000.0,-46865000.0,72430000.0,198114000.0,2497000.0,153277000.0,153277000.0,153277000.0,0.0,0.0,0.195,498630000.0,146786000.0,43056000.0,0.094,4.008,18.472,18.632,80231000.0,0.0,4.938,3.6,3.639,115823000.0,529546000.0,786563000.0,786563000.0,155418000.0,0.163,0.218,0.374,0.311,13600000.0,317006000.0,1.0,573447696.0,579632000,601056000.0,1.357,1001393000.0,0.0,91547000.0,71019000.0,1.728,506092000.0
100,ADBE,MRT,1996-09-30,1996-08-30,1996-08-30,2021-09-29,,,,,,,,,,,,,,,,,,,,,,0.005,0.025,,,,,,,,,,,,,,,,,,1.0,,,,,,,,,,,,,,,,,,,,,,,,,,,,,,,,,,,,,,,,4.688,,,,,,,,,,,,,,1.0,,594472000,,,,,,,,
101,ADBE,MRT,1996-06-30,1996-05-31,1996-05-31,2021-09-29,,,,,,,,,,,,,,,,,,,,,,0.005,0.025,,,,,,,,,,,,,,,,,,1.0,,,,,,,,,,,,,,,,,,,,,,,,,,,,,,,,,,,,,,,,4.656,,,,,,,,,,,,,,1.0,,605104000,,,,,,,,
102,ADBE,MRT,1996-03-31,1996-03-01,1996-03-01,2021-09-29,,,,,,,,,,,,,,,,,,,,,,0.006,0.025,,,,,,,,,,,,,,,,,,1.0,,,,,,,,,,,,,,,,,,,,,,,,,,,,,,,,,,,,,,,,4.077,,,,,,,,,,,,,,1.0,,611152000,,,,,,,,
103,ADBE,MRT,1995-12-31,1995-12-01,1995-12-01,2021-09-29,14366000.0,884732000.0,,692787000.0,191945000.0,,1.176,-34071000.0,58493000.0,58493000.0,130301000.0,93485000.0,3.718,0.267,0.0,0.0,0.0,0.0,18257000.0,60435000.0,0.0,0.003,0.025,163853000.0,224288000.0,0.294,224288000.0,163853000.0,163853000.0,0.158,0.158,0.158,698417000.0,,698417000.0,,,,143685000.0,0.242,1.0,632038000.0,0.829,0.0,0.0,639924000.0,,0.0,457547000.0,457547000.0,0.0,186315000.0,186315000.0,0.0,,-142036000.0,-15158000.0,52518000.0,0.0,-12310000.0,36866000.0,-356668000.0,-210718000.0,177756000.0,10000.0,93485000.0,93485000.0,93485000.0,0.0,0.0,0.123,497467000.0,134571000.0,25639000.0,0.158,,,53.006,51708000.0,0.0,8.375,,6.526,133208000.0,390793000.0,762339000.0,762339000.0,138616000.0,,,,0.215,36878000.0,301239000.0,1.0,,594024000,594024000.0,1.283,884732000.0,0.0,70368000.0,19420000.0,1.489,506472000.0
104,ADBE,MRT,1994-12-31,1994-11-25,1994-11-25,2021-09-29,,,,,,,,-32700000.0,,,122023000.0,15337000.0,,,,,,,,57794000.0,,0.006,0.025,52946000.0,110740000.0,0.164,110740000.0,52946000.0,52946000.0,0.028,0.028,0.028,,,,,,,123036000.0,0.219,1.0,553594000.0,0.819,,0.0,,,,,,,,,,,62534000.0,-14750000.0,36897000.0,0.0,-9906000.0,26465000.0,-118370000.0,-42304000.0,155736000.0,-1297000.0,15337000.0,15337000.0,15337000.0,0.0,0.0,0.023,511080000.0,42514000.0,,0.893,,,143.973,,0.0,4.031,,3.349,,,675617000.0,675617000.0,113797000.0,,,,0.078,15482000.0,295302000.0,1.0,,561352000,561352000.0,1.204,,,37609000.0,,,
