None,ticker,dimension,calendardate,datekey,reportperiod,lastupdated,accoci,assets,assetsavg,assetsc,assetsnc,assetturnover,bvps,capex,cashneq,cashnequsd,cor,consolinc,currentratio,de,debt,debtc,debtnc,debtusd,deferredrev,depamor,deposits,divyield,dps,ebit,ebitda,ebitdamargin,ebitdausd,ebitusd,ebt,eps,epsdil,epsusd,equity,equityavg,equityusd,ev,evebit,evebitda,fcf,fcfps,fxusd,gp,grossmargin,intangibles,intexp,invcap,invcapavg,inventory,investments,investmentsc,investmentsnc,liabilities,liabilitiesc,liabilitiesnc,marketcap,ncf,ncfbus,ncfcommon,ncfdebt,ncfdiv,ncff,ncfi,ncfinv,ncfo,ncfx,netinc,netinccmn,netinccmnusd,netincdis,netincnci,netmargin,opex,opinc,payables,payoutratio,pb,pe,pe1,ppnenet,prefdivis,price,ps,ps1,receivables,retearn,revenue,revenueusd,rnd,roa,roe,roic,ros,sbcomp,sgna,sharefactor,sharesbas,shareswa,shareswadil,sps,tangibles,taxassets,taxexp,taxliabilities,tbvps,workingcapital
0,MRO,MRY,2020-12-31,2020-12-31,2020-12-31,2021-08-25,73000000.0,17956000000.0,18725250000.0,1612000000.0,16344000000.0,0.165,13.335,-1343000000.0,742000000.0,742000000.0,1151000000.0,-1451000000.0,1.329,0.7,5404000000.0,0.0,5404000000.0,5404000000.0,0.0,2316000000.0,0.0,0.012,0.08,-1209000000.0,1107000000.0,0.359,1107000000.0,-1209000000.0,-1465000000.0,-1.83,-1.83,-1.83,10561000000.0,11146500000.0,10561000000.0,10051241438.0,-8.0,9.08,130000000.0,0.164,1.0,1935000000.0,0.627,0.0,256000000.0,21405000000.0,22182250000.0,76000000.0,447000000.0,0.0,447000000.0,7395000000.0,1213000000.0,6182000000.0,5265241438.0,-116000000.0,17000000.0,-92000000.0,-127000000.0,-64000000.0,-286000000.0,-1303000000.0,7000000.0,1473000000.0,0.0,-1451000000.0,-1451000000.0,-1451000000.0,0.0,0.0,-0.47,3115000000.0,-1180000000.0,894000000.0,-0.044,0.499,-3.629,-3.645,15638000000.0,0.0,6.67,1.706,1.712,747000000.0,6466000000.0,3086000000.0,3086000000.0,181000000.0,-0.077,-0.13,-0.055,-0.392,57000000.0,274000000.0,1.0,789391520.0,792000000.0,792000000.0,3.896,17956000000.0,0.0,-14000000.0,235000000.0,22.672,399000000.0
1,MRO,MRY,2019-12-31,2019-12-31,2019-12-31,2021-08-25,105000000.0,20245000000.0,20827500000.0,2135000000.0,18110000000.0,0.249,15.004,-2550000000.0,858000000.0,858000000.0,1317000000.0,480000000.0,1.223,0.666,5501000000.0,0.0,5501000000.0,5501000000.0,0.0,2397000000.0,0.0,0.015,0.2,636000000.0,3033000000.0,0.584,3033000000.0,636000000.0,392000000.0,0.59,0.59,0.59,12153000000.0,12183250000.0,12153000000.0,15201029587.0,24.0,5.012,199000000.0,0.246,1.0,3873000000.0,0.746,95000000.0,244000000.0,23048000000.0,23119750000.0,72000000.0,663000000.0,0.0,663000000.0,8092000000.0,1745000000.0,6347000000.0,10863029587.0,-604000000.0,-369000000.0,-362000000.0,-2000000.0,-162000000.0,-535000000.0,-2818000000.0,64000000.0,2749000000.0,0.0,480000000.0,480000000.0,480000000.0,0.0,0.0,0.092,3237000000.0,636000000.0,1419000000.0,0.339,0.894,22.631,23.017,17000000000.0,0.0,13.58,2.093,2.119,1122000000.0,7993000000.0,5190000000.0,5190000000.0,149000000.0,0.023,0.039,0.028,0.123,60000000.0,356000000.0,1.0,799928541.0,810000000.0,810000000.0,6.407,20150000000.0,0.0,-88000000.0,304000000.0,24.877,390000000.0
2,MRO,MRY,2018-12-31,2018-12-31,2018-12-31,2021-08-25,63000000.0,21321000000.0,21651000000.0,2921000000.0,18400000000.0,0.304,14.336,-2753000000.0,1462000000.0,1462000000.0,1417000000.0,1096000000.0,1.594,0.758,5499000000.0,0.0,5499000000.0,5499000000.0,0.0,2441000000.0,0.0,0.014,0.2,1653000000.0,4094000000.0,0.622,4094000000.0,1653000000.0,1427000000.0,1.3,1.29,1.3,12128000000.0,12084500000.0,12128000000.0,15854496062.0,10.0,3.873,481000000.0,0.569,1.0,5165000000.0,0.785,97000000.0,226000000.0,23429000000.0,23492500000.0,96000000.0,745000000.0,0.0,745000000.0,9193000000.0,1832000000.0,7361000000.0,11920496062.0,903000000.0,1239000000.0,-713000000.0,0.0,-169000000.0,-859000000.0,-1470000000.0,57000000.0,3234000000.0,-2000000.0,1096000000.0,1096000000.0,1096000000.0,0.0,0.0,0.167,3498000000.0,1667000000.0,1474000000.0,0.154,0.983,10.876,11.031,16804000000.0,0.0,14.34,1.811,1.843,1079000000.0,7706000000.0,6582000000.0,6582000000.0,289000000.0,0.051,0.091,0.07,0.251,53000000.0,394000000.0,1.0,831275876.0,846000000.0,847000000.0,7.78,21224000000.0,0.0,331000000.0,380000000.0,25.087,1089000000.0
3,MRO,MRY,2017-12-31,2017-12-31,2017-12-31,2021-08-25,-62000000.0,22012000000.0,23434250000.0,2566000000.0,19446000000.0,0.203,13.774,-1974000000.0,563000000.0,563000000.0,1315000000.0,-5723000000.0,1.304,0.88,5494000000.0,0.0,5494000000.0,5494000000.0,0.0,2372000000.0,0.0,0.012,0.2,-5077000000.0,-2705000000.0,-0.568,-2705000000.0,-5077000000.0,-5347000000.0,-6.73,-6.73,-6.73,11708000000.0,12118000000.0,11708000000.0,19077803427.0,-4.0,-7.053,14000000.0,0.016,1.0,3450000000.0,0.724,115000000.0,270000000.0,24860000000.0,25853250000.0,126000000.0,1595000000.0,748000000.0,847000000.0,10304000000.0,1968000000.0,8336000000.0,14384803427.0,-1925000000.0,-104000000.0,-11000000.0,-1822000000.0,-170000000.0,-2003000000.0,-2044000000.0,64000000.0,1988000000.0,4000000.0,-5723000000.0,-5723000000.0,-5723000000.0,4893000000.0,0.0,-1.201,3564000000.0,-114000000.0,1503000000.0,-0.03,1.229,-2.514,-2.516,17665000000.0,0.0,16.93,3.019,3.02,1082000000.0,6779000000.0,4765000000.0,4765000000.0,409000000.0,-0.244,-0.472,-0.196,-1.065,49000000.0,371000000.0,1.0,849663522.0,850000000.0,850000000.0,5.606,21897000000.0,0.0,376000000.0,1010000000.0,25.761,598000000.0
4,MRO,MRY,2016-12-31,2016-12-31,2016-12-31,2021-08-25,-83000000.0,31094000000.0,32199750000.0,3665000000.0,27429000000.0,0.118,21.418,-1204000000.0,2488000000.0,2488000000.0,1449000000.0,-2140000000.0,1.636,0.773,7267000000.0,686000000.0,6581000000.0,7267000000.0,0.0,2156000000.0,0.0,0.012,0.2,-885000000.0,1271000000.0,0.336,1271000000.0,-885000000.0,-1217000000.0,-2.61,-2.61,-2.61,17541000000.0,18741750000.0,17541000000.0,19990227395.0,-23.0,15.728,-303000000.0,-0.37,1.0,2338000000.0,0.617,115000000.0,332000000.0,33518000000.0,35448250000.0,136000000.0,931000000.0,0.0,931000000.0,13553000000.0,2240000000.0,11313000000.0,14665227395.0,1369000000.0,317000000.0,1230000000.0,-1000000.0,-162000000.0,1068000000.0,-833000000.0,55000000.0,901000000.0,-3000000.0,-2140000000.0,-2140000000.0,-2140000000.0,53000000.0,0.0,-0.565,3068000000.0,-730000000.0,1096000000.0,-0.077,0.836,-6.853,-6.632,16727000000.0,0.0,17.31,3.873,3.744,748000000.0,12672000000.0,3787000000.0,3787000000.0,323000000.0,-0.066,-0.114,-0.025,-0.234,51000000.0,371000000.0,1.0,847211288.0,819000000.0,819000000.0,4.624,30979000000.0,0.0,923000000.0,863000000.0,37.825,1425000000.0
5,MRO,MRY,2015-12-31,2015-12-31,2015-12-31,2021-08-25,-135000000.0,32311000000.0,34372750000.0,2590000000.0,29721000000.0,0.144,27.405,-3485000000.0,1221000000.0,1221000000.0,1889000000.0,-2204000000.0,1.498,0.742,7277000000.0,1000000.0,7276000000.0,7277000000.0,0.0,2721000000.0,0.0,0.054,0.68,-2656000000.0,65000000.0,0.013,65000000.0,-2656000000.0,-2942000000.0,-3.26,-3.26,-3.26,18553000000.0,19691500000.0,18553000000.0,15204704860.0,-6.0,233.919,-1909000000.0,-2.82,1.0,3064000000.0,0.619,115000000.0,286000000.0,36523000000.0,37399250000.0,313000000.0,1003000000.0,0.0,1003000000.0,13758000000.0,1729000000.0,12029000000.0,8526704860.0,-1088000000.0,225000000.0,-11000000.0,927000000.0,-460000000.0,451000000.0,-3202000000.0,77000000.0,1576000000.0,-3000000.0,-2204000000.0,-2204000000.0,-2204000000.0,503000000.0,0.0,-0.445,5217000000.0,-2153000000.0,1446000000.0,-0.209,0.46,-3.869,-3.862,27061000000.0,0.0,12.59,1.722,1.721,912000000.0,14974000000.0,4953000000.0,4953000000.0,971000000.0,-0.064,-0.112,-0.071,-0.536,45000000.0,588000000.0,1.0,677260116.0,677000000.0,677000000.0,7.316,32196000000.0,0.0,-738000000.0,2573000000.0,47.557,861000000.0
6,MRO,MRY,2014-12-31,2014-12-31,2014-12-31,2021-08-25,-277000000.0,35983000000.0,36192250000.0,4593000000.0,31390000000.0,0.311,30.912,-5160000000.0,2398000000.0,2398000000.0,4813000000.0,3046000000.0,1.049,0.712,6363000000.0,1068000000.0,5295000000.0,6363000000.0,0.0,2861000000.0,0.0,0.028,0.8,3676000000.0,6537000000.0,0.581,6537000000.0,3676000000.0,3438000000.0,4.48,4.46,4.48,21020000000.0,20229750000.0,21020000000.0,24754836271.0,7.0,3.787,327000000.0,0.481,1.0,6445000000.0,0.572,459000000.0,238000000.0,35110000000.0,36359500000.0,357000000.0,1113000000.0,0.0,1113000000.0,14963000000.0,4379000000.0,10584000000.0,19092836271.0,2134000000.0,-21000000.0,-1000000000.0,-68000000.0,-543000000.0,-1593000000.0,-1746000000.0,61000000.0,5487000000.0,-2000000.0,3046000000.0,3046000000.0,3046000000.0,-2077000000.0,0.0,0.271,4846000000.0,1599000000.0,2736000000.0,0.179,0.908,6.268,6.315,29040000000.0,0.0,28.29,1.696,1.709,1729000000.0,17638000000.0,11258000000.0,11258000000.0,793000000.0,0.084,0.151,0.101,0.327,52000000.0,654000000.0,1.0,674897005.0,680000000.0,683000000.0,16.556,35524000000.0,0.0,392000000.0,2771000000.0,52.241,214000000.0
7,MRO,MRY,2013-12-31,2013-12-31,2013-12-31,2021-08-25,-250000000.0,35620000000.0,35388250000.0,2975000000.0,32645000000.0,0.333,27.438,-4443000000.0,264000000.0,264000000.0,4621000000.0,1753000000.0,0.687,0.841,6597000000.0,203000000.0,6394000000.0,6597000000.0,0.0,2500000000.0,0.0,0.02,0.72,3493000000.0,5993000000.0,0.509,5993000000.0,3493000000.0,3215000000.0,2.49,2.47,2.49,19344000000.0,18986750000.0,19344000000.0,30938183059.0,9.0,5.162,827000000.0,1.173,1.0,7162000000.0,0.608,499000000.0,278000000.0,37121000000.0,36647750000.0,364000000.0,1201000000.0,0.0,1201000000.0,16276000000.0,4333000000.0,11943000000.0,24591183059.0,-420000000.0,-74000000.0,-500000000.0,-247000000.0,-508000000.0,-1162000000.0,-4521000000.0,61000000.0,5270000000.0,-3000000.0,1753000000.0,1753000000.0,1753000000.0,-822000000.0,0.0,0.149,4491000000.0,2671000000.0,2446000000.0,0.289,1.271,14.028,14.177,28145000000.0,0.0,35.3,2.087,2.112,2134000000.0,15135000000.0,11783000000.0,11783000000.0,891000000.0,0.05,0.092,0.095,0.296,0.0,659000000.0,1.0,696634081.0,705000000.0,709000000.0,16.713,35121000000.0,0.0,1462000000.0,3937000000.0,49.817,-1358000000.0
8,MRO,MRY,2012-12-31,2012-12-31,2012-12-31,2021-08-25,-433000000.0,35306000000.0,33491250000.0,3762000000.0,31544000000.0,0.373,25.897,-4361000000.0,684000000.0,684000000.0,5177000000.0,1582000000.0,0.74,0.931,6896000000.0,384000000.0,6512000000.0,6896000000.0,0.0,2008000000.0,0.0,0.022,0.68,4052000000.0,6060000000.0,0.485,6060000000.0,4052000000.0,3830000000.0,2.24,2.23,2.24,18283000000.0,17907750000.0,18283000000.0,27527753406.0,7.0,4.543,-344000000.0,-0.487,1.0,7309000000.0,0.585,525000000.0,222000000.0,35912000000.0,32940000000.0,361000000.0,1279000000.0,0.0,1279000000.0,17023000000.0,5081000000.0,11942000000.0,21658753406.0,191000000.0,-566000000.0,0.0,2031000000.0,-480000000.0,1600000000.0,-5439000000.0,57000000.0,4017000000.0,7000000.0,1582000000.0,1582000000.0,1582000000.0,-726000000.0,0.0,0.127,3983000000.0,3326000000.0,2541000000.0,0.304,1.185,13.691,13.688,28272000000.0,0.0,30.66,1.735,1.734,2418000000.0,13890000000.0,12486000000.0,12486000000.0,685000000.0,0.047,0.088,0.123,0.325,0.0,676000000.0,1.0,706417267.0,706000000.0,710000000.0,17.686,34781000000.0,0.0,2248000000.0,4415000000.0,49.265,-1319000000.0
9,MRO,MRY,2011-12-31,2011-12-31,2011-12-31,2021-08-25,-370000000.0,31371000000.0,36066750000.0,3224000000.0,28147000000.0,0.424,24.158,-2986000000.0,493000000.0,493000000.0,6382000000.0,2946000000.0,0.734,0.829,4815000000.0,141000000.0,4674000000.0,4815000000.0,0.0,2263000000.0,0.0,0.027,0.8,5779000000.0,8042000000.0,0.526,8042000000.0,5779000000.0,5672000000.0,4.15,4.13,4.15,17152000000.0,18828000000.0,17152000000.0,21007934744.0,4.0,2.612,3538000000.0,4.983,1.0,8900000000.0,0.582,536000000.0,107000000.0,30763000000.0,31121750000.0,361000000.0,1383000000.0,0.0,1383000000.0,14212000000.0,4394000000.0,9818000000.0,20597934744.0,-3458000000.0,-4470000000.0,-300000000.0,-2877000000.0,-567000000.0,-2295000000.0,-7667000000.0,59000000.0,6524000000.0,-20000000.0,2946000000.0,2946000000.0,2946000000.0,-1228000000.0,0.0,0.193,4070000000.0,4830000000.0,2075000000.0,0.193,1.201,6.992,7.053,25324000000.0,0.0,29.27,1.348,1.36,1952000000.0,12788000000.0,15282000000.0,15282000000.0,641000000.0,0.082,0.156,0.186,0.378,0.0,663000000.0,1.0,703721720.0,710000000.0,714000000.0,21.524,30835000000.0,0.0,2726000000.0,4559000000.0,43.43,-1170000000.0
10,MRO,MRY,2010-12-31,2010-12-31,2010-12-31,2021-08-25,-997000000.0,50014000000.0,48339500000.0,13829000000.0,36185000000.0,0.266,33.48,-3536000000.0,3951000000.0,3951000000.0,4958000000.0,2568000000.0,1.244,1.104,7896000000.0,295000000.0,7601000000.0,7896000000.0,0.0,2056000000.0,0.0,0.027,0.99,4818000000.0,6874000000.0,0.534,6874000000.0,4818000000.0,4743000000.0,3.62,3.61,3.62,23771000000.0,23048750000.0,23771000000.0,32587026252.0,7.0,4.741,2334000000.0,3.287,1.0,7915000000.0,0.615,1380000000.0,75000000.0,41466000000.0,42581500000.0,3453000000.0,1802000000.0,0.0,1802000000.0,26243000000.0,11113000000.0,15130000000.0,26288026252.0,1894000000.0,0.0,0.0,-653000000.0,-704000000.0,-1355000000.0,-2621000000.0,58000000.0,5870000000.0,0.0,2568000000.0,2568000000.0,2568000000.0,-686000000.0,0.0,0.199,3691000000.0,4224000000.0,8467000000.0,0.273,1.106,10.237,10.229,32222000000.0,0.0,37.03,2.042,2.042,6030000000.0,19907000000.0,12873000000.0,12873000000.0,498000000.0,0.053,0.111,0.113,0.374,0.0,491000000.0,1.0,709911592.0,710000000.0,712000000.0,18.131,48634000000.0,0.0,2175000000.0,5340000000.0,68.499,2716000000.0
11,MRO,MRY,2009-12-31,2009-12-31,2009-12-31,2021-08-25,-934000000.0,47052000000.0,45055000000.0,10637000000.0,36415000000.0,0.202,30.903,-3349000000.0,2057000000.0,2057000000.0,3316000000.0,1463000000.0,1.174,1.148,8532000000.0,96000000.0,8436000000.0,8532000000.0,0.0,1934000000.0,0.0,0.031,0.96,3632000000.0,5566000000.0,0.613,5566000000.0,3632000000.0,3510000000.0,2.06,2.06,2.06,21910000000.0,21831250000.0,21910000000.0,29414925552.0,8.0,5.285,1919000000.0,2.707,1.0,5768000000.0,0.635,1422000000.0,122000000.0,43048000000.0,42560500000.0,3622000000.0,1970000000.0,0.0,1970000000.0,25142000000.0,9057000000.0,16085000000.0,22098925552.0,772000000.0,0.0,4000000.0,1412000000.0,-679000000.0,724000000.0,-5238000000.0,59000000.0,5268000000.0,18000000.0,1463000000.0,1463000000.0,1463000000.0,-747000000.0,0.0,0.161,2883000000.0,2885000000.0,7445000000.0,0.466,1.009,15.105,15.155,32121000000.0,0.0,31.22,2.433,2.437,4737000000.0,18043000000.0,9084000000.0,9084000000.0,307000000.0,0.032,0.067,0.085,0.4,0.0,451000000.0,1.0,707845149.0,709000000.0,711000000.0,12.812,45630000000.0,0.0,2047000000.0,5054000000.0,64.358,1580000000.0
12,MRO,MRY,2008-12-31,2008-12-31,2008-12-31,2021-08-25,-593000000.0,42686000000.0,46261750000.0,8403000000.0,34283000000.0,1.685,30.343,-6989000000.0,1285000000.0,1285000000.0,65292000000.0,3528000000.0,1.084,0.994,7185000000.0,98000000.0,7087000000.0,7185000000.0,0.0,2108000000.0,0.0,0.035,0.96,6923000000.0,9031000000.0,0.116,9031000000.0,6923000000.0,6895000000.0,4.97,4.95,4.97,21409000000.0,20778250000.0,21409000000.0,26277566419.0,4.0,2.91,-237000000.0,-0.336,1.0,12673000000.0,0.163,1447000000.0,28000000.0,39386000000.0,38585000000.0,3507000000.0,2080000000.0,0.0,2080000000.0,21277000000.0,7753000000.0,13524000000.0,19304566419.0,86000000.0,0.0,-402000000.0,-126000000.0,-681000000.0,-1193000000.0,-5405000000.0,-24000000.0,6752000000.0,-44000000.0,3528000000.0,3528000000.0,3528000000.0,-144000000.0,0.0,0.045,5894000000.0,6779000000.0,5137000000.0,0.193,0.902,5.472,5.505,29414000000.0,0.0,27.36,0.248,0.248,3619000000.0,17259000000.0,77965000000.0,77965000000.0,489000000.0,0.076,0.17,0.179,0.089,0.0,1382000000.0,1.0,705576258.0,705576258.0,,110.498,41239000000.0,0.0,3367000000.0,5024000000.0,58.447,650000000.0
13,MRO,MRY,2007-12-31,2007-12-31,2007-12-31,2021-08-25,-249000000.0,42746000000.0,35926500000.0,10587000000.0,32159000000.0,1.802,27.064,-3757000000.0,1199000000.0,1199000000.0,54655000000.0,3956000000.0,0.94,1.224,7215000000.0,1131000000.0,6084000000.0,7215000000.0,0.0,1564000000.0,0.0,0.015,0.92,6725000000.0,8289000000.0,0.128,8289000000.0,6725000000.0,6758000000.0,5.73,5.69,5.73,19223000000.0,16628000000.0,19223000000.0,46059633740.0,7.0,5.557,2143000000.0,3.017,1.0,10096000000.0,0.156,2899000000.0,-33000000.0,34603000000.0,27677250000.0,3277000000.0,2630000000.0,0.0,2630000000.0,23523000000.0,11260000000.0,12263000000.0,43227633740.0,-1386000000.0,-3963000000.0,-795000000.0,1547000000.0,-637000000.0,184000000.0,-7481000000.0,-55000000.0,5900000000.0,9000000.0,3956000000.0,3956000000.0,3956000000.0,-190000000.0,0.0,0.061,3726000000.0,6370000000.0,8033000000.0,0.161,2.249,10.927,10.621,24675000000.0,0.0,60.86,0.668,0.668,6258000000.0,14412000000.0,64751000000.0,64751000000.0,454000000.0,0.11,0.238,0.243,0.104,0.0,1315000000.0,1.0,710279884.0,710279884.0,,91.163,39847000000.0,0.0,2802000000.0,4648000000.0,56.1,-673000000.0
14,MRO,MRY,2006-12-31,2006-12-31,2006-12-31,2021-08-25,-368000000.0,30831000000.0,29978500000.0,10096000000.0,20735000000.0,2.183,20.777,-3433000000.0,2585000000.0,2585000000.0,53000000000.0,5234000000.0,1.252,1.075,3532000000.0,471000000.0,3061000000.0,3532000000.0,0.0,1518000000.0,0.0,0.017,0.765,9219000000.0,10737000000.0,0.164,10737000000.0,9219000000.0,9256000000.0,7.31,7.25,7.31,14607000000.0,13678250000.0,14607000000.0,33408603885.0,4.0,3.112,2055000000.0,2.923,1.0,12449000000.0,0.19,1578000000.0,-37000000.0,22139000000.0,21639000000.0,3173000000.0,1539000000.0,0.0,1539000000.0,15706000000.0,8061000000.0,7645000000.0,32515603885.0,-32000000.0,91000000.0,-1648000000.0,-501000000.0,-547000000.0,-2581000000.0,-2955000000.0,281000000.0,5488000000.0,16000000.0,5234000000.0,5234000000.0,5234000000.0,-277000000.0,0.0,0.08,3482000000.0,8967000000.0,6279000000.0,0.105,2.226,6.212,6.327,16653000000.0,0.0,46.25,0.497,0.497,4707000000.0,11093000000.0,65449000000.0,65449000000.0,365000000.0,0.175,0.383,0.426,0.141,0.0,1228000000.0,1.0,703040084.0,703040084.0,,93.094,29253000000.0,0.0,4022000000.0,3126000000.0,41.609,2035000000.0
15,MRO,MRY,2005-12-31,2005-12-31,2005-12-31,2021-08-25,-151000000.0,28498000000.0,26323250000.0,9383000000.0,19115000000.0,2.406,15.97,-2796000000.0,2617000000.0,2617000000.0,55110000000.0,3032000000.0,1.151,1.398,4013000000.0,315000000.0,3698000000.0,4013000000.0,0.0,1303000000.0,0.0,0.02,0.61,4746000000.0,6049000000.0,0.095,6049000000.0,4746000000.0,4746000000.0,4.26,4.22,4.26,11705000000.0,10170250000.0,11705000000.0,25630246152.0,5.0,4.237,1942000000.0,2.65,1.0,8235000000.0,0.13,1507000000.0,0.0,20233000000.0,19945250000.0,3041000000.0,0.0,0.0,0.0,16358000000.0,8154000000.0,8204000000.0,22344246152.0,-752000000.0,-343000000.0,78000000.0,-1928000000.0,-436000000.0,-2345000000.0,-3127000000.0,-13000000.0,4738000000.0,-18000000.0,3032000000.0,3032000000.0,3032000000.0,-45000000.0,0.0,0.048,2993000000.0,5242000000.0,6517000000.0,0.143,1.909,7.369,7.156,15011000000.0,0.0,30.485,0.353,0.353,5930000000.0,6406000000.0,63345000000.0,63345000000.0,217000000.0,0.115,0.298,0.238,0.075,0.0,1155000000.0,1.0,732958706.0,732958706.0,,86.424,26991000000.0,0.0,1714000000.0,3262000000.0,36.825,1229000000.0
16,MRO,MRY,2004-12-31,2004-12-31,2004-12-31,2021-08-25,-64000000.0,23423000000.0,21865000000.0,8866000000.0,14557000000.0,2.276,11.702,-2141000000.0,3369000000.0,3369000000.0,44415000000.0,1261000000.0,1.688,1.556,4073000000.0,16000000.0,4057000000.0,4073000000.0,0.0,1178000000.0,0.0,0.027,0.515,2158000000.0,3336000000.0,0.067,3336000000.0,2158000000.0,1996000000.0,1.875,1.865,1.875,8111000000.0,7653500000.0,8111000000.0,14625343461.0,7.0,4.384,1625000000.0,2.344,1.0,5355000000.0,0.108,370000000.0,162000000.0,18504000000.0,18514250000.0,1995000000.0,0.0,0.0,0.0,12622000000.0,5253000000.0,7369000000.0,13034343461.0,1973000000.0,0.0,1043000000.0,-263000000.0,-348000000.0,527000000.0,-2324000000.0,-145000000.0,3766000000.0,4000000.0,1261000000.0,1261000000.0,1261000000.0,33000000.0,0.0,0.025,2639000000.0,2716000000.0,4753000000.0,0.275,1.607,10.337,10.029,11810000000.0,0.0,18.805,0.262,0.262,5368000000.0,3810000000.0,49770000000.0,49770000000.0,158000000.0,0.058,0.165,0.117,0.043,0.0,1021000000.0,1.0,693131798.0,693131798.0,,71.805,23053000000.0,0.0,735000000.0,1950000000.0,33.259,3613000000.0
17,MRO,MRY,2003-12-31,2003-12-31,2003-12-31,2021-08-25,-112000000.0,19482000000.0,19034750000.0,6044000000.0,13438000000.0,2.166,9.791,-1909000000.0,1396000000.0,1396000000.0,36607000000.0,1321000000.0,1.437,1.876,4357000000.0,272000000.0,4085000000.0,4357000000.0,0.0,1144000000.0,0.0,0.029,0.48,2091000000.0,3235000000.0,0.078,3235000000.0,2091000000.0,1905000000.0,2.13,2.13,2.13,6075000000.0,5645500000.0,6075000000.0,14211092885.0,7.0,4.393,856000000.0,1.38,1.0,4627000000.0,0.112,370000000.0,186000000.0,17866000000.0,18105000000.0,1955000000.0,0.0,0.0,0.0,11396000000.0,4207000000.0,7189000000.0,10266092885.0,908000000.0,360000000.0,11000000.0,-339000000.0,-298000000.0,-888000000.0,-985000000.0,-91000000.0,2765000000.0,8000000.0,1321000000.0,1321000000.0,1321000000.0,-305000000.0,0.0,0.032,2543000000.0,2084000000.0,3611000000.0,0.225,1.69,7.771,7.768,10830000000.0,0.0,16.545,0.249,0.249,4446000000.0,2897000000.0,41234000000.0,41234000000.0,180000000.0,0.069,0.234,0.115,0.051,0.0,920000000.0,1.0,620495188.0,620495188.0,,66.453,19112000000.0,0.0,584000000.0,1736000000.0,30.801,1837000000.0
18,MRO,MRY,2002-12-31,2002-12-31,2002-12-31,2021-08-25,-69000000.0,17812000000.0,17503000000.0,4479000000.0,13333000000.0,1.803,8.2,-1520000000.0,488000000.0,488000000.0,27835000000.0,516000000.0,1.224,2.117,4571000000.0,161000000.0,4410000000.0,4571000000.0,0.0,1151000000.0,0.0,0.042,0.45,1153000000.0,2304000000.0,0.073,2304000000.0,1153000000.0,885000000.0,0.83,0.83,0.83,5082000000.0,4999750000.0,5082000000.0,10961998003.0,10.0,4.758,880000000.0,1.42,1.0,3720000000.0,0.118,393000000.0,268000000.0,17843000000.0,18054500000.0,1984000000.0,0.0,0.0,0.0,10759000000.0,3659000000.0,7100000000.0,6596998003.0,-169000000.0,-1106000000.0,-5000000.0,849000000.0,-285000000.0,88000000.0,-2661000000.0,-224000000.0,2400000000.0,4000000.0,516000000.0,516000000.0,516000000.0,4000000.0,0.0,0.016,2350000000.0,1370000000.0,3090000000.0,0.542,1.298,12.785,12.825,10390000000.0,0.0,10.645,0.209,0.209,4035000000.0,1874000000.0,31555000000.0,31555000000.0,192000000.0,0.029,0.103,0.064,0.037,0.0,823000000.0,1.0,619727384.0,619727384.0,,50.918,17419000000.0,0.0,369000000.0,1752000000.0,28.108,820000000.0
19,MRO,MRY,2001-12-31,2001-12-31,2001-12-31,2021-08-25,34000000.0,16129000000.0,22410750000.0,4411000000.0,11718000000.0,1.475,7.983,-1533000000.0,657000000.0,657000000.0,27586000000.0,157000000.0,1.272,2.265,3647000000.0,215000000.0,3432000000.0,3647000000.0,0.0,1187000000.0,0.0,0.031,0.46,1376000000.0,2563000000.0,0.078,2563000000.0,1376000000.0,1204000000.0,0.61,0.61,0.61,4940000000.0,6912500000.0,4940000000.0,12844792670.0,9.0,5.012,2103000000.0,3.399,1.0,5476000000.0,0.166,149000000.0,172000000.0,15502000000.0,21282250000.0,1851000000.0,0.0,0.0,0.0,11189000000.0,3468000000.0,7721000000.0,9281792670.0,98000000.0,-653000000.0,11000000.0,-160000000.0,-333000000.0,-1290000000.0,-2244000000.0,-66000000.0,3636000000.0,-3000000.0,377000000.0,377000000.0,377000000.0,1240000000.0,-220000000.0,0.011,2368000000.0,3108000000.0,2710000000.0,0.754,1.879,24.62,24.59,9552000000.0,0.0,15.0,0.281,0.281,3399000000.0,1643000000.0,33062000000.0,33062000000.0,127000000.0,0.017,0.055,0.065,0.042,0.0,785000000.0,1.0,618786178.0,618786178.0,,53.43,15980000000.0,0.0,827000000.0,1468000000.0,25.825,943000000.0
20,MRO,MRY,2000-12-31,2000-12-31,2000-12-31,2021-08-25,-50000000.0,17151000000.0,21979750000.0,4985000000.0,12166000000.0,1.541,10.894,-1425000000.0,340000000.0,340000000.0,29834000000.0,411000000.0,1.243,1.536,2165000000.0,228000000.0,1937000000.0,2165000000.0,0.0,1052000000.0,0.0,0.032,0.44,1144000000.0,2196000000.0,0.065,2196000000.0,1144000000.0,908000000.0,0.695,0.695,0.695,6764000000.0,7147750000.0,6764000000.0,12529147673.0,11.0,5.705,1106000000.0,1.781,1.0,4032000000.0,0.119,0.0,236000000.0,14964000000.0,20982250000.0,1867000000.0,2281000000.0,0.0,2281000000.0,10387000000.0,4012000000.0,6375000000.0,8615147673.0,426000000.0,0.0,-104000000.0,-4000000.0,-363000000.0,-911000000.0,-1193000000.0,-329000000.0,2531000000.0,-2000000.0,432000000.0,432000000.0,432000000.0,9000000.0,-21000000.0,0.013,2402000000.0,1630000000.0,3712000000.0,0.633,1.274,19.942,19.964,9375000000.0,0.0,13.875,0.254,0.254,5000000.0,1847000000.0,33866000000.0,33866000000.0,238000000.0,0.02,0.06,0.055,0.034,0.0,637000000.0,1.0,620911544.0,620911544.0,,54.542,17151000000.0,60000000.0,476000000.0,1462000000.0,27.622,973000000.0
21,MRO,MRY,1999-12-31,1999-12-31,1999-12-31,2021-08-25,-27000000.0,22931000000.0,21980500000.0,5956000000.0,16975000000.0,1.077,11.032,-1378000000.0,133000000.0,133000000.0,20830000000.0,698000000.0,1.376,2.345,4466000000.0,61000000.0,4405000000.0,4466000000.0,0.0,950000000.0,0.0,0.034,0.42,1306000000.0,2256000000.0,0.095,2256000000.0,1306000000.0,1018000000.0,1.055,1.055,1.055,6856000000.0,6618750000.0,6856000000.0,11933661591.0,9.0,5.29,558000000.0,0.898,1.0,2836000000.0,0.12,0.0,288000000.0,22936000000.0,22530000000.0,2627000000.0,1237000000.0,0.0,1237000000.0,16075000000.0,4328000000.0,11747000000.0,7671661591.0,-13000000.0,0.0,89000000.0,187000000.0,-354000000.0,-480000000.0,-1468000000.0,-172000000.0,1936000000.0,-1000000.0,698000000.0,698000000.0,698000000.0,-59000000.0,0.0,0.029,1135000000.0,1701000000.0,3877000000.0,0.398,1.119,10.991,11.701,12809000000.0,0.0,12.345,0.324,0.324,2717000000.0,1807000000.0,23666000000.0,23666000000.0,238000000.0,0.032,0.105,0.058,0.055,0.0,-53000000.0,1.0,621438768.0,621438768.0,,38.083,22931000000.0,303000000.0,320000000.0,2122000000.0,36.9,1628000000.0
22,MRO,MRY,1998-12-31,1998-12-31,1998-12-31,2021-08-25,-48000000.0,21133000000.0,21088750000.0,4206000000.0,16927000000.0,1.331,10.988,-1580000000.0,146000000.0,146000000.0,24452000000.0,674000000.0,1.162,2.299,4318000000.0,216000000.0,4102000000.0,4318000000.0,0.0,1224000000.0,0.0,0.028,0.42,1268000000.0,2492000000.0,0.089,2492000000.0,1268000000.0,989000000.0,0.53,0.525,0.53,6405000000.0,5964500000.0,6405000000.0,13177582251.0,10.0,5.288,442000000.0,0.758,1.0,3625000000.0,0.129,0.0,279000000.0,21686000000.0,20838250000.0,2008000000.0,1249000000.0,0.0,1249000000.0,14728000000.0,3619000000.0,11109000000.0,8778582251.0,92000000.0,-686000000.0,473000000.0,315000000.0,-342000000.0,227000000.0,-2158000000.0,-215000000.0,2022000000.0,1000000.0,674000000.0,665000000.0,665000000.0,0.0,0.0,0.024,2108000000.0,1517000000.0,2958000000.0,0.792,1.371,13.201,28.415,12929000000.0,9000000.0,15.06,0.313,0.313,1663000000.0,1467000000.0,28077000000.0,28077000000.0,313000000.0,0.032,0.111,0.061,0.045,0.0,571000000.0,1.0,582907188.0,582907188.0,,48.167,21133000000.0,217000000.0,315000000.0,1824000000.0,36.254,587000000.0
23,MRO,MRY,1997-12-31,1997-12-31,1997-12-31,2021-08-25,-37000000.0,17284000000.0,17132000000.0,3472000000.0,13812000000.0,1.324,9.349,-1373000000.0,54000000.0,54000000.0,19317000000.0,988000000.0,0.986,2.201,3706000000.0,592000000.0,3114000000.0,3706000000.0,0.0,987000000.0,0.0,0.023,0.38,1795000000.0,2782000000.0,0.123,2782000000.0,1795000000.0,1448000000.0,0.795,0.79,0.795,5400000000.0,5211000000.0,5400000000.0,,,,91000000.0,0.158,1.0,3363000000.0,0.148,0.0,347000000.0,17413000000.0,17556000000.0,1685000000.0,1223000000.0,0.0,1223000000.0,11884000000.0,3523000000.0,8361000000.0,9746728076.0,-1000000.0,533000000.0,82000000.0,-734000000.0,-316000000.0,-968000000.0,-495000000.0,-241000000.0,1464000000.0,-2000000.0,998000000.0,985000000.0,985000000.0,-80000000.0,-10000000.0,0.043,1658000000.0,1705000000.0,2532000000.0,0.478,1.805,9.895,21.226,10062000000.0,13000000.0,16.875,0.43,0.43,1417000000.0,1138000000.0,22680000000.0,22680000000.0,189000000.0,0.057,0.189,0.102,0.079,0.0,502000000.0,1.0,577583886.0,577583886.0,,39.267,17284000000.0,229000000.0,450000000.0,1657000000.0,29.925,-51000000.0
24,MRO,MRY,1996-12-31,1996-12-31,1996-12-31,2021-08-25,0.0,16980000000.0,,3402000000.0,13578000000.0,,,-1168000000.0,55000000.0,55000000.0,20132000000.0,943000000.0,0.967,2.381,4293000000.0,434000000.0,3859000000.0,4293000000.0,0.0,1012000000.0,0.0,0.029,0.35,1776000000.0,2788000000.0,0.121,2788000000.0,1776000000.0,1355000000.0,1.155,1.145,1.155,5022000000.0,,5022000000.0,,,,481000000.0,,1.0,2845000000.0,0.124,0.0,421000000.0,17699000000.0,,1939000000.0,854000000.0,0.0,854000000.0,11958000000.0,3519000000.0,8439000000.0,,-76000000.0,-32000000.0,53000000.0,-673000000.0,-307000000.0,-927000000.0,-799000000.0,-85000000.0,1649000000.0,1000000.0,943000000.0,921000000.0,921000000.0,-6000000.0,0.0,0.04,1066000000.0,1779000000.0,2679000000.0,0.303,,,10.333,10404000000.0,22000000.0,11.935,,,1270000000.0,517000000.0,22977000000.0,22977000000.0,146000000.0,,,,0.077,0.0,-65000000.0,1.0,,,,,16980000000.0,57000000.0,412000000.0,1401000000.0,,-117000000.0
25,MRO,MRY,1995-12-31,1995-12-31,1995-12-31,2021-08-25,,,,,,,,-1016000000.0,,,17635000000.0,214000000.0,,,,,,,,1160000000.0,,0.035,0.34,723000000.0,1883000000.0,0.092,1883000000.0,723000000.0,257000000.0,-0.165,-0.165,-0.165,,,,,,,616000000.0,,1.0,2778000000.0,0.136,,466000000.0,,,,,,,,,,,83000000.0,3000000.0,217000000.0,-511000000.0,-295000000.0,-694000000.0,-855000000.0,0.0,1632000000.0,0.0,214000000.0,186000000.0,186000000.0,-4000000.0,0.0,0.009,2052000000.0,726000000.0,,-2.061,,,-59.091,,28000000.0,9.75,,,,,20413000000.0,20413000000.0,149000000.0,,,,0.035,0.0,93000000.0,1.0,,,,,,,43000000.0,,,
0,MRO,MRQ,2021-06-30,2021-06-30,2021-06-30,2021-08-25,77000000.0,17800000000.0,,2075000000.0,15725000000.0,,13.478,-274000000.0,970000000.0,970000000.0,293000000.0,16000000.0,1.317,0.674,4908000000.0,33000000.0,4875000000.0,4908000000.0,0.0,532000000.0,0.0,0.007,0.04,85000000.0,617000000.0,0.54,617000000.0,85000000.0,26000000.0,0.02,0.02,0.02,10634000000.0,,10634000000.0,15014644296.0,-46.0,8.435,381000000.0,0.483,1.0,850000000.0,0.744,0.0,59000000.0,20163000000.0,,78000000.0,458000000.0,0.0,458000000.0,7166000000.0,1575000000.0,5591000000.0,10734644296.0,-155000000.0,12000000.0,0.0,-519000000.0,-32000000.0,-554000000.0,-256000000.0,6000000.0,655000000.0,0.0,16000000.0,16000000.0,16000000.0,0.0,0.0,0.014,745000000.0,105000000.0,986000000.0,2.0,1.009,-19.806,-20.029,15019000000.0,0.0,13.62,2.826,2.829,1008000000.0,6524000000.0,1143000000.0,1143000000.0,25000000.0,,,,,11000000.0,68000000.0,1.0,788153032.0,789000000.0,789000000.0,1.449,17800000000.0,0.0,10000000.0,251000000.0,22.56,500000000.0
1,MRO,MRQ,2021-03-31,2021-03-31,2021-03-31,2021-08-25,112000000.0,18233000000.0,,2150000000.0,16083000000.0,,13.525,-209000000.0,1125000000.0,1125000000.0,273000000.0,97000000.0,1.132,0.709,5405000000.0,500000000.0,4905000000.0,5405000000.0,0.0,496000000.0,0.0,0.006,0.03,120000000.0,616000000.0,0.575,616000000.0,120000000.0,107000000.0,0.12,0.12,0.12,10671000000.0,,10671000000.0,13089331552.0,-12.0,12.302,413000000.0,0.523,1.0,798000000.0,0.745,0.0,13000000.0,20614000000.0,,78000000.0,460000000.0,0.0,460000000.0,7562000000.0,1899000000.0,5663000000.0,8427331552.0,383000000.0,3000000.0,-9000000.0,0.0,-23000000.0,-32000000.0,-207000000.0,0.0,622000000.0,0.0,97000000.0,97000000.0,97000000.0,0.0,0.0,0.091,681000000.0,117000000.0,955000000.0,0.25,0.79,-6.443,-6.473,15313000000.0,0.0,10.68,2.879,2.879,921000000.0,6540000000.0,1071000000.0,1071000000.0,21000000.0,,,,,6000000.0,89000000.0,1.0,789075988.0,789000000.0,789000000.0,1.357,18233000000.0,0.0,10000000.0,238000000.0,23.109,251000000.0
2,MRO,MRQ,2020-12-31,2020-12-31,2020-12-31,2021-08-25,73000000.0,17956000000.0,,1612000000.0,16344000000.0,,13.335,-253000000.0,742000000.0,742000000.0,301000000.0,-338000000.0,1.329,0.7,5404000000.0,0.0,5404000000.0,5404000000.0,0.0,521000000.0,0.0,0.012,0.03,-280000000.0,241000000.0,0.29,241000000.0,-280000000.0,-341000000.0,-0.42,-0.42,-0.42,10561000000.0,,10561000000.0,10051241438.0,-8.0,9.08,165000000.0,0.208,1.0,529000000.0,0.637,0.0,61000000.0,21405000000.0,,76000000.0,447000000.0,0.0,447000000.0,7395000000.0,1213000000.0,6182000000.0,5265241438.0,-377000000.0,9000000.0,0.0,-527000000.0,-24000000.0,-552000000.0,-243000000.0,0.0,418000000.0,0.0,-338000000.0,-338000000.0,-338000000.0,0.0,0.0,-0.407,779000000.0,-250000000.0,894000000.0,-0.071,0.499,-3.629,-3.645,15638000000.0,0.0,6.67,1.706,1.712,747000000.0,6466000000.0,830000000.0,830000000.0,100000000.0,,,,,14000000.0,57000000.0,1.0,789391520.0,792000000.0,792000000.0,1.048,17956000000.0,0.0,-3000000.0,235000000.0,22.672,399000000.0
3,MRO,MRQ,2020-09-30,2020-09-30,2020-09-30,2021-08-25,57000000.0,18663000000.0,,1922000000.0,16741000000.0,,13.787,-144000000.0,1119000000.0,1119000000.0,312000000.0,-317000000.0,1.227,0.713,5905000000.0,500000000.0,5405000000.0,5905000000.0,0.0,554000000.0,0.0,0.024,0.0,-248000000.0,306000000.0,0.406,306000000.0,-248000000.0,-310000000.0,-0.4,-0.4,-0.4,10892000000.0,,10892000000.0,8209806414.0,-9.0,5.31,201000000.0,0.254,1.0,442000000.0,0.586,0.0,62000000.0,21883000000.0,,77000000.0,467000000.0,0.0,467000000.0,7771000000.0,1566000000.0,6205000000.0,3228806414.0,597000000.0,-4000000.0,0.0,400000000.0,0.0,397000000.0,-145000000.0,0.0,345000000.0,0.0,-317000000.0,-317000000.0,-317000000.0,0.0,0.0,-0.42,684000000.0,-242000000.0,802000000.0,0.0,0.296,-2.85,-2.84,16029000000.0,0.0,4.09,0.93,0.931,643000000.0,6828000000.0,754000000.0,754000000.0,27000000.0,,,,,15000000.0,53000000.0,1.0,789439221.0,790000000.0,790000000.0,0.954,18663000000.0,0.0,7000000.0,229000000.0,23.624,356000000.0
4,MRO,MRQ,2020-06-30,2020-06-30,2020-06-30,2021-08-25,37000000.0,18567000000.0,,1405000000.0,17162000000.0,,14.146,-326000000.0,522000000.0,522000000.0,234000000.0,-750000000.0,1.319,0.661,5503000000.0,0.0,5503000000.0,5503000000.0,0.0,597000000.0,0.0,0.025,0.0,-696000000.0,-99000000.0,-0.364,-99000000.0,-696000000.0,-765000000.0,-0.95,-0.95,-0.95,11175000000.0,,11175000000.0,9521712218.0,-25.0,4.532,-317000000.0,-0.401,1.0,38000000.0,0.14,0.0,69000000.0,22483000000.0,,77000000.0,555000000.0,79000000.0,476000000.0,7392000000.0,1065000000.0,6327000000.0,4836712218.0,-295000000.0,9000000.0,0.0,0.0,0.0,0.0,-304000000.0,0.0,9000000.0,0.0,-750000000.0,-750000000.0,-750000000.0,0.0,0.0,-2.757,741000000.0,-703000000.0,772000000.0,0.0,0.433,-7.43,-7.373,16424000000.0,0.0,6.12,1.191,1.19,620000000.0,7145000000.0,272000000.0,272000000.0,26000000.0,,,,,13000000.0,88000000.0,1.0,790312454.0,790000000.0,790000000.0,0.344,18567000000.0,0.0,-15000000.0,248000000.0,23.503,340000000.0
5,MRO,MRQ,2020-03-31,2020-03-31,2020-03-31,2021-08-25,83000000.0,19715000000.0,,1909000000.0,17806000000.0,,15.06,-620000000.0,817000000.0,817000000.0,304000000.0,-46000000.0,1.324,0.649,5502000000.0,0.0,5502000000.0,5502000000.0,0.0,644000000.0,0.0,0.061,0.05,15000000.0,659000000.0,0.536,659000000.0,15000000.0,-49000000.0,-0.06,-0.06,-0.06,11958000000.0,,11958000000.0,7261346497.0,13.0,2.371,81000000.0,0.102,1.0,926000000.0,0.753,0.0,64000000.0,22958000000.0,,78000000.0,821000000.0,193000000.0,628000000.0,7757000000.0,1442000000.0,6315000000.0,2618346497.0,-41000000.0,3000000.0,-92000000.0,0.0,-40000000.0,-131000000.0,-611000000.0,7000000.0,701000000.0,0.0,-46000000.0,-46000000.0,-46000000.0,0.0,0.0,-0.037,911000000.0,15000000.0,1172000000.0,-0.833,0.219,10.071,10.281,16903000000.0,0.0,3.29,0.501,0.5,703000000.0,7895000000.0,1230000000.0,1230000000.0,28000000.0,,,,,15000000.0,76000000.0,1.0,795849999.0,794000000.0,794000000.0,1.549,19715000000.0,0.0,-3000000.0,257000000.0,24.83,467000000.0
6,MRO,MRQ,2019-12-31,2019-12-31,2019-12-31,2021-08-25,105000000.0,20245000000.0,,2135000000.0,18110000000.0,,15.172,-616000000.0,858000000.0,858000000.0,312000000.0,-20000000.0,1.223,0.666,5501000000.0,0.0,5501000000.0,5501000000.0,0.0,616000000.0,0.0,0.015,0.05,64000000.0,680000000.0,0.56,680000000.0,64000000.0,-3000000.0,-0.03,-0.03,-0.03,12153000000.0,,12153000000.0,15201029587.0,24.0,5.012,84000000.0,0.105,1.0,903000000.0,0.743,95000000.0,67000000.0,23048000000.0,,72000000.0,663000000.0,0.0,663000000.0,8092000000.0,1745000000.0,6347000000.0,10863029587.0,-307000000.0,-285000000.0,-66000000.0,-2000000.0,-40000000.0,-113000000.0,-894000000.0,13000000.0,700000000.0,0.0,-20000000.0,-20000000.0,-20000000.0,0.0,0.0,-0.016,830000000.0,73000000.0,1419000000.0,-1.667,0.894,22.631,23.017,17000000000.0,0.0,13.58,2.093,2.119,1122000000.0,7993000000.0,1215000000.0,1215000000.0,42000000.0,,,,,15000000.0,93000000.0,1.0,799928541.0,801000000.0,801000000.0,1.517,20150000000.0,0.0,17000000.0,304000000.0,25.156,390000000.0
7,MRO,MRQ,2019-09-30,2019-09-30,2019-09-30,2021-08-25,112000000.0,20373000000.0,,2520000000.0,17853000000.0,,15.3,-672000000.0,1165000000.0,1165000000.0,301000000.0,165000000.0,1.059,0.66,5503000000.0,600000000.0,4903000000.0,5503000000.0,0.0,622000000.0,0.0,0.016,0.05,239000000.0,861000000.0,0.64,861000000.0,239000000.0,175000000.0,0.21,0.21,0.21,12271000000.0,,12271000000.0,14406597193.0,14.0,4.2,65000000.0,0.081,1.0,1044000000.0,0.776,95000000.0,64000000.0,22237000000.0,,71000000.0,667000000.0,0.0,667000000.0,8102000000.0,2379000000.0,5723000000.0,9865597193.0,-131000000.0,-153000000.0,-30000000.0,0.0,-40000000.0,-72000000.0,-795000000.0,2000000.0,737000000.0,-1000000.0,165000000.0,165000000.0,165000000.0,0.0,0.0,0.123,807000000.0,237000000.0,1466000000.0,0.238,0.804,11.085,11.257,16717000000.0,0.0,12.27,1.719,1.714,1148000000.0,8053000000.0,1345000000.0,1345000000.0,22000000.0,,,,,13000000.0,82000000.0,1.0,804042151.0,802000000.0,803000000.0,1.677,20278000000.0,0.0,10000000.0,269000000.0,25.284,141000000.0
8,MRO,MRQ,2019-06-30,2019-06-30,2019-06-30,2021-08-25,50000000.0,21282000000.0,,2688000000.0,18594000000.0,,14.884,-647000000.0,961000000.0,961000000.0,363000000.0,161000000.0,1.088,0.759,5502000000.0,600000000.0,4902000000.0,5502000000.0,0.0,605000000.0,0.0,0.014,0.05,257000000.0,862000000.0,0.602,862000000.0,257000000.0,193000000.0,0.2,0.2,0.2,12101000000.0,,12101000000.0,16104588506.0,13.0,4.461,150000000.0,0.185,1.0,1070000000.0,0.747,95000000.0,64000000.0,23257000000.0,,72000000.0,684000000.0,0.0,684000000.0,9181000000.0,2471000000.0,6710000000.0,11622588506.0,-46000000.0,56000000.0,-236000000.0,0.0,-41000000.0,-278000000.0,-565000000.0,37000000.0,797000000.0,0.0,161000000.0,161000000.0,161000000.0,0.0,0.0,0.112,815000000.0,255000000.0,1489000000.0,0.25,0.96,11.872,12.042,16730000000.0,0.0,14.21,1.917,1.906,1144000000.0,7928000000.0,1433000000.0,1433000000.0,26000000.0,,,,,18000000.0,87000000.0,1.0,817916151.0,813000000.0,814000000.0,1.763,21187000000.0,0.0,32000000.0,261000000.0,26.06,217000000.0
9,MRO,MRQ,2019-03-31,2019-03-31,2019-03-31,2021-08-25,59000000.0,21410000000.0,,2776000000.0,18634000000.0,,14.906,-615000000.0,1019000000.0,1019000000.0,341000000.0,174000000.0,1.494,0.754,5501000000.0,0.0,5501000000.0,5501000000.0,0.0,554000000.0,0.0,0.012,0.05,76000000.0,630000000.0,0.526,630000000.0,76000000.0,27000000.0,0.21,0.21,0.21,12208000000.0,,12208000000.0,17714209510.0,15.0,4.969,-100000000.0,-0.122,1.0,856000000.0,0.715,97000000.0,49000000.0,23937000000.0,,83000000.0,719000000.0,0.0,719000000.0,9202000000.0,1858000000.0,7344000000.0,13677209510.0,-120000000.0,13000000.0,-30000000.0,0.0,-41000000.0,-72000000.0,-564000000.0,12000000.0,515000000.0,1000000.0,174000000.0,174000000.0,174000000.0,0.0,0.0,0.145,785000000.0,71000000.0,1386000000.0,0.238,1.12,14.964,15.33,16714000000.0,0.0,16.71,2.262,2.264,1086000000.0,7808000000.0,1197000000.0,1197000000.0,59000000.0,,,,,14000000.0,94000000.0,1.0,818504459.0,819000000.0,820000000.0,1.462,21313000000.0,0.0,-147000000.0,341000000.0,26.023,918000000.0
10,MRO,MRQ,2018-12-31,2018-12-31,2018-12-31,2021-08-25,63000000.0,21321000000.0,,2921000000.0,18400000000.0,,14.647,-684000000.0,1462000000.0,1462000000.0,372000000.0,390000000.0,1.594,0.758,5499000000.0,0.0,5499000000.0,5499000000.0,0.0,613000000.0,0.0,0.014,0.05,464000000.0,1077000000.0,0.61,1077000000.0,464000000.0,406000000.0,0.47,0.46,0.47,12128000000.0,,12128000000.0,15854496062.0,10.0,3.873,171000000.0,0.207,1.0,1393000000.0,0.789,97000000.0,58000000.0,23429000000.0,,96000000.0,745000000.0,0.0,745000000.0,9193000000.0,1832000000.0,7361000000.0,11920496062.0,-98000000.0,15000000.0,-364000000.0,0.0,-41000000.0,-404000000.0,-549000000.0,9000000.0,855000000.0,0.0,390000000.0,390000000.0,390000000.0,0.0,0.0,0.221,926000000.0,467000000.0,1474000000.0,0.106,0.983,10.876,11.031,16804000000.0,0.0,14.34,1.811,1.843,1079000000.0,7706000000.0,1765000000.0,1765000000.0,116000000.0,,,,,9000000.0,88000000.0,1.0,831275876.0,828000000.0,829000000.0,2.132,21224000000.0,0.0,16000000.0,380000000.0,25.633,1089000000.0
11,MRO,MRQ,2018-09-30,2018-09-30,2018-09-30,2021-08-25,-21000000.0,21778000000.0,,3065000000.0,18713000000.0,,14.203,-769000000.0,1564000000.0,1564000000.0,367000000.0,254000000.0,1.431,0.808,5498000000.0,0.0,5498000000.0,5498000000.0,0.0,626000000.0,0.0,0.009,0.05,415000000.0,1041000000.0,0.624,1041000000.0,415000000.0,357000000.0,0.3,0.3,0.3,12044000000.0,,12044000000.0,23714553753.0,17.0,6.236,194000000.0,0.229,1.0,1300000000.0,0.78,97000000.0,58000000.0,23473000000.0,,110000000.0,757000000.0,0.0,757000000.0,9734000000.0,2142000000.0,7592000000.0,19884553753.0,-103000000.0,66000000.0,-338000000.0,0.0,-43000000.0,-377000000.0,-689000000.0,16000000.0,963000000.0,0.0,254000000.0,254000000.0,254000000.0,0.0,0.0,0.152,877000000.0,423000000.0,1606000000.0,0.167,1.651,29.328,29.1,16899000000.0,0.0,23.28,3.208,3.185,1335000000.0,7357000000.0,1667000000.0,1667000000.0,56000000.0,,,,,16000000.0,101000000.0,1.0,854147498.0,848000000.0,849000000.0,1.966,21681000000.0,0.0,103000000.0,343000000.0,25.567,923000000.0
12,MRO,MRQ,2018-06-30,2018-06-30,2018-06-30,2021-08-25,-41000000.0,21871000000.0,,3087000000.0,18784000000.0,,14.206,-638000000.0,1667000000.0,1667000000.0,331000000.0,96000000.0,1.51,0.803,5497000000.0,0.0,5497000000.0,5497000000.0,0.0,612000000.0,0.0,0.01,0.05,205000000.0,817000000.0,0.577,817000000.0,205000000.0,140000000.0,0.11,0.11,0.11,12132000000.0,,12132000000.0,21679627174.0,39.0,7.275,129000000.0,0.151,1.0,1086000000.0,0.766,98000000.0,65000000.0,23559000000.0,,117000000.0,788000000.0,0.0,788000000.0,9739000000.0,2044000000.0,7695000000.0,17797627174.0,54000000.0,-18000000.0,-2000000.0,0.0,-43000000.0,-29000000.0,-681000000.0,23000000.0,767000000.0,-3000000.0,96000000.0,96000000.0,96000000.0,0.0,0.0,0.068,881000000.0,205000000.0,1537000000.0,0.455,1.467,-101.701,-104.3,16881000000.0,0.0,20.86,3.077,3.08,1176000000.0,7146000000.0,1417000000.0,1417000000.0,65000000.0,,,,,14000000.0,105000000.0,1.0,853194016.0,854000000.0,855000000.0,1.659,21773000000.0,0.0,44000000.0,336000000.0,25.495,1043000000.0
13,MRO,MRQ,2018-03-31,2018-03-31,2018-03-31,2021-08-25,-58000000.0,21634000000.0,,2902000000.0,18732000000.0,,14.141,-662000000.0,1613000000.0,1613000000.0,347000000.0,356000000.0,1.52,0.798,5495000000.0,0.0,5495000000.0,5495000000.0,0.0,590000000.0,0.0,0.012,0.05,569000000.0,1159000000.0,0.669,1159000000.0,569000000.0,524000000.0,0.42,0.42,0.42,12034000000.0,,12034000000.0,18637562119.0,55.0,6.795,-13000000.0,-0.015,1.0,1386000000.0,0.8,98000000.0,45000000.0,23509000000.0,,110000000.0,806000000.0,0.0,806000000.0,9600000000.0,1909000000.0,7691000000.0,13706562119.0,1050000000.0,1176000000.0,-9000000.0,0.0,-42000000.0,-49000000.0,449000000.0,9000000.0,649000000.0,1000000.0,356000000.0,356000000.0,356000000.0,0.0,0.0,0.205,814000000.0,572000000.0,1420000000.0,0.119,1.139,-33.431,-34.319,16931000000.0,0.0,16.13,2.526,2.53,1100000000.0,7093000000.0,1733000000.0,1733000000.0,52000000.0,,,,,14000000.0,100000000.0,1.0,849755866.0,851000000.0,852000000.0,2.036,21536000000.0,0.0,168000000.0,349000000.0,25.307,993000000.0
14,MRO,MRQ,2017-12-31,2017-12-31,2017-12-31,2021-08-25,-62000000.0,22012000000.0,,2566000000.0,19446000000.0,,13.774,-669000000.0,563000000.0,563000000.0,357000000.0,-28000000.0,1.304,0.88,5494000000.0,0.0,5494000000.0,5494000000.0,0.0,583000000.0,0.0,0.012,0.05,203000000.0,786000000.0,0.569,786000000.0,203000000.0,132000000.0,-0.03,-0.03,-0.03,11708000000.0,,11708000000.0,19077803427.0,-4.0,-7.053,-168000000.0,-0.198,1.0,1025000000.0,0.742,115000000.0,71000000.0,24860000000.0,,126000000.0,1595000000.0,748000000.0,847000000.0,10304000000.0,1968000000.0,8336000000.0,14384803427.0,-1232000000.0,-33000000.0,-1000000.0,-1000000000.0,-42000000.0,-1043000000.0,-691000000.0,15000000.0,501000000.0,1000000.0,-28000000.0,-28000000.0,-28000000.0,0.0,0.0,-0.02,814000000.0,211000000.0,1503000000.0,-1.667,1.229,-2.514,-2.516,17665000000.0,0.0,16.93,3.019,3.02,1082000000.0,6779000000.0,1382000000.0,1382000000.0,57000000.0,,,,,11000000.0,95000000.0,1.0,849663522.0,850000000.0,850000000.0,1.626,21897000000.0,0.0,160000000.0,1010000000.0,25.761,598000000.0
15,MRO,MRQ,2017-09-30,2017-09-30,2017-09-30,2021-08-25,-54000000.0,22947000000.0,,3690000000.0,19257000000.0,,13.853,-530000000.0,1795000000.0,1795000000.0,355000000.0,-599000000.0,2.094,0.949,6488000000.0,0.0,6488000000.0,6488000000.0,0.0,641000000.0,0.0,0.015,0.05,-423000000.0,218000000.0,0.174,218000000.0,-423000000.0,-458000000.0,-0.7,-0.7,-0.7,11775000000.0,,11775000000.0,16172761447.0,-3.0,-5.623,34000000.0,0.04,1.0,897000000.0,0.716,115000000.0,35000000.0,25763000000.0,,132000000.0,1581000000.0,745000000.0,836000000.0,11172000000.0,1762000000.0,9410000000.0,11523761447.0,-819000000.0,31000000.0,0.0,-821000000.0,-43000000.0,-864000000.0,-520000000.0,0.0,564000000.0,1000000.0,-599000000.0,-599000000.0,-599000000.0,0.0,0.0,-0.478,1269000000.0,-372000000.0,1412000000.0,-0.071,0.979,-1.631,-1.622,17645000000.0,0.0,13.56,2.557,2.557,945000000.0,6849000000.0,1252000000.0,1252000000.0,294000000.0,,,,,12000000.0,89000000.0,1.0,849834915.0,850000000.0,850000000.0,1.473,22832000000.0,0.0,141000000.0,1006000000.0,26.861,1928000000.0
16,MRO,MRQ,2017-06-30,2017-06-30,2017-06-30,2021-08-25,-54000000.0,24241000000.0,,4424000000.0,19817000000.0,,14.594,-492000000.0,2614000000.0,2614000000.0,327000000.0,-139000000.0,2.125,0.954,7263000000.0,548000000.0,6715000000.0,7263000000.0,0.0,592000000.0,0.0,0.017,0.05,-12000000.0,580000000.0,0.548,580000000.0,-12000000.0,-98000000.0,-0.16,-0.16,-0.16,12405000000.0,,12405000000.0,14846402131.0,-3.0,-5.337,-165000000.0,-0.194,1.0,732000000.0,0.691,115000000.0,86000000.0,26693000000.0,,140000000.0,1563000000.0,742000000.0,821000000.0,11836000000.0,2082000000.0,9754000000.0,10072402131.0,124000000.0,78000000.0,-3000000.0,-1000000.0,-43000000.0,-46000000.0,-374000000.0,37000000.0,327000000.0,1000000.0,-139000000.0,-139000000.0,-139000000.0,-14000000.0,0.0,-0.131,757000000.0,-25000000.0,1250000000.0,-0.312,0.812,-1.513,-1.502,18337000000.0,0.0,11.85,2.373,2.373,767000000.0,7491000000.0,1059000000.0,1059000000.0,30000000.0,,,,,12000000.0,90000000.0,1.0,849991741.0,850000000.0,850000000.0,1.246,24126000000.0,0.0,41000000.0,917000000.0,28.384,2342000000.0
17,MRO,MRQ,2017-03-31,2017-03-31,2017-03-31,2021-08-25,-48000000.0,24537000000.0,,3743000000.0,20794000000.0,,14.822,-283000000.0,2490000000.0,2490000000.0,276000000.0,-4957000000.0,1.208,0.95,7264000000.0,1541000000.0,5723000000.0,7264000000.0,0.0,556000000.0,0.0,0.013,0.05,-4845000000.0,-4289000000.0,-4.001,-4289000000.0,-4845000000.0,-4923000000.0,-5.84,-5.84,-5.84,12584000000.0,,12584000000.0,18170778897.0,-4.0,-6.085,313000000.0,0.369,1.0,796000000.0,0.743,115000000.0,78000000.0,26097000000.0,,145000000.0,906000000.0,0.0,906000000.0,11953000000.0,3099000000.0,8854000000.0,13385778897.0,2000000.0,-180000000.0,-7000000.0,0.0,-42000000.0,-50000000.0,-459000000.0,12000000.0,596000000.0,1000000.0,-4957000000.0,-4957000000.0,-4957000000.0,4907000000.0,0.0,-4.624,724000000.0,72000000.0,1151000000.0,-0.009,1.064,-2.001,-1.992,16533000000.0,0.0,15.8,3.121,3.128,751000000.0,7673000000.0,1072000000.0,1072000000.0,28000000.0,,,,,14000000.0,97000000.0,1.0,847201196.0,849000000.0,849000000.0,1.263,24422000000.0,0.0,34000000.0,881000000.0,28.766,644000000.0
18,MRO,MRQ,2016-12-31,2016-12-31,2016-12-31,2021-08-25,-83000000.0,31094000000.0,,3665000000.0,27429000000.0,,20.661,-255000000.0,2488000000.0,2488000000.0,343000000.0,-1371000000.0,1.636,0.773,7267000000.0,686000000.0,6581000000.0,7267000000.0,0.0,573000000.0,0.0,0.012,0.05,42000000.0,615000000.0,0.547,615000000.0,42000000.0,-34000000.0,-1.66,-1.66,-1.66,17541000000.0,,17541000000.0,19990227395.0,-23.0,15.728,23000000.0,0.027,1.0,781000000.0,0.695,115000000.0,76000000.0,33518000000.0,,136000000.0,931000000.0,0.0,931000000.0,13553000000.0,2240000000.0,11313000000.0,14665227395.0,700000000.0,382000000.0,-1000000.0,0.0,-43000000.0,-43000000.0,166000000.0,8000000.0,278000000.0,0.0,-1371000000.0,-1371000000.0,-1371000000.0,-12000000.0,0.0,-1.22,649000000.0,132000000.0,1096000000.0,-0.03,0.836,-6.853,-6.632,16727000000.0,0.0,17.31,3.873,3.744,748000000.0,12672000000.0,1124000000.0,1124000000.0,34000000.0,,,,,14000000.0,-15000000.0,1.0,847211288.0,849000000.0,849000000.0,1.324,30979000000.0,0.0,1337000000.0,863000000.0,36.489,1425000000.0
19,MRO,MRQ,2016-09-30,2016-09-30,2016-09-30,2021-08-25,-137000000.0,32310000000.0,,3042000000.0,29268000000.0,,22.34,-221000000.0,1953000000.0,1953000000.0,423000000.0,-192000000.0,2.161,0.708,7278000000.0,1000000.0,7277000000.0,7278000000.0,0.0,522000000.0,0.0,0.013,0.05,-210000000.0,312000000.0,0.315,312000000.0,-210000000.0,-299000000.0,-0.23,-0.23,-0.23,18922000000.0,,18922000000.0,18092157075.0,-10.0,86.565,146000000.0,0.172,1.0,567000000.0,0.573,115000000.0,89000000.0,36112000000.0,,221000000.0,931000000.0,0.0,931000000.0,13388000000.0,1408000000.0,11980000000.0,13395157075.0,-730000000.0,-734000000.0,-1000000.0,-1000000.0,-42000000.0,-44000000.0,-954000000.0,10000000.0,367000000.0,0.0,-192000000.0,-192000000.0,-192000000.0,-14000000.0,0.0,-0.194,791000000.0,-224000000.0,1085000000.0,-0.217,0.708,-8.576,-7.319,25976000000.0,0.0,15.81,4.147,4.146,783000000.0,14086000000.0,990000000.0,990000000.0,83000000.0,,,,,11000000.0,104000000.0,1.0,847258512.0,847000000.0,847000000.0,1.169,32195000000.0,0.0,-107000000.0,2465000000.0,38.011,1634000000.0
20,MRO,MRQ,2016-06-30,2016-06-30,2016-06-30,2021-08-25,-140000000.0,32527000000.0,,3754000000.0,28773000000.0,,22.586,-287000000.0,2584000000.0,2584000000.0,347000000.0,-170000000.0,2.716,0.698,7281000000.0,1000000.0,7280000000.0,7281000000.0,0.0,512000000.0,0.0,0.024,0.05,-136000000.0,376000000.0,0.341,376000000.0,-136000000.0,-224000000.0,-0.2,-0.2,-0.2,19153000000.0,,19153000000.0,17932200578.0,-7.0,-39.325,-105000000.0,-0.124,1.0,756000000.0,0.685,115000000.0,88000000.0,35727000000.0,,272000000.0,944000000.0,0.0,944000000.0,13374000000.0,1382000000.0,11992000000.0,12723200578.0,540000000.0,669000000.0,0.0,0.0,-43000000.0,-43000000.0,376000000.0,23000000.0,182000000.0,-3000000.0,-170000000.0,-170000000.0,-170000000.0,32000000.0,0.0,-0.154,860000000.0,-104000000.0,1067000000.0,-0.25,0.664,-6.004,-4.938,25657000000.0,0.0,15.01,3.571,3.572,822000000.0,14320000000.0,1103000000.0,1103000000.0,182000000.0,,,,,13000000.0,131000000.0,1.0,847648273.0,848000000.0,848000000.0,1.301,32412000000.0,0.0,-54000000.0,2477000000.0,38.222,2372000000.0
21,MRO,MRQ,2016-03-31,2016-03-31,2016-03-31,2021-08-25,-150000000.0,32868000000.0,,3268000000.0,29600000000.0,,26.508,-441000000.0,2072000000.0,2072000000.0,336000000.0,-407000000.0,2.142,0.699,7281000000.0,1000000.0,7280000000.0,7281000000.0,0.0,549000000.0,0.0,0.047,0.05,-581000000.0,-32000000.0,-0.056,-32000000.0,-581000000.0,-660000000.0,-0.56,-0.56,-0.56,19351000000.0,,19351000000.0,13596517181.0,-5.0,-32.763,-367000000.0,-0.503,1.0,234000000.0,0.411,115000000.0,79000000.0,36436000000.0,,306000000.0,959000000.0,0.0,959000000.0,13517000000.0,1526000000.0,11991000000.0,7540517181.0,859000000.0,0.0,1232000000.0,0.0,-34000000.0,1198000000.0,-421000000.0,14000000.0,74000000.0,0.0,-407000000.0,-407000000.0,-407000000.0,47000000.0,0.0,-0.714,768000000.0,-534000000.0,1163000000.0,-0.089,0.39,-3.229,-3.267,26737000000.0,0.0,11.14,1.889,2.038,779000000.0,14533000000.0,570000000.0,570000000.0,24000000.0,,,,,13000000.0,151000000.0,1.0,676886641.0,730000000.0,730000000.0,0.781,32753000000.0,0.0,-253000000.0,2519000000.0,44.867,1742000000.0
22,MRO,MRQ,2015-12-31,2015-12-31,2015-12-31,2021-08-25,-135000000.0,32311000000.0,,2590000000.0,29721000000.0,,27.405,-537000000.0,1221000000.0,1221000000.0,-163000000.0,-793000000.0,1.498,0.742,7277000000.0,1000000.0,7276000000.0,7277000000.0,0.0,432000000.0,0.0,0.054,0.05,-879000000.0,-447000000.0,-0.788,-447000000.0,-879000000.0,-985000000.0,-1.17,-1.17,-1.17,18553000000.0,,18553000000.0,15204704860.0,-6.0,233.919,-174000000.0,-0.257,1.0,730000000.0,1.287,115000000.0,106000000.0,36523000000.0,,313000000.0,1003000000.0,0.0,1003000000.0,13758000000.0,1729000000.0,12029000000.0,8526704860.0,-370000000.0,225000000.0,-11000000.0,-1016000000.0,-33000000.0,-1079000000.0,258000000.0,716000000.0,363000000.0,-2000000.0,-793000000.0,-793000000.0,-793000000.0,503000000.0,0.0,-1.399,1106000000.0,-376000000.0,1446000000.0,-0.043,0.46,-3.869,-3.862,27061000000.0,0.0,12.59,1.722,1.721,912000000.0,14974000000.0,567000000.0,567000000.0,185000000.0,,,,,11000000.0,124000000.0,1.0,677260116.0,677000000.0,677000000.0,0.838,32196000000.0,0.0,-192000000.0,2573000000.0,47.557,861000000.0
23,MRO,MRQ,2015-09-30,2015-09-30,2015-09-30,2021-08-25,-175000000.0,34674000000.0,,3858000000.0,30816000000.0,,28.56,-628000000.0,1680000000.0,1680000000.0,583000000.0,-749000000.0,1.355,0.793,8358000000.0,1035000000.0,7323000000.0,8358000000.0,0.0,717000000.0,0.0,0.055,0.21,-1070000000.0,-353000000.0,-0.267,-353000000.0,-1070000000.0,-1145000000.0,-1.11,-1.11,-1.11,19335000000.0,,19335000000.0,17212647660.0,-19.0,7.863,-132000000.0,-0.195,1.0,740000000.0,0.559,457000000.0,75000000.0,38047000000.0,,324000000.0,1712000000.0,700000000.0,1012000000.0,15339000000.0,2848000000.0,12491000000.0,10428647660.0,108000000.0,0.0,0.0,0.0,-142000000.0,-139000000.0,-247000000.0,255000000.0,496000000.0,-2000000.0,-749000000.0,-749000000.0,-749000000.0,0.0,0.0,-0.566,1810000000.0,-1070000000.0,1384000000.0,-0.189,0.539,-21.502,-21.389,27920000000.0,0.0,15.4,1.515,1.515,991000000.0,15800000000.0,1323000000.0,1323000000.0,585000000.0,,,,,34000000.0,125000000.0,1.0,677184913.0,677000000.0,677000000.0,1.954,34217000000.0,0.0,-396000000.0,2685000000.0,50.542,1010000000.0
24,MRO,MRQ,2015-06-30,2015-06-30,2015-06-30,2021-08-25,-172000000.0,35770000000.0,,4130000000.0,31640000000.0,,29.864,-868000000.0,1572000000.0,1572000000.0,713000000.0,-386000000.0,1.353,0.769,8356000000.0,1035000000.0,7321000000.0,8356000000.0,0.0,751000000.0,0.0,0.032,0.21,-334000000.0,417000000.0,0.272,417000000.0,-334000000.0,-392000000.0,-0.57,-0.57,-0.57,20218000000.0,,20218000000.0,23181290386.0,29.0,5.923,-460000000.0,-0.679,1.0,818000000.0,0.534,459000000.0,58000000.0,39043000000.0,,336000000.0,1970000000.0,925000000.0,1045000000.0,15552000000.0,3052000000.0,12500000000.0,17913290386.0,446000000.0,0.0,0.0,1943000000.0,-143000000.0,1807000000.0,-1771000000.0,-904000000.0,408000000.0,2000000.0,-386000000.0,-386000000.0,-386000000.0,0.0,0.0,-0.252,1152000000.0,-334000000.0,1626000000.0,-0.368,0.886,25.775,25.767,29121000000.0,0.0,26.54,2.1,2.106,1195000000.0,16691000000.0,1531000000.0,1531000000.0,111000000.0,,,,,0.0,168000000.0,1.0,674954423.0,677000000.0,677000000.0,2.261,35311000000.0,0.0,-6000000.0,2687000000.0,52.158,1078000000.0
25,MRO,MRQ,2015-03-31,2015-03-31,2015-03-31,2021-08-25,-228000000.0,34736000000.0,,2968000000.0,31768000000.0,,30.607,-1452000000.0,1126000000.0,1126000000.0,756000000.0,-276000000.0,0.833,0.681,6394000000.0,1068000000.0,5326000000.0,6394000000.0,0.0,821000000.0,0.0,0.031,0.21,-373000000.0,448000000.0,0.292,448000000.0,-373000000.0,-420000000.0,-0.41,-0.41,-0.41,20660000000.0,,20660000000.0,21615804002.0,11.0,4.372,-1143000000.0,-1.693,1.0,776000000.0,0.507,459000000.0,47000000.0,35984000000.0,,379000000.0,1100000000.0,0.0,1100000000.0,14076000000.0,3561000000.0,10515000000.0,17622804002.0,-1272000000.0,0.0,0.0,0.0,-142000000.0,-138000000.0,-1442000000.0,10000000.0,309000000.0,-1000000.0,-276000000.0,-276000000.0,-276000000.0,0.0,0.0,-0.18,1149000000.0,-373000000.0,1981000000.0,-0.512,0.853,10.872,10.879,29291000000.0,0.0,26.11,1.773,1.773,1341000000.0,17220000000.0,1532000000.0,1532000000.0,90000000.0,,,,,0.0,171000000.0,1.0,674944619.0,675000000.0,675000000.0,2.27,34277000000.0,0.0,-144000000.0,2697000000.0,50.781,-593000000.0
26,MRO,MRQ,2014-12-31,2014-12-31,2014-12-31,2021-08-25,-277000000.0,35983000000.0,,4593000000.0,31390000000.0,,31.049,-1521000000.0,2398000000.0,2398000000.0,1103000000.0,926000000.0,1.049,0.712,6363000000.0,1068000000.0,5295000000.0,6363000000.0,0.0,801000000.0,0.0,0.028,0.21,876000000.0,1677000000.0,0.672,1677000000.0,876000000.0,818000000.0,1.37,1.36,1.37,21020000000.0,,21020000000.0,24754836271.0,7.0,3.787,-366000000.0,-0.541,1.0,1394000000.0,0.558,459000000.0,58000000.0,35110000000.0,,357000000.0,1113000000.0,0.0,1113000000.0,14963000000.0,4379000000.0,10584000000.0,19092836271.0,1637000000.0,-9000000.0,0.0,101000000.0,-142000000.0,-173000000.0,2000000.0,15000000.0,1155000000.0,-2000000.0,926000000.0,926000000.0,926000000.0,-1019000000.0,0.0,0.371,1537000000.0,-143000000.0,2736000000.0,0.153,0.908,6.268,6.315,29040000000.0,0.0,28.29,1.696,1.709,1729000000.0,17638000000.0,2497000000.0,2497000000.0,479000000.0,,,,,52000000.0,168000000.0,1.0,674897005.0,677000000.0,680000000.0,3.688,35524000000.0,0.0,-108000000.0,2771000000.0,52.473,214000000.0
27,MRO,MRQ,2014-09-30,2014-09-30,2014-09-30,2021-08-25,-277000000.0,36700000000.0,,4204000000.0,32496000000.0,,29.964,-1409000000.0,761000000.0,761000000.0,1246000000.0,431000000.0,1.007,0.814,6423000000.0,68000000.0,6355000000.0,6423000000.0,0.0,737000000.0,0.0,0.021,0.21,635000000.0,1372000000.0,0.462,1372000000.0,635000000.0,580000000.0,0.64,0.64,0.64,20226000000.0,,20226000000.0,30614868596.0,9.0,5.121,365000000.0,0.541,1.0,1725000000.0,0.581,457000000.0,55000000.0,37729000000.0,,379000000.0,1103000000.0,0.0,1103000000.0,16474000000.0,4176000000.0,12298000000.0,25353868596.0,-408000000.0,-12000000.0,0.0,0.0,-141000000.0,-77000000.0,-1544000000.0,19000000.0,1774000000.0,0.0,431000000.0,431000000.0,431000000.0,-127000000.0,0.0,0.145,1217000000.0,508000000.0,2579000000.0,0.328,1.254,10.162,10.327,28658000000.0,0.0,37.59,2.242,2.243,2048000000.0,16854000000.0,2971000000.0,2971000000.0,96000000.0,,,,,0.0,160000000.0,1.0,674484400.0,675000000.0,678000000.0,4.401,36243000000.0,0.0,149000000.0,2751000000.0,53.693,28000000.0
28,MRO,MRQ,2014-06-30,2014-06-30,2014-06-30,2021-08-25,-278000000.0,35935000000.0,,4218000000.0,31717000000.0,,29.391,-1226000000.0,1169000000.0,1169000000.0,1277000000.0,540000000.0,1.061,0.809,6430000000.0,68000000.0,6362000000.0,6430000000.0,0.0,680000000.0,0.0,0.019,0.19,767000000.0,1447000000.0,0.492,1447000000.0,767000000.0,691000000.0,0.8,0.8,0.8,19868000000.0,,19868000000.0,31485025137.0,9.0,5.028,-138000000.0,-0.204,1.0,1664000000.0,0.566,457000000.0,76000000.0,36765000000.0,,404000000.0,1184000000.0,0.0,1184000000.0,16067000000.0,3974000000.0,12093000000.0,26989025137.0,-795000000.0,0.0,-449000000.0,-34000000.0,-127000000.0,-533000000.0,-1252000000.0,7000000.0,1088000000.0,0.0,540000000.0,540000000.0,540000000.0,-180000000.0,0.0,0.184,1077000000.0,587000000.0,2560000000.0,0.237,1.358,10.25,10.505,27824000000.0,0.0,39.92,2.354,2.353,2042000000.0,16564000000.0,2941000000.0,2941000000.0,145000000.0,,,,,0.0,139000000.0,1.0,676077784.0,676000000.0,679000000.0,4.351,35478000000.0,0.0,151000000.0,2718000000.0,52.482,244000000.0
29,MRO,MRQ,2014-03-31,2014-03-31,2014-03-31,2021-08-25,-270000000.0,36151000000.0,,4787000000.0,31364000000.0,,28.579,-1004000000.0,1964000000.0,1964000000.0,1187000000.0,1149000000.0,1.11,0.825,6460000000.0,68000000.0,6392000000.0,6460000000.0,0.0,643000000.0,0.0,0.021,0.19,1398000000.0,2041000000.0,0.716,2041000000.0,1398000000.0,1349000000.0,1.66,1.65,1.66,19805000000.0,,19805000000.0,31088473542.0,8.0,4.852,466000000.0,0.672,1.0,1662000000.0,0.583,499000000.0,49000000.0,35834000000.0,,405000000.0,1223000000.0,0.0,1223000000.0,16346000000.0,4314000000.0,12032000000.0,24755473542.0,1700000000.0,0.0,-551000000.0,-135000000.0,-133000000.0,-810000000.0,1048000000.0,20000000.0,1470000000.0,0.0,1149000000.0,1149000000.0,1149000000.0,-751000000.0,0.0,0.403,1015000000.0,647000000.0,2562000000.0,0.114,1.25,9.828,9.867,28426000000.0,0.0,35.52,2.15,2.137,2222000000.0,16151000000.0,2849000000.0,2849000000.0,73000000.0,,,,,0.0,187000000.0,1.0,696944638.0,693000000.0,696000000.0,4.111,35652000000.0,0.0,200000000.0,3993000000.0,51.446,473000000.0
30,MRO,MRQ,2013-12-31,2013-12-31,2013-12-31,2021-08-25,-250000000.0,35620000000.0,,2975000000.0,32645000000.0,,27.793,-1060000000.0,264000000.0,264000000.0,1123000000.0,375000000.0,0.687,0.841,6597000000.0,203000000.0,6394000000.0,6597000000.0,0.0,586000000.0,0.0,0.02,0.19,532000000.0,1118000000.0,0.438,1118000000.0,532000000.0,465000000.0,0.54,0.53,0.54,19344000000.0,,19344000000.0,30938183059.0,9.0,5.162,169000000.0,0.243,1.0,1427000000.0,0.56,499000000.0,67000000.0,37121000000.0,,364000000.0,1201000000.0,0.0,1201000000.0,16276000000.0,4333000000.0,11943000000.0,24591183059.0,-90000000.0,0.0,0.0,-99000000.0,-132000000.0,-208000000.0,-1110000000.0,16000000.0,1229000000.0,-3000000.0,375000000.0,375000000.0,375000000.0,-239000000.0,0.0,0.147,1134000000.0,293000000.0,2446000000.0,0.352,1.271,14.028,14.177,28145000000.0,0.0,35.3,2.087,2.112,2134000000.0,15135000000.0,2550000000.0,2550000000.0,226000000.0,,,,,0.0,194000000.0,1.0,696634081.0,696000000.0,700000000.0,3.664,35121000000.0,0.0,90000000.0,3937000000.0,50.461,-1358000000.0
31,MRO,MRQ,2013-09-30,2013-09-30,2013-09-30,2021-08-25,-322000000.0,35776000000.0,,3455000000.0,32321000000.0,,26.866,-978000000.0,354000000.0,354000000.0,1318000000.0,569000000.0,0.739,0.884,6701000000.0,268000000.0,6433000000.0,6701000000.0,0.0,657000000.0,0.0,0.02,0.19,999000000.0,1656000000.0,0.53,1656000000.0,999000000.0,928000000.0,0.8,0.8,0.8,18994000000.0,,18994000000.0,31003355663.0,11.0,6.15,667000000.0,0.943,1.0,1809000000.0,0.579,499000000.0,71000000.0,36951000000.0,,360000000.0,1216000000.0,0.0,1216000000.0,16782000000.0,4673000000.0,12109000000.0,24753355663.0,108000000.0,-74000000.0,-500000000.0,200000000.0,-135000000.0,-411000000.0,-1112000000.0,16000000.0,1645000000.0,0.0,569000000.0,569000000.0,569000000.0,-173000000.0,0.0,0.182,983000000.0,826000000.0,2568000000.0,0.237,1.303,14.561,14.594,27822000000.0,0.0,34.88,2.327,2.318,2562000000.0,14892000000.0,3127000000.0,3127000000.0,83000000.0,,,,,0.0,143000000.0,1.0,709671894.0,707000000.0,711000000.0,4.423,35277000000.0,0.0,359000000.0,3992000000.0,49.897,-1218000000.0
32,MRO,MRQ,2013-06-30,2013-06-30,2013-06-30,2021-08-25,-344000000.0,35048000000.0,,3281000000.0,31767000000.0,,26.79,-1084000000.0,246000000.0,246000000.0,1116000000.0,426000000.0,0.819,0.843,6496000000.0,68000000.0,6428000000.0,6496000000.0,0.0,537000000.0,0.0,0.02,0.17,1056000000.0,1593000000.0,0.533,1593000000.0,1056000000.0,989000000.0,0.6,0.6,0.6,19021000000.0,,19021000000.0,30286892137.0,8.0,5.229,-216000000.0,-0.304,1.0,1874000000.0,0.627,499000000.0,67000000.0,36791000000.0,,368000000.0,1244000000.0,0.0,1244000000.0,16027000000.0,4008000000.0,12019000000.0,24510892137.0,-522000000.0,0.0,0.0,-34000000.0,-121000000.0,-130000000.0,-1262000000.0,11000000.0,868000000.0,-6000000.0,426000000.0,426000000.0,426000000.0,-185000000.0,0.0,0.142,1003000000.0,871000000.0,2289000000.0,0.283,1.289,15.503,15.507,27457000000.0,0.0,34.58,2.1,2.103,2443000000.0,14458000000.0,2990000000.0,2990000000.0,125000000.0,,,,,0.0,159000000.0,1.0,708817008.0,710000000.0,714000000.0,4.211,34549000000.0,0.0,563000000.0,3803000000.0,48.661,-727000000.0
33,MRO,MRQ,2013-03-31,2013-03-31,2013-03-31,2021-08-25,-426000000.0,35109000000.0,,3777000000.0,31332000000.0,,26.254,-1321000000.0,768000000.0,768000000.0,1104000000.0,383000000.0,0.816,0.889,6544000000.0,68000000.0,6476000000.0,6544000000.0,0.0,720000000.0,0.0,0.02,0.17,1442000000.0,2162000000.0,0.538,2162000000.0,1442000000.0,1370000000.0,0.54,0.54,0.54,18588000000.0,,18588000000.0,30075956955.0,7.0,4.809,207000000.0,0.292,1.0,2916000000.0,0.725,528000000.0,72000000.0,35728000000.0,,368000000.0,1304000000.0,0.0,1304000000.0,16521000000.0,4629000000.0,11892000000.0,23863956955.0,84000000.0,0.0,0.0,-314000000.0,-120000000.0,-413000000.0,-1037000000.0,18000000.0,1528000000.0,6000000.0,383000000.0,383000000.0,383000000.0,-3000000.0,0.0,0.095,1477000000.0,1439000000.0,2466000000.0,0.315,1.284,15.416,15.397,28382000000.0,0.0,33.72,1.914,1.915,2466000000.0,14153000000.0,4020000000.0,4020000000.0,463000000.0,,,,,0.0,172000000.0,1.0,707709281.0,708000000.0,712000000.0,5.678,34581000000.0,0.0,987000000.0,4293000000.0,48.843,-852000000.0
34,MRO,MRQ,2012-12-31,2012-12-31,2012-12-31,2021-08-25,-433000000.0,35306000000.0,,3762000000.0,31544000000.0,,25.787,-852000000.0,684000000.0,684000000.0,1047000000.0,322000000.0,0.74,0.931,6896000000.0,384000000.0,6512000000.0,6896000000.0,0.0,229000000.0,0.0,0.022,0.17,-599000000.0,-370000000.0,-0.739,-370000000.0,-599000000.0,-661000000.0,0.45,0.45,0.45,18283000000.0,,18283000000.0,27527753406.0,7.0,4.543,353000000.0,0.498,1.0,-546000000.0,-1.09,525000000.0,62000000.0,35912000000.0,,361000000.0,1279000000.0,0.0,1279000000.0,17023000000.0,5081000000.0,11942000000.0,21658753406.0,13000000.0,240000000.0,0.0,312000000.0,-120000000.0,215000000.0,-1408000000.0,15000000.0,1205000000.0,-5000000.0,322000000.0,322000000.0,322000000.0,-726000000.0,0.0,0.643,779000000.0,-1325000000.0,2541000000.0,0.378,1.185,13.691,13.688,28272000000.0,0.0,30.66,1.735,1.734,2418000000.0,13890000000.0,501000000.0,501000000.0,208000000.0,,,,,0.0,177000000.0,1.0,706417267.0,709000000.0,713000000.0,0.707,34781000000.0,0.0,-983000000.0,4415000000.0,49.056,-1319000000.0
35,MRO,MRQ,2012-09-30,2012-09-30,2012-09-30,2021-08-25,-421000000.0,34558000000.0,,4037000000.0,30521000000.0,,25.586,-1328000000.0,671000000.0,671000000.0,1342000000.0,450000000.0,0.595,0.913,6540000000.0,2022000000.0,4518000000.0,6540000000.0,0.0,625000000.0,0.0,0.022,0.17,1782000000.0,2407000000.0,0.578,2407000000.0,1782000000.0,1729000000.0,0.64,0.63,0.64,18064000000.0,,18064000000.0,25657634767.0,4.0,3.112,-258000000.0,-0.365,1.0,2819000000.0,0.677,525000000.0,53000000.0,33120000000.0,,324000000.0,1319000000.0,0.0,1319000000.0,16494000000.0,6782000000.0,9712000000.0,20859634767.0,219000000.0,-806000000.0,0.0,1289000000.0,-120000000.0,1175000000.0,-2030000000.0,21000000.0,1070000000.0,4000000.0,450000000.0,450000000.0,450000000.0,0.0,0.0,0.108,1037000000.0,1782000000.0,2527000000.0,0.266,1.155,11.531,11.506,27446000000.0,0.0,29.57,1.321,1.322,2575000000.0,13688000000.0,4161000000.0,4161000000.0,170000000.0,,,,,0.0,179000000.0,1.0,705432356.0,706000000.0,709000000.0,5.894,34033000000.0,87000000.0,1279000000.0,4522000000.0,48.205,-2745000000.0
36,MRO,MRQ,2012-06-30,2012-06-30,2012-06-30,2021-08-25,-364000000.0,32250000000.0,,3254000000.0,28996000000.0,,25.191,-1164000000.0,452000000.0,452000000.0,1347000000.0,393000000.0,0.694,0.813,5250000000.0,737000000.0,4513000000.0,5250000000.0,0.0,580000000.0,0.0,0.025,0.17,1475000000.0,2055000000.0,0.543,2055000000.0,1475000000.0,1418000000.0,0.56,0.56,0.56,17785000000.0,,17785000000.0,22278018081.0,4.0,2.897,-395000000.0,-0.559,1.0,2437000000.0,0.644,525000000.0,57000000.0,31832000000.0,,335000000.0,1319000000.0,0.0,1319000000.0,14465000000.0,4691000000.0,9774000000.0,18035018081.0,-61000000.0,0.0,0.0,483000000.0,-119000000.0,367000000.0,-1195000000.0,6000000.0,769000000.0,-2000000.0,393000000.0,393000000.0,393000000.0,0.0,0.0,0.104,962000000.0,1475000000.0,2303000000.0,0.304,1.014,10.224,10.228,26001000000.0,0.0,25.57,1.169,1.17,2064000000.0,13358000000.0,3784000000.0,3784000000.0,172000000.0,,,,,0.0,154000000.0,1.0,705319440.0,706000000.0,709000000.0,5.36,31725000000.0,87000000.0,1025000000.0,3974000000.0,44.936,-1437000000.0
37,MRO,MRQ,2012-03-31,2012-03-31,2012-03-31,2021-08-25,-361000000.0,31851000000.0,,3445000000.0,28406000000.0,,24.786,-1017000000.0,513000000.0,513000000.0,1448000000.0,417000000.0,0.737,0.82,4756000000.0,197000000.0,4559000000.0,4756000000.0,0.0,574000000.0,0.0,0.023,0.17,1394000000.0,1968000000.0,0.487,1968000000.0,1394000000.0,1344000000.0,0.59,0.59,0.59,17499000000.0,,17499000000.0,26636442851.0,5.0,3.404,-44000000.0,-0.062,1.0,2592000000.0,0.642,525000000.0,50000000.0,30896000000.0,,296000000.0,1353000000.0,0.0,1353000000.0,14345000000.0,4673000000.0,9672000000.0,22314442851.0,20000000.0,0.0,0.0,-53000000.0,-121000000.0,-157000000.0,-806000000.0,15000000.0,973000000.0,10000000.0,417000000.0,417000000.0,417000000.0,0.0,0.0,0.103,1198000000.0,1394000000.0,2204000000.0,0.288,1.275,9.427,9.491,25365000000.0,0.0,31.7,1.438,1.443,2233000000.0,13084000000.0,4040000000.0,4040000000.0,135000000.0,,,,,0.0,159000000.0,1.0,703925642.0,706000000.0,710000000.0,5.722,31326000000.0,87000000.0,927000000.0,4605000000.0,44.371,-1228000000.0
38,MRO,MRQ,2011-12-31,2011-12-31,2011-12-31,2021-08-25,-370000000.0,31371000000.0,,3224000000.0,28147000000.0,,24.364,-429000000.0,493000000.0,493000000.0,1527000000.0,549000000.0,0.734,0.829,4815000000.0,141000000.0,4674000000.0,4815000000.0,0.0,547000000.0,0.0,0.027,0.15,1269000000.0,1816000000.0,0.477,1816000000.0,1269000000.0,1224000000.0,0.78,0.78,0.78,17152000000.0,,17152000000.0,21007934744.0,4.0,2.612,605000000.0,0.859,1.0,2282000000.0,0.599,536000000.0,45000000.0,30763000000.0,,361000000.0,1383000000.0,0.0,1383000000.0,14212000000.0,4394000000.0,9818000000.0,20597934744.0,-4140000000.0,-4470000000.0,0.0,-34000000.0,-105000000.0,-113000000.0,-5056000000.0,18000000.0,1034000000.0,-5000000.0,549000000.0,549000000.0,549000000.0,11000000.0,0.0,0.144,1002000000.0,1280000000.0,2075000000.0,0.192,1.201,6.992,7.053,25324000000.0,0.0,29.27,1.348,1.36,1952000000.0,12788000000.0,3809000000.0,3809000000.0,137000000.0,,,,,0.0,292000000.0,1.0,703721720.0,704000000.0,708000000.0,5.411,30835000000.0,0.0,675000000.0,4559000000.0,43.8,-1170000000.0
39,MRO,MRQ,2011-09-30,2011-09-30,2011-09-30,2021-08-25,-328000000.0,30541000000.0,,7154000000.0,23387000000.0,,23.556,-755000000.0,4633000000.0,4633000000.0,1657000000.0,405000000.0,1.734,0.823,5043000000.0,338000000.0,4705000000.0,5043000000.0,0.0,517000000.0,0.0,0.042,0.15,1333000000.0,1850000000.0,0.487,1850000000.0,1333000000.0,1303000000.0,0.57,0.57,0.57,16748000000.0,,16748000000.0,15719313270.0,3.0,1.952,325000000.0,0.457,1.0,2142000000.0,0.564,537000000.0,30000000.0,26289000000.0,,342000000.0,1431000000.0,0.0,1431000000.0,13785000000.0,4125000000.0,9660000000.0,15408313270.0,-78000000.0,0.0,-300000000.0,0.0,-106000000.0,-403000000.0,-738000000.0,5000000.0,1080000000.0,-17000000.0,405000000.0,405000000.0,405000000.0,0.0,0.0,0.107,809000000.0,1333000000.0,1691000000.0,0.263,0.92,4.966,4.95,20318000000.0,0.0,21.58,1.034,1.03,1721000000.0,12352000000.0,3799000000.0,3799000000.0,129000000.0,,,,,0.0,104000000.0,1.0,714008956.0,711000000.0,714000000.0,5.343,30004000000.0,0.0,898000000.0,4580000000.0,42.2,3029000000.0
40,MRO,MRQ,2011-06-30,2011-06-30,2011-06-30,2021-08-25,-346000000.0,30490000000.0,,7314000000.0,23176000000.0,,23.432,-983000000.0,4711000000.0,4711000000.0,1738000000.0,996000000.0,1.758,0.825,5022000000.0,338000000.0,4684000000.0,5022000000.0,0.0,564000000.0,0.0,0.019,0.25,1626000000.0,2190000000.0,0.567,2190000000.0,1626000000.0,1613000000.0,1.4,1.39,1.4,16707000000.0,,16707000000.0,40137823392.0,7.0,5.011,835000000.0,1.171,1.0,2127000000.0,0.55,537000000.0,13000000.0,26103000000.0,,343000000.0,1475000000.0,0.0,1475000000.0,13783000000.0,4161000000.0,9622000000.0,37512823392.0,-1005000000.0,0.0,0.0,-34000000.0,-178000000.0,-1781000000.0,-1040000000.0,28000000.0,1818000000.0,-2000000.0,996000000.0,996000000.0,996000000.0,-698000000.0,0.0,0.258,1199000000.0,928000000.0,1791000000.0,0.179,2.245,11.053,11.044,20140000000.0,0.0,52.68,2.669,2.672,1843000000.0,12053000000.0,3865000000.0,3865000000.0,145000000.0,,,,,0.0,130000000.0,1.0,712088523.0,713000000.0,717000000.0,5.421,29953000000.0,0.0,617000000.0,4497000000.0,42.01,3153000000.0
41,MRO,MRQ,2011-03-31,2011-03-31,2011-03-31,2021-08-25,-971000000.0,51865000000.0,,15775000000.0,36090000000.0,,34.747,-819000000.0,5716000000.0,5716000000.0,1460000000.0,996000000.0,1.339,1.099,8341000000.0,349000000.0,7992000000.0,8341000000.0,0.0,635000000.0,0.0,0.019,0.25,1551000000.0,2186000000.0,0.574,2186000000.0,1551000000.0,1532000000.0,1.4,1.39,1.4,24705000000.0,,24705000000.0,41810071687.0,8.0,5.822,1773000000.0,2.494,1.0,2349000000.0,0.617,1376000000.0,19000000.0,41332000000.0,,3088000000.0,1846000000.0,0.0,1846000000.0,27160000000.0,11782000000.0,15378000000.0,37865071687.0,1765000000.0,0.0,0.0,-2809000000.0,-178000000.0,2000000.0,-833000000.0,8000000.0,2592000000.0,4000000.0,996000000.0,996000000.0,996000000.0,-541000000.0,0.0,0.261,1060000000.0,1289000000.0,8763000000.0,0.179,1.533,12.187,12.199,32189000000.0,0.0,53.31,2.892,2.895,6557000000.0,20725000000.0,3809000000.0,3809000000.0,230000000.0,,,,,0.0,137000000.0,1.0,710280842.0,711000000.0,715000000.0,5.357,50489000000.0,0.0,536000000.0,5410000000.0,71.011,3993000000.0
42,MRO,MRQ,2010-12-31,2010-12-31,2010-12-31,2021-08-25,-997000000.0,50014000000.0,,13829000000.0,36185000000.0,,33.339,-833000000.0,3951000000.0,3951000000.0,1442000000.0,706000000.0,1.244,1.104,7896000000.0,295000000.0,7601000000.0,7896000000.0,0.0,680000000.0,0.0,0.027,0.25,1145000000.0,1825000000.0,0.533,1825000000.0,1145000000.0,1123000000.0,0.99,0.99,0.99,23771000000.0,,23771000000.0,32587026252.0,7.0,4.741,2049000000.0,2.874,1.0,1984000000.0,0.579,1380000000.0,22000000.0,41466000000.0,,3453000000.0,1802000000.0,0.0,1802000000.0,26243000000.0,11113000000.0,15130000000.0,26288026252.0,2308000000.0,0.0,0.0,-33000000.0,-178000000.0,-209000000.0,-365000000.0,23000000.0,2882000000.0,0.0,706000000.0,706000000.0,706000000.0,-282000000.0,0.0,0.206,1121000000.0,863000000.0,8467000000.0,0.253,1.106,10.237,10.229,32222000000.0,0.0,37.03,2.042,2.042,6030000000.0,19907000000.0,3426000000.0,3426000000.0,216000000.0,,,,,0.0,163000000.0,1.0,709911592.0,713000000.0,715000000.0,4.805,48634000000.0,0.0,417000000.0,5340000000.0,68.21,2716000000.0
43,MRO,MRQ,2010-09-30,2010-09-30,2010-09-30,2021-08-25,-868000000.0,48123000000.0,,11600000000.0,36523000000.0,,32.896,-843000000.0,1643000000.0,1643000000.0,1164000000.0,696000000.0,1.208,1.06,7942000000.0,98000000.0,7844000000.0,7942000000.0,0.0,530000000.0,0.0,0.03,0.25,1279000000.0,1809000000.0,0.612,1809000000.0,1279000000.0,1263000000.0,0.98,0.98,0.98,23356000000.0,,23356000000.0,29358043602.0,7.0,5.154,18000000.0,0.025,1.0,1791000000.0,0.606,1383000000.0,16000000.0,43435000000.0,,3969000000.0,1844000000.0,0.0,1844000000.0,24767000000.0,9604000000.0,15163000000.0,23490043602.0,-419000000.0,0.0,0.0,0.0,-176000000.0,-176000000.0,-1114000000.0,0.0,861000000.0,10000000.0,696000000.0,696000000.0,696000000.0,-229000000.0,0.0,0.236,741000000.0,1050000000.0,7196000000.0,0.255,1.006,10.595,10.609,31987000000.0,0.0,33.1,-3.633,-3.635,5416000000.0,19379000000.0,2955000000.0,2955000000.0,59000000.0,,,,,0.0,108000000.0,1.0,709668991.0,710000000.0,712000000.0,4.162,46740000000.0,0.0,567000000.0,5761000000.0,65.831,1996000000.0
44,MRO,MRQ,2010-06-30,2010-06-30,2010-06-30,2021-08-25,-855000000.0,47496000000.0,,11260000000.0,36236000000.0,,32.17,-512000000.0,2062000000.0,2062000000.0,1265000000.0,709000000.0,1.21,1.079,7930000000.0,101000000.0,7829000000.0,7930000000.0,0.0,197000000.0,0.0,0.031,0.25,1165000000.0,1362000000.0,0.469,1362000000.0,1165000000.0,1150000000.0,1.0,1.0,1.0,22841000000.0,,22841000000.0,27878424113.0,7.0,5.021,766000000.0,1.079,1.0,1638000000.0,0.564,1383000000.0,15000000.0,42679000000.0,,3586000000.0,1868000000.0,0.0,1868000000.0,24655000000.0,9302000000.0,15353000000.0,22058424113.0,-656000000.0,0.0,0.0,-618000000.0,-178000000.0,-798000000.0,-1132000000.0,28000000.0,1278000000.0,-4000000.0,709000000.0,709000000.0,709000000.0,-335000000.0,0.0,0.244,716000000.0,922000000.0,7144000000.0,0.25,0.966,11.406,11.43,31703000000.0,0.0,31.09,4.363,4.366,5028000000.0,18859000000.0,2903000000.0,2903000000.0,125000000.0,,,,,0.0,118000000.0,1.0,709502223.0,710000000.0,712000000.0,4.089,46113000000.0,0.0,441000000.0,5524000000.0,64.948,1958000000.0
45,MRO,MRQ,2010-03-31,2010-03-31,2010-03-31,2021-08-25,-925000000.0,47725000000.0,,11739000000.0,35986000000.0,,31.397,-1348000000.0,2718000000.0,2718000000.0,14071000000.0,457000000.0,1.251,1.147,8538000000.0,98000000.0,8440000000.0,8538000000.0,0.0,649000000.0,0.0,0.03,0.24,1000000000.0,1649000000.0,0.099,1649000000.0,1000000000.0,970000000.0,0.64,0.64,0.64,22227000000.0,,22227000000.0,28873802940.0,7.0,4.812,-499000000.0,-0.705,1.0,2594000000.0,0.156,1414000000.0,30000000.0,42746000000.0,,3848000000.0,2004000000.0,0.0,2004000000.0,25498000000.0,9385000000.0,16113000000.0,22398802940.0,661000000.0,0.0,0.0,-2000000.0,-172000000.0,-172000000.0,-10000000.0,7000000.0,849000000.0,-6000000.0,457000000.0,457000000.0,457000000.0,0.0,0.0,0.027,1594000000.0,1000000000.0,7567000000.0,0.375,1.008,13.674,13.757,31674000000.0,0.0,31.64,1.448,1.448,5272000000.0,18328000000.0,16665000000.0,16665000000.0,98000000.0,,,,,0.0,298000000.0,1.0,707926768.0,707926768.0,,23.541,46311000000.0,0.0,513000000.0,5186000000.0,65.418,2354000000.0
46,MRO,MRQ,2009-12-31,2009-12-31,2009-12-31,2021-08-25,-934000000.0,47052000000.0,,10637000000.0,36415000000.0,,30.903,1400000000.0,2057000000.0,2057000000.0,-28760000000.0,355000000.0,1.174,1.148,8532000000.0,96000000.0,8436000000.0,8532000000.0,0.0,-36000000.0,0.0,0.031,0.24,912000000.0,876000000.0,-0.03,876000000.0,912000000.0,853000000.0,0.5,0.5,0.5,21910000000.0,,21910000000.0,29414925552.0,8.0,5.285,3360000000.0,4.739,1.0,-229000000.0,0.008,1422000000.0,59000000.0,43048000000.0,,3622000000.0,1970000000.0,0.0,1970000000.0,25142000000.0,9057000000.0,16085000000.0,22098925552.0,687000000.0,0.0,4000000.0,-25000000.0,-169000000.0,-202000000.0,-1072000000.0,59000000.0,1960000000.0,1000000.0,355000000.0,355000000.0,355000000.0,-624000000.0,0.0,-0.012,-517000000.0,288000000.0,7445000000.0,0.48,1.009,15.105,15.155,32121000000.0,0.0,31.22,2.433,2.437,4737000000.0,18043000000.0,-28989000000.0,-28989000000.0,126000000.0,,,,,0.0,-484000000.0,1.0,707845149.0,709000000.0,,-40.887,45630000000.0,0.0,498000000.0,5054000000.0,64.358,1580000000.0
47,MRO,MRQ,2009-09-30,2009-09-30,2009-09-30,2021-08-25,-554000000.0,45415000000.0,,9626000000.0,35789000000.0,,31.214,-1542000000.0,1370000000.0,1370000000.0,12354000000.0,413000000.0,1.168,1.056,8686000000.0,105000000.0,8581000000.0,8686000000.0,0.0,627000000.0,0.0,0.03,0.24,1038000000.0,1665000000.0,0.115,1665000000.0,1038000000.0,1003000000.0,0.58,0.58,0.58,22091000000.0,,22091000000.0,29701471267.0,10.0,5.264,-271000000.0,-0.383,1.0,2123000000.0,0.147,1424000000.0,35000000.0,43063000000.0,,3680000000.0,1991000000.0,0.0,1991000000.0,23324000000.0,8244000000.0,15080000000.0,22576471267.0,-126000000.0,0.0,0.0,-3000000.0,-170000000.0,-173000000.0,-1260000000.0,-35000000.0,1271000000.0,36000000.0,413000000.0,413000000.0,413000000.0,-21000000.0,0.0,0.029,1106000000.0,1017000000.0,6426000000.0,0.414,1.022,21.159,21.267,31115000000.0,0.0,31.9,0.429,0.429,4821000000.0,17857000000.0,14477000000.0,14477000000.0,55000000.0,,,,,0.0,323000000.0,1.0,707726372.0,707726372.0,,20.456,43991000000.0,0.0,590000000.0,4929000000.0,62.158,1382000000.0
48,MRO,MRQ,2009-06-30,2009-06-30,2009-06-30,2021-08-25,-578000000.0,44441000000.0,,9114000000.0,35327000000.0,,30.819,-1621000000.0,1496000000.0,1496000000.0,11096000000.0,413000000.0,1.173,1.037,8621000000.0,103000000.0,8518000000.0,8621000000.0,0.0,683000000.0,0.0,0.032,0.24,1127000000.0,1810000000.0,0.136,1810000000.0,1127000000.0,1115000000.0,0.58,0.58,0.58,21813000000.0,,21813000000.0,28147235923.0,5.0,3.404,-423000000.0,-0.598,1.0,2221000000.0,0.167,1423000000.0,12000000.0,42370000000.0,,3498000000.0,2035000000.0,0.0,2035000000.0,22628000000.0,7773000000.0,14855000000.0,21325235923.0,-373000000.0,0.0,0.0,-37000000.0,-170000000.0,-208000000.0,-1348000000.0,12000000.0,1198000000.0,-15000000.0,413000000.0,413000000.0,413000000.0,-85000000.0,0.0,0.031,1179000000.0,1042000000.0,5856000000.0,0.414,0.978,7.846,7.846,30452000000.0,0.0,30.13,0.347,0.347,4386000000.0,17614000000.0,13317000000.0,13317000000.0,64000000.0,,,,,0.0,321000000.0,1.0,707774176.0,707774176.0,,18.815,43018000000.0,0.0,702000000.0,4426000000.0,60.779,1341000000.0
49,MRO,MRQ,2009-03-31,2009-03-31,2009-03-31,2021-08-25,-623000000.0,43312000000.0,,8583000000.0,34729000000.0,,30.403,-1586000000.0,1869000000.0,1869000000.0,8626000000.0,282000000.0,1.239,1.013,8691000000.0,101000000.0,8590000000.0,8691000000.0,0.0,660000000.0,0.0,0.037,0.24,555000000.0,1215000000.0,0.118,1215000000.0,555000000.0,539000000.0,0.4,0.4,0.4,21511000000.0,,21511000000.0,24500828175.0,4.0,2.872,-747000000.0,-1.056,1.0,1653000000.0,0.161,1445000000.0,16000000.0,41761000000.0,,3496000000.0,2046000000.0,0.0,2046000000.0,21801000000.0,6928000000.0,14873000000.0,18600828175.0,584000000.0,0.0,0.0,1477000000.0,-170000000.0,1307000000.0,-1558000000.0,23000000.0,839000000.0,-4000000.0,282000000.0,282000000.0,282000000.0,-17000000.0,0.0,0.027,1115000000.0,538000000.0,4875000000.0,0.6,0.865,6.041,6.044,30066000000.0,0.0,26.29,0.265,0.265,3405000000.0,17371000000.0,10279000000.0,10279000000.0,62000000.0,,,,,0.0,291000000.0,1.0,707524845.0,707524845.0,,14.528,41867000000.0,0.0,257000000.0,4308000000.0,59.174,1655000000.0
50,MRO,MRQ,2008-12-31,2008-12-31,2008-12-31,2021-08-25,-593000000.0,42686000000.0,,8403000000.0,34283000000.0,,30.343,-1927000000.0,1285000000.0,1285000000.0,11557000000.0,-41000000.0,1.084,0.994,7185000000.0,98000000.0,7087000000.0,7185000000.0,0.0,595000000.0,0.0,0.035,0.24,357000000.0,952000000.0,0.065,952000000.0,357000000.0,377000000.0,-0.06,-0.05,-0.06,21409000000.0,,21409000000.0,26277566419.0,4.0,2.91,18000000.0,0.026,1.0,2979000000.0,0.205,1447000000.0,-20000000.0,39386000000.0,,3507000000.0,2080000000.0,0.0,2080000000.0,21277000000.0,7753000000.0,13524000000.0,19304566419.0,-194000000.0,0.0,0.0,-1324000000.0,-170000000.0,-1495000000.0,-605000000.0,-24000000.0,1945000000.0,-25000000.0,-41000000.0,-41000000.0,-41000000.0,-8000000.0,0.0,-0.003,2630000000.0,349000000.0,5137000000.0,-4.0,0.902,5.472,5.505,29414000000.0,0.0,27.36,0.248,0.248,3619000000.0,17259000000.0,14536000000.0,14536000000.0,122000000.0,,,,,0.0,374000000.0,1.0,705576258.0,705576258.0,,20.602,41239000000.0,0.0,418000000.0,5024000000.0,58.447,650000000.0
51,MRO,MRQ,2008-09-30,2008-09-30,2008-09-30,2021-08-25,-274000000.0,48906000000.0,,12373000000.0,36533000000.0,,31.078,-1733000000.0,1479000000.0,1479000000.0,18495000000.0,2064000000.0,1.008,1.23,8452000000.0,1378000000.0,7074000000.0,8452000000.0,0.0,580000000.0,0.0,0.024,0.24,3711000000.0,4291000000.0,0.184,4291000000.0,3711000000.0,3665000000.0,2.92,2.9,2.92,21927000000.0,,21927000000.0,34987326503.0,5.0,3.727,119000000.0,0.169,1.0,4806000000.0,0.206,3166000000.0,46000000.0,40436000000.0,,4446000000.0,2827000000.0,0.0,2827000000.0,26979000000.0,12277000000.0,14702000000.0,28130326503.0,209000000.0,0.0,-107000000.0,308000000.0,-169000000.0,36000000.0,-1642000000.0,0.0,1852000000.0,-25000000.0,2064000000.0,2064000000.0,2064000000.0,-72000000.0,0.0,0.089,1167000000.0,3639000000.0,9383000000.0,0.082,1.283,6.639,6.69,28129000000.0,0.0,39.87,0.345,0.345,6701000000.0,17470000000.0,23301000000.0,23301000000.0,108000000.0,,,,,0.0,349000000.0,1.0,705551204.0,705551204.0,,33.025,45740000000.0,0.0,1601000000.0,6262000000.0,64.829,96000000.0
52,MRO,MRQ,2008-06-30,2008-06-30,2008-06-30,2021-08-25,-270000000.0,48690000000.0,,14054000000.0,34636000000.0,,28.405,-1792000000.0,1270000000.0,1270000000.0,19506000000.0,774000000.0,0.948,1.421,8127000000.0,1068000000.0,7059000000.0,8127000000.0,0.0,482000000.0,0.0,0.019,0.24,1591000000.0,2073000000.0,0.093,2073000000.0,1591000000.0,1580000000.0,1.09,1.08,1.09,20109000000.0,,20109000000.0,43726045943.0,8.0,6.045,366000000.0,0.517,1.0,2696000000.0,0.121,3169000000.0,11000000.0,37551000000.0,,5015000000.0,2825000000.0,0.0,2825000000.0,28581000000.0,14827000000.0,13754000000.0,36721045943.0,81000000.0,0.0,-152000000.0,-63000000.0,-172000000.0,-380000000.0,-1701000000.0,38000000.0,2158000000.0,2000000.0,774000000.0,774000000.0,774000000.0,-6000000.0,0.0,0.035,1111000000.0,1585000000.0,12540000000.0,0.22,1.826,11.497,11.425,27071000000.0,0.0,51.87,0.489,0.489,8097000000.0,15575000000.0,22202000000.0,22202000000.0,130000000.0,,,,,0.0,361000000.0,1.0,707943820.0,707943820.0,,31.361,45521000000.0,0.0,806000000.0,4868000000.0,64.3,-773000000.0
53,MRO,MRQ,2008-03-31,2008-03-31,2008-03-31,2021-08-25,-240000000.0,44765000000.0,,11414000000.0,33351000000.0,,27.742,-1537000000.0,1189000000.0,1189000000.0,15807000000.0,731000000.0,0.981,1.276,8194000000.0,1096000000.0,7098000000.0,8194000000.0,0.0,451000000.0,0.0,0.021,0.24,1290000000.0,1741000000.0,0.096,1741000000.0,1290000000.0,1299000000.0,1.03,1.02,1.03,19668000000.0,,19668000000.0,38345053341.0,6.0,4.608,-740000000.0,-1.044,1.0,2293000000.0,0.127,3167000000.0,-9000000.0,36967000000.0,,3892000000.0,2733000000.0,0.0,2733000000.0,25097000000.0,11636000000.0,13461000000.0,32329053341.0,-10000000.0,0.0,-143000000.0,953000000.0,-170000000.0,646000000.0,-1457000000.0,-38000000.0,797000000.0,4000000.0,731000000.0,731000000.0,731000000.0,0.0,0.0,0.04,1003000000.0,1290000000.0,9355000000.0,0.233,1.644,8.143,7.972,25753000000.0,0.0,45.6,0.463,0.463,6625000000.0,14973000000.0,18100000000.0,18100000000.0,129000000.0,,,,,0.0,300000000.0,1.0,708970468.0,708970468.0,,25.53,41598000000.0,0.0,568000000.0,4682000000.0,58.674,-222000000.0
54,MRO,MRQ,2007-12-31,2007-12-31,2007-12-31,2021-08-25,-249000000.0,42746000000.0,,10587000000.0,32159000000.0,,27.064,-1032000000.0,1199000000.0,1199000000.0,16201000000.0,668000000.0,0.94,1.224,7215000000.0,1131000000.0,6084000000.0,7215000000.0,0.0,366000000.0,0.0,0.015,0.24,917000000.0,1283000000.0,0.072,1283000000.0,917000000.0,892000000.0,0.92,0.92,0.92,19223000000.0,,19223000000.0,46059633740.0,7.0,5.557,1917000000.0,2.699,1.0,1707000000.0,0.095,2899000000.0,25000000.0,34603000000.0,,3277000000.0,2630000000.0,0.0,2630000000.0,23523000000.0,11260000000.0,12263000000.0,43227633740.0,-2070000000.0,-3926000000.0,-18000000.0,36000000.0,-172000000.0,-149000000.0,-4872000000.0,-2000000.0,2949000000.0,0.0,668000000.0,668000000.0,668000000.0,-182000000.0,0.0,0.037,1028000000.0,679000000.0,8033000000.0,0.261,2.249,10.927,10.621,24675000000.0,0.0,60.86,0.668,0.668,6258000000.0,14412000000.0,17908000000.0,17908000000.0,190000000.0,,,,,0.0,365000000.0,1.0,710279884.0,710279884.0,,25.213,39847000000.0,0.0,224000000.0,4648000000.0,56.1,-673000000.0
55,MRO,MRQ,2007-09-30,2007-09-30,2007-09-30,2021-08-25,-385000000.0,35959000000.0,,13463000000.0,22496000000.0,,24.493,-1026000000.0,3269000000.0,3269000000.0,14407000000.0,1021000000.0,1.526,1.156,6101000000.0,423000000.0,5678000000.0,6101000000.0,0.0,409000000.0,0.0,0.015,0.24,1728000000.0,2137000000.0,0.126,2137000000.0,1728000000.0,1747000000.0,1.5,1.49,1.5,16682000000.0,,16682000000.0,41163437466.0,5.0,4.496,-441000000.0,-0.647,1.0,2547000000.0,0.15,1566000000.0,-19000000.0,28404000000.0,,4604000000.0,2650000000.0,0.0,2650000000.0,19277000000.0,8821000000.0,10456000000.0,38836437466.0,938000000.0,0.0,-19000000.0,1410000000.0,-163000000.0,1229000000.0,-881000000.0,-23000000.0,585000000.0,5000000.0,1021000000.0,1021000000.0,1021000000.0,0.0,0.0,0.06,928000000.0,1619000000.0,7086000000.0,0.16,2.328,8.893,8.965,16655000000.0,0.0,57.02,0.638,0.638,5908000000.0,13916000000.0,16954000000.0,16954000000.0,88000000.0,,,,,0.0,336000000.0,1.0,681102025.0,681102025.0,,24.892,34393000000.0,0.0,726000000.0,3148000000.0,50.496,4642000000.0
56,MRO,MRQ,2007-06-30,2007-06-30,2007-06-30,2021-08-25,-402000000.0,33605000000.0,,11699000000.0,21906000000.0,,23.055,-962000000.0,2331000000.0,2331000000.0,13200000000.0,1550000000.0,1.327,1.125,4658000000.0,421000000.0,4237000000.0,4658000000.0,0.0,396000000.0,0.0,0.014,0.24,2764000000.0,3160000000.0,0.187,3160000000.0,2764000000.0,2784000000.0,2.27,2.25,2.27,15815000000.0,,15815000000.0,42309953659.0,5.0,4.098,378000000.0,0.551,1.0,3687000000.0,0.218,1569000000.0,-20000000.0,25550000000.0,,4310000000.0,2583000000.0,0.0,2583000000.0,17790000000.0,8813000000.0,8977000000.0,41129953659.0,-16000000.0,-37000000.0,-311000000.0,111000000.0,-164000000.0,-341000000.0,-1017000000.0,-25000000.0,1340000000.0,2000000.0,1550000000.0,1550000000.0,1550000000.0,-8000000.0,0.0,0.092,931000000.0,2756000000.0,7015000000.0,0.106,2.601,8.277,8.398,16037000000.0,0.0,59.96,0.68,0.68,5355000000.0,13058000000.0,16887000000.0,16887000000.0,115000000.0,,,,,0.0,327000000.0,1.0,685956532.0,685956532.0,,24.618,32036000000.0,0.0,1234000000.0,3225000000.0,46.703,2886000000.0
57,MRO,MRQ,2007-03-31,2007-03-31,2007-03-31,2021-08-25,-322000000.0,31396000000.0,,10337000000.0,21059000000.0,,21.384,-737000000.0,2347000000.0,2347000000.0,10847000000.0,717000000.0,1.168,1.086,3527000000.0,873000000.0,2654000000.0,3527000000.0,0.0,393000000.0,0.0,0.016,0.2,1316000000.0,1709000000.0,0.131,1709000000.0,1316000000.0,1335000000.0,1.04,1.03,1.04,14792000000.0,,14792000000.0,35128635546.0,4.0,3.328,289000000.0,0.418,1.0,2155000000.0,0.166,1575000000.0,-19000000.0,22152000000.0,,3536000000.0,0.0,0.0,0.0,16058000000.0,8849000000.0,7209000000.0,34181635546.0,-238000000.0,0.0,-447000000.0,-10000000.0,-138000000.0,-555000000.0,-711000000.0,-5000000.0,1026000000.0,2000000.0,717000000.0,717000000.0,717000000.0,0.0,0.0,0.055,839000000.0,1316000000.0,6699000000.0,0.192,2.311,6.615,6.778,16963000000.0,0.0,49.415,0.552,0.552,6686000000.0,11671000000.0,13002000000.0,13002000000.0,61000000.0,,,,,0.0,287000000.0,1.0,691725904.0,691725904.0,,18.796,29821000000.0,0.0,618000000.0,3123000000.0,43.111,1488000000.0
58,MRO,MRQ,2006-12-31,2006-12-31,2006-12-31,2021-08-25,-368000000.0,30831000000.0,,10096000000.0,20735000000.0,,20.777,-1028000000.0,2585000000.0,2585000000.0,11250000000.0,1079000000.0,1.252,1.075,3532000000.0,471000000.0,3061000000.0,3532000000.0,0.0,388000000.0,0.0,0.017,0.2,1761000000.0,2149000000.0,0.154,2149000000.0,1761000000.0,1805000000.0,1.55,1.54,1.55,14607000000.0,,14607000000.0,33408603885.0,4.0,3.112,715000000.0,1.017,1.0,2736000000.0,0.196,1578000000.0,-44000000.0,22139000000.0,,3173000000.0,1539000000.0,0.0,1539000000.0,15706000000.0,8061000000.0,7645000000.0,32515603885.0,-212000000.0,-198000000.0,-543000000.0,-197000000.0,-140000000.0,-855000000.0,-1103000000.0,66000000.0,1743000000.0,3000000.0,1079000000.0,1079000000.0,1079000000.0,0.0,0.0,0.077,943000000.0,1793000000.0,6279000000.0,0.129,2.226,6.212,6.327,16653000000.0,0.0,46.25,0.497,0.497,4707000000.0,11093000000.0,13986000000.0,13986000000.0,131000000.0,,,,,0.0,333000000.0,1.0,703040084.0,703040084.0,,19.894,29253000000.0,0.0,726000000.0,3126000000.0,41.609,2035000000.0
59,MRO,MRQ,2006-09-30,2006-09-30,2006-09-30,2021-08-25,-112000000.0,30829000000.0,,10946000000.0,19883000000.0,,20.175,-1097000000.0,2797000000.0,2797000000.0,12840000000.0,1623000000.0,1.336,1.099,3690000000.0,460000000.0,3230000000.0,3690000000.0,0.0,361000000.0,0.0,0.019,0.2,2946000000.0,3307000000.0,0.199,3307000000.0,2946000000.0,2953000000.0,2.28,2.26,2.28,14452000000.0,,14452000000.0,28196944176.0,3.0,2.604,349000000.0,0.487,1.0,3794000000.0,0.228,1522000000.0,-7000000.0,22009000000.0,,4039000000.0,0.0,0.0,0.0,15878000000.0,8191000000.0,7687000000.0,27542944176.0,-229000000.0,0.0,-570000000.0,-1000000.0,-142000000.0,-678000000.0,-995000000.0,71000000.0,1446000000.0,-2000000.0,1623000000.0,1623000000.0,1623000000.0,0.0,0.0,0.098,850000000.0,2944000000.0,6398000000.0,0.088,1.906,5.082,5.106,15806000000.0,0.0,38.45,0.401,0.401,6378000000.0,10153000000.0,16634000000.0,16634000000.0,97000000.0,,,,,0.0,300000000.0,1.0,716331448.0,716331448.0,,23.221,29307000000.0,0.0,1330000000.0,3411000000.0,40.913,2755000000.0
60,MRO,MRQ,2006-06-30,2006-06-30,2006-06-30,2021-08-25,-132000000.0,30450000000.0,,11305000000.0,19145000000.0,,18.609,-736000000.0,3026000000.0,3026000000.0,14702000000.0,1748000000.0,1.288,1.222,3680000000.0,456000000.0,3224000000.0,3680000000.0,0.0,369000000.0,0.0,0.017,0.2,3020000000.0,3389000000.0,0.185,3389000000.0,3020000000.0,3029000000.0,2.42,2.4,2.42,13489000000.0,,13489000000.0,32623920799.0,4.0,3.585,1323000000.0,1.825,1.0,3588000000.0,0.196,1478000000.0,-9000000.0,20850000000.0,,3817000000.0,0.0,0.0,0.0,16482000000.0,8776000000.0,7706000000.0,30190920799.0,1757000000.0,816000000.0,-314000000.0,-1000000.0,-144000000.0,-444000000.0,130000000.0,57000000.0,2059000000.0,12000000.0,1748000000.0,1748000000.0,1748000000.0,-264000000.0,0.0,0.096,834000000.0,2754000000.0,6786000000.0,0.083,2.238,6.611,6.606,15110000000.0,0.0,41.65,0.436,0.436,6681000000.0,8672000000.0,18290000000.0,18290000000.0,66000000.0,,,,,0.0,308000000.0,1.0,724872048.0,724872048.0,,25.232,28972000000.0,0.0,1281000000.0,3564000000.0,39.968,2529000000.0
61,MRO,MRQ,2006-03-31,2006-03-31,2006-03-31,2021-08-25,-141000000.0,27804000000.0,,8585000000.0,19219000000.0,,16.582,-572000000.0,1269000000.0,1269000000.0,14208000000.0,784000000.0,1.196,1.247,3702000000.0,15000000.0,3687000000.0,3702000000.0,0.0,400000000.0,0.0,0.017,0.165,1492000000.0,1892000000.0,0.114,1892000000.0,1492000000.0,1469000000.0,1.075,1.065,1.075,12165000000.0,,12165000000.0,29335816394.0,5.0,4.154,-332000000.0,-0.453,1.0,2331000000.0,0.141,1503000000.0,23000000.0,21558000000.0,,3409000000.0,0.0,0.0,0.0,15168000000.0,7176000000.0,7992000000.0,27939816394.0,-1348000000.0,-527000000.0,-221000000.0,-302000000.0,-121000000.0,-604000000.0,-987000000.0,87000000.0,240000000.0,3000000.0,784000000.0,784000000.0,784000000.0,-13000000.0,0.0,0.047,855000000.0,1476000000.0,5806000000.0,0.153,2.297,8.001,7.844,15186000000.0,0.0,38.085,0.417,0.417,6059000000.0,7068000000.0,16539000000.0,16539000000.0,71000000.0,,,,,0.0,287000000.0,1.0,733617340.0,733617340.0,,22.544,26301000000.0,0.0,685000000.0,3345000000.0,35.851,1409000000.0
62,MRO,MRQ,2005-12-31,2005-12-31,2005-12-31,2021-08-25,-151000000.0,28498000000.0,,9383000000.0,19115000000.0,,15.97,-844000000.0,2617000000.0,2617000000.0,14363000000.0,1265000000.0,1.151,1.398,4013000000.0,315000000.0,3698000000.0,4013000000.0,0.0,353000000.0,0.0,0.02,0.165,1889000000.0,2242000000.0,0.13,2242000000.0,1889000000.0,1988000000.0,1.755,1.735,1.755,11705000000.0,,11705000000.0,25630246152.0,5.0,4.237,1921000000.0,2.621,1.0,2852000000.0,0.166,1507000000.0,-99000000.0,20233000000.0,,3041000000.0,0.0,0.0,0.0,16358000000.0,8154000000.0,8204000000.0,22344246152.0,1574000000.0,0.0,1000000.0,-286000000.0,-122000000.0,-369000000.0,-816000000.0,22000000.0,2765000000.0,-6000000.0,1265000000.0,1265000000.0,1265000000.0,-19000000.0,0.0,0.073,821000000.0,2031000000.0,6517000000.0,0.094,1.909,7.369,7.156,15011000000.0,0.0,30.485,0.353,0.353,5930000000.0,6406000000.0,17215000000.0,17215000000.0,87000000.0,,,,,0.0,304000000.0,1.0,732958706.0,732958706.0,,23.487,26991000000.0,0.0,723000000.0,3262000000.0,36.825,1229000000.0
63,MRO,MRQ,2005-09-30,2005-09-30,2005-09-30,2021-08-25,-56000000.0,25985000000.0,,8523000000.0,17462000000.0,,14.538,-773000000.0,1043000000.0,1043000000.0,15124000000.0,770000000.0,1.175,1.403,4329000000.0,601000000.0,3728000000.0,4329000000.0,0.0,319000000.0,0.0,0.017,0.165,1259000000.0,1578000000.0,0.092,1578000000.0,1259000000.0,1228000000.0,1.055,1.045,1.055,10642000000.0,,10642000000.0,28333239488.0,8.0,5.936,-320000000.0,-0.437,1.0,2027000000.0,0.118,1134000000.0,31000000.0,20881000000.0,,3338000000.0,0.0,0.0,0.0,14926000000.0,7256000000.0,7670000000.0,25229239488.0,-2419000000.0,154000000.0,16000000.0,-2228000000.0,-120000000.0,-2269000000.0,-604000000.0,-4000000.0,453000000.0,1000000.0,770000000.0,770000000.0,770000000.0,-20000000.0,0.0,0.045,791000000.0,1236000000.0,5536000000.0,0.156,2.371,11.489,11.029,13704000000.0,0.0,34.465,0.418,0.418,6337000000.0,5261000000.0,17151000000.0,17151000000.0,64000000.0,,,,,0.0,324000000.0,1.0,732024938.0,732024938.0,,23.43,24851000000.0,0.0,458000000.0,2849000000.0,33.948,1267000000.0
64,MRO,MRQ,2005-06-30,2005-06-30,2005-06-30,2021-08-25,-55000000.0,27096000000.0,,9936000000.0,17160000000.0,,14.312,-623000000.0,3462000000.0,3462000000.0,13970000000.0,673000000.0,1.068,1.698,6566000000.0,2823000000.0,3743000000.0,6566000000.0,0.0,308000000.0,0.0,0.02,0.14,1042000000.0,1350000000.0,0.084,1350000000.0,1042000000.0,1007000000.0,0.97,0.96,0.97,9957000000.0,,9957000000.0,19423268560.0,7.0,4.998,540000000.0,0.776,1.0,2054000000.0,0.128,1231000000.0,35000000.0,19663000000.0,,3523000000.0,0.0,0.0,0.0,16903000000.0,9306000000.0,7597000000.0,18565268560.0,271000000.0,-497000000.0,22000000.0,588000000.0,-97000000.0,280000000.0,-1163000000.0,-1000000.0,1163000000.0,-9000000.0,673000000.0,673000000.0,673000000.0,-5000000.0,0.0,0.042,703000000.0,1351000000.0,5410000000.0,0.144,1.865,11.265,11.165,13280000000.0,0.0,26.685,0.334,0.334,5106000000.0,4613000000.0,16024000000.0,16024000000.0,36000000.0,,,,,0.0,268000000.0,1.0,695719264.0,695719264.0,,23.032,25865000000.0,0.0,334000000.0,2773000000.0,37.177,630000000.0
65,MRO,MRQ,2005-03-31,2005-03-31,2005-03-31,2021-08-25,-70000000.0,23714000000.0,,8982000000.0,14732000000.0,,12.07,-556000000.0,3191000000.0,3191000000.0,11664000000.0,324000000.0,1.724,1.496,4049000000.0,17000000.0,4032000000.0,4049000000.0,0.0,323000000.0,0.0,0.023,0.14,555000000.0,878000000.0,0.067,878000000.0,555000000.0,523000000.0,0.47,0.465,0.47,8377000000.0,,8377000000.0,16985863614.0,8.0,4.918,-199000000.0,-0.287,1.0,1346000000.0,0.103,358000000.0,32000000.0,19004000000.0,,2273000000.0,0.0,0.0,0.0,12534000000.0,5210000000.0,7324000000.0,16281863614.0,-178000000.0,0.0,39000000.0,-2000000.0,-97000000.0,13000000.0,-544000000.0,-30000000.0,357000000.0,-4000000.0,324000000.0,324000000.0,324000000.0,0.0,0.0,0.025,722000000.0,624000000.0,4742000000.0,0.298,1.944,12.27,12.155,12019000000.0,0.0,23.46,0.313,0.313,5331000000.0,4036000000.0,13010000000.0,13010000000.0,34000000.0,,,,,0.0,260000000.0,1.0,694026582.0,694026582.0,,18.746,23356000000.0,0.0,199000000.0,1938000000.0,33.653,3772000000.0
66,MRO,MRQ,2004-12-31,2004-12-31,2004-12-31,2021-08-25,-64000000.0,23423000000.0,,8866000000.0,14557000000.0,,11.702,-764000000.0,3369000000.0,3369000000.0,12672000000.0,429000000.0,1.688,1.556,4073000000.0,16000000.0,4057000000.0,4073000000.0,0.0,282000000.0,0.0,0.027,0.14,685000000.0,967000000.0,0.068,967000000.0,685000000.0,652000000.0,0.63,0.625,0.63,8111000000.0,,8111000000.0,14625343461.0,7.0,4.384,1025000000.0,1.479,1.0,1497000000.0,0.106,370000000.0,33000000.0,18504000000.0,,1995000000.0,0.0,0.0,0.0,12622000000.0,5253000000.0,7369000000.0,13034343461.0,877000000.0,0.0,7000000.0,-1000000.0,-97000000.0,-91000000.0,-826000000.0,7000000.0,1789000000.0,5000000.0,429000000.0,429000000.0,429000000.0,37000000.0,0.0,0.03,630000000.0,867000000.0,4753000000.0,0.222,1.607,10.337,10.029,11810000000.0,0.0,18.805,0.262,0.262,5368000000.0,3810000000.0,14169000000.0,14169000000.0,50000000.0,,,,,0.0,258000000.0,1.0,693131798.0,693131798.0,,20.442,23053000000.0,0.0,223000000.0,1950000000.0,33.259,3613000000.0
67,MRO,MRQ,2004-09-30,2004-09-30,2004-09-30,2021-08-25,-138000000.0,22070000000.0,,8015000000.0,14055000000.0,,11.109,-458000000.0,2492000000.0,2492000000.0,11091000000.0,222000000.0,1.731,1.546,4083000000.0,16000000.0,4067000000.0,4083000000.0,0.0,296000000.0,0.0,0.024,0.125,395000000.0,691000000.0,0.056,691000000.0,395000000.0,355000000.0,0.32,0.32,0.32,7689000000.0,,7689000000.0,16143439732.0,8.0,4.97,295000000.0,0.426,1.0,1225000000.0,0.099,362000000.0,40000000.0,18668000000.0,,2327000000.0,0.0,0.0,0.0,11886000000.0,4631000000.0,7255000000.0,14285439732.0,278000000.0,0.0,8000000.0,-2000000.0,-87000000.0,14000000.0,-491000000.0,-46000000.0,753000000.0,2000000.0,222000000.0,222000000.0,222000000.0,0.0,0.0,0.018,683000000.0,542000000.0,4321000000.0,0.391,1.858,10.847,10.167,11285000000.0,0.0,20.64,0.306,0.306,5096000000.0,3478000000.0,12316000000.0,12316000000.0,46000000.0,,,,,0.0,261000000.0,1.0,692124018.0,692124018.0,,17.794,21708000000.0,0.0,133000000.0,1726000000.0,31.364,3384000000.0
68,MRO,MRQ,2004-06-30,2004-06-30,2004-06-30,2021-08-25,-133000000.0,21476000000.0,,7615000000.0,13861000000.0,,10.917,-575000000.0,2214000000.0,2214000000.0,11069000000.0,352000000.0,1.75,1.537,4072000000.0,22000000.0,4050000000.0,4072000000.0,0.0,301000000.0,0.0,0.026,0.125,617000000.0,918000000.0,0.073,918000000.0,617000000.0,566000000.0,0.51,0.51,0.51,7542000000.0,,7542000000.0,15194601719.0,7.0,4.534,362000000.0,0.524,1.0,1523000000.0,0.121,364000000.0,51000000.0,18618000000.0,,2146000000.0,0.0,0.0,0.0,11595000000.0,4352000000.0,7243000000.0,13070601719.0,134000000.0,0.0,7000000.0,-83000000.0,-86000000.0,-162000000.0,-640000000.0,-75000000.0,937000000.0,-1000000.0,352000000.0,352000000.0,352000000.0,-4000000.0,0.0,0.028,694000000.0,829000000.0,3940000000.0,0.245,1.733,9.499,8.759,11061000000.0,0.0,18.92,0.292,0.292,5190000000.0,3343000000.0,12592000000.0,12592000000.0,34000000.0,,,,,0.0,280000000.0,1.0,690835186.0,690835186.0,,18.227,21112000000.0,0.0,214000000.0,1807000000.0,30.56,3263000000.0
69,MRO,MRQ,2004-03-31,2004-03-31,2004-03-31,2021-08-25,-122000000.0,20491000000.0,,6938000000.0,13553000000.0,,11.705,-344000000.0,2080000000.0,2080000000.0,9583000000.0,258000000.0,1.743,1.539,4204000000.0,98000000.0,4106000000.0,4204000000.0,0.0,299000000.0,0.0,0.029,0.125,461000000.0,760000000.0,0.071,760000000.0,461000000.0,423000000.0,0.415,0.415,0.415,7272000000.0,,7272000000.0,13420550887.0,7.0,4.242,-57000000.0,-0.092,1.0,1110000000.0,0.104,367000000.0,38000000.0,18267000000.0,,2202000000.0,0.0,0.0,0.0,11190000000.0,3981000000.0,7209000000.0,10459550887.0,684000000.0,0.0,1021000000.0,-177000000.0,-78000000.0,766000000.0,-367000000.0,-31000000.0,287000000.0,-2000000.0,258000000.0,258000000.0,258000000.0,0.0,0.0,0.024,632000000.0,478000000.0,3510000000.0,0.301,1.438,8.223,8.212,10877000000.0,0.0,16.835,0.25,0.25,4498000000.0,3077000000.0,10693000000.0,10693000000.0,28000000.0,,,,,0.0,222000000.0,1.0,621297944.0,621297944.0,,17.211,20124000000.0,0.0,165000000.0,1803000000.0,32.39,2957000000.0
70,MRO,MRQ,2003-12-31,2003-12-31,2003-12-31,2021-08-25,-112000000.0,19482000000.0,,6044000000.0,13438000000.0,,9.791,-637000000.0,1396000000.0,1396000000.0,10110000000.0,485000000.0,1.437,1.876,4357000000.0,272000000.0,4085000000.0,4357000000.0,0.0,275000000.0,0.0,0.029,0.125,604000000.0,879000000.0,0.079,879000000.0,604000000.0,591000000.0,0.785,0.785,0.785,6075000000.0,,6075000000.0,14211092885.0,7.0,4.393,377000000.0,0.608,1.0,991000000.0,0.089,370000000.0,13000000.0,17866000000.0,,1955000000.0,0.0,0.0,0.0,11396000000.0,4207000000.0,7189000000.0,10266092885.0,935000000.0,609000000.0,9000000.0,-114000000.0,-77000000.0,-329000000.0,247000000.0,-37000000.0,1014000000.0,1000000.0,485000000.0,485000000.0,485000000.0,-286000000.0,0.0,0.044,638000000.0,353000000.0,3611000000.0,0.159,1.69,7.771,7.768,10830000000.0,0.0,16.545,0.249,0.249,4446000000.0,2897000000.0,11101000000.0,11101000000.0,75000000.0,,,,,0.0,220000000.0,1.0,620495188.0,620495188.0,,17.891,19112000000.0,0.0,106000000.0,1736000000.0,30.801,1837000000.0
71,MRO,MRQ,2003-09-30,2003-09-30,2003-09-30,2021-08-25,-64000000.0,19056000000.0,,5165000000.0,13891000000.0,,9.199,-446000000.0,441000000.0,441000000.0,9038000000.0,281000000.0,1.27,2.34,4386000000.0,286000000.0,4100000000.0,4386000000.0,0.0,280000000.0,0.0,0.033,0.125,514000000.0,794000000.0,0.077,794000000.0,514000000.0,459000000.0,0.45,0.45,0.45,5706000000.0,,5706000000.0,12873064613.0,7.0,4.318,227000000.0,0.366,1.0,1290000000.0,0.125,370000000.0,55000000.0,18565000000.0,,2163000000.0,0.0,0.0,0.0,13350000000.0,4066000000.0,9284000000.0,8839064613.0,-40000000.0,-29000000.0,1000000.0,-137000000.0,-78000000.0,-303000000.0,-411000000.0,59000000.0,673000000.0,0.0,281000000.0,281000000.0,281000000.0,12000000.0,0.0,0.027,632000000.0,658000000.0,3315000000.0,0.278,1.549,8.582,8.61,10749000000.0,0.0,14.25,0.228,0.228,4270000000.0,2489000000.0,10328000000.0,10328000000.0,30000000.0,,,,,0.0,249000000.0,1.0,620285236.0,620285236.0,,16.65,18686000000.0,0.0,178000000.0,1772000000.0,30.125,1099000000.0
72,MRO,MRQ,2003-06-30,2003-06-30,2003-06-30,2021-08-25,-84000000.0,18864000000.0,,5084000000.0,13780000000.0,,8.846,-469000000.0,501000000.0,501000000.0,8534000000.0,248000000.0,1.213,2.441,4535000000.0,434000000.0,4101000000.0,4535000000.0,0.0,297000000.0,0.0,0.035,0.115,434000000.0,731000000.0,0.075,731000000.0,434000000.0,382000000.0,0.4,0.4,0.4,5482000000.0,,5482000000.0,12049067175.0,7.0,4.388,3000000.0,0.005,1.0,1172000000.0,0.121,386000000.0,52000000.0,18322000000.0,,2134000000.0,0.0,0.0,0.0,13382000000.0,4190000000.0,9192000000.0,8165067175.0,-64000000.0,-220000000.0,1000000.0,41000000.0,-71000000.0,-44000000.0,-500000000.0,-125000000.0,472000000.0,3000000.0,248000000.0,248000000.0,248000000.0,-13000000.0,0.0,0.026,646000000.0,526000000.0,3286000000.0,0.287,1.489,9.767,9.796,11051000000.0,0.0,13.175,0.222,0.222,4306000000.0,2286000000.0,9706000000.0,9706000000.0,27000000.0,,,,,0.0,244000000.0,1.0,619739444.0,619739444.0,,15.661,18478000000.0,0.0,134000000.0,1852000000.0,29.816,894000000.0
73,MRO,MRQ,2003-03-31,2003-03-31,2003-03-31,2021-08-25,-65000000.0,18737000000.0,,5380000000.0,13357000000.0,,8.583,-357000000.0,565000000.0,565000000.0,8925000000.0,307000000.0,1.179,2.523,4449000000.0,435000000.0,4014000000.0,4449000000.0,0.0,292000000.0,0.0,0.038,0.115,539000000.0,831000000.0,0.082,831000000.0,539000000.0,473000000.0,0.495,0.495,0.495,5319000000.0,,5319000000.0,11510423397.0,8.0,4.316,249000000.0,0.402,1.0,1174000000.0,0.116,390000000.0,66000000.0,17667000000.0,,2053000000.0,0.0,0.0,0.0,13418000000.0,4564000000.0,8854000000.0,7427423397.0,77000000.0,0.0,0.0,-129000000.0,-72000000.0,-212000000.0,-321000000.0,12000000.0,606000000.0,4000000.0,307000000.0,307000000.0,307000000.0,-18000000.0,0.0,0.03,627000000.0,547000000.0,3601000000.0,0.232,1.396,9.825,9.864,10389000000.0,0.0,11.985,0.211,0.211,4711000000.0,2109000000.0,10099000000.0,10099000000.0,48000000.0,,,,,0.0,207000000.0,1.0,619726608.0,619726608.0,,16.296,18347000000.0,0.0,166000000.0,1899000000.0,29.605,816000000.0
74,MRO,MRQ,2002-12-31,2002-12-31,2002-12-31,2021-08-25,-69000000.0,17812000000.0,,4479000000.0,13333000000.0,,8.2,-542000000.0,488000000.0,488000000.0,7529000000.0,194000000.0,1.224,2.117,4571000000.0,161000000.0,4410000000.0,4571000000.0,0.0,288000000.0,0.0,0.042,0.115,337000000.0,625000000.0,0.073,625000000.0,337000000.0,284000000.0,0.31,0.31,0.31,5082000000.0,,5082000000.0,10961998003.0,10.0,4.758,388000000.0,0.626,1.0,1036000000.0,0.121,393000000.0,53000000.0,17843000000.0,,1984000000.0,0.0,0.0,0.0,10759000000.0,3659000000.0,7100000000.0,6596998003.0,113000000.0,54000000.0,-7000000.0,-178000000.0,-68000000.0,-342000000.0,-477000000.0,-36000000.0,930000000.0,2000000.0,194000000.0,194000000.0,194000000.0,-2000000.0,0.0,0.023,666000000.0,370000000.0,3090000000.0,0.371,1.298,12.785,12.825,10390000000.0,0.0,10.645,0.209,0.209,4035000000.0,1874000000.0,8565000000.0,8565000000.0,78000000.0,,,,,0.0,237000000.0,1.0,619727384.0,619727384.0,,13.821,17419000000.0,0.0,90000000.0,1752000000.0,28.108,820000000.0
75,MRO,MRQ,2002-09-30,2002-09-30,2002-09-30,2021-08-25,-13000000.0,17541000000.0,,4457000000.0,13084000000.0,,8.089,-338000000.0,375000000.0,375000000.0,7535000000.0,87000000.0,1.321,2.499,4740000000.0,161000000.0,4579000000.0,4740000000.0,0.0,243000000.0,0.0,0.04,0.115,316000000.0,559000000.0,0.066,559000000.0,316000000.0,241000000.0,0.14,0.14,0.14,5013000000.0,,5013000000.0,11581626132.0,118.0,9.363,394000000.0,0.636,1.0,944000000.0,0.111,372000000.0,75000000.0,18159000000.0,,2075000000.0,0.0,0.0,0.0,12528000000.0,3375000000.0,9153000000.0,7026626132.0,80000000.0,0.0,0.0,-116000000.0,-75000000.0,-278000000.0,-374000000.0,-63000000.0,732000000.0,0.0,87000000.0,87000000.0,87000000.0,-13000000.0,0.0,0.01,584000000.0,360000000.0,2784000000.0,0.821,1.402,-12.199,-12.128,10192000000.0,0.0,11.34,0.235,0.235,3980000000.0,1751000000.0,8479000000.0,8479000000.0,21000000.0,,,,,0.0,218000000.0,1.0,619631934.0,619748000.0,619940000.0,13.681,17169000000.0,0.0,154000000.0,1804000000.0,27.703,1082000000.0
76,MRO,MRQ,2002-06-30,2002-06-30,2002-06-30,2021-08-25,-8000000.0,17643000000.0,,4650000000.0,12993000000.0,,8.068,-348000000.0,295000000.0,295000000.0,7052000000.0,168000000.0,1.384,2.529,4850000000.0,119000000.0,4731000000.0,4850000000.0,0.0,318000000.0,0.0,0.033,0.115,334000000.0,652000000.0,0.08,652000000.0,334000000.0,258000000.0,0.27,0.27,0.27,4999000000.0,,4999000000.0,12742206922.0,88.0,9.488,101000000.0,0.163,1.0,1070000000.0,0.132,327000000.0,76000000.0,18512000000.0,,2077000000.0,0.0,0.0,0.0,12644000000.0,3359000000.0,9285000000.0,8399206922.0,58000000.0,-155000000.0,2000000.0,211000000.0,-71000000.0,143000000.0,-536000000.0,-48000000.0,449000000.0,2000000.0,168000000.0,168000000.0,168000000.0,0.0,0.0,0.021,613000000.0,457000000.0,2809000000.0,0.426,1.68,-17.871,-17.842,10152000000.0,0.0,13.56,0.282,0.283,4185000000.0,1736000000.0,8122000000.0,8122000000.0,44000000.0,,,,,0.0,184000000.0,1.0,619410540.0,619614000.0,620142000.0,13.108,17316000000.0,0.0,90000000.0,1721000000.0,27.946,1291000000.0
77,MRO,MRQ,2002-03-31,2002-03-31,2002-03-31,2021-08-25,2000000.0,17016000000.0,,4250000000.0,12766000000.0,,7.924,-292000000.0,237000000.0,237000000.0,5757000000.0,67000000.0,1.271,2.469,4580000000.0,239000000.0,4341000000.0,4580000000.0,0.0,302000000.0,0.0,0.031,0.105,170000000.0,472000000.0,0.073,472000000.0,170000000.0,106000000.0,0.11,0.11,0.11,4905000000.0,,4905000000.0,11904118861.0,16.0,6.162,-3000000.0,-0.005,1.0,707000000.0,0.109,312000000.0,64000000.0,17704000000.0,,1991000000.0,1530000000.0,0.0,1530000000.0,12111000000.0,3343000000.0,8768000000.0,8914118861.0,-420000000.0,-1005000000.0,0.0,932000000.0,-71000000.0,565000000.0,-1274000000.0,-77000000.0,289000000.0,0.0,67000000.0,67000000.0,67000000.0,0.0,0.0,0.01,539000000.0,168000000.0,2789000000.0,0.955,1.817,-159.181,-160.0,10026000000.0,0.0,14.4,0.29,0.29,2382000000.0,1640000000.0,6464000000.0,6464000000.0,57000000.0,,,,,0.0,187000000.0,1.0,619036032.0,619036032.0,,10.442,16704000000.0,13000000.0,39000000.0,1635000000.0,26.984,907000000.0
78,MRO,MRQ,2001-12-31,2001-12-31,2001-12-31,2021-08-25,34000000.0,16129000000.0,,4411000000.0,11718000000.0,,7.983,-513000000.0,657000000.0,657000000.0,5546000000.0,-1074000000.0,1.272,2.265,3647000000.0,215000000.0,3432000000.0,3647000000.0,0.0,276000000.0,0.0,0.031,0.115,-722000000.0,-446000000.0,-0.066,-446000000.0,-722000000.0,-760000000.0,-1.455,-1.45,-1.455,4940000000.0,,4940000000.0,12844792670.0,9.0,5.012,231000000.0,0.373,1.0,1252000000.0,0.184,149000000.0,38000000.0,15502000000.0,,1851000000.0,0.0,0.0,0.0,11189000000.0,3468000000.0,7721000000.0,9281792670.0,-1296000000.0,-147000000.0,1000000.0,102000000.0,-73000000.0,-328000000.0,-746000000.0,-13000000.0,744000000.0,-3000000.0,-898000000.0,-898000000.0,-898000000.0,1227000000.0,-176000000.0,-0.132,882000000.0,370000000.0,2710000000.0,-0.079,1.879,24.62,24.59,9552000000.0,0.0,15.0,0.281,0.281,3399000000.0,1643000000.0,6798000000.0,6798000000.0,58000000.0,,,,,0.0,279000000.0,1.0,618786178.0,618786178.0,,10.986,15980000000.0,0.0,138000000.0,1468000000.0,25.825,943000000.0
79,MRO,MRQ,2001-09-30,2001-09-30,2001-09-30,2021-08-25,7000000.0,24677000000.0,,7419000000.0,17258000000.0,,12.617,-392000000.0,987000000.0,987000000.0,7274000000.0,170000000.0,1.54,2.162,4550000000.0,227000000.0,4323000000.0,4550000000.0,0.0,302000000.0,0.0,0.034,0.115,363000000.0,665000000.0,0.08,665000000.0,363000000.0,313000000.0,0.315,0.31,0.315,7805000000.0,,7805000000.0,12082433236.0,16.0,6.869,477000000.0,0.771,1.0,1074000000.0,0.129,0.0,50000000.0,23421000000.0,,2907000000.0,1416000000.0,0.0,1416000000.0,16872000000.0,4819000000.0,12053000000.0,8263433236.0,536000000.0,0.0,0.0,0.0,0.0,0.0,-333000000.0,-44000000.0,869000000.0,0.0,193000000.0,193000000.0,193000000.0,13000000.0,-23000000.0,0.023,497000000.0,577000000.0,3901000000.0,0.365,1.059,9.687,8.519,12471000000.0,0.0,13.375,0.279,0.279,3138000000.0,2819000000.0,8348000000.0,8348000000.0,20000000.0,,,,,0.0,175000000.0,1.0,617826784.0,618618000.0,619846000.0,13.495,24677000000.0,220000000.0,120000000.0,2727000000.0,39.891,2600000000.0
80,MRO,MRQ,2001-06-30,2001-06-30,2001-06-30,2021-08-25,-9000000.0,24514000000.0,,7188000000.0,17326000000.0,,12.446,-352000000.0,723000000.0,723000000.0,7397000000.0,552000000.0,1.346,2.186,4542000000.0,686000000.0,3856000000.0,4542000000.0,0.0,306000000.0,0.0,0.031,0.115,935000000.0,1241000000.0,0.135,1241000000.0,935000000.0,893000000.0,0.94,0.94,0.94,7694000000.0,,7694000000.0,13412005997.0,13.0,6.454,857000000.0,1.386,1.0,1771000000.0,0.193,0.0,42000000.0,22992000000.0,,2926000000.0,1041000000.0,0.0,1041000000.0,16820000000.0,5341000000.0,11479000000.0,9107005997.0,812000000.0,0.0,0.0,0.0,0.0,0.0,-397000000.0,-3000000.0,1209000000.0,0.0,582000000.0,582000000.0,582000000.0,18000000.0,-30000000.0,0.063,518000000.0,1253000000.0,3965000000.0,0.122,1.184,11.412,10.211,12977000000.0,0.0,14.755,0.285,0.285,3186000000.0,2731000000.0,9168000000.0,9168000000.0,26000000.0,,,,,0.0,186000000.0,1.0,617214910.0,618202000.0,619254000.0,14.83,24514000000.0,234000000.0,311000000.0,2646000000.0,39.654,1847000000.0
81,MRO,MRQ,2001-03-31,2001-03-31,2001-03-31,2021-08-25,-18000000.0,24323000000.0,,7060000000.0,17263000000.0,,11.678,-276000000.0,591000000.0,591000000.0,7343000000.0,509000000.0,1.304,2.373,4896000000.0,701000000.0,4195000000.0,4896000000.0,0.0,303000000.0,0.0,0.033,0.115,307000000.0,610000000.0,0.07,610000000.0,307000000.0,265000000.0,0.81,0.81,0.81,7211000000.0,,7211000000.0,12541872835.0,14.0,6.519,538000000.0,0.871,1.0,1379000000.0,0.158,0.0,42000000.0,23214000000.0,,2997000000.0,1034000000.0,0.0,1034000000.0,17112000000.0,5414000000.0,11698000000.0,8307872835.0,46000000.0,-506000000.0,0.0,0.0,0.0,0.0,-768000000.0,-6000000.0,814000000.0,0.0,7000000.0,500000000.0,500000000.0,-18000000.0,502000000.0,0.057,471000000.0,908000000.0,4075000000.0,0.142,1.152,13.042,12.306,12967000000.0,-493000000.0,13.475,0.251,0.251,3120000000.0,2261000000.0,8722000000.0,8722000000.0,23000000.0,,,,,0.0,145000000.0,1.0,616539728.0,617506000.0,618146000.0,14.125,24323000000.0,230000000.0,258000000.0,2621000000.0,39.389,1646000000.0
82,MRO,MRQ,2000-12-31,2000-12-31,2000-12-31,2021-08-25,-50000000.0,17151000000.0,,4985000000.0,12166000000.0,,10.894,-414000000.0,340000000.0,340000000.0,3077000000.0,-449000000.0,1.243,1.536,2165000000.0,228000000.0,1937000000.0,2165000000.0,0.0,103000000.0,0.0,0.032,0.115,-860000000.0,-757000000.0,-0.222,-757000000.0,-860000000.0,-829000000.0,-0.495,-0.495,-0.495,6764000000.0,,6764000000.0,12529147673.0,11.0,5.705,361000000.0,0.581,1.0,331000000.0,0.097,0.0,-31000000.0,14964000000.0,,1867000000.0,2281000000.0,0.0,2281000000.0,10387000000.0,4012000000.0,6375000000.0,8615147673.0,388000000.0,0.0,-67000000.0,380000000.0,-88000000.0,9000000.0,-399000000.0,-38000000.0,775000000.0,2000000.0,-428000000.0,-422000000.0,-422000000.0,9000000.0,-21000000.0,-0.124,1078000000.0,-747000000.0,3712000000.0,-0.232,1.274,19.942,19.964,9375000000.0,-6000000.0,13.875,0.254,0.254,5000000.0,1847000000.0,3408000000.0,3408000000.0,96000000.0,,,,,0.0,404000000.0,1.0,620911544.0,620911544.0,,5.489,17151000000.0,60000000.0,-401000000.0,1462000000.0,27.622,973000000.0
83,MRO,MRQ,2000-09-30,2000-09-30,2000-09-30,2021-08-25,-33000000.0,23870000000.0,,6677000000.0,17193000000.0,,11.852,-338000000.0,171000000.0,171000000.0,9434000000.0,140000000.0,1.294,2.229,4085000000.0,774000000.0,3311000000.0,4085000000.0,0.0,310000000.0,0.0,0.03,0.115,674000000.0,984000000.0,0.092,984000000.0,674000000.0,594000000.0,0.19,0.19,0.19,7392000000.0,,7392000000.0,12863311796.0,6.0,3.925,310000000.0,0.497,1.0,1245000000.0,0.117,0.0,80000000.0,22625000000.0,,2886000000.0,1355000000.0,0.0,1355000000.0,16478000000.0,5159000000.0,11319000000.0,8853311796.0,4000000.0,0.0,-37000000.0,-95000000.0,-96000000.0,-367000000.0,-276000000.0,-32000000.0,648000000.0,-1000000.0,140000000.0,138000000.0,138000000.0,0.0,0.0,0.013,456000000.0,789000000.0,4016000000.0,0.605,1.198,8.305,9.716,12718000000.0,2000000.0,14.185,0.264,0.264,3035000000.0,2392000000.0,10679000000.0,10679000000.0,51000000.0,,,,,0.0,95000000.0,1.0,624131956.0,623694000.0,624188000.0,17.122,23870000000.0,316000000.0,454000000.0,2671000000.0,38.272,1518000000.0
84,MRO,MRQ,2000-06-30,2000-06-30,2000-06-30,2021-08-25,-31000000.0,23783000000.0,,6656000000.0,17127000000.0,,11.823,-291000000.0,167000000.0,167000000.0,8947000000.0,423000000.0,1.416,2.221,4177000000.0,164000000.0,4013000000.0,4177000000.0,0.0,318000000.0,0.0,0.034,0.105,769000000.0,1087000000.0,0.105,1087000000.0,769000000.0,677000000.0,0.59,0.59,0.59,7383000000.0,,7383000000.0,12124030453.0,6.0,4.075,460000000.0,0.737,1.0,1403000000.0,0.136,0.0,92000000.0,23092000000.0,,2892000000.0,1339000000.0,0.0,1339000000.0,16400000000.0,4701000000.0,11699000000.0,7813030453.0,60000000.0,0.0,0.0,-244000000.0,-89000000.0,-407000000.0,-282000000.0,-73000000.0,751000000.0,-2000000.0,423000000.0,421000000.0,421000000.0,0.0,0.0,0.041,431000000.0,972000000.0,4022000000.0,0.178,1.058,6.945,7.64,12746000000.0,2000000.0,12.53,0.255,0.255,3000000000.0,2348000000.0,10350000000.0,10350000000.0,46000000.0,,,,,0.0,67000000.0,1.0,623545926.0,624466000.0,624862000.0,16.574,23783000000.0,316000000.0,254000000.0,2436000000.0,38.085,1955000000.0
85,MRO,MRQ,2000-03-31,2000-03-31,2000-03-31,2021-08-25,-28000000.0,23115000000.0,,5976000000.0,17139000000.0,,11.297,-382000000.0,107000000.0,107000000.0,8376000000.0,297000000.0,1.43,2.278,4418000000.0,48000000.0,4370000000.0,4418000000.0,0.0,321000000.0,0.0,0.032,0.105,561000000.0,882000000.0,0.094,882000000.0,561000000.0,466000000.0,0.405,0.405,0.405,7052000000.0,,7052000000.0,12457652737.0,8.0,4.83,-25000000.0,-0.04,1.0,1053000000.0,0.112,0.0,95000000.0,23248000000.0,,2676000000.0,1330000000.0,0.0,1330000000.0,16063000000.0,4178000000.0,11885000000.0,8124652737.0,-26000000.0,0.0,0.0,-45000000.0,-90000000.0,-146000000.0,-236000000.0,-186000000.0,357000000.0,-1000000.0,297000000.0,295000000.0,295000000.0,0.0,0.0,0.031,437000000.0,616000000.0,3701000000.0,0.259,1.152,9.129,10.3,12821000000.0,2000000.0,13.03,0.3,0.301,2714000000.0,2014000000.0,9429000000.0,9429000000.0,45000000.0,,,,,0.0,71000000.0,1.0,623534362.0,624256000.0,624570000.0,15.104,23115000000.0,307000000.0,169000000.0,2300000000.0,37.028,1798000000.0
86,MRO,MRQ,1999-12-31,1999-12-31,1999-12-31,2021-08-25,-27000000.0,22931000000.0,,5956000000.0,16975000000.0,,11.032,-330000000.0,133000000.0,133000000.0,2301000000.0,205000000.0,1.376,2.345,4466000000.0,61000000.0,4405000000.0,4466000000.0,0.0,44000000.0,0.0,0.034,0.105,280000000.0,324000000.0,0.107,324000000.0,280000000.0,258000000.0,0.275,0.275,0.275,6856000000.0,,6856000000.0,11933661591.0,9.0,5.29,304000000.0,0.489,1.0,732000000.0,0.241,0.0,22000000.0,22936000000.0,,2627000000.0,1237000000.0,0.0,1237000000.0,16075000000.0,4328000000.0,11747000000.0,7671661591.0,40000000.0,17000000.0,43000000.0,93000000.0,-88000000.0,-21000000.0,-572000000.0,-30000000.0,634000000.0,-1000000.0,205000000.0,212000000.0,212000000.0,-59000000.0,0.0,0.07,469000000.0,263000000.0,3877000000.0,0.382,1.119,10.991,11.701,12809000000.0,-7000000.0,12.345,0.324,0.324,2717000000.0,1807000000.0,3033000000.0,3033000000.0,76000000.0,,,,,0.0,-202000000.0,1.0,621438768.0,621438768.0,,4.881,22931000000.0,303000000.0,53000000.0,2122000000.0,36.9,1628000000.0
87,MRO,MRQ,1999-09-30,1999-09-30,1999-09-30,2021-08-25,-45000000.0,22150000000.0,,5336000000.0,16814000000.0,,10.794,-363000000.0,93000000.0,93000000.0,7017000000.0,199000000.0,1.366,2.316,4355000000.0,133000000.0,4222000000.0,4355000000.0,0.0,297000000.0,0.0,0.029,0.105,385000000.0,682000000.0,0.087,682000000.0,385000000.0,293000000.0,0.37,0.37,0.37,6679000000.0,,6679000000.0,13403784581.0,13.0,6.008,272000000.0,0.44,1.0,796000000.0,0.102,0.0,92000000.0,22505000000.0,,2638000000.0,1251000000.0,0.0,1251000000.0,15471000000.0,3907000000.0,11564000000.0,9030784581.0,-6000000.0,-17000000.0,38000000.0,-119000000.0,-87000000.0,-295000000.0,-347000000.0,-60000000.0,635000000.0,1000000.0,199000000.0,197000000.0,197000000.0,0.0,0.0,0.025,261000000.0,535000000.0,3381000000.0,0.284,1.352,19.052,23.589,12687000000.0,2000000.0,14.625,0.333,0.333,2152000000.0,1692000000.0,7813000000.0,7813000000.0,40000000.0,,,,,0.0,60000000.0,1.0,617489544.0,618784000.0,619620000.0,12.626,22150000000.0,222000000.0,94000000.0,2066000000.0,35.796,1429000000.0
88,MRO,MRQ,1999-06-30,1999-06-30,1999-06-30,2021-08-25,-54000000.0,21600000000.0,,4843000000.0,16757000000.0,,10.547,-410000000.0,99000000.0,99000000.0,5933000000.0,189000000.0,1.343,2.313,4472000000.0,231000000.0,4241000000.0,4472000000.0,0.0,301000000.0,0.0,0.026,0.105,390000000.0,691000000.0,0.102,691000000.0,390000000.0,299000000.0,0.215,0.215,0.215,6519000000.0,,6519000000.0,14451646442.0,16.0,6.908,100000000.0,0.162,1.0,833000000.0,0.123,0.0,91000000.0,22367000000.0,,2607000000.0,1175000000.0,0.0,1175000000.0,15081000000.0,3606000000.0,11475000000.0,10049646442.0,22000000.0,0.0,2000000.0,-9000000.0,-90000000.0,-200000000.0,-288000000.0,-44000000.0,510000000.0,0.0,189000000.0,186000000.0,186000000.0,0.0,0.0,0.027,331000000.0,502000000.0,2971000000.0,0.488,1.542,25.702,47.882,12723000000.0,3000000.0,16.28,0.38,0.381,1689000000.0,1582000000.0,6766000000.0,6766000000.0,59000000.0,,,,,0.0,37000000.0,1.0,617300150.0,618108000.0,618924000.0,10.946,21600000000.0,218000000.0,110000000.0,1957000000.0,34.945,1237000000.0
89,MRO,MRQ,1999-03-31,1999-03-31,1999-03-31,2021-08-25,-50000000.0,21241000000.0,,4622000000.0,16619000000.0,,10.389,-275000000.0,77000000.0,77000000.0,5579000000.0,105000000.0,1.388,2.308,4479000000.0,147000000.0,4332000000.0,4479000000.0,0.0,308000000.0,0.0,0.031,0.105,251000000.0,559000000.0,0.092,559000000.0,251000000.0,168000000.0,0.19,0.19,0.19,6421000000.0,,6421000000.0,12654861998.0,13.0,5.768,-118000000.0,-0.191,1.0,475000000.0,0.078,0.0,83000000.0,22312000000.0,,2426000000.0,1151000000.0,0.0,1151000000.0,14820000000.0,3331000000.0,11489000000.0,8482861998.0,-69000000.0,0.0,6000000.0,222000000.0,-89000000.0,36000000.0,-261000000.0,-38000000.0,157000000.0,-1000000.0,105000000.0,103000000.0,103000000.0,0.0,0.0,0.017,74000000.0,401000000.0,2857000000.0,0.553,1.321,16.966,33.951,12722000000.0,2000000.0,13.75,0.315,0.316,1530000000.0,1483000000.0,6054000000.0,6054000000.0,63000000.0,,,,,0.0,52000000.0,1.0,616935418.0,618058000.0,618392000.0,9.795,21241000000.0,217000000.0,63000000.0,1884000000.0,34.367,1291000000.0
90,MRO,MRQ,1998-12-31,1998-12-31,1998-12-31,2021-08-25,-48000000.0,21133000000.0,,4206000000.0,16927000000.0,,10.988,-517000000.0,146000000.0,146000000.0,5834000000.0,-10000000.0,1.162,2.299,4318000000.0,216000000.0,4102000000.0,4318000000.0,0.0,303000000.0,0.0,0.028,0.105,-4000000.0,299000000.0,0.046,299000000.0,-4000000.0,-57000000.0,-0.155,-1.03,-0.155,6405000000.0,,6405000000.0,13177582251.0,10.0,5.288,-123000000.0,-0.211,1.0,692000000.0,0.106,0.0,53000000.0,21686000000.0,,2008000000.0,1249000000.0,0.0,1249000000.0,14728000000.0,3619000000.0,11109000000.0,8778582251.0,-395000000.0,96000000.0,529000000.0,-721000000.0,-86000000.0,-278000000.0,-511000000.0,-149000000.0,394000000.0,0.0,-10000000.0,-12000000.0,-12000000.0,0.0,0.0,-0.002,729000000.0,-37000000.0,2958000000.0,-0.677,1.371,13.201,28.415,12929000000.0,2000000.0,15.06,0.313,0.313,1663000000.0,1467000000.0,6526000000.0,6526000000.0,110000000.0,,,,,0.0,316000000.0,1.0,582907188.0,582907188.0,,11.196,21133000000.0,217000000.0,-47000000.0,1824000000.0,36.254,587000000.0
91,MRO,MRQ,1998-09-30,1998-09-30,1998-09-30,2021-08-25,-43000000.0,21848000000.0,,5176000000.0,16672000000.0,,10.267,-377000000.0,488000000.0,488000000.0,6301000000.0,116000000.0,1.298,2.652,4887000000.0,331000000.0,4556000000.0,4887000000.0,0.0,293000000.0,0.0,0.023,0.105,250000000.0,543000000.0,0.077,543000000.0,250000000.0,177000000.0,0.09,0.355,0.09,5982000000.0,,5982000000.0,13679490285.0,8.0,4.771,162000000.0,0.278,1.0,790000000.0,0.111,0.0,73000000.0,22258000000.0,,2400000000.0,1266000000.0,0.0,1266000000.0,15866000000.0,3989000000.0,11877000000.0,10298490285.0,-64000000.0,-711000000.0,64000000.0,415000000.0,-86000000.0,174000000.0,-778000000.0,319000000.0,539000000.0,1000000.0,116000000.0,114000000.0,114000000.0,0.0,0.0,0.016,470000000.0,320000000.0,3317000000.0,1.167,1.722,10.898,23.47,12712000000.0,2000000.0,17.72,0.376,0.377,1947000000.0,1566000000.0,7091000000.0,7091000000.0,46000000.0,,,,,0.0,131000000.0,1.0,581178910.0,582640000.0,583606000.0,12.17,21848000000.0,230000000.0,61000000.0,1871000000.0,37.498,1187000000.0
92,MRO,MRQ,1998-06-30,1998-06-30,1998-06-30,2021-08-25,-40000000.0,21032000000.0,,5574000000.0,15458000000.0,,10.145,-410000000.0,945000000.0,945000000.0,6170000000.0,298000000.0,1.219,2.579,4326000000.0,833000000.0,3493000000.0,4326000000.0,0.0,281000000.0,0.0,0.023,0.105,512000000.0,793000000.0,0.109,793000000.0,512000000.0,441000000.0,0.28,0.28,0.28,5876000000.0,,5876000000.0,13448524840.0,7.0,4.309,36000000.0,0.062,1.0,1090000000.0,0.15,0.0,71000000.0,19839000000.0,,2488000000.0,1197000000.0,0.0,1197000000.0,15156000000.0,4574000000.0,10582000000.0,9922524840.0,90000000.0,2000000.0,70000000.0,310000000.0,-85000000.0,361000000.0,-717000000.0,-360000000.0,446000000.0,0.0,298000000.0,295000000.0,295000000.0,0.0,0.0,0.041,420000000.0,670000000.0,3348000000.0,0.375,1.689,8.735,17.155,11565000000.0,3000000.0,17.155,0.383,0.383,1802000000.0,1536000000.0,7260000000.0,7260000000.0,75000000.0,,,,,0.0,67000000.0,1.0,578404246.0,579182000.0,580526000.0,12.535,21032000000.0,230000000.0,143000000.0,1808000000.0,36.313,1000000000.0
93,MRO,MRQ,1998-03-31,1998-03-31,1998-03-31,2021-08-25,-36000000.0,20342000000.0,,5073000000.0,15269000000.0,,9.685,-276000000.0,487000000.0,487000000.0,6134000000.0,270000000.0,1.18,2.636,4013000000.0,518000000.0,3495000000.0,4013000000.0,0.0,347000000.0,0.0,0.021,0.105,510000000.0,857000000.0,0.119,857000000.0,510000000.0,428000000.0,0.315,0.315,0.315,5595000000.0,,5595000000.0,14516352896.0,7.0,4.808,367000000.0,0.635,1.0,1053000000.0,0.147,0.0,82000000.0,19570000000.0,,2359000000.0,1201000000.0,0.0,1201000000.0,14747000000.0,4298000000.0,10449000000.0,10864352896.0,461000000.0,-73000000.0,-190000000.0,311000000.0,-85000000.0,-30000000.0,-152000000.0,-25000000.0,643000000.0,0.0,270000000.0,268000000.0,268000000.0,0.0,0.0,0.037,489000000.0,564000000.0,3391000000.0,0.333,1.942,10.22,20.335,11501000000.0,2000000.0,18.81,0.449,0.45,1826000000.0,1323000000.0,7187000000.0,7187000000.0,82000000.0,,,,,0.0,85000000.0,1.0,577583886.0,577692000.0,578980000.0,12.441,20342000000.0,229000000.0,158000000.0,1774000000.0,35.213,775000000.0
94,MRO,MRQ,1997-12-31,1997-12-31,1997-12-31,2021-08-25,-37000000.0,17284000000.0,,3472000000.0,13812000000.0,,9.349,-486000000.0,54000000.0,54000000.0,4973000000.0,271000000.0,0.986,2.201,3706000000.0,592000000.0,3114000000.0,3706000000.0,0.0,247000000.0,0.0,0.023,0.095,427000000.0,674000000.0,0.116,674000000.0,427000000.0,352000000.0,0.07,-0.83,0.07,5400000000.0,,5400000000.0,,,,-377000000.0,-0.653,1.0,853000000.0,0.146,0.0,75000000.0,17413000000.0,,1685000000.0,1223000000.0,0.0,1223000000.0,11884000000.0,3523000000.0,8361000000.0,9746728076.0,-13000000.0,750000000.0,35000000.0,-152000000.0,-78000000.0,-195000000.0,73000000.0,-241000000.0,109000000.0,0.0,271000000.0,268000000.0,268000000.0,-81000000.0,0.0,0.046,507000000.0,346000000.0,2532000000.0,1.357,1.805,9.895,21.226,10062000000.0,3000000.0,16.875,0.43,0.43,1417000000.0,1138000000.0,5826000000.0,5826000000.0,60000000.0,,,,,0.0,202000000.0,1.0,577583886.0,577583886.0,,10.087,17284000000.0,229000000.0,81000000.0,1657000000.0,29.925,-51000000.0
95,MRO,MRQ,1997-09-30,1997-09-30,1997-09-30,2021-08-25,,,,,,,,-343000000.0,,,4785000000.0,307000000.0,,,,,,,,241000000.0,,0.02,0.095,556000000.0,797000000.0,0.141,797000000.0,556000000.0,470000000.0,0.335,0.625,0.335,,,,,,,208000000.0,0.361,1.0,872000000.0,0.154,,86000000.0,,,,,,,,,,,-39000000.0,-65000000.0,17000000.0,-156000000.0,-79000000.0,-218000000.0,-371000000.0,0.0,551000000.0,-1000000.0,307000000.0,305000000.0,305000000.0,1000000.0,0.0,0.054,315000000.0,557000000.0,,0.284,,,,,2000000.0,18.595,,,,,5657000000.0,5657000000.0,55000000.0,,,,,0.0,25000000.0,1.0,,576190000.0,583714000.0,9.818,,,163000000.0,,,
96,MRO,MRQ,1997-06-30,1997-06-30,1997-06-30,2021-08-25,,,,,,,,-359000000.0,,,4669000000.0,214000000.0,,,,,,,,246000000.0,,0.026,0.095,445000000.0,691000000.0,0.126,691000000.0,445000000.0,340000000.0,0.205,0.205,0.205,,,,,,,26000000.0,0.045,1.0,833000000.0,0.151,,105000000.0,,,,,,,,,,,28000000.0,-96000000.0,16000000.0,-314000000.0,-78000000.0,-376000000.0,20000000.0,0.0,385000000.0,-1000000.0,224000000.0,222000000.0,222000000.0,1000000.0,-10000000.0,0.04,397000000.0,436000000.0,,0.463,,,,,2000000.0,14.435,,,,,5502000000.0,5502000000.0,41000000.0,,,,,0.0,114000000.0,1.0,,575676000.0,578792000.0,9.557,,,116000000.0,,,
97,MRO,MRQ,1997-03-31,1997-03-31,1997-03-31,2021-08-25,,,,,,,,-185000000.0,,,4890000000.0,196000000.0,,,,,,,,253000000.0,,0.026,0.095,367000000.0,620000000.0,0.109,620000000.0,367000000.0,286000000.0,0.185,0.185,0.185,,,,,,,234000000.0,0.407,1.0,805000000.0,0.141,,81000000.0,,,,,,,,,,,23000000.0,-56000000.0,14000000.0,-112000000.0,-81000000.0,-179000000.0,-217000000.0,0.0,419000000.0,0.0,196000000.0,190000000.0,190000000.0,-1000000.0,0.0,0.033,439000000.0,366000000.0,,0.514,,,,,6000000.0,13.935,,,,,5695000000.0,5695000000.0,33000000.0,,,,,0.0,161000000.0,1.0,,575240000.0,589242000.0,9.9,,,90000000.0,,,
98,MRO,MRQ,1996-12-31,1996-12-31,1996-12-31,2021-08-25,0.0,16980000000.0,,3402000000.0,13578000000.0,,,,55000000.0,55000000.0,,,0.967,2.381,4293000000.0,434000000.0,3859000000.0,4293000000.0,0.0,,0.0,0.029,0.095,,,,,,,,,,5022000000.0,,5022000000.0,,,,,,1.0,,,0.0,,17699000000.0,,1939000000.0,854000000.0,0.0,854000000.0,11958000000.0,3519000000.0,8439000000.0,,,,,,,,,,,,,,,,,,,,2679000000.0,,,,10.333,10404000000.0,,11.935,,,1270000000.0,517000000.0,,,,,,,,,,1.0,,,,,16980000000.0,57000000.0,,1401000000.0,,-117000000.0
0,MRO,MRT,2021-06-30,2021-06-30,2021-06-30,2021-08-25,77000000.0,17800000000.0,18163000000.0,2075000000.0,15725000000.0,0.209,13.478,-880000000.0,970000000.0,970000000.0,1179000000.0,-542000000.0,1.317,0.674,4908000000.0,33000000.0,4875000000.0,4908000000.0,0.0,2103000000.0,0.0,0.007,0.1,-323000000.0,1780000000.0,0.469,1780000000.0,-323000000.0,-518000000.0,-0.68,-0.68,-0.68,10634000000.0,10689500000.0,10634000000.0,15014644296.0,-46.0,8.435,1160000000.0,1.47,1.0,2619000000.0,0.69,0.0,195000000.0,20163000000.0,21016250000.0,78000000.0,458000000.0,0.0,458000000.0,7166000000.0,1575000000.0,5591000000.0,10734644296.0,448000000.0,20000000.0,-9000000.0,-646000000.0,-79000000.0,-741000000.0,-851000000.0,6000000.0,2040000000.0,0.0,-542000000.0,-542000000.0,-542000000.0,0.0,0.0,-0.143,2889000000.0,-270000000.0,986000000.0,-0.147,1.009,-19.806,-20.029,15019000000.0,0.0,13.62,2.826,2.829,1008000000.0,6524000000.0,3798000000.0,3798000000.0,173000000.0,-0.03,-0.051,-0.015,-0.085,46000000.0,267000000.0,1.0,788153032.0,789000000.0,789000000.0,4.814,17800000000.0,0.0,24000000.0,251000000.0,22.56,500000000.0
1,MRO,MRT,2021-03-31,2021-03-31,2021-03-31,2021-08-25,112000000.0,18233000000.0,18354750000.0,2150000000.0,16083000000.0,0.159,13.525,-932000000.0,1125000000.0,1125000000.0,1120000000.0,-1308000000.0,1.132,0.709,5405000000.0,500000000.0,4905000000.0,5405000000.0,0.0,2168000000.0,0.0,0.006,0.06,-1104000000.0,1064000000.0,0.364,1064000000.0,-1104000000.0,-1309000000.0,-1.65,-1.65,-1.65,10671000000.0,10824750000.0,10671000000.0,13089331552.0,-12.0,12.302,462000000.0,0.586,1.0,1807000000.0,0.617,0.0,205000000.0,20614000000.0,21596250000.0,78000000.0,460000000.0,0.0,460000000.0,7562000000.0,1899000000.0,5663000000.0,8427331552.0,308000000.0,17000000.0,-9000000.0,-127000000.0,-47000000.0,-187000000.0,-899000000.0,0.0,1394000000.0,0.0,-1308000000.0,-1308000000.0,-1308000000.0,0.0,0.0,-0.447,2885000000.0,-1078000000.0,955000000.0,-0.036,0.79,-6.443,-6.473,15313000000.0,0.0,10.68,2.879,2.879,921000000.0,6540000000.0,2927000000.0,2927000000.0,174000000.0,-0.071,-0.121,-0.051,-0.377,48000000.0,287000000.0,1.0,789075988.0,789000000.0,789000000.0,3.71,18233000000.0,0.0,-1000000.0,238000000.0,23.109,251000000.0
2,MRO,MRT,2020-12-31,2020-12-31,2020-12-31,2021-08-25,73000000.0,17956000000.0,18725250000.0,1612000000.0,16344000000.0,0.165,13.335,-1343000000.0,742000000.0,742000000.0,1151000000.0,-1451000000.0,1.329,0.7,5404000000.0,0.0,5404000000.0,5404000000.0,0.0,2316000000.0,0.0,0.012,0.08,-1209000000.0,1107000000.0,0.359,1107000000.0,-1209000000.0,-1465000000.0,-1.83,-1.83,-1.83,10561000000.0,11146500000.0,10561000000.0,10051241438.0,-8.0,9.08,130000000.0,0.164,1.0,1935000000.0,0.627,0.0,256000000.0,21405000000.0,22182250000.0,76000000.0,447000000.0,0.0,447000000.0,7395000000.0,1213000000.0,6182000000.0,5265241438.0,-116000000.0,17000000.0,-92000000.0,-127000000.0,-64000000.0,-286000000.0,-1303000000.0,7000000.0,1473000000.0,0.0,-1451000000.0,-1451000000.0,-1451000000.0,0.0,0.0,-0.47,3115000000.0,-1180000000.0,894000000.0,-0.044,0.499,-3.629,-3.645,15638000000.0,0.0,6.67,1.706,1.712,747000000.0,6466000000.0,3086000000.0,3086000000.0,181000000.0,-0.077,-0.13,-0.055,-0.392,57000000.0,274000000.0,1.0,789391520.0,792000000.0,792000000.0,3.896,17956000000.0,0.0,-14000000.0,235000000.0,22.672,399000000.0
3,MRO,MRT,2020-09-30,2020-09-30,2020-09-30,2021-08-25,57000000.0,18663000000.0,19297500000.0,1922000000.0,16741000000.0,0.18,13.787,-1706000000.0,1119000000.0,1119000000.0,1162000000.0,-1133000000.0,1.227,0.713,5905000000.0,500000000.0,5405000000.0,5905000000.0,0.0,2411000000.0,0.0,0.024,0.1,-865000000.0,1546000000.0,0.445,1546000000.0,-865000000.0,-1127000000.0,-1.44,-1.44,-1.44,10892000000.0,11544500000.0,10892000000.0,8209806414.0,-9.0,5.31,49000000.0,0.062,1.0,2309000000.0,0.665,0.0,262000000.0,21883000000.0,22593000000.0,77000000.0,467000000.0,0.0,467000000.0,7771000000.0,1566000000.0,6205000000.0,3228806414.0,-46000000.0,-277000000.0,-158000000.0,398000000.0,-80000000.0,153000000.0,-1954000000.0,20000000.0,1755000000.0,0.0,-1133000000.0,-1133000000.0,-1133000000.0,0.0,0.0,-0.326,3166000000.0,-857000000.0,802000000.0,-0.069,0.296,-2.85,-2.84,16029000000.0,0.0,4.09,0.93,0.931,643000000.0,6828000000.0,3471000000.0,3471000000.0,123000000.0,-0.059,-0.098,-0.038,-0.249,58000000.0,310000000.0,1.0,789439221.0,790000000.0,790000000.0,4.394,18663000000.0,0.0,6000000.0,229000000.0,23.624,356000000.0
4,MRO,MRT,2020-06-30,2020-06-30,2020-06-30,2021-08-25,37000000.0,18567000000.0,19725000000.0,1405000000.0,17162000000.0,0.206,14.146,-2234000000.0,522000000.0,522000000.0,1151000000.0,-651000000.0,1.319,0.661,5503000000.0,0.0,5503000000.0,5503000000.0,0.0,2479000000.0,0.0,0.025,0.15,-378000000.0,2101000000.0,0.517,2101000000.0,-378000000.0,-642000000.0,-0.83,-0.83,-0.83,11175000000.0,11889250000.0,11175000000.0,9521712218.0,-25.0,4.532,-87000000.0,-0.11,1.0,2911000000.0,0.717,0.0,264000000.0,22483000000.0,22681500000.0,77000000.0,555000000.0,79000000.0,476000000.0,7392000000.0,1065000000.0,6327000000.0,4836712218.0,-774000000.0,-426000000.0,-188000000.0,-2000000.0,-120000000.0,-316000000.0,-2604000000.0,22000000.0,2147000000.0,-1000000.0,-651000000.0,-651000000.0,-651000000.0,0.0,0.0,-0.16,3289000000.0,-378000000.0,772000000.0,-0.181,0.433,-7.43,-7.373,16424000000.0,0.0,6.12,1.191,1.19,620000000.0,7145000000.0,4062000000.0,4062000000.0,118000000.0,-0.033,-0.055,-0.017,-0.093,56000000.0,339000000.0,1.0,790312454.0,790000000.0,790000000.0,5.142,18567000000.0,0.0,9000000.0,248000000.0,23.503,340000000.0
5,MRO,MRT,2020-03-31,2020-03-31,2020-03-31,2021-08-25,83000000.0,19715000000.0,20403750000.0,1909000000.0,17806000000.0,0.256,15.06,-2555000000.0,817000000.0,817000000.0,1280000000.0,260000000.0,1.324,0.649,5502000000.0,0.0,5502000000.0,5502000000.0,0.0,2487000000.0,0.0,0.061,0.2,575000000.0,3062000000.0,0.586,3062000000.0,575000000.0,316000000.0,0.32,0.32,0.32,11958000000.0,12120750000.0,11958000000.0,7261346497.0,13.0,2.371,380000000.0,0.479,1.0,3943000000.0,0.755,0.0,259000000.0,22958000000.0,22875000000.0,78000000.0,821000000.0,193000000.0,628000000.0,7757000000.0,1442000000.0,6315000000.0,2618346497.0,-525000000.0,-379000000.0,-424000000.0,-2000000.0,-161000000.0,-594000000.0,-2865000000.0,59000000.0,2935000000.0,-1000000.0,260000000.0,260000000.0,260000000.0,0.0,0.0,0.05,3363000000.0,580000000.0,1172000000.0,0.625,0.219,10.071,10.281,16903000000.0,0.0,3.29,0.501,0.5,703000000.0,7895000000.0,5223000000.0,5223000000.0,118000000.0,0.013,0.021,0.025,0.11,61000000.0,338000000.0,1.0,795849999.0,794000000.0,794000000.0,6.578,19715000000.0,0.0,56000000.0,257000000.0,24.83,467000000.0
6,MRO,MRT,2019-12-31,2019-12-31,2019-12-31,2021-08-25,105000000.0,20245000000.0,20827500000.0,2135000000.0,18110000000.0,0.249,15.004,-2550000000.0,858000000.0,858000000.0,1317000000.0,480000000.0,1.223,0.666,5501000000.0,0.0,5501000000.0,5501000000.0,0.0,2397000000.0,0.0,0.015,0.2,636000000.0,3033000000.0,0.584,3033000000.0,636000000.0,392000000.0,0.59,0.59,0.59,12153000000.0,12183250000.0,12153000000.0,15201029587.0,24.0,5.012,199000000.0,0.246,1.0,3873000000.0,0.746,95000000.0,244000000.0,23048000000.0,23119750000.0,72000000.0,663000000.0,0.0,663000000.0,8092000000.0,1745000000.0,6347000000.0,10863029587.0,-604000000.0,-369000000.0,-362000000.0,-2000000.0,-162000000.0,-535000000.0,-2818000000.0,64000000.0,2749000000.0,0.0,480000000.0,480000000.0,480000000.0,0.0,0.0,0.092,3237000000.0,636000000.0,1419000000.0,0.339,0.894,22.631,23.017,17000000000.0,0.0,13.58,2.093,2.119,1122000000.0,7993000000.0,5190000000.0,5190000000.0,149000000.0,0.023,0.039,0.028,0.123,60000000.0,356000000.0,1.0,799928541.0,810000000.0,810000000.0,6.407,20150000000.0,0.0,-88000000.0,304000000.0,24.877,390000000.0
7,MRO,MRT,2019-09-30,2019-09-30,2019-09-30,2021-08-25,112000000.0,20373000000.0,21096500000.0,2520000000.0,17853000000.0,0.272,15.3,-2618000000.0,1165000000.0,1165000000.0,1377000000.0,890000000.0,1.059,0.66,5503000000.0,600000000.0,4903000000.0,5503000000.0,0.0,2394000000.0,0.0,0.016,0.2,1036000000.0,3430000000.0,0.598,3430000000.0,1036000000.0,801000000.0,1.09,1.08,1.09,12271000000.0,12177000000.0,12271000000.0,14406597193.0,14.0,4.2,286000000.0,0.357,1.0,4363000000.0,0.76,95000000.0,235000000.0,22237000000.0,23215000000.0,71000000.0,667000000.0,0.0,667000000.0,8102000000.0,2379000000.0,5723000000.0,9865597193.0,-395000000.0,-69000000.0,-660000000.0,0.0,-163000000.0,-826000000.0,-2473000000.0,60000000.0,2904000000.0,0.0,890000000.0,890000000.0,890000000.0,0.0,0.0,0.155,3333000000.0,1030000000.0,1466000000.0,0.183,0.804,11.085,11.257,16717000000.0,0.0,12.27,1.719,1.714,1148000000.0,8053000000.0,5740000000.0,5740000000.0,223000000.0,0.042,0.073,0.045,0.18,54000000.0,351000000.0,1.0,804042151.0,802000000.0,803000000.0,7.157,20278000000.0,0.0,-89000000.0,269000000.0,25.284,141000000.0
8,MRO,MRT,2019-06-30,2019-06-30,2019-06-30,2021-08-25,50000000.0,21282000000.0,21447750000.0,2688000000.0,18594000000.0,0.283,14.884,-2715000000.0,961000000.0,961000000.0,1443000000.0,979000000.0,1.088,0.759,5502000000.0,600000000.0,4902000000.0,5502000000.0,0.0,2398000000.0,0.0,0.014,0.2,1212000000.0,3610000000.0,0.596,3610000000.0,1212000000.0,983000000.0,1.18,1.17,1.18,12101000000.0,12120250000.0,12101000000.0,16104588506.0,13.0,4.461,415000000.0,0.51,1.0,4619000000.0,0.762,95000000.0,229000000.0,23257000000.0,23524000000.0,72000000.0,684000000.0,0.0,684000000.0,9181000000.0,2471000000.0,6710000000.0,11622588506.0,-367000000.0,150000000.0,-968000000.0,0.0,-166000000.0,-1131000000.0,-2367000000.0,74000000.0,3130000000.0,1000000.0,979000000.0,979000000.0,979000000.0,0.0,0.0,0.161,3403000000.0,1216000000.0,1489000000.0,0.169,0.96,11.872,12.042,16730000000.0,0.0,14.21,1.917,1.906,1144000000.0,7928000000.0,6062000000.0,6062000000.0,257000000.0,0.046,0.081,0.052,0.2,57000000.0,370000000.0,1.0,817916151.0,813000000.0,814000000.0,7.456,21187000000.0,0.0,4000000.0,261000000.0,26.06,217000000.0
9,MRO,MRT,2019-03-31,2019-03-31,2019-03-31,2021-08-25,59000000.0,21410000000.0,21595000000.0,2776000000.0,18634000000.0,0.28,14.906,-2706000000.0,1019000000.0,1019000000.0,1411000000.0,914000000.0,1.494,0.754,5501000000.0,0.0,5501000000.0,5501000000.0,0.0,2405000000.0,0.0,0.012,0.2,1160000000.0,3565000000.0,0.59,3565000000.0,1160000000.0,930000000.0,1.09,1.08,1.09,12208000000.0,12128000000.0,12208000000.0,17714209510.0,15.0,4.969,394000000.0,0.481,1.0,4635000000.0,0.767,97000000.0,230000000.0,23937000000.0,23599500000.0,83000000.0,719000000.0,0.0,719000000.0,9202000000.0,1858000000.0,7344000000.0,13677209510.0,-267000000.0,76000000.0,-734000000.0,0.0,-168000000.0,-882000000.0,-2483000000.0,60000000.0,3100000000.0,-2000000.0,914000000.0,914000000.0,914000000.0,0.0,0.0,0.151,3469000000.0,1166000000.0,1386000000.0,0.183,1.12,14.964,15.33,16714000000.0,0.0,16.71,2.262,2.264,1086000000.0,7808000000.0,6046000000.0,6046000000.0,296000000.0,0.042,0.075,0.049,0.192,53000000.0,388000000.0,1.0,818504459.0,819000000.0,820000000.0,7.382,21313000000.0,0.0,16000000.0,341000000.0,26.023,918000000.0
10,MRO,MRT,2018-12-31,2018-12-31,2018-12-31,2021-08-25,63000000.0,21321000000.0,21651000000.0,2921000000.0,18400000000.0,0.304,14.336,-2753000000.0,1462000000.0,1462000000.0,1417000000.0,1096000000.0,1.594,0.758,5499000000.0,0.0,5499000000.0,5499000000.0,0.0,2441000000.0,0.0,0.014,0.2,1653000000.0,4094000000.0,0.622,4094000000.0,1653000000.0,1427000000.0,1.3,1.29,1.3,12128000000.0,12084500000.0,12128000000.0,15854496062.0,10.0,3.873,481000000.0,0.569,1.0,5165000000.0,0.785,97000000.0,226000000.0,23429000000.0,23492500000.0,96000000.0,745000000.0,0.0,745000000.0,9193000000.0,1832000000.0,7361000000.0,11920496062.0,903000000.0,1239000000.0,-713000000.0,0.0,-169000000.0,-859000000.0,-1470000000.0,57000000.0,3234000000.0,-2000000.0,1096000000.0,1096000000.0,1096000000.0,0.0,0.0,0.167,3498000000.0,1667000000.0,1474000000.0,0.154,0.983,10.876,11.031,16804000000.0,0.0,14.34,1.811,1.843,1079000000.0,7706000000.0,6582000000.0,6582000000.0,289000000.0,0.051,0.091,0.07,0.251,53000000.0,394000000.0,1.0,831275876.0,846000000.0,847000000.0,7.78,21224000000.0,0.0,331000000.0,380000000.0,25.087,1089000000.0
11,MRO,MRT,2018-09-30,2018-09-30,2018-09-30,2021-08-25,-21000000.0,21778000000.0,21823750000.0,3065000000.0,18713000000.0,0.284,14.203,-2738000000.0,1564000000.0,1564000000.0,1402000000.0,678000000.0,1.431,0.808,5498000000.0,0.0,5498000000.0,5498000000.0,0.0,2411000000.0,0.0,0.009,0.2,1392000000.0,3803000000.0,0.613,3803000000.0,1392000000.0,1153000000.0,0.8,0.8,0.8,12044000000.0,11979500000.0,12044000000.0,23714553753.0,17.0,6.236,142000000.0,0.167,1.0,4797000000.0,0.774,97000000.0,239000000.0,23473000000.0,23850250000.0,110000000.0,757000000.0,0.0,757000000.0,9734000000.0,2142000000.0,7592000000.0,19884553753.0,-231000000.0,1191000000.0,-350000000.0,-1000000000.0,-170000000.0,-1498000000.0,-1612000000.0,63000000.0,2880000000.0,-1000000.0,678000000.0,678000000.0,678000000.0,0.0,0.0,0.109,3386000000.0,1411000000.0,1606000000.0,0.25,1.651,29.328,29.1,16899000000.0,0.0,23.28,3.208,3.185,1335000000.0,7357000000.0,6199000000.0,6199000000.0,230000000.0,0.031,0.057,0.058,0.225,55000000.0,401000000.0,1.0,854147498.0,848000000.0,849000000.0,7.31,21681000000.0,0.0,475000000.0,343000000.0,25.567,923000000.0
12,MRO,MRT,2018-06-30,2018-06-30,2018-06-30,2021-08-25,-41000000.0,21871000000.0,22116000000.0,3087000000.0,18784000000.0,0.262,14.206,-2499000000.0,1667000000.0,1667000000.0,1390000000.0,-175000000.0,1.51,0.803,5497000000.0,0.0,5497000000.0,5497000000.0,0.0,2426000000.0,0.0,0.01,0.2,554000000.0,2980000000.0,0.515,2980000000.0,554000000.0,338000000.0,-0.2,-0.2,-0.2,12132000000.0,11912250000.0,12132000000.0,21679627174.0,39.0,7.275,-18000000.0,-0.021,1.0,4394000000.0,0.76,98000000.0,216000000.0,23559000000.0,24422750000.0,117000000.0,788000000.0,0.0,788000000.0,9739000000.0,2044000000.0,7695000000.0,17797627174.0,-947000000.0,1156000000.0,-12000000.0,-1821000000.0,-170000000.0,-1985000000.0,-1443000000.0,47000000.0,2481000000.0,0.0,-175000000.0,-175000000.0,-175000000.0,0.0,0.0,-0.03,3778000000.0,616000000.0,1537000000.0,-1.0,1.467,-101.701,-104.3,16881000000.0,0.0,20.86,3.077,3.08,1176000000.0,7146000000.0,5784000000.0,5784000000.0,468000000.0,-0.008,-0.015,0.023,0.096,51000000.0,389000000.0,1.0,853194016.0,854000000.0,855000000.0,6.773,21773000000.0,0.0,513000000.0,336000000.0,25.495,1043000000.0
13,MRO,MRT,2018-03-31,2018-03-31,2018-03-31,2021-08-25,-58000000.0,21634000000.0,22708500000.0,2902000000.0,18732000000.0,0.239,14.141,-2353000000.0,1613000000.0,1613000000.0,1386000000.0,-410000000.0,1.52,0.798,5495000000.0,0.0,5495000000.0,5495000000.0,0.0,2406000000.0,0.0,0.012,0.2,337000000.0,2743000000.0,0.506,2743000000.0,337000000.0,100000000.0,-0.47,-0.47,-0.47,12034000000.0,11980500000.0,12034000000.0,18637562119.0,55.0,6.795,-312000000.0,-0.367,1.0,4040000000.0,0.745,98000000.0,237000000.0,23509000000.0,25206250000.0,110000000.0,806000000.0,0.0,806000000.0,9600000000.0,1909000000.0,7691000000.0,13706562119.0,-877000000.0,1252000000.0,-13000000.0,-1822000000.0,-170000000.0,-2002000000.0,-1136000000.0,61000000.0,2041000000.0,4000000.0,-410000000.0,-410000000.0,-410000000.0,-14000000.0,0.0,-0.076,3654000000.0,386000000.0,1420000000.0,-0.426,1.139,-33.431,-34.319,16931000000.0,0.0,16.13,2.526,2.53,1100000000.0,7093000000.0,5426000000.0,5426000000.0,433000000.0,-0.018,-0.034,0.013,0.062,49000000.0,374000000.0,1.0,849755866.0,851000000.0,852000000.0,6.376,21536000000.0,0.0,510000000.0,349000000.0,25.307,993000000.0
14,MRO,MRT,2017-12-31,2017-12-31,2017-12-31,2021-08-25,-62000000.0,22012000000.0,23434250000.0,2566000000.0,19446000000.0,0.203,13.774,-1974000000.0,563000000.0,563000000.0,1315000000.0,-5723000000.0,1.304,0.88,5494000000.0,0.0,5494000000.0,5494000000.0,0.0,2372000000.0,0.0,0.012,0.2,-5077000000.0,-2705000000.0,-0.568,-2705000000.0,-5077000000.0,-5347000000.0,-6.73,-6.73,-6.73,11708000000.0,12118000000.0,11708000000.0,19077803427.0,-4.0,-7.053,14000000.0,0.016,1.0,3450000000.0,0.724,115000000.0,270000000.0,24860000000.0,25853250000.0,126000000.0,1595000000.0,748000000.0,847000000.0,10304000000.0,1968000000.0,8336000000.0,14384803427.0,-1925000000.0,-104000000.0,-11000000.0,-1822000000.0,-170000000.0,-2003000000.0,-2044000000.0,64000000.0,1988000000.0,4000000.0,-5723000000.0,-5723000000.0,-5723000000.0,4893000000.0,0.0,-1.201,3564000000.0,-114000000.0,1503000000.0,-0.03,1.229,-2.514,-2.516,17665000000.0,0.0,16.93,3.019,3.02,1082000000.0,6779000000.0,4765000000.0,4765000000.0,409000000.0,-0.244,-0.472,-0.196,-1.065,49000000.0,371000000.0,1.0,849663522.0,850000000.0,850000000.0,5.606,21897000000.0,0.0,376000000.0,1010000000.0,25.761,598000000.0
15,MRO,MRT,2017-09-30,2017-09-30,2017-09-30,2021-08-25,-54000000.0,22947000000.0,25704750000.0,3690000000.0,19257000000.0,0.175,13.853,-1560000000.0,1795000000.0,1795000000.0,1301000000.0,-7066000000.0,2.094,0.949,6488000000.0,0.0,6488000000.0,6488000000.0,0.0,2362000000.0,0.0,0.015,0.2,-5238000000.0,-2876000000.0,-0.638,-2876000000.0,-5238000000.0,-5513000000.0,-8.36,-8.36,-8.36,11775000000.0,13576250000.0,11775000000.0,16172761447.0,-3.0,-5.623,205000000.0,0.241,1.0,3206000000.0,0.711,115000000.0,275000000.0,25763000000.0,28017750000.0,132000000.0,1581000000.0,745000000.0,836000000.0,11172000000.0,1762000000.0,9410000000.0,11523761447.0,7000000.0,311000000.0,-11000000.0,-822000000.0,-171000000.0,-1003000000.0,-1187000000.0,57000000.0,1765000000.0,3000000.0,-7066000000.0,-7066000000.0,-7066000000.0,4881000000.0,0.0,-1.568,3399000000.0,-193000000.0,1412000000.0,-0.024,0.979,-1.631,-1.622,17645000000.0,0.0,13.56,2.557,2.557,945000000.0,6849000000.0,4507000000.0,4507000000.0,386000000.0,-0.275,-0.52,-0.187,-1.162,52000000.0,261000000.0,1.0,849834915.0,850000000.0,850000000.0,5.302,22832000000.0,0.0,1553000000.0,1006000000.0,26.861,1928000000.0
16,MRO,MRT,2017-06-30,2017-06-30,2017-06-30,2021-08-25,-54000000.0,24241000000.0,28045500000.0,4424000000.0,19817000000.0,0.151,14.594,-1251000000.0,2614000000.0,2614000000.0,1369000000.0,-6659000000.0,2.125,0.954,7263000000.0,548000000.0,6715000000.0,7263000000.0,0.0,2243000000.0,0.0,0.017,0.2,-5025000000.0,-2782000000.0,-0.655,-2782000000.0,-5025000000.0,-5354000000.0,-7.89,-7.89,-7.89,12405000000.0,15363000000.0,12405000000.0,14846402131.0,-3.0,-5.337,317000000.0,0.373,1.0,2876000000.0,0.678,115000000.0,329000000.0,26693000000.0,30605000000.0,140000000.0,1563000000.0,742000000.0,821000000.0,11836000000.0,2082000000.0,9754000000.0,10072402131.0,96000000.0,-454000000.0,-12000000.0,-2000000.0,-170000000.0,-183000000.0,-1621000000.0,67000000.0,1568000000.0,2000000.0,-6659000000.0,-6659000000.0,-6659000000.0,4867000000.0,0.0,-1.569,2921000000.0,-45000000.0,1250000000.0,-0.025,0.812,-1.513,-1.502,18337000000.0,0.0,11.85,2.373,2.373,767000000.0,7491000000.0,4245000000.0,4245000000.0,175000000.0,-0.237,-0.433,-0.164,-1.184,51000000.0,276000000.0,1.0,849991741.0,850000000.0,850000000.0,4.994,24126000000.0,0.0,1305000000.0,917000000.0,28.384,2342000000.0
17,MRO,MRT,2017-03-31,2017-03-31,2017-03-31,2021-08-25,-48000000.0,24537000000.0,30117000000.0,3743000000.0,20794000000.0,0.142,14.822,-1046000000.0,2490000000.0,2490000000.0,1389000000.0,-6690000000.0,1.208,0.95,7264000000.0,1541000000.0,5723000000.0,7264000000.0,0.0,2163000000.0,0.0,0.013,0.2,-5149000000.0,-2986000000.0,-0.696,-2986000000.0,-5149000000.0,-5480000000.0,-7.93,-7.93,-7.93,12584000000.0,17050000000.0,12584000000.0,18170778897.0,-4.0,-6.085,377000000.0,0.444,1.0,2900000000.0,0.676,115000000.0,331000000.0,26097000000.0,32863500000.0,145000000.0,906000000.0,0.0,906000000.0,11953000000.0,3099000000.0,8854000000.0,13385778897.0,512000000.0,137000000.0,-9000000.0,-1000000.0,-170000000.0,-180000000.0,-871000000.0,53000000.0,1423000000.0,-2000000.0,-6690000000.0,-6690000000.0,-6690000000.0,4913000000.0,0.0,-1.56,3024000000.0,-124000000.0,1151000000.0,-0.025,1.064,-2.001,-1.992,16533000000.0,0.0,15.8,3.121,3.128,751000000.0,7673000000.0,4289000000.0,4289000000.0,327000000.0,-0.222,-0.392,-0.157,-1.201,52000000.0,317000000.0,1.0,847201196.0,849000000.0,849000000.0,5.052,24422000000.0,0.0,1210000000.0,881000000.0,28.766,644000000.0
18,MRO,MRT,2016-12-31,2016-12-31,2016-12-31,2021-08-25,-83000000.0,31094000000.0,32199750000.0,3665000000.0,27429000000.0,0.118,21.418,-1204000000.0,2488000000.0,2488000000.0,1449000000.0,-2140000000.0,1.636,0.773,7267000000.0,686000000.0,6581000000.0,7267000000.0,0.0,2156000000.0,0.0,0.012,0.2,-885000000.0,1271000000.0,0.336,1271000000.0,-885000000.0,-1217000000.0,-2.61,-2.61,-2.61,17541000000.0,18741750000.0,17541000000.0,19990227395.0,-23.0,15.728,-303000000.0,-0.37,1.0,2338000000.0,0.617,115000000.0,332000000.0,33518000000.0,35448250000.0,136000000.0,931000000.0,0.0,931000000.0,13553000000.0,2240000000.0,11313000000.0,14665227395.0,1369000000.0,317000000.0,1230000000.0,-1000000.0,-162000000.0,1068000000.0,-833000000.0,55000000.0,901000000.0,-3000000.0,-2140000000.0,-2140000000.0,-2140000000.0,53000000.0,0.0,-0.565,3068000000.0,-730000000.0,1096000000.0,-0.077,0.836,-6.853,-6.632,16727000000.0,0.0,17.31,3.873,3.744,748000000.0,12672000000.0,3787000000.0,3787000000.0,323000000.0,-0.066,-0.114,-0.025,-0.234,51000000.0,371000000.0,1.0,847211288.0,819000000.0,819000000.0,4.624,30979000000.0,0.0,923000000.0,863000000.0,37.825,1425000000.0
19,MRO,MRT,2016-09-30,2016-09-30,2016-09-30,2021-08-25,-137000000.0,32310000000.0,32504000000.0,3042000000.0,29268000000.0,0.099,22.34,-1486000000.0,1953000000.0,1953000000.0,943000000.0,-1562000000.0,2.161,0.708,7278000000.0,1000000.0,7277000000.0,7278000000.0,0.0,2015000000.0,0.0,0.013,0.2,-1806000000.0,209000000.0,0.065,209000000.0,-1806000000.0,-2168000000.0,-2.16,-2.16,-2.16,18922000000.0,18994750000.0,18922000000.0,18092157075.0,-10.0,86.565,-500000000.0,-0.59,1.0,2287000000.0,0.708,115000000.0,362000000.0,36112000000.0,36199500000.0,221000000.0,931000000.0,0.0,931000000.0,13388000000.0,1408000000.0,11980000000.0,13395157075.0,299000000.0,160000000.0,1220000000.0,-1017000000.0,-152000000.0,32000000.0,-741000000.0,763000000.0,986000000.0,-5000000.0,-1562000000.0,-1562000000.0,-1562000000.0,568000000.0,0.0,-0.484,3525000000.0,-1238000000.0,1085000000.0,-0.093,0.708,-8.576,-7.319,25976000000.0,0.0,15.81,4.147,4.146,783000000.0,14086000000.0,3230000000.0,3230000000.0,474000000.0,-0.048,-0.082,-0.05,-0.559,48000000.0,510000000.0,1.0,847258512.0,847000000.0,847000000.0,3.813,32195000000.0,0.0,-606000000.0,2465000000.0,38.011,1634000000.0
20,MRO,MRT,2016-06-30,2016-06-30,2016-06-30,2021-08-25,-140000000.0,32527000000.0,33095000000.0,3754000000.0,28773000000.0,0.108,22.586,-1893000000.0,2584000000.0,2584000000.0,1103000000.0,-2119000000.0,2.716,0.698,7281000000.0,1000000.0,7280000000.0,7281000000.0,0.0,2210000000.0,0.0,0.024,0.36,-2666000000.0,-456000000.0,-0.128,-456000000.0,-2666000000.0,-3014000000.0,-3.04,-3.04,-3.04,19153000000.0,19098000000.0,19153000000.0,17932200578.0,-7.0,-39.325,-778000000.0,-0.917,1.0,2460000000.0,0.69,115000000.0,348000000.0,35727000000.0,36683250000.0,272000000.0,944000000.0,0.0,944000000.0,13374000000.0,1382000000.0,11992000000.0,12723200578.0,1137000000.0,894000000.0,1221000000.0,-1016000000.0,-252000000.0,-63000000.0,-34000000.0,1008000000.0,1115000000.0,-7000000.0,-2119000000.0,-2119000000.0,-2119000000.0,582000000.0,0.0,-0.595,4544000000.0,-2084000000.0,1067000000.0,-0.118,0.664,-6.004,-4.938,25657000000.0,0.0,15.01,3.571,3.572,822000000.0,14320000000.0,3563000000.0,3563000000.0,976000000.0,-0.064,-0.111,-0.073,-0.748,71000000.0,531000000.0,1.0,847648273.0,848000000.0,848000000.0,4.202,32412000000.0,0.0,-895000000.0,2477000000.0,38.222,2372000000.0
21,MRO,MRT,2016-03-31,2016-03-31,2016-03-31,2021-08-25,-150000000.0,32868000000.0,33905750000.0,3268000000.0,29600000000.0,0.118,26.508,-2474000000.0,2072000000.0,2072000000.0,1469000000.0,-2335000000.0,2.142,0.699,7281000000.0,1000000.0,7280000000.0,7281000000.0,0.0,2449000000.0,0.0,0.047,0.52,-2864000000.0,-415000000.0,-0.104,-415000000.0,-2864000000.0,-3182000000.0,-3.41,-3.41,-3.41,19351000000.0,19364250000.0,19351000000.0,13596517181.0,-5.0,-32.763,-1133000000.0,-1.552,1.0,2522000000.0,0.632,115000000.0,318000000.0,36436000000.0,37512250000.0,306000000.0,959000000.0,0.0,959000000.0,13517000000.0,1526000000.0,11991000000.0,7540517181.0,1043000000.0,225000000.0,1221000000.0,927000000.0,-352000000.0,1787000000.0,-2181000000.0,81000000.0,1341000000.0,-2000000.0,-2335000000.0,-2335000000.0,-2335000000.0,550000000.0,0.0,-0.585,4836000000.0,-2314000000.0,1163000000.0,-0.152,0.39,-3.229,-3.267,26737000000.0,0.0,11.14,1.889,2.038,779000000.0,14533000000.0,3991000000.0,3991000000.0,905000000.0,-0.069,-0.121,-0.076,-0.718,58000000.0,568000000.0,1.0,676886641.0,730000000.0,730000000.0,5.467,32753000000.0,0.0,-847000000.0,2519000000.0,44.867,1742000000.0
22,MRO,MRT,2015-12-31,2015-12-31,2015-12-31,2021-08-25,-135000000.0,32311000000.0,34372750000.0,2590000000.0,29721000000.0,0.144,27.405,-3485000000.0,1221000000.0,1221000000.0,1889000000.0,-2204000000.0,1.498,0.742,7277000000.0,1000000.0,7276000000.0,7277000000.0,0.0,2721000000.0,0.0,0.054,0.68,-2656000000.0,65000000.0,0.013,65000000.0,-2656000000.0,-2942000000.0,-3.26,-3.26,-3.26,18553000000.0,19691500000.0,18553000000.0,15204704860.0,-6.0,233.919,-1909000000.0,-2.82,1.0,3064000000.0,0.619,115000000.0,286000000.0,36523000000.0,37399250000.0,313000000.0,1003000000.0,0.0,1003000000.0,13758000000.0,1729000000.0,12029000000.0,8526704860.0,-1088000000.0,225000000.0,-11000000.0,927000000.0,-460000000.0,451000000.0,-3202000000.0,77000000.0,1576000000.0,-3000000.0,-2204000000.0,-2204000000.0,-2204000000.0,503000000.0,0.0,-0.445,5217000000.0,-2153000000.0,1446000000.0,-0.209,0.46,-3.869,-3.862,27061000000.0,0.0,12.59,1.722,1.721,912000000.0,14974000000.0,4953000000.0,4953000000.0,971000000.0,-0.064,-0.112,-0.071,-0.536,45000000.0,588000000.0,1.0,677260116.0,677000000.0,677000000.0,7.316,32196000000.0,0.0,-738000000.0,2573000000.0,47.557,861000000.0
23,MRO,MRT,2015-09-30,2015-09-30,2015-09-30,2021-08-25,-175000000.0,34674000000.0,35290750000.0,3858000000.0,30816000000.0,0.195,28.56,-4469000000.0,1680000000.0,1680000000.0,3155000000.0,-485000000.0,1.355,0.793,8358000000.0,1035000000.0,7323000000.0,8358000000.0,0.0,3090000000.0,0.0,0.055,0.84,-901000000.0,2189000000.0,0.318,2189000000.0,-901000000.0,-1139000000.0,-0.72,-0.73,-0.72,19335000000.0,20308250000.0,19335000000.0,17212647660.0,-19.0,7.863,-2101000000.0,-3.103,1.0,3728000000.0,0.542,457000000.0,238000000.0,38047000000.0,37046000000.0,324000000.0,1712000000.0,700000000.0,1012000000.0,15339000000.0,2848000000.0,12491000000.0,10428647660.0,919000000.0,-9000000.0,0.0,2044000000.0,-569000000.0,1357000000.0,-3458000000.0,-624000000.0,2368000000.0,-3000000.0,-485000000.0,-485000000.0,-485000000.0,-1019000000.0,0.0,-0.07,5648000000.0,-1920000000.0,1384000000.0,-1.167,0.539,-21.502,-21.389,27920000000.0,0.0,15.4,1.515,1.515,991000000.0,15800000000.0,6883000000.0,6883000000.0,1265000000.0,-0.014,-0.024,-0.024,-0.131,86000000.0,632000000.0,1.0,677184913.0,677000000.0,677000000.0,10.167,34217000000.0,0.0,-654000000.0,2685000000.0,50.542,1010000000.0
24,MRO,MRT,2015-06-30,2015-06-30,2015-06-30,2021-08-25,-172000000.0,35770000000.0,35797250000.0,4130000000.0,31640000000.0,0.238,29.864,-5250000000.0,1572000000.0,1572000000.0,3818000000.0,695000000.0,1.353,0.769,8356000000.0,1035000000.0,7321000000.0,8356000000.0,0.0,3110000000.0,0.0,0.032,0.84,804000000.0,3914000000.0,0.459,3914000000.0,804000000.0,586000000.0,1.03,1.02,1.03,20218000000.0,20531000000.0,20218000000.0,23181290386.0,29.0,5.923,-1604000000.0,-2.369,1.0,4713000000.0,0.552,459000000.0,218000000.0,39043000000.0,36966500000.0,336000000.0,1970000000.0,925000000.0,1045000000.0,15552000000.0,3052000000.0,12500000000.0,17913290386.0,403000000.0,-21000000.0,0.0,2044000000.0,-568000000.0,1419000000.0,-4755000000.0,-860000000.0,3646000000.0,-1000000.0,695000000.0,695000000.0,695000000.0,-1146000000.0,0.0,0.081,5055000000.0,-342000000.0,1626000000.0,0.816,0.886,25.775,25.767,29121000000.0,0.0,26.54,2.1,2.106,1195000000.0,16691000000.0,8531000000.0,8531000000.0,776000000.0,0.019,0.034,0.022,0.094,52000000.0,667000000.0,1.0,674954423.0,677000000.0,677000000.0,12.601,35311000000.0,0.0,-109000000.0,2687000000.0,52.158,1078000000.0
25,MRO,MRT,2015-03-31,2015-03-31,2015-03-31,2021-08-25,-228000000.0,34736000000.0,35838500000.0,2968000000.0,31768000000.0,0.277,30.607,-5608000000.0,1126000000.0,1126000000.0,4382000000.0,1621000000.0,0.833,0.681,6394000000.0,1068000000.0,5326000000.0,6394000000.0,0.0,3039000000.0,0.0,0.031,0.82,1905000000.0,4944000000.0,0.497,4944000000.0,1905000000.0,1669000000.0,2.4,2.39,2.4,20660000000.0,20443500000.0,20660000000.0,21615804002.0,11.0,4.372,-1282000000.0,-1.899,1.0,5559000000.0,0.559,459000000.0,236000000.0,35984000000.0,36397000000.0,379000000.0,1100000000.0,0.0,1100000000.0,14076000000.0,3561000000.0,10515000000.0,17622804002.0,-838000000.0,-21000000.0,-449000000.0,67000000.0,-552000000.0,-921000000.0,-4236000000.0,51000000.0,4326000000.0,-3000000.0,1621000000.0,1621000000.0,1621000000.0,-1326000000.0,0.0,0.163,4980000000.0,579000000.0,1981000000.0,0.342,0.853,10.872,10.879,29291000000.0,0.0,26.11,1.773,1.773,1341000000.0,17220000000.0,9941000000.0,9941000000.0,810000000.0,0.045,0.079,0.052,0.192,52000000.0,638000000.0,1.0,674944619.0,675000000.0,675000000.0,14.727,34277000000.0,0.0,48000000.0,2697000000.0,50.781,-593000000.0
26,MRO,MRT,2014-12-31,2014-12-31,2014-12-31,2021-08-25,-277000000.0,35983000000.0,36192250000.0,4593000000.0,31390000000.0,0.311,30.912,-5160000000.0,2398000000.0,2398000000.0,4813000000.0,3046000000.0,1.049,0.712,6363000000.0,1068000000.0,5295000000.0,6363000000.0,0.0,2861000000.0,0.0,0.028,0.8,3676000000.0,6537000000.0,0.581,6537000000.0,3676000000.0,3438000000.0,4.48,4.46,4.48,21020000000.0,20229750000.0,21020000000.0,24754836271.0,7.0,3.787,327000000.0,0.481,1.0,6445000000.0,0.572,459000000.0,238000000.0,35110000000.0,36359500000.0,357000000.0,1113000000.0,0.0,1113000000.0,14963000000.0,4379000000.0,10584000000.0,19092836271.0,2134000000.0,-21000000.0,-1000000000.0,-68000000.0,-543000000.0,-1593000000.0,-1746000000.0,61000000.0,5487000000.0,-2000000.0,3046000000.0,3046000000.0,3046000000.0,-2077000000.0,0.0,0.271,4846000000.0,1599000000.0,2736000000.0,0.179,0.908,6.268,6.315,29040000000.0,0.0,28.29,1.696,1.709,1729000000.0,17638000000.0,11258000000.0,11258000000.0,793000000.0,0.084,0.151,0.101,0.327,52000000.0,654000000.0,1.0,674897005.0,680000000.0,683000000.0,16.556,35524000000.0,0.0,392000000.0,2771000000.0,52.241,214000000.0
27,MRO,MRT,2014-09-30,2014-09-30,2014-09-30,2021-08-25,-277000000.0,36700000000.0,36101500000.0,4204000000.0,32496000000.0,0.313,29.964,-4699000000.0,761000000.0,761000000.0,4833000000.0,2495000000.0,1.007,0.814,6423000000.0,68000000.0,6355000000.0,6423000000.0,0.0,2646000000.0,0.0,0.021,0.78,3332000000.0,5978000000.0,0.529,5978000000.0,3332000000.0,3085000000.0,3.64,3.62,3.64,20226000000.0,19810750000.0,20226000000.0,30614868596.0,9.0,5.121,862000000.0,1.277,1.0,6478000000.0,0.573,457000000.0,247000000.0,37729000000.0,36862250000.0,379000000.0,1103000000.0,0.0,1103000000.0,16474000000.0,4176000000.0,12298000000.0,25353868596.0,407000000.0,-12000000.0,-1000000000.0,-268000000.0,-533000000.0,-1628000000.0,-2858000000.0,62000000.0,5561000000.0,-3000000.0,2495000000.0,2495000000.0,2495000000.0,-1297000000.0,0.0,0.221,4443000000.0,2035000000.0,2579000000.0,0.214,1.254,10.162,10.327,28658000000.0,0.0,37.59,2.242,2.243,2048000000.0,16854000000.0,11311000000.0,11311000000.0,540000000.0,0.069,0.126,0.09,0.295,0.0,680000000.0,1.0,674484400.0,675000000.0,678000000.0,16.757,36243000000.0,0.0,590000000.0,2751000000.0,53.693,28000000.0
28,MRO,MRT,2014-06-30,2014-06-30,2014-06-30,2021-08-25,-278000000.0,35935000000.0,35870500000.0,4218000000.0,31717000000.0,0.32,29.391,-4268000000.0,1169000000.0,1169000000.0,4905000000.0,2633000000.0,1.061,0.809,6430000000.0,68000000.0,6362000000.0,6430000000.0,0.0,2566000000.0,0.0,0.019,0.76,3696000000.0,6262000000.0,0.546,6262000000.0,3696000000.0,3433000000.0,3.8,3.78,3.8,19868000000.0,19502750000.0,19868000000.0,31485025137.0,9.0,5.028,1164000000.0,1.722,1.0,6562000000.0,0.572,457000000.0,263000000.0,36765000000.0,36667750000.0,404000000.0,1184000000.0,0.0,1184000000.0,16067000000.0,3974000000.0,12093000000.0,26989025137.0,923000000.0,-74000000.0,-1500000000.0,-68000000.0,-527000000.0,-1962000000.0,-2426000000.0,59000000.0,5432000000.0,-3000000.0,2633000000.0,2633000000.0,2633000000.0,-1343000000.0,0.0,0.23,4209000000.0,2353000000.0,2560000000.0,0.2,1.358,10.25,10.505,27824000000.0,0.0,39.92,2.354,2.353,2042000000.0,16564000000.0,11467000000.0,11467000000.0,527000000.0,0.073,0.135,0.101,0.322,0.0,663000000.0,1.0,676077784.0,676000000.0,679000000.0,16.963,35478000000.0,0.0,800000000.0,2718000000.0,52.482,244000000.0
29,MRO,MRT,2014-03-31,2014-03-31,2014-03-31,2021-08-25,-270000000.0,36151000000.0,35648750000.0,4787000000.0,31364000000.0,0.323,28.579,-4126000000.0,1964000000.0,1964000000.0,4744000000.0,2519000000.0,1.11,0.825,6460000000.0,68000000.0,6392000000.0,6460000000.0,0.0,2423000000.0,0.0,0.021,0.74,3985000000.0,6408000000.0,0.556,6408000000.0,3985000000.0,3731000000.0,3.6,3.58,3.6,19805000000.0,19291000000.0,19805000000.0,31088473542.0,8.0,4.852,1086000000.0,1.567,1.0,6772000000.0,0.588,499000000.0,254000000.0,35834000000.0,36674250000.0,405000000.0,1223000000.0,0.0,1223000000.0,16346000000.0,4314000000.0,12032000000.0,24755473542.0,1196000000.0,-74000000.0,-1051000000.0,-68000000.0,-521000000.0,-1559000000.0,-2436000000.0,63000000.0,5212000000.0,-9000000.0,2519000000.0,2519000000.0,2519000000.0,-1348000000.0,0.0,0.219,4135000000.0,2637000000.0,2562000000.0,0.206,1.25,9.828,9.867,28426000000.0,0.0,35.52,2.15,2.137,2222000000.0,16151000000.0,11516000000.0,11516000000.0,507000000.0,0.071,0.131,0.109,0.346,0.0,683000000.0,1.0,696944638.0,693000000.0,696000000.0,16.618,35652000000.0,0.0,1212000000.0,3993000000.0,51.446,473000000.0
30,MRO,MRT,2013-12-31,2013-12-31,2013-12-31,2021-08-25,-250000000.0,35620000000.0,35388250000.0,2975000000.0,32645000000.0,0.333,27.438,-4443000000.0,264000000.0,264000000.0,4621000000.0,1753000000.0,0.687,0.841,6597000000.0,203000000.0,6394000000.0,6597000000.0,0.0,2500000000.0,0.0,0.02,0.72,3493000000.0,5993000000.0,0.509,5993000000.0,3493000000.0,3215000000.0,2.49,2.47,2.49,19344000000.0,18986750000.0,19344000000.0,30938183059.0,9.0,5.162,827000000.0,1.173,1.0,7162000000.0,0.608,499000000.0,278000000.0,37121000000.0,36647750000.0,364000000.0,1201000000.0,0.0,1201000000.0,16276000000.0,4333000000.0,11943000000.0,24591183059.0,-420000000.0,-74000000.0,-500000000.0,-247000000.0,-508000000.0,-1162000000.0,-4521000000.0,61000000.0,5270000000.0,-3000000.0,1753000000.0,1753000000.0,1753000000.0,-822000000.0,0.0,0.149,4491000000.0,2671000000.0,2446000000.0,0.289,1.271,14.028,14.177,28145000000.0,0.0,35.3,2.087,2.112,2134000000.0,15135000000.0,11783000000.0,11783000000.0,891000000.0,0.05,0.092,0.095,0.296,0.0,659000000.0,1.0,696634081.0,705000000.0,709000000.0,16.713,35121000000.0,0.0,1462000000.0,3937000000.0,49.817,-1358000000.0
31,MRO,MRT,2013-09-30,2013-09-30,2013-09-30,2021-08-25,-322000000.0,35776000000.0,35309750000.0,3455000000.0,32321000000.0,0.301,26.866,-4235000000.0,354000000.0,354000000.0,4585000000.0,1700000000.0,0.739,0.884,6701000000.0,268000000.0,6433000000.0,6701000000.0,0.0,2143000000.0,0.0,0.02,0.7,2898000000.0,5041000000.0,0.474,5041000000.0,2898000000.0,2626000000.0,2.39,2.39,2.39,18994000000.0,18721500000.0,18994000000.0,31003355663.0,11.0,6.15,1011000000.0,1.43,1.0,6053000000.0,0.569,499000000.0,272000000.0,36951000000.0,36345500000.0,360000000.0,1216000000.0,0.0,1216000000.0,16782000000.0,4673000000.0,12109000000.0,24753355663.0,-317000000.0,166000000.0,-500000000.0,164000000.0,-496000000.0,-739000000.0,-4819000000.0,60000000.0,5246000000.0,-5000000.0,1700000000.0,1700000000.0,1700000000.0,-1087000000.0,0.0,0.16,4242000000.0,1811000000.0,2568000000.0,0.293,1.303,14.561,14.594,27822000000.0,0.0,34.88,2.327,2.318,2562000000.0,14892000000.0,10638000000.0,10638000000.0,879000000.0,0.048,0.091,0.08,0.272,0.0,651000000.0,1.0,709671894.0,707000000.0,711000000.0,15.047,35277000000.0,0.0,926000000.0,3992000000.0,49.897,-1218000000.0
32,MRO,MRT,2013-06-30,2013-06-30,2013-06-30,2021-08-25,-344000000.0,35048000000.0,35005250000.0,3281000000.0,31767000000.0,0.333,26.79,-4585000000.0,246000000.0,246000000.0,4609000000.0,1581000000.0,0.819,0.843,6496000000.0,68000000.0,6428000000.0,6496000000.0,0.0,2111000000.0,0.0,0.02,0.68,3681000000.0,5792000000.0,0.496,5792000000.0,3681000000.0,3427000000.0,2.23,2.22,2.23,19021000000.0,18489000000.0,19021000000.0,30286892137.0,8.0,5.229,86000000.0,0.121,1.0,7063000000.0,0.605,499000000.0,254000000.0,36791000000.0,35387750000.0,368000000.0,1244000000.0,0.0,1244000000.0,16027000000.0,4008000000.0,12019000000.0,24510892137.0,-206000000.0,-566000000.0,0.0,1253000000.0,-481000000.0,847000000.0,-5737000000.0,65000000.0,4671000000.0,-1000000.0,1581000000.0,1581000000.0,1581000000.0,-914000000.0,0.0,0.135,4296000000.0,2767000000.0,2289000000.0,0.305,1.289,15.503,15.507,27457000000.0,0.0,34.58,2.1,2.103,2443000000.0,14458000000.0,11672000000.0,11672000000.0,966000000.0,0.045,0.086,0.104,0.315,0.0,687000000.0,1.0,708817008.0,710000000.0,714000000.0,16.439,34549000000.0,0.0,1846000000.0,3803000000.0,48.661,-727000000.0
33,MRO,MRT,2013-03-31,2013-03-31,2013-03-31,2021-08-25,-426000000.0,35109000000.0,34305750000.0,3777000000.0,31332000000.0,0.363,26.254,-4665000000.0,768000000.0,768000000.0,4840000000.0,1548000000.0,0.816,0.889,6544000000.0,68000000.0,6476000000.0,6544000000.0,0.0,2154000000.0,0.0,0.02,0.68,4100000000.0,6254000000.0,0.502,6254000000.0,4100000000.0,3856000000.0,2.19,2.18,2.19,18588000000.0,18180000000.0,18588000000.0,30075956955.0,7.0,4.809,-93000000.0,-0.131,1.0,7626000000.0,0.612,528000000.0,244000000.0,35728000000.0,34148000000.0,368000000.0,1304000000.0,0.0,1304000000.0,16521000000.0,4629000000.0,11892000000.0,23863956955.0,255000000.0,-566000000.0,0.0,1770000000.0,-479000000.0,1344000000.0,-5670000000.0,60000000.0,4572000000.0,3000000.0,1548000000.0,1548000000.0,1548000000.0,-729000000.0,0.0,0.124,4255000000.0,3371000000.0,2466000000.0,0.311,1.284,15.416,15.397,28382000000.0,0.0,33.72,1.914,1.915,2466000000.0,14153000000.0,12466000000.0,12466000000.0,1013000000.0,0.045,0.085,0.12,0.329,0.0,682000000.0,1.0,707709281.0,708000000.0,712000000.0,17.607,34581000000.0,0.0,2308000000.0,4293000000.0,48.843,-852000000.0
34,MRO,MRT,2012-12-31,2012-12-31,2012-12-31,2021-08-25,-433000000.0,35306000000.0,33491250000.0,3762000000.0,31544000000.0,0.373,25.897,-4361000000.0,684000000.0,684000000.0,5177000000.0,1582000000.0,0.74,0.931,6896000000.0,384000000.0,6512000000.0,6896000000.0,0.0,2008000000.0,0.0,0.022,0.68,4052000000.0,6060000000.0,0.485,6060000000.0,4052000000.0,3830000000.0,2.24,2.23,2.24,18283000000.0,17907750000.0,18283000000.0,27527753406.0,7.0,4.543,-344000000.0,-0.487,1.0,7309000000.0,0.585,525000000.0,222000000.0,35912000000.0,32940000000.0,361000000.0,1279000000.0,0.0,1279000000.0,17023000000.0,5081000000.0,11942000000.0,21658753406.0,191000000.0,-566000000.0,0.0,2031000000.0,-480000000.0,1600000000.0,-5439000000.0,57000000.0,4017000000.0,7000000.0,1582000000.0,1582000000.0,1582000000.0,-726000000.0,0.0,0.127,3983000000.0,3326000000.0,2541000000.0,0.304,1.185,13.691,13.688,28272000000.0,0.0,30.66,1.735,1.734,2418000000.0,13890000000.0,12486000000.0,12486000000.0,685000000.0,0.047,0.088,0.123,0.325,0.0,676000000.0,1.0,706417267.0,706000000.0,710000000.0,17.686,34781000000.0,0.0,2248000000.0,4415000000.0,49.265,-1319000000.0
35,MRO,MRT,2012-09-30,2012-09-30,2012-09-30,2021-08-25,-421000000.0,34558000000.0,32507500000.0,4037000000.0,30521000000.0,0.486,25.586,-3938000000.0,671000000.0,671000000.0,5664000000.0,1809000000.0,0.595,0.913,6540000000.0,2022000000.0,4518000000.0,6540000000.0,0.0,2326000000.0,0.0,0.022,0.66,5920000000.0,8246000000.0,0.522,8246000000.0,5920000000.0,5715000000.0,2.57,2.56,2.57,18064000000.0,17625000000.0,18064000000.0,25657634767.0,4.0,3.112,-92000000.0,-0.13,1.0,10130000000.0,0.641,525000000.0,205000000.0,33120000000.0,31652750000.0,324000000.0,1319000000.0,0.0,1319000000.0,16494000000.0,6782000000.0,9712000000.0,20859634767.0,-3962000000.0,-5276000000.0,0.0,1685000000.0,-465000000.0,1272000000.0,-9087000000.0,60000000.0,3846000000.0,7000000.0,1809000000.0,1809000000.0,1809000000.0,11000000.0,0.0,0.115,4199000000.0,5931000000.0,2527000000.0,0.257,1.155,11.531,11.506,27446000000.0,0.0,29.57,1.321,1.322,2575000000.0,13688000000.0,15794000000.0,15794000000.0,614000000.0,0.056,0.103,0.187,0.375,0.0,784000000.0,1.0,705432356.0,706000000.0,709000000.0,22.371,34033000000.0,87000000.0,3906000000.0,4522000000.0,48.205,-2745000000.0
36,MRO,MRT,2012-06-30,2012-06-30,2012-06-30,2021-08-25,-364000000.0,32250000000.0,31503250000.0,3254000000.0,28996000000.0,0.49,25.191,-3365000000.0,452000000.0,452000000.0,5979000000.0,1764000000.0,0.694,0.813,5250000000.0,737000000.0,4513000000.0,5250000000.0,0.0,2218000000.0,0.0,0.025,0.64,5471000000.0,7689000000.0,0.498,7689000000.0,5471000000.0,5289000000.0,2.5,2.5,2.5,17785000000.0,17296000000.0,17785000000.0,22278018081.0,4.0,2.897,491000000.0,0.695,1.0,9453000000.0,0.613,525000000.0,182000000.0,31832000000.0,29945000000.0,335000000.0,1319000000.0,0.0,1319000000.0,14465000000.0,4691000000.0,9774000000.0,18035018081.0,-4259000000.0,-4470000000.0,-300000000.0,396000000.0,-451000000.0,-306000000.0,-7795000000.0,44000000.0,3856000000.0,-14000000.0,1764000000.0,1764000000.0,1764000000.0,11000000.0,0.0,0.114,3971000000.0,5482000000.0,2303000000.0,0.256,1.014,10.224,10.228,26001000000.0,0.0,25.57,1.169,1.17,2064000000.0,13358000000.0,15432000000.0,15432000000.0,573000000.0,0.056,0.102,0.183,0.355,0.0,709000000.0,1.0,705319440.0,706000000.0,709000000.0,21.858,31725000000.0,87000000.0,3525000000.0,3974000000.0,44.936,-1437000000.0
37,MRO,MRT,2012-03-31,2012-03-31,2012-03-31,2021-08-25,-361000000.0,31851000000.0,31063250000.0,3445000000.0,28406000000.0,0.499,24.786,-3184000000.0,513000000.0,513000000.0,6370000000.0,2367000000.0,0.737,0.82,4756000000.0,197000000.0,4559000000.0,4756000000.0,0.0,2202000000.0,0.0,0.023,0.72,5622000000.0,7824000000.0,0.504,7824000000.0,5622000000.0,5484000000.0,3.34,3.33,3.34,17499000000.0,17026500000.0,17499000000.0,26636442851.0,5.0,3.404,1721000000.0,2.438,1.0,9143000000.0,0.589,525000000.0,138000000.0,30896000000.0,28512750000.0,296000000.0,1353000000.0,0.0,1353000000.0,14345000000.0,4673000000.0,9672000000.0,22314442851.0,-5203000000.0,-4470000000.0,-300000000.0,-121000000.0,-510000000.0,-2454000000.0,-7640000000.0,66000000.0,4905000000.0,-14000000.0,2367000000.0,2367000000.0,2367000000.0,-687000000.0,0.0,0.153,4208000000.0,4935000000.0,2204000000.0,0.216,1.275,9.427,9.491,25365000000.0,0.0,31.7,1.438,1.443,2233000000.0,13084000000.0,15513000000.0,15513000000.0,546000000.0,0.076,0.139,0.197,0.362,0.0,685000000.0,1.0,703925642.0,706000000.0,710000000.0,21.973,31326000000.0,87000000.0,3117000000.0,4605000000.0,44.371,-1228000000.0
38,MRO,MRT,2011-12-31,2011-12-31,2011-12-31,2021-08-25,-370000000.0,31371000000.0,36066750000.0,3224000000.0,28147000000.0,0.424,24.158,-2986000000.0,493000000.0,493000000.0,6382000000.0,2946000000.0,0.734,0.829,4815000000.0,141000000.0,4674000000.0,4815000000.0,0.0,2263000000.0,0.0,0.027,0.8,5779000000.0,8042000000.0,0.526,8042000000.0,5779000000.0,5672000000.0,4.15,4.13,4.15,17152000000.0,18828000000.0,17152000000.0,21007934744.0,4.0,2.612,3538000000.0,4.983,1.0,8900000000.0,0.582,536000000.0,107000000.0,30763000000.0,31121750000.0,361000000.0,1383000000.0,0.0,1383000000.0,14212000000.0,4394000000.0,9818000000.0,20597934744.0,-3458000000.0,-4470000000.0,-300000000.0,-2877000000.0,-567000000.0,-2295000000.0,-7667000000.0,59000000.0,6524000000.0,-20000000.0,2946000000.0,2946000000.0,2946000000.0,-1228000000.0,0.0,0.193,4070000000.0,4830000000.0,2075000000.0,0.193,1.201,6.992,7.053,25324000000.0,0.0,29.27,1.348,1.36,1952000000.0,12788000000.0,15282000000.0,15282000000.0,641000000.0,0.082,0.156,0.186,0.378,0.0,663000000.0,1.0,703721720.0,710000000.0,714000000.0,21.524,30835000000.0,0.0,2726000000.0,4559000000.0,43.43,-1170000000.0
39,MRO,MRT,2011-09-30,2011-09-30,2011-09-30,2021-08-25,-328000000.0,30541000000.0,40727500000.0,7154000000.0,23387000000.0,0.366,23.556,-3390000000.0,4633000000.0,4633000000.0,6297000000.0,3103000000.0,1.734,0.823,5043000000.0,338000000.0,4705000000.0,5043000000.0,0.0,2396000000.0,0.0,0.042,0.9,5655000000.0,8051000000.0,0.54,8051000000.0,5655000000.0,5571000000.0,4.36,4.34,4.36,16748000000.0,20482750000.0,16748000000.0,15719313270.0,3.0,1.952,4982000000.0,7.007,1.0,8602000000.0,0.577,537000000.0,84000000.0,26289000000.0,33797500000.0,342000000.0,1431000000.0,0.0,1431000000.0,13785000000.0,4125000000.0,9660000000.0,15408313270.0,2990000000.0,0.0,-300000000.0,-2876000000.0,-640000000.0,-2391000000.0,-2976000000.0,64000000.0,8372000000.0,-15000000.0,3103000000.0,3103000000.0,3103000000.0,-1521000000.0,0.0,0.208,4189000000.0,4413000000.0,1691000000.0,0.206,0.92,4.966,4.95,20318000000.0,0.0,21.58,1.034,1.03,1721000000.0,12352000000.0,14899000000.0,14899000000.0,720000000.0,0.076,0.151,0.167,0.38,0.0,534000000.0,1.0,714008956.0,711000000.0,714000000.0,20.955,30004000000.0,0.0,2468000000.0,4580000000.0,42.2,3029000000.0
40,MRO,MRT,2011-06-30,2011-06-30,2011-06-30,2021-08-25,-346000000.0,30490000000.0,45123000000.0,7314000000.0,23176000000.0,0.311,23.432,-3478000000.0,4711000000.0,4711000000.0,5804000000.0,3394000000.0,1.758,0.825,5022000000.0,338000000.0,4684000000.0,5022000000.0,0.0,2409000000.0,0.0,0.019,1.0,5601000000.0,8010000000.0,0.57,8010000000.0,5601000000.0,5531000000.0,4.77,4.75,4.77,16707000000.0,22134750000.0,16707000000.0,40137823392.0,7.0,5.011,4675000000.0,6.557,1.0,8251000000.0,0.587,537000000.0,70000000.0,26103000000.0,38084000000.0,343000000.0,1475000000.0,0.0,1475000000.0,13783000000.0,4161000000.0,9622000000.0,37512823392.0,2649000000.0,0.0,0.0,-2876000000.0,-710000000.0,-2164000000.0,-3352000000.0,59000000.0,8153000000.0,12000000.0,3394000000.0,3394000000.0,3394000000.0,-1750000000.0,0.0,0.241,4121000000.0,4130000000.0,1791000000.0,0.21,2.245,11.053,11.044,20140000000.0,0.0,52.68,2.669,2.672,1843000000.0,12053000000.0,14055000000.0,14055000000.0,650000000.0,0.075,0.153,0.147,0.399,0.0,538000000.0,1.0,712088523.0,713000000.0,717000000.0,19.712,29953000000.0,0.0,2137000000.0,4497000000.0,42.01,3153000000.0
41,MRO,MRT,2011-03-31,2011-03-31,2011-03-31,2021-08-25,-971000000.0,51865000000.0,49374500000.0,15775000000.0,36090000000.0,0.265,34.747,-3007000000.0,5716000000.0,5716000000.0,5331000000.0,3107000000.0,1.339,1.099,8341000000.0,349000000.0,7992000000.0,8341000000.0,0.0,2042000000.0,0.0,0.019,1.0,5140000000.0,7182000000.0,0.549,7182000000.0,5140000000.0,5068000000.0,4.37,4.36,4.37,24705000000.0,23668250000.0,24705000000.0,41810071687.0,8.0,5.822,4606000000.0,6.478,1.0,7762000000.0,0.593,1376000000.0,72000000.0,41332000000.0,42228000000.0,3088000000.0,1846000000.0,0.0,1846000000.0,27160000000.0,11782000000.0,15378000000.0,37865071687.0,2998000000.0,0.0,0.0,-3460000000.0,-710000000.0,-1181000000.0,-3444000000.0,59000000.0,7613000000.0,10000000.0,3107000000.0,3107000000.0,3107000000.0,-1387000000.0,0.0,0.237,3638000000.0,4124000000.0,8763000000.0,0.229,1.533,12.187,12.199,32189000000.0,0.0,53.31,2.892,2.895,6557000000.0,20725000000.0,13093000000.0,13093000000.0,630000000.0,0.063,0.131,0.122,0.393,0.0,526000000.0,1.0,710280842.0,711000000.0,715000000.0,18.415,50489000000.0,0.0,1961000000.0,5410000000.0,71.011,3993000000.0
42,MRO,MRT,2010-12-31,2010-12-31,2010-12-31,2021-08-25,-997000000.0,50014000000.0,48339500000.0,13829000000.0,36185000000.0,0.266,33.48,-3536000000.0,3951000000.0,3951000000.0,4958000000.0,2568000000.0,1.244,1.104,7896000000.0,295000000.0,7601000000.0,7896000000.0,0.0,2056000000.0,0.0,0.027,0.99,4818000000.0,6874000000.0,0.534,6874000000.0,4818000000.0,4743000000.0,3.62,3.61,3.62,23771000000.0,23048750000.0,23771000000.0,32587026252.0,7.0,4.741,2334000000.0,3.287,1.0,7915000000.0,0.615,1380000000.0,75000000.0,41466000000.0,42581500000.0,3453000000.0,1802000000.0,0.0,1802000000.0,26243000000.0,11113000000.0,15130000000.0,26288026252.0,1894000000.0,0.0,0.0,-653000000.0,-704000000.0,-1355000000.0,-2621000000.0,58000000.0,5870000000.0,0.0,2568000000.0,2568000000.0,2568000000.0,-686000000.0,0.0,0.199,3691000000.0,4224000000.0,8467000000.0,0.273,1.106,10.237,10.229,32222000000.0,0.0,37.03,2.042,2.042,6030000000.0,19907000000.0,12873000000.0,12873000000.0,498000000.0,0.053,0.111,0.113,0.374,0.0,491000000.0,1.0,709911592.0,710000000.0,712000000.0,18.131,48634000000.0,0.0,2175000000.0,5340000000.0,68.499,2716000000.0
43,MRO,MRT,2010-09-30,2010-09-30,2010-09-30,2021-08-25,-868000000.0,48123000000.0,47599000000.0,11600000000.0,36523000000.0,-0.136,32.896,-1303000000.0,1643000000.0,1643000000.0,-12260000000.0,2217000000.0,1.208,1.06,7942000000.0,98000000.0,7844000000.0,7942000000.0,0.0,1340000000.0,0.0,0.03,0.98,4356000000.0,5696000000.0,-0.881,5696000000.0,4356000000.0,4236000000.0,3.12,3.12,3.12,23356000000.0,22583500000.0,23356000000.0,29358043602.0,7.0,5.154,3645000000.0,5.134,1.0,5794000000.0,-0.896,1383000000.0,120000000.0,43435000000.0,42977000000.0,3969000000.0,1844000000.0,0.0,1844000000.0,24767000000.0,9604000000.0,15163000000.0,23490043602.0,273000000.0,0.0,4000000.0,-645000000.0,-695000000.0,-1348000000.0,-3328000000.0,94000000.0,4948000000.0,1000000.0,2217000000.0,2217000000.0,2217000000.0,-1188000000.0,0.0,-0.343,2534000000.0,3260000000.0,7196000000.0,0.314,1.006,10.595,10.609,31987000000.0,0.0,33.1,-3.633,-3.635,5416000000.0,19379000000.0,-6466000000.0,-6466000000.0,408000000.0,0.047,0.098,0.101,-0.674,0.0,40000000.0,1.0,709668991.0,710000000.0,,-9.107,46740000000.0,0.0,2019000000.0,5761000000.0,65.831,1996000000.0
44,MRO,MRT,2010-06-30,2010-06-30,2010-06-30,2021-08-25,-855000000.0,47496000000.0,46922000000.0,11260000000.0,36236000000.0,0.108,32.17,-2002000000.0,2062000000.0,2062000000.0,-1070000000.0,1934000000.0,1.21,1.079,7930000000.0,101000000.0,7829000000.0,7930000000.0,0.0,1437000000.0,0.0,0.031,0.97,4115000000.0,5552000000.0,1.098,5552000000.0,4115000000.0,3976000000.0,2.72,2.72,2.72,22841000000.0,22267250000.0,22841000000.0,27878424113.0,7.0,5.021,3356000000.0,4.727,1.0,6126000000.0,1.212,1383000000.0,139000000.0,42679000000.0,42884000000.0,3586000000.0,1868000000.0,0.0,1868000000.0,24655000000.0,9302000000.0,15353000000.0,22058424113.0,566000000.0,0.0,4000000.0,-648000000.0,-689000000.0,-1345000000.0,-3474000000.0,59000000.0,5358000000.0,27000000.0,1934000000.0,1934000000.0,1934000000.0,-980000000.0,0.0,0.383,2899000000.0,3227000000.0,7144000000.0,0.357,0.966,11.406,11.43,31703000000.0,0.0,31.09,4.363,4.366,5028000000.0,18859000000.0,5056000000.0,5056000000.0,404000000.0,0.041,0.087,0.096,0.814,0.0,255000000.0,1.0,709502223.0,710000000.0,,7.121,46113000000.0,0.0,2042000000.0,5524000000.0,64.948,1958000000.0
45,MRO,MRT,2010-03-31,2010-03-31,2010-03-31,2021-08-25,-925000000.0,47725000000.0,46158250000.0,11739000000.0,35986000000.0,0.335,31.397,-3111000000.0,2718000000.0,2718000000.0,8761000000.0,1638000000.0,1.251,1.147,8538000000.0,98000000.0,8440000000.0,8538000000.0,0.0,1923000000.0,0.0,0.03,0.96,4077000000.0,6000000000.0,0.388,6000000000.0,4077000000.0,3941000000.0,2.3,2.3,2.3,22227000000.0,22010250000.0,22227000000.0,28873802940.0,7.0,4.812,2167000000.0,3.061,1.0,6709000000.0,0.434,1414000000.0,136000000.0,42746000000.0,42806750000.0,3848000000.0,2004000000.0,0.0,2004000000.0,25498000000.0,9385000000.0,16113000000.0,22398802940.0,849000000.0,0.0,4000000.0,-67000000.0,-681000000.0,-755000000.0,-3690000000.0,43000000.0,5278000000.0,16000000.0,1638000000.0,1638000000.0,1638000000.0,-730000000.0,0.0,0.106,3362000000.0,3347000000.0,7567000000.0,0.417,1.008,13.674,13.757,31674000000.0,0.0,31.64,1.448,1.448,5272000000.0,18328000000.0,15470000000.0,15470000000.0,343000000.0,0.035,0.074,0.095,0.264,0.0,458000000.0,1.0,707926768.0,707926768.0,,21.853,46311000000.0,0.0,2303000000.0,5186000000.0,65.418,2354000000.0
46,MRO,MRT,2009-12-31,2009-12-31,2009-12-31,2021-08-25,-934000000.0,47052000000.0,45055000000.0,10637000000.0,36415000000.0,0.202,30.903,-3349000000.0,2057000000.0,2057000000.0,3316000000.0,1463000000.0,1.174,1.148,8532000000.0,96000000.0,8436000000.0,8532000000.0,0.0,1934000000.0,0.0,0.031,0.96,3632000000.0,5566000000.0,0.613,5566000000.0,3632000000.0,3510000000.0,2.06,2.06,2.06,21910000000.0,21831250000.0,21910000000.0,29414925552.0,8.0,5.285,1919000000.0,2.707,1.0,5768000000.0,0.635,1422000000.0,122000000.0,43048000000.0,42560500000.0,3622000000.0,1970000000.0,0.0,1970000000.0,25142000000.0,9057000000.0,16085000000.0,22098925552.0,772000000.0,0.0,4000000.0,1412000000.0,-679000000.0,724000000.0,-5238000000.0,59000000.0,5268000000.0,18000000.0,1463000000.0,1463000000.0,1463000000.0,-747000000.0,0.0,0.161,2883000000.0,2885000000.0,7445000000.0,0.466,1.009,15.105,15.155,32121000000.0,0.0,31.22,2.433,2.437,4737000000.0,18043000000.0,9084000000.0,9084000000.0,307000000.0,0.032,0.067,0.085,0.4,0.0,451000000.0,1.0,707845149.0,709000000.0,711000000.0,12.812,45630000000.0,0.0,2047000000.0,5054000000.0,64.358,1580000000.0
47,MRO,MRT,2009-09-30,2009-09-30,2009-09-30,2021-08-25,-554000000.0,45415000000.0,43963500000.0,9626000000.0,35789000000.0,1.197,31.214,-6676000000.0,1370000000.0,1370000000.0,43633000000.0,1067000000.0,1.168,1.056,8686000000.0,105000000.0,8581000000.0,8686000000.0,0.0,2565000000.0,0.0,0.03,0.96,3077000000.0,5642000000.0,0.107,5642000000.0,3077000000.0,3034000000.0,1.5,1.51,1.5,22091000000.0,21706000000.0,22091000000.0,29701471267.0,10.0,5.264,-1423000000.0,-2.011,1.0,8976000000.0,0.171,1424000000.0,43000000.0,43063000000.0,41645000000.0,3680000000.0,1991000000.0,0.0,1991000000.0,23324000000.0,8244000000.0,15080000000.0,22576471267.0,-109000000.0,0.0,0.0,113000000.0,-680000000.0,-569000000.0,-4771000000.0,-24000000.0,5253000000.0,-8000000.0,1067000000.0,1067000000.0,1067000000.0,-131000000.0,0.0,0.02,6030000000.0,2946000000.0,6426000000.0,0.64,1.022,21.159,21.267,31115000000.0,0.0,31.9,0.429,0.429,4821000000.0,17857000000.0,52609000000.0,52609000000.0,303000000.0,0.024,0.049,0.074,0.058,0.0,1309000000.0,1.0,707726372.0,707726372.0,,74.335,43991000000.0,0.0,1967000000.0,4929000000.0,62.158,1382000000.0
48,MRO,MRT,2009-06-30,2009-06-30,2009-06-30,2021-08-25,-578000000.0,44441000000.0,44836250000.0,9114000000.0,35327000000.0,1.37,30.819,-6867000000.0,1496000000.0,1496000000.0,49774000000.0,2718000000.0,1.173,1.037,8621000000.0,103000000.0,8518000000.0,8621000000.0,0.0,2518000000.0,0.0,0.032,0.96,5750000000.0,8268000000.0,0.135,8268000000.0,5750000000.0,5696000000.0,3.84,3.83,3.84,21813000000.0,21665000000.0,21813000000.0,28147235923.0,5.0,3.404,-1033000000.0,-1.46,1.0,11659000000.0,0.19,1423000000.0,54000000.0,42370000000.0,40988250000.0,3498000000.0,2035000000.0,0.0,2035000000.0,22628000000.0,7773000000.0,14855000000.0,21325235923.0,226000000.0,0.0,-107000000.0,424000000.0,-679000000.0,-360000000.0,-5153000000.0,11000000.0,5834000000.0,-69000000.0,2718000000.0,2718000000.0,2718000000.0,-182000000.0,0.0,0.044,6091000000.0,5568000000.0,5856000000.0,0.25,0.978,7.846,7.846,30452000000.0,0.0,30.13,0.347,0.347,4386000000.0,17614000000.0,61433000000.0,61433000000.0,356000000.0,0.061,0.125,0.14,0.094,0.0,1335000000.0,1.0,707774176.0,707774176.0,,86.797,43018000000.0,0.0,2978000000.0,4426000000.0,60.779,1341000000.0
49,MRO,MRT,2009-03-31,2009-03-31,2009-03-31,2021-08-25,-623000000.0,43312000000.0,45898500000.0,8583000000.0,34729000000.0,1.532,30.403,-7038000000.0,1869000000.0,1869000000.0,58184000000.0,3079000000.0,1.239,1.013,8691000000.0,101000000.0,8590000000.0,8691000000.0,0.0,2317000000.0,0.0,0.037,0.96,6214000000.0,8531000000.0,0.121,8531000000.0,6214000000.0,6161000000.0,4.35,4.33,4.35,21511000000.0,21239000000.0,21511000000.0,24500828175.0,4.0,2.872,-244000000.0,-0.345,1.0,12134000000.0,0.173,1445000000.0,53000000.0,41761000000.0,39783500000.0,3496000000.0,2046000000.0,0.0,2046000000.0,21801000000.0,6928000000.0,14873000000.0,18600828175.0,680000000.0,0.0,-259000000.0,398000000.0,-681000000.0,-532000000.0,-5506000000.0,37000000.0,6794000000.0,-52000000.0,3079000000.0,3079000000.0,3079000000.0,-103000000.0,0.0,0.044,6023000000.0,6111000000.0,4875000000.0,0.221,0.865,6.041,6.044,30066000000.0,0.0,26.29,0.265,0.265,3405000000.0,17371000000.0,70318000000.0,70318000000.0,422000000.0,0.067,0.145,0.156,0.088,0.0,1375000000.0,1.0,707524845.0,707524845.0,,99.386,41867000000.0,0.0,3082000000.0,4308000000.0,59.174,1655000000.0
50,MRO,MRT,2008-12-31,2008-12-31,2008-12-31,2021-08-25,-593000000.0,42686000000.0,46261750000.0,8403000000.0,34283000000.0,1.685,30.343,-6989000000.0,1285000000.0,1285000000.0,65292000000.0,3528000000.0,1.084,0.994,7185000000.0,98000000.0,7087000000.0,7185000000.0,0.0,2108000000.0,0.0,0.035,0.96,6923000000.0,9031000000.0,0.116,9031000000.0,6923000000.0,6895000000.0,4.97,4.95,4.97,21409000000.0,20778250000.0,21409000000.0,26277566419.0,4.0,2.91,-237000000.0,-0.336,1.0,12673000000.0,0.163,1447000000.0,28000000.0,39386000000.0,38585000000.0,3507000000.0,2080000000.0,0.0,2080000000.0,21277000000.0,7753000000.0,13524000000.0,19304566419.0,86000000.0,0.0,-402000000.0,-126000000.0,-681000000.0,-1193000000.0,-5405000000.0,-24000000.0,6752000000.0,-44000000.0,3528000000.0,3528000000.0,3528000000.0,-144000000.0,0.0,0.045,5894000000.0,6779000000.0,5137000000.0,0.193,0.902,5.472,5.505,29414000000.0,0.0,27.36,0.248,0.248,3619000000.0,17259000000.0,77965000000.0,77965000000.0,489000000.0,0.076,0.17,0.179,0.089,0.0,1382000000.0,1.0,705576258.0,705576258.0,,110.498,41239000000.0,0.0,3367000000.0,5024000000.0,58.447,650000000.0
51,MRO,MRT,2008-09-30,2008-09-30,2008-09-30,2021-08-25,-274000000.0,48906000000.0,46276750000.0,12373000000.0,36533000000.0,1.761,31.078,-6094000000.0,1479000000.0,1479000000.0,70009000000.0,4237000000.0,1.008,1.23,8452000000.0,1378000000.0,7074000000.0,8452000000.0,0.0,1879000000.0,0.0,0.024,0.96,7509000000.0,9388000000.0,0.115,9388000000.0,7509000000.0,7436000000.0,5.96,5.92,5.96,21927000000.0,20231750000.0,21927000000.0,34987326503.0,5.0,3.727,1662000000.0,2.356,1.0,11502000000.0,0.141,3166000000.0,73000000.0,40436000000.0,37389250000.0,4446000000.0,2827000000.0,0.0,2827000000.0,26979000000.0,12277000000.0,14702000000.0,28130326503.0,-1790000000.0,-3926000000.0,-420000000.0,1234000000.0,-683000000.0,153000000.0,-9672000000.0,-2000000.0,7756000000.0,-19000000.0,4237000000.0,4237000000.0,4237000000.0,-260000000.0,0.0,0.052,4309000000.0,7193000000.0,9383000000.0,0.161,1.283,6.639,6.69,28129000000.0,0.0,39.87,0.345,0.345,6701000000.0,17470000000.0,81511000000.0,81511000000.0,557000000.0,0.092,0.209,0.201,0.092,0.0,1375000000.0,1.0,705551204.0,705551204.0,,115.528,45740000000.0,0.0,3199000000.0,6262000000.0,64.829,96000000.0
52,MRO,MRT,2008-06-30,2008-06-30,2008-06-30,2021-08-25,-270000000.0,48690000000.0,43040000000.0,14054000000.0,34636000000.0,1.746,28.405,-5387000000.0,1270000000.0,1270000000.0,65921000000.0,3194000000.0,0.948,1.421,8127000000.0,1068000000.0,7059000000.0,8127000000.0,0.0,1708000000.0,0.0,0.019,0.96,5526000000.0,7234000000.0,0.096,7234000000.0,5526000000.0,5518000000.0,4.54,4.51,4.54,20109000000.0,18920500000.0,20109000000.0,43726045943.0,8.0,6.045,1102000000.0,1.557,1.0,9243000000.0,0.123,3169000000.0,8000000.0,37551000000.0,34381250000.0,5015000000.0,2825000000.0,0.0,2825000000.0,28581000000.0,14827000000.0,13754000000.0,36721045943.0,-1061000000.0,-3926000000.0,-332000000.0,2336000000.0,-677000000.0,1346000000.0,-8911000000.0,-25000000.0,6489000000.0,11000000.0,3194000000.0,3194000000.0,3194000000.0,-188000000.0,0.0,0.042,4070000000.0,5173000000.0,12540000000.0,0.211,1.826,11.497,11.425,27071000000.0,0.0,51.87,0.489,0.489,8097000000.0,15575000000.0,75164000000.0,75164000000.0,537000000.0,0.074,0.169,0.161,0.074,0.0,1362000000.0,1.0,707943820.0,707943820.0,,106.172,45521000000.0,0.0,2324000000.0,4868000000.0,64.3,-773000000.0
53,MRO,MRT,2008-03-31,2008-03-31,2008-03-31,2021-08-25,-240000000.0,44765000000.0,39268750000.0,11414000000.0,33351000000.0,1.779,27.742,-4557000000.0,1189000000.0,1189000000.0,59615000000.0,3970000000.0,0.981,1.276,8194000000.0,1096000000.0,7098000000.0,8194000000.0,0.0,1622000000.0,0.0,0.021,0.96,6699000000.0,8321000000.0,0.119,8321000000.0,6699000000.0,6722000000.0,5.72,5.68,5.72,19668000000.0,17847000000.0,19668000000.0,38345053341.0,6.0,4.608,1114000000.0,1.571,1.0,10234000000.0,0.147,3167000000.0,-23000000.0,36967000000.0,31381000000.0,3892000000.0,2733000000.0,0.0,2733000000.0,25097000000.0,11636000000.0,13461000000.0,32329053341.0,-1158000000.0,-3963000000.0,-491000000.0,2510000000.0,-669000000.0,1385000000.0,-8227000000.0,-88000000.0,5671000000.0,11000000.0,3970000000.0,3970000000.0,3970000000.0,-190000000.0,0.0,0.057,3890000000.0,6344000000.0,9355000000.0,0.168,1.644,8.143,7.972,25753000000.0,0.0,45.6,0.463,0.463,6625000000.0,14973000000.0,69849000000.0,69849000000.0,522000000.0,0.101,0.222,0.213,0.096,0.0,1328000000.0,1.0,708970468.0,708970468.0,,98.522,41598000000.0,0.0,2752000000.0,4682000000.0,58.674,-222000000.0
54,MRO,MRT,2007-12-31,2007-12-31,2007-12-31,2021-08-25,-249000000.0,42746000000.0,35926500000.0,10587000000.0,32159000000.0,1.802,27.064,-3757000000.0,1199000000.0,1199000000.0,54655000000.0,3956000000.0,0.94,1.224,7215000000.0,1131000000.0,6084000000.0,7215000000.0,0.0,1564000000.0,0.0,0.015,0.92,6725000000.0,8289000000.0,0.128,8289000000.0,6725000000.0,6758000000.0,5.73,5.69,5.73,19223000000.0,16628000000.0,19223000000.0,46059633740.0,7.0,5.557,2143000000.0,3.017,1.0,10096000000.0,0.156,2899000000.0,-33000000.0,34603000000.0,27677250000.0,3277000000.0,2630000000.0,0.0,2630000000.0,23523000000.0,11260000000.0,12263000000.0,43227633740.0,-1386000000.0,-3963000000.0,-795000000.0,1547000000.0,-637000000.0,184000000.0,-7481000000.0,-55000000.0,5900000000.0,9000000.0,3956000000.0,3956000000.0,3956000000.0,-190000000.0,0.0,0.061,3726000000.0,6370000000.0,8033000000.0,0.161,2.249,10.927,10.621,24675000000.0,0.0,60.86,0.668,0.668,6258000000.0,14412000000.0,64751000000.0,64751000000.0,454000000.0,0.11,0.238,0.243,0.104,0.0,1315000000.0,1.0,710279884.0,710279884.0,,91.163,39847000000.0,0.0,2802000000.0,4648000000.0,56.1,-673000000.0
55,MRO,MRT,2007-09-30,2007-09-30,2007-09-30,2021-08-25,-385000000.0,35959000000.0,32947750000.0,13463000000.0,22496000000.0,1.846,24.493,-3753000000.0,3269000000.0,3269000000.0,49704000000.0,4367000000.0,1.526,1.156,6101000000.0,423000000.0,5678000000.0,6101000000.0,0.0,1586000000.0,0.0,0.015,0.88,7569000000.0,9155000000.0,0.151,9155000000.0,7569000000.0,7671000000.0,6.36,6.31,6.36,16682000000.0,15474000000.0,16682000000.0,41163437466.0,5.0,4.496,941000000.0,1.382,1.0,11125000000.0,0.183,1566000000.0,-102000000.0,28404000000.0,24561250000.0,4604000000.0,2650000000.0,0.0,2650000000.0,19277000000.0,8821000000.0,10456000000.0,38836437466.0,472000000.0,-235000000.0,-1320000000.0,1314000000.0,-605000000.0,-522000000.0,-3712000000.0,13000000.0,4694000000.0,12000000.0,4367000000.0,4367000000.0,4367000000.0,-8000000.0,0.0,0.072,3641000000.0,7484000000.0,7086000000.0,0.138,2.328,8.893,8.965,16655000000.0,0.0,57.02,0.638,0.638,5908000000.0,13916000000.0,60829000000.0,60829000000.0,395000000.0,0.133,0.282,0.308,0.124,0.0,1283000000.0,1.0,681102025.0,681102025.0,,89.31,34393000000.0,0.0,3304000000.0,3148000000.0,50.496,4642000000.0
56,MRO,MRT,2007-06-30,2007-06-30,2007-06-30,2021-08-25,-402000000.0,33605000000.0,31665250000.0,11699000000.0,21906000000.0,1.911,23.055,-3824000000.0,2331000000.0,2331000000.0,48137000000.0,4969000000.0,1.327,1.125,4658000000.0,421000000.0,4237000000.0,4658000000.0,0.0,1538000000.0,0.0,0.014,0.84,8787000000.0,10325000000.0,0.171,10325000000.0,8787000000.0,8877000000.0,7.14,7.08,7.14,15815000000.0,14916500000.0,15815000000.0,42309953659.0,5.0,4.098,1731000000.0,2.523,1.0,12372000000.0,0.204,1569000000.0,-90000000.0,25550000000.0,22962500000.0,4310000000.0,2583000000.0,0.0,2583000000.0,17790000000.0,8813000000.0,8977000000.0,41129953659.0,-695000000.0,-235000000.0,-1871000000.0,-97000000.0,-584000000.0,-2429000000.0,-3826000000.0,107000000.0,5555000000.0,5000000.0,4969000000.0,4969000000.0,4969000000.0,-8000000.0,0.0,0.082,3563000000.0,8809000000.0,7015000000.0,0.118,2.601,8.277,8.398,16037000000.0,0.0,59.96,0.68,0.68,5355000000.0,13058000000.0,60509000000.0,60509000000.0,404000000.0,0.157,0.333,0.383,0.145,0.0,1247000000.0,1.0,685956532.0,685956532.0,,88.211,32036000000.0,0.0,3908000000.0,3225000000.0,46.703,2886000000.0
57,MRO,MRT,2007-03-31,2007-03-31,2007-03-31,2021-08-25,-322000000.0,31396000000.0,30876500000.0,10337000000.0,21059000000.0,2.005,21.384,-3598000000.0,2347000000.0,2347000000.0,49639000000.0,5167000000.0,1.168,1.086,3527000000.0,873000000.0,2654000000.0,3527000000.0,0.0,1511000000.0,0.0,0.016,0.8,9043000000.0,10554000000.0,0.17,10554000000.0,9043000000.0,9122000000.0,7.29,7.23,7.29,14792000000.0,14335000000.0,14792000000.0,35128635546.0,4.0,3.328,2676000000.0,3.869,1.0,12273000000.0,0.198,1575000000.0,-79000000.0,22152000000.0,21787500000.0,3536000000.0,0.0,0.0,0.0,16058000000.0,8849000000.0,7209000000.0,34181635546.0,1078000000.0,618000000.0,-1874000000.0,-209000000.0,-564000000.0,-2532000000.0,-2679000000.0,189000000.0,6274000000.0,15000000.0,5167000000.0,5167000000.0,5167000000.0,-264000000.0,0.0,0.083,3466000000.0,8807000000.0,6699000000.0,0.11,2.311,6.615,6.778,16963000000.0,0.0,49.415,0.552,0.552,6686000000.0,11671000000.0,61912000000.0,61912000000.0,355000000.0,0.167,0.36,0.415,0.146,0.0,1228000000.0,1.0,691725904.0,691725904.0,,89.504,29821000000.0,0.0,3955000000.0,3123000000.0,43.111,1488000000.0
58,MRO,MRT,2006-12-31,2006-12-31,2006-12-31,2021-08-25,-368000000.0,30831000000.0,29978500000.0,10096000000.0,20735000000.0,2.183,20.777,-3433000000.0,2585000000.0,2585000000.0,53000000000.0,5234000000.0,1.252,1.075,3532000000.0,471000000.0,3061000000.0,3532000000.0,0.0,1518000000.0,0.0,0.017,0.765,9219000000.0,10737000000.0,0.164,10737000000.0,9219000000.0,9256000000.0,7.31,7.25,7.31,14607000000.0,13678250000.0,14607000000.0,33408603885.0,4.0,3.112,2055000000.0,2.923,1.0,12449000000.0,0.19,1578000000.0,-37000000.0,22139000000.0,21639000000.0,3173000000.0,1539000000.0,0.0,1539000000.0,15706000000.0,8061000000.0,7645000000.0,32515603885.0,-32000000.0,91000000.0,-1648000000.0,-501000000.0,-547000000.0,-2581000000.0,-2955000000.0,281000000.0,5488000000.0,16000000.0,5234000000.0,5234000000.0,5234000000.0,-277000000.0,0.0,0.08,3482000000.0,8967000000.0,6279000000.0,0.105,2.226,6.212,6.327,16653000000.0,0.0,46.25,0.497,0.497,4707000000.0,11093000000.0,65449000000.0,65449000000.0,365000000.0,0.175,0.383,0.426,0.141,0.0,1228000000.0,1.0,703040084.0,703040084.0,,93.094,29253000000.0,0.0,4022000000.0,3126000000.0,41.609,2035000000.0
59,MRO,MRT,2006-09-30,2006-09-30,2006-09-30,2021-08-25,-112000000.0,30829000000.0,29395250000.0,10946000000.0,19883000000.0,2.336,20.175,-3249000000.0,2797000000.0,2797000000.0,56113000000.0,5420000000.0,1.336,1.099,3690000000.0,460000000.0,3230000000.0,3690000000.0,0.0,1483000000.0,0.0,0.019,0.73,9347000000.0,10830000000.0,0.158,10830000000.0,9347000000.0,9439000000.0,7.53,7.46,7.53,14452000000.0,12952750000.0,14452000000.0,28196944176.0,3.0,2.604,3261000000.0,4.552,1.0,12565000000.0,0.183,1522000000.0,-92000000.0,22009000000.0,21162500000.0,4039000000.0,0.0,0.0,0.0,15878000000.0,8191000000.0,7687000000.0,27542944176.0,1754000000.0,289000000.0,-1104000000.0,-590000000.0,-529000000.0,-2095000000.0,-2668000000.0,237000000.0,6510000000.0,7000000.0,5420000000.0,5420000000.0,5420000000.0,-296000000.0,0.0,0.079,3360000000.0,9205000000.0,6398000000.0,0.097,1.906,5.082,5.106,15806000000.0,0.0,38.45,0.401,0.401,6378000000.0,10153000000.0,68678000000.0,68678000000.0,321000000.0,0.184,0.418,0.442,0.136,0.0,1199000000.0,1.0,716331448.0,716331448.0,,95.875,29307000000.0,0.0,4019000000.0,3411000000.0,40.913,2755000000.0
60,MRO,MRT,2006-06-30,2006-06-30,2006-06-30,2021-08-25,-132000000.0,30450000000.0,28184250000.0,11305000000.0,19145000000.0,2.455,18.609,-2925000000.0,3026000000.0,3026000000.0,58397000000.0,4567000000.0,1.288,1.222,3680000000.0,456000000.0,3224000000.0,3680000000.0,0.0,1441000000.0,0.0,0.017,0.695,7660000000.0,9101000000.0,0.132,9101000000.0,7660000000.0,7714000000.0,6.305,6.245,6.305,13489000000.0,12000250000.0,13489000000.0,32623920799.0,4.0,3.585,2592000000.0,3.576,1.0,10798000000.0,0.156,1478000000.0,-54000000.0,20850000000.0,20880500000.0,3817000000.0,0.0,0.0,0.0,16482000000.0,8776000000.0,7706000000.0,30190920799.0,-436000000.0,443000000.0,-518000000.0,-2817000000.0,-507000000.0,-3686000000.0,-2277000000.0,162000000.0,5517000000.0,10000000.0,4567000000.0,4567000000.0,4567000000.0,-316000000.0,0.0,0.066,3301000000.0,7497000000.0,6786000000.0,0.11,2.238,6.611,6.606,15110000000.0,0.0,41.65,0.436,0.436,6681000000.0,8672000000.0,69195000000.0,69195000000.0,288000000.0,0.162,0.381,0.367,0.111,0.0,1223000000.0,1.0,724872048.0,724872048.0,,95.458,28972000000.0,0.0,3147000000.0,3564000000.0,39.968,2529000000.0
61,MRO,MRT,2006-03-31,2006-03-31,2006-03-31,2021-08-25,-141000000.0,27804000000.0,27345750000.0,8585000000.0,19219000000.0,2.448,16.582,-2812000000.0,1269000000.0,1269000000.0,57665000000.0,3492000000.0,1.196,1.247,3702000000.0,15000000.0,3687000000.0,3702000000.0,0.0,1380000000.0,0.0,0.017,0.635,5682000000.0,7062000000.0,0.106,7062000000.0,5682000000.0,5692000000.0,4.855,4.805,4.855,12165000000.0,11117250000.0,12165000000.0,29335816394.0,5.0,4.154,1809000000.0,2.466,1.0,9264000000.0,0.138,1503000000.0,-10000000.0,21558000000.0,20583750000.0,3409000000.0,0.0,0.0,0.0,15168000000.0,7176000000.0,7992000000.0,27939816394.0,-1922000000.0,-870000000.0,-182000000.0,-2228000000.0,-460000000.0,-2962000000.0,-3570000000.0,104000000.0,4621000000.0,-11000000.0,3492000000.0,3492000000.0,3492000000.0,-57000000.0,0.0,0.052,3170000000.0,6094000000.0,5806000000.0,0.131,2.297,8.001,7.844,15186000000.0,0.0,38.085,0.417,0.417,6059000000.0,7068000000.0,66929000000.0,66929000000.0,258000000.0,0.128,0.314,0.276,0.085,0.0,1183000000.0,1.0,733617340.0,733617340.0,,91.231,26301000000.0,0.0,2200000000.0,3345000000.0,35.851,1409000000.0
62,MRO,MRT,2005-12-31,2005-12-31,2005-12-31,2021-08-25,-151000000.0,28498000000.0,26323250000.0,9383000000.0,19115000000.0,2.406,15.97,-2796000000.0,2617000000.0,2617000000.0,55110000000.0,3032000000.0,1.151,1.398,4013000000.0,315000000.0,3698000000.0,4013000000.0,0.0,1303000000.0,0.0,0.02,0.61,4746000000.0,6049000000.0,0.095,6049000000.0,4746000000.0,4746000000.0,4.26,4.22,4.26,11705000000.0,10170250000.0,11705000000.0,25630246152.0,5.0,4.237,1942000000.0,2.65,1.0,8235000000.0,0.13,1507000000.0,0.0,20233000000.0,19945250000.0,3041000000.0,0.0,0.0,0.0,16358000000.0,8154000000.0,8204000000.0,22344246152.0,-752000000.0,-343000000.0,78000000.0,-1928000000.0,-436000000.0,-2345000000.0,-3127000000.0,-13000000.0,4738000000.0,-18000000.0,3032000000.0,3032000000.0,3032000000.0,-45000000.0,0.0,0.048,2993000000.0,5242000000.0,6517000000.0,0.143,1.909,7.369,7.156,15011000000.0,0.0,30.485,0.353,0.353,5930000000.0,6406000000.0,63345000000.0,63345000000.0,217000000.0,0.115,0.298,0.238,0.075,0.0,1155000000.0,1.0,732958706.0,732958706.0,,86.424,26991000000.0,0.0,1714000000.0,3262000000.0,36.825,1229000000.0
63,MRO,MRT,2005-09-30,2005-09-30,2005-09-30,2021-08-25,-56000000.0,25985000000.0,25054500000.0,8523000000.0,17462000000.0,2.409,14.538,-2716000000.0,1043000000.0,1043000000.0,53430000000.0,2196000000.0,1.175,1.403,4329000000.0,601000000.0,3728000000.0,4329000000.0,0.0,1232000000.0,0.0,0.017,0.585,3541000000.0,4773000000.0,0.079,4773000000.0,3541000000.0,3410000000.0,3.125,3.095,3.125,10642000000.0,9271750000.0,10642000000.0,28333239488.0,8.0,5.936,1046000000.0,1.429,1.0,6924000000.0,0.115,1134000000.0,131000000.0,20881000000.0,19513000000.0,3338000000.0,0.0,0.0,0.0,14926000000.0,7256000000.0,7670000000.0,25229239488.0,-1449000000.0,-343000000.0,84000000.0,-1643000000.0,-411000000.0,-2067000000.0,-3137000000.0,-28000000.0,3762000000.0,-7000000.0,2196000000.0,2196000000.0,2196000000.0,12000000.0,0.0,0.036,2846000000.0,4078000000.0,5536000000.0,0.187,2.371,11.489,11.029,13704000000.0,0.0,34.465,0.418,0.418,6337000000.0,5261000000.0,60354000000.0,60354000000.0,184000000.0,0.088,0.237,0.181,0.059,0.0,1110000000.0,1.0,732024938.0,732024938.0,,82.448,24851000000.0,0.0,1214000000.0,2849000000.0,33.948,1267000000.0
64,MRO,MRT,2005-06-30,2005-06-30,2005-06-30,2021-08-25,-55000000.0,27096000000.0,24075750000.0,9936000000.0,17160000000.0,2.306,14.312,-2401000000.0,3462000000.0,3462000000.0,49397000000.0,1648000000.0,1.068,1.698,6566000000.0,2823000000.0,3743000000.0,6566000000.0,0.0,1209000000.0,0.0,0.02,0.545,2677000000.0,3886000000.0,0.07,3886000000.0,2677000000.0,2537000000.0,2.39,2.37,2.39,9957000000.0,8533500000.0,9957000000.0,19423268560.0,7.0,4.998,1661000000.0,2.387,1.0,6122000000.0,0.11,1231000000.0,140000000.0,19663000000.0,18959750000.0,3523000000.0,0.0,0.0,0.0,16903000000.0,9306000000.0,7597000000.0,18565268560.0,1248000000.0,-497000000.0,76000000.0,583000000.0,-378000000.0,216000000.0,-3024000000.0,-70000000.0,4062000000.0,-6000000.0,1648000000.0,1648000000.0,1648000000.0,32000000.0,0.0,0.03,2738000000.0,3384000000.0,5410000000.0,0.228,1.865,11.265,11.165,13280000000.0,0.0,26.685,0.334,0.334,5106000000.0,4613000000.0,55519000000.0,55519000000.0,166000000.0,0.068,0.193,0.141,0.048,0.0,1047000000.0,1.0,695719264.0,695719264.0,,79.801,25865000000.0,0.0,889000000.0,2773000000.0,37.177,630000000.0
65,MRO,MRT,2005-03-31,2005-03-31,2005-03-31,2021-08-25,-70000000.0,23714000000.0,22670750000.0,8982000000.0,14732000000.0,2.298,12.07,-2353000000.0,3191000000.0,3191000000.0,46496000000.0,1327000000.0,1.724,1.496,4049000000.0,17000000.0,4032000000.0,4049000000.0,0.0,1202000000.0,0.0,0.023,0.53,2252000000.0,3454000000.0,0.066,3454000000.0,2252000000.0,2096000000.0,1.93,1.92,1.93,8377000000.0,7929750000.0,8377000000.0,16985863614.0,8.0,4.918,1483000000.0,2.137,1.0,5591000000.0,0.107,358000000.0,156000000.0,19004000000.0,18698500000.0,2273000000.0,0.0,0.0,0.0,12534000000.0,5210000000.0,7324000000.0,16281863614.0,1111000000.0,0.0,61000000.0,-88000000.0,-367000000.0,-226000000.0,-2501000000.0,-144000000.0,3836000000.0,2000000.0,1327000000.0,1327000000.0,1327000000.0,33000000.0,0.0,0.025,2729000000.0,2862000000.0,4742000000.0,0.275,1.944,12.27,12.155,12019000000.0,0.0,23.46,0.313,0.313,5331000000.0,4036000000.0,52087000000.0,52087000000.0,164000000.0,0.059,0.167,0.12,0.043,0.0,1059000000.0,1.0,694026582.0,694026582.0,,75.05,23356000000.0,0.0,769000000.0,1938000000.0,33.653,3772000000.0
66,MRO,MRT,2004-12-31,2004-12-31,2004-12-31,2021-08-25,-64000000.0,23423000000.0,21865000000.0,8866000000.0,14557000000.0,2.276,11.702,-2141000000.0,3369000000.0,3369000000.0,44415000000.0,1261000000.0,1.688,1.556,4073000000.0,16000000.0,4057000000.0,4073000000.0,0.0,1178000000.0,0.0,0.027,0.515,2158000000.0,3336000000.0,0.067,3336000000.0,2158000000.0,1996000000.0,1.875,1.865,1.875,8111000000.0,7653500000.0,8111000000.0,14625343461.0,7.0,4.384,1625000000.0,2.344,1.0,5355000000.0,0.108,370000000.0,162000000.0,18504000000.0,18514250000.0,1995000000.0,0.0,0.0,0.0,12622000000.0,5253000000.0,7369000000.0,13034343461.0,1973000000.0,0.0,1043000000.0,-263000000.0,-348000000.0,527000000.0,-2324000000.0,-145000000.0,3766000000.0,4000000.0,1261000000.0,1261000000.0,1261000000.0,33000000.0,0.0,0.025,2639000000.0,2716000000.0,4753000000.0,0.275,1.607,10.337,10.029,11810000000.0,0.0,18.805,0.262,0.262,5368000000.0,3810000000.0,49770000000.0,49770000000.0,158000000.0,0.058,0.165,0.117,0.043,0.0,1021000000.0,1.0,693131798.0,693131798.0,,71.805,23053000000.0,0.0,735000000.0,1950000000.0,33.259,3613000000.0
67,MRO,MRT,2004-09-30,2004-09-30,2004-09-30,2021-08-25,-138000000.0,22070000000.0,20879750000.0,8015000000.0,14055000000.0,2.237,11.109,-2014000000.0,2492000000.0,2492000000.0,41853000000.0,1317000000.0,1.731,1.546,4083000000.0,16000000.0,4067000000.0,4083000000.0,0.0,1171000000.0,0.0,0.024,0.5,2077000000.0,3248000000.0,0.07,3248000000.0,2077000000.0,1935000000.0,2.03,2.03,2.03,7689000000.0,7144500000.0,7689000000.0,16143439732.0,8.0,4.97,977000000.0,1.412,1.0,4849000000.0,0.104,362000000.0,142000000.0,18668000000.0,18354750000.0,2327000000.0,0.0,0.0,0.0,11886000000.0,4631000000.0,7255000000.0,14285439732.0,2031000000.0,609000000.0,1045000000.0,-376000000.0,-328000000.0,289000000.0,-1251000000.0,-189000000.0,2991000000.0,0.0,1317000000.0,1317000000.0,1317000000.0,-290000000.0,0.0,0.028,2647000000.0,2202000000.0,4321000000.0,0.246,1.858,10.847,10.167,11285000000.0,0.0,20.64,0.306,0.306,5096000000.0,3478000000.0,46702000000.0,46702000000.0,183000000.0,0.063,0.184,0.113,0.044,0.0,983000000.0,1.0,692124018.0,692124018.0,,67.476,21708000000.0,0.0,618000000.0,1726000000.0,31.364,3384000000.0
68,MRO,MRT,2004-06-30,2004-06-30,2004-06-30,2021-08-25,-133000000.0,21476000000.0,20126250000.0,7615000000.0,13861000000.0,2.222,10.917,-2002000000.0,2214000000.0,2214000000.0,39800000000.0,1376000000.0,1.75,1.537,4072000000.0,22000000.0,4050000000.0,4072000000.0,0.0,1155000000.0,0.0,0.026,0.5,2196000000.0,3351000000.0,0.075,3351000000.0,2196000000.0,2039000000.0,2.16,2.16,2.16,7542000000.0,6648750000.0,7542000000.0,15194601719.0,7.0,4.534,909000000.0,1.316,1.0,4914000000.0,0.11,364000000.0,157000000.0,18618000000.0,18329000000.0,2146000000.0,0.0,0.0,0.0,11595000000.0,4352000000.0,7243000000.0,13070601719.0,1713000000.0,580000000.0,1038000000.0,-511000000.0,-319000000.0,-28000000.0,-1171000000.0,-84000000.0,2911000000.0,-2000000.0,1376000000.0,1376000000.0,1376000000.0,-278000000.0,0.0,0.031,2596000000.0,2318000000.0,3940000000.0,0.231,1.733,9.499,8.759,11061000000.0,0.0,18.92,0.292,0.292,5190000000.0,3343000000.0,44714000000.0,44714000000.0,167000000.0,0.068,0.207,0.12,0.049,0.0,971000000.0,1.0,690835186.0,690835186.0,,64.725,21112000000.0,0.0,663000000.0,1807000000.0,30.56,3263000000.0
69,MRO,MRT,2004-03-31,2004-03-31,2004-03-31,2021-08-25,-122000000.0,20491000000.0,19473250000.0,6938000000.0,13553000000.0,2.148,11.705,-1896000000.0,2080000000.0,2080000000.0,37265000000.0,1272000000.0,1.743,1.539,4204000000.0,98000000.0,4106000000.0,4204000000.0,0.0,1151000000.0,0.0,0.029,0.49,2013000000.0,3164000000.0,0.076,3164000000.0,2013000000.0,1855000000.0,2.05,2.05,2.05,7272000000.0,6133750000.0,7272000000.0,13420550887.0,7.0,4.242,550000000.0,0.885,1.0,4563000000.0,0.109,367000000.0,158000000.0,18267000000.0,18255000000.0,2202000000.0,0.0,0.0,0.0,11190000000.0,3981000000.0,7209000000.0,10459550887.0,1515000000.0,360000000.0,1032000000.0,-387000000.0,-304000000.0,90000000.0,-1031000000.0,-134000000.0,2446000000.0,2000000.0,1272000000.0,1272000000.0,1272000000.0,-287000000.0,0.0,0.03,2548000000.0,2015000000.0,3510000000.0,0.239,1.438,8.223,8.212,10877000000.0,0.0,16.835,0.25,0.25,4498000000.0,3077000000.0,41828000000.0,41828000000.0,160000000.0,0.065,0.207,0.11,0.048,0.0,935000000.0,1.0,621297944.0,621297944.0,,67.324,20124000000.0,0.0,583000000.0,1803000000.0,32.39,2957000000.0
70,MRO,MRT,2003-12-31,2003-12-31,2003-12-31,2021-08-25,-112000000.0,19482000000.0,19034750000.0,6044000000.0,13438000000.0,2.166,9.791,-1909000000.0,1396000000.0,1396000000.0,36607000000.0,1321000000.0,1.437,1.876,4357000000.0,272000000.0,4085000000.0,4357000000.0,0.0,1144000000.0,0.0,0.029,0.48,2091000000.0,3235000000.0,0.078,3235000000.0,2091000000.0,1905000000.0,2.13,2.13,2.13,6075000000.0,5645500000.0,6075000000.0,14211092885.0,7.0,4.393,856000000.0,1.38,1.0,4627000000.0,0.112,370000000.0,186000000.0,17866000000.0,18105000000.0,1955000000.0,0.0,0.0,0.0,11396000000.0,4207000000.0,7189000000.0,10266092885.0,908000000.0,360000000.0,11000000.0,-339000000.0,-298000000.0,-888000000.0,-985000000.0,-91000000.0,2765000000.0,8000000.0,1321000000.0,1321000000.0,1321000000.0,-305000000.0,0.0,0.032,2543000000.0,2084000000.0,3611000000.0,0.225,1.69,7.771,7.768,10830000000.0,0.0,16.545,0.249,0.249,4446000000.0,2897000000.0,41234000000.0,41234000000.0,180000000.0,0.069,0.234,0.115,0.051,0.0,920000000.0,1.0,620495188.0,620495188.0,,66.453,19112000000.0,0.0,584000000.0,1736000000.0,30.801,1837000000.0
71,MRO,MRT,2003-09-30,2003-09-30,2003-09-30,2021-08-25,-64000000.0,19056000000.0,18617250000.0,5165000000.0,13891000000.0,2.079,9.199,-1814000000.0,441000000.0,441000000.0,34026000000.0,1030000000.0,1.27,2.34,4386000000.0,286000000.0,4100000000.0,4386000000.0,0.0,1157000000.0,0.0,0.033,0.47,1824000000.0,2981000000.0,0.077,2981000000.0,1824000000.0,1598000000.0,1.655,1.655,1.655,5706000000.0,5397250000.0,5706000000.0,12873064613.0,7.0,4.318,867000000.0,1.398,1.0,4672000000.0,0.121,370000000.0,226000000.0,18565000000.0,18099250000.0,2163000000.0,0.0,0.0,0.0,13350000000.0,4066000000.0,9284000000.0,8839064613.0,86000000.0,-195000000.0,-5000000.0,-403000000.0,-289000000.0,-901000000.0,-1709000000.0,-90000000.0,2681000000.0,9000000.0,1030000000.0,1030000000.0,1030000000.0,-21000000.0,0.0,0.027,2571000000.0,2101000000.0,3315000000.0,0.284,1.549,8.582,8.61,10749000000.0,0.0,14.25,0.228,0.228,4270000000.0,2489000000.0,38698000000.0,38698000000.0,183000000.0,0.055,0.191,0.101,0.047,0.0,937000000.0,1.0,620285236.0,620285236.0,,62.387,18686000000.0,0.0,568000000.0,1772000000.0,30.125,1099000000.0
72,MRO,MRT,2003-06-30,2003-06-30,2003-06-30,2021-08-25,-84000000.0,18864000000.0,18238500000.0,5084000000.0,13780000000.0,2.02,8.846,-1706000000.0,501000000.0,501000000.0,32523000000.0,836000000.0,1.213,2.441,4535000000.0,434000000.0,4101000000.0,4535000000.0,0.0,1120000000.0,0.0,0.035,0.46,1626000000.0,2746000000.0,0.075,2746000000.0,1626000000.0,1380000000.0,1.345,1.345,1.345,5482000000.0,5224000000.0,5482000000.0,12049067175.0,7.0,4.388,1034000000.0,1.668,1.0,4326000000.0,0.117,386000000.0,246000000.0,18322000000.0,17997750000.0,2134000000.0,0.0,0.0,0.0,13382000000.0,4190000000.0,9192000000.0,8165067175.0,206000000.0,-166000000.0,-6000000.0,-382000000.0,-286000000.0,-876000000.0,-1672000000.0,-212000000.0,2740000000.0,9000000.0,836000000.0,836000000.0,836000000.0,-46000000.0,0.0,0.023,2523000000.0,1803000000.0,3286000000.0,0.342,1.489,9.767,9.796,11051000000.0,0.0,13.175,0.222,0.222,4306000000.0,2286000000.0,36849000000.0,36849000000.0,174000000.0,0.046,0.16,0.09,0.044,0.0,906000000.0,1.0,619739444.0,619739444.0,,59.459,18478000000.0,0.0,544000000.0,1852000000.0,29.816,894000000.0
73,MRO,MRT,2003-03-31,2003-03-31,2003-03-31,2021-08-25,-65000000.0,18737000000.0,17933250000.0,5380000000.0,13357000000.0,1.966,8.583,-1585000000.0,565000000.0,565000000.0,31041000000.0,756000000.0,1.179,2.523,4449000000.0,435000000.0,4014000000.0,4449000000.0,0.0,1141000000.0,0.0,0.038,0.46,1526000000.0,2667000000.0,0.076,2667000000.0,1526000000.0,1256000000.0,1.215,1.215,1.215,5319000000.0,5103250000.0,5319000000.0,11510423397.0,8.0,4.316,1132000000.0,1.827,1.0,4224000000.0,0.12,390000000.0,270000000.0,17667000000.0,18045250000.0,2053000000.0,0.0,0.0,0.0,13418000000.0,4564000000.0,8854000000.0,7427423397.0,328000000.0,-101000000.0,-5000000.0,-212000000.0,-286000000.0,-689000000.0,-1708000000.0,-135000000.0,2717000000.0,8000000.0,756000000.0,756000000.0,756000000.0,-33000000.0,0.0,0.021,2490000000.0,1734000000.0,3601000000.0,0.379,1.396,9.825,9.864,10389000000.0,0.0,11.985,0.211,0.211,4711000000.0,2109000000.0,35265000000.0,35265000000.0,191000000.0,0.042,0.148,0.085,0.043,0.0,846000000.0,1.0,619726608.0,619726608.0,,56.904,18347000000.0,0.0,500000000.0,1899000000.0,29.605,816000000.0
74,MRO,MRT,2002-12-31,2002-12-31,2002-12-31,2021-08-25,-69000000.0,17812000000.0,17503000000.0,4479000000.0,13333000000.0,1.803,8.2,-1520000000.0,488000000.0,488000000.0,27835000000.0,516000000.0,1.224,2.117,4571000000.0,161000000.0,4410000000.0,4571000000.0,0.0,1151000000.0,0.0,0.042,0.45,1153000000.0,2304000000.0,0.073,2304000000.0,1153000000.0,885000000.0,0.83,0.83,0.83,5082000000.0,4999750000.0,5082000000.0,10961998003.0,10.0,4.758,880000000.0,1.42,1.0,3720000000.0,0.118,393000000.0,268000000.0,17843000000.0,18054500000.0,1984000000.0,0.0,0.0,0.0,10759000000.0,3659000000.0,7100000000.0,6596998003.0,-169000000.0,-1106000000.0,-5000000.0,849000000.0,-285000000.0,88000000.0,-2661000000.0,-224000000.0,2400000000.0,4000000.0,516000000.0,516000000.0,516000000.0,4000000.0,0.0,0.016,2350000000.0,1370000000.0,3090000000.0,0.542,1.298,12.785,12.825,10390000000.0,0.0,10.645,0.209,0.209,4035000000.0,1874000000.0,31555000000.0,31555000000.0,192000000.0,0.029,0.103,0.064,0.037,0.0,823000000.0,1.0,619727384.0,619727384.0,,50.918,17419000000.0,0.0,369000000.0,1752000000.0,28.108,820000000.0
75,MRO,MRT,2002-09-30,2002-09-30,2002-09-30,2021-08-25,-13000000.0,17541000000.0,17082250000.0,4457000000.0,13084000000.0,1.748,8.089,-1491000000.0,375000000.0,375000000.0,25890000000.0,-752000000.0,1.321,2.499,4740000000.0,161000000.0,4579000000.0,4740000000.0,0.0,1139000000.0,0.0,0.04,0.45,98000000.0,1237000000.0,0.041,1237000000.0,98000000.0,-155000000.0,-0.935,-0.93,-0.935,5013000000.0,4964250000.0,5013000000.0,11581626132.0,118.0,9.363,723000000.0,1.167,1.0,3973000000.0,0.133,372000000.0,253000000.0,18159000000.0,17469250000.0,2075000000.0,0.0,0.0,0.0,12528000000.0,3375000000.0,9153000000.0,7026626132.0,-1578000000.0,-1307000000.0,3000000.0,1129000000.0,-290000000.0,102000000.0,-2930000000.0,-201000000.0,2214000000.0,-1000000.0,-576000000.0,-576000000.0,-576000000.0,1214000000.0,-176000000.0,-0.019,2618000000.0,1355000000.0,2784000000.0,-0.481,1.402,-12.199,-12.128,10192000000.0,0.0,11.34,0.235,0.235,3980000000.0,1751000000.0,29863000000.0,29863000000.0,180000000.0,-0.034,-0.116,0.006,0.003,0.0,868000000.0,1.0,619631934.0,619748000.0,,48.186,17169000000.0,0.0,421000000.0,1804000000.0,27.703,1082000000.0
76,MRO,MRT,2002-06-30,2002-06-30,2002-06-30,2021-08-25,-8000000.0,17643000000.0,18866250000.0,4650000000.0,12993000000.0,1.576,8.068,-1545000000.0,295000000.0,295000000.0,25629000000.0,-669000000.0,1.384,2.529,4850000000.0,119000000.0,4731000000.0,4850000000.0,0.0,1198000000.0,0.0,0.033,0.45,145000000.0,1343000000.0,0.045,1343000000.0,145000000.0,-83000000.0,-0.76,-0.76,-0.76,4999000000.0,5662250000.0,4999000000.0,12742206922.0,88.0,9.488,806000000.0,1.301,1.0,4103000000.0,0.138,327000000.0,228000000.0,18512000000.0,18784750000.0,2077000000.0,0.0,0.0,0.0,12644000000.0,3359000000.0,9285000000.0,8399206922.0,-1122000000.0,-1307000000.0,3000000.0,1245000000.0,-215000000.0,380000000.0,-2889000000.0,-182000000.0,2351000000.0,-1000000.0,-470000000.0,-470000000.0,-470000000.0,1240000000.0,-199000000.0,-0.016,2531000000.0,1572000000.0,2809000000.0,-0.592,1.68,-17.871,-17.842,10152000000.0,0.0,13.56,0.282,0.283,4185000000.0,1736000000.0,29732000000.0,29732000000.0,179000000.0,-0.025,-0.083,0.008,0.005,0.0,825000000.0,1.0,619410540.0,619614000.0,,47.985,17316000000.0,0.0,387000000.0,1721000000.0,27.946,1291000000.0
77,MRO,MRT,2002-03-31,2002-03-31,2002-03-31,2021-08-25,2000000.0,17016000000.0,20584000000.0,4250000000.0,12766000000.0,1.495,7.924,-1549000000.0,237000000.0,237000000.0,25974000000.0,-285000000.0,1.271,2.469,4580000000.0,239000000.0,4341000000.0,4580000000.0,0.0,1186000000.0,0.0,0.031,0.45,746000000.0,1932000000.0,0.063,1932000000.0,746000000.0,552000000.0,-0.09,-0.09,-0.09,4905000000.0,6336000000.0,4905000000.0,11904118861.0,16.0,6.162,1562000000.0,2.523,1.0,4804000000.0,0.156,312000000.0,194000000.0,17704000000.0,19904750000.0,1991000000.0,1530000000.0,0.0,1530000000.0,12111000000.0,3343000000.0,8768000000.0,8914118861.0,-368000000.0,-1152000000.0,1000000.0,1034000000.0,-144000000.0,237000000.0,-2750000000.0,-137000000.0,3111000000.0,-3000000.0,-56000000.0,-56000000.0,-56000000.0,1258000000.0,-229000000.0,-0.002,2436000000.0,2368000000.0,2789000000.0,-5.0,1.817,-159.181,-160.0,10026000000.0,0.0,14.4,0.29,0.29,2382000000.0,1640000000.0,30778000000.0,30778000000.0,161000000.0,-0.003,-0.009,0.037,0.024,0.0,827000000.0,1.0,619036032.0,619036032.0,,49.719,16704000000.0,13000000.0,608000000.0,1635000000.0,26.984,907000000.0
78,MRO,MRT,2001-12-31,2001-12-31,2001-12-31,2021-08-25,34000000.0,16129000000.0,22410750000.0,4411000000.0,11718000000.0,1.475,7.983,-1533000000.0,657000000.0,657000000.0,27586000000.0,157000000.0,1.272,2.265,3647000000.0,215000000.0,3432000000.0,3647000000.0,0.0,1187000000.0,0.0,0.031,0.46,1376000000.0,2563000000.0,0.078,2563000000.0,1376000000.0,1204000000.0,0.61,0.61,0.61,4940000000.0,6912500000.0,4940000000.0,12844792670.0,9.0,5.012,2103000000.0,3.399,1.0,5476000000.0,0.166,149000000.0,172000000.0,15502000000.0,21282250000.0,1851000000.0,0.0,0.0,0.0,11189000000.0,3468000000.0,7721000000.0,9281792670.0,98000000.0,-653000000.0,11000000.0,-160000000.0,-333000000.0,-1290000000.0,-2244000000.0,-66000000.0,3636000000.0,-3000000.0,377000000.0,377000000.0,377000000.0,1240000000.0,-220000000.0,0.011,2368000000.0,3108000000.0,2710000000.0,0.754,1.879,24.62,24.59,9552000000.0,0.0,15.0,0.281,0.281,3399000000.0,1643000000.0,33062000000.0,33062000000.0,127000000.0,0.017,0.055,0.065,0.042,0.0,785000000.0,1.0,618786178.0,618786178.0,,53.43,15980000000.0,0.0,827000000.0,1468000000.0,25.825,943000000.0
79,MRO,MRT,2001-09-30,2001-09-30,2001-09-30,2021-08-25,7000000.0,24677000000.0,22666250000.0,7419000000.0,17258000000.0,1.308,12.617,-1434000000.0,987000000.0,987000000.0,25091000000.0,782000000.0,1.54,2.162,4550000000.0,227000000.0,4323000000.0,4550000000.0,0.0,1014000000.0,0.0,0.034,0.46,745000000.0,1759000000.0,0.059,1759000000.0,745000000.0,642000000.0,1.57,1.565,1.57,7805000000.0,7368500000.0,7805000000.0,12082433236.0,16.0,6.869,2233000000.0,3.61,1.0,4555000000.0,0.154,0.0,103000000.0,23421000000.0,21147750000.0,2907000000.0,1416000000.0,0.0,1416000000.0,16872000000.0,4819000000.0,12053000000.0,8263433236.0,1782000000.0,-506000000.0,-67000000.0,380000000.0,-88000000.0,9000000.0,-1897000000.0,-91000000.0,3667000000.0,2000000.0,354000000.0,853000000.0,853000000.0,22000000.0,428000000.0,0.029,2564000000.0,1991000000.0,3901000000.0,0.293,1.059,9.687,8.519,12471000000.0,-499000000.0,13.375,0.279,0.279,3138000000.0,2819000000.0,29646000000.0,29646000000.0,165000000.0,0.038,0.116,0.035,0.025,0.0,910000000.0,1.0,617826784.0,618618000.0,,47.923,24677000000.0,220000000.0,288000000.0,2727000000.0,39.891,2600000000.0
80,MRO,MRT,2001-06-30,2001-06-30,2001-06-30,2021-08-25,-9000000.0,24514000000.0,22464500000.0,7188000000.0,17326000000.0,1.423,12.446,-1380000000.0,723000000.0,723000000.0,27251000000.0,752000000.0,1.346,2.186,4542000000.0,686000000.0,3856000000.0,4542000000.0,0.0,1022000000.0,0.0,0.031,0.46,1056000000.0,2078000000.0,0.065,2078000000.0,1056000000.0,923000000.0,1.445,1.445,1.445,7694000000.0,7265250000.0,7694000000.0,13412005997.0,13.0,6.454,2066000000.0,3.342,1.0,4726000000.0,0.148,0.0,133000000.0,22992000000.0,20948750000.0,2926000000.0,1041000000.0,0.0,1041000000.0,16820000000.0,5341000000.0,11479000000.0,9107005997.0,1250000000.0,-506000000.0,-104000000.0,285000000.0,-184000000.0,-358000000.0,-1840000000.0,-79000000.0,3446000000.0,1000000.0,301000000.0,798000000.0,798000000.0,9000000.0,451000000.0,0.025,2523000000.0,2203000000.0,3965000000.0,0.318,1.184,11.412,10.211,12977000000.0,-497000000.0,14.755,0.285,0.285,3186000000.0,2731000000.0,31977000000.0,31977000000.0,196000000.0,0.036,0.11,0.05,0.033,0.0,830000000.0,1.0,617214910.0,618202000.0,,51.726,24514000000.0,234000000.0,622000000.0,2646000000.0,39.654,1847000000.0
81,MRO,MRT,2001-03-31,2001-03-31,2001-03-31,2021-08-25,-18000000.0,24323000000.0,22281750000.0,7060000000.0,17263000000.0,1.488,11.678,-1319000000.0,591000000.0,591000000.0,28801000000.0,623000000.0,1.304,2.373,4896000000.0,701000000.0,4195000000.0,4896000000.0,0.0,1034000000.0,0.0,0.033,0.45,890000000.0,1924000000.0,0.058,1924000000.0,890000000.0,707000000.0,1.095,1.095,1.095,7211000000.0,7187500000.0,7211000000.0,12541872835.0,14.0,6.519,1669000000.0,2.703,1.0,4358000000.0,0.131,0.0,183000000.0,23214000000.0,20973750000.0,2997000000.0,1034000000.0,0.0,1034000000.0,17112000000.0,5414000000.0,11698000000.0,8307872835.0,498000000.0,-506000000.0,-104000000.0,41000000.0,-273000000.0,-765000000.0,-1725000000.0,-149000000.0,2988000000.0,-1000000.0,142000000.0,637000000.0,637000000.0,-9000000.0,481000000.0,0.019,2436000000.0,1922000000.0,4075000000.0,0.411,1.152,13.042,12.306,12967000000.0,-495000000.0,13.475,0.251,0.251,3120000000.0,2261000000.0,33159000000.0,33159000000.0,216000000.0,0.029,0.089,0.042,0.027,0.0,711000000.0,1.0,616539728.0,617506000.0,,53.698,24323000000.0,230000000.0,565000000.0,2621000000.0,39.389,1646000000.0
82,MRO,MRT,2000-12-31,2000-12-31,2000-12-31,2021-08-25,-50000000.0,17151000000.0,21979750000.0,4985000000.0,12166000000.0,1.541,10.894,-1425000000.0,340000000.0,340000000.0,29834000000.0,411000000.0,1.243,1.536,2165000000.0,228000000.0,1937000000.0,2165000000.0,0.0,1052000000.0,0.0,0.032,0.44,1144000000.0,2196000000.0,0.065,2196000000.0,1144000000.0,908000000.0,0.695,0.695,0.695,6764000000.0,7147750000.0,6764000000.0,12529147673.0,11.0,5.705,1106000000.0,1.781,1.0,4032000000.0,0.119,0.0,236000000.0,14964000000.0,20982250000.0,1867000000.0,2281000000.0,0.0,2281000000.0,10387000000.0,4012000000.0,6375000000.0,8615147673.0,426000000.0,0.0,-104000000.0,-4000000.0,-363000000.0,-911000000.0,-1193000000.0,-329000000.0,2531000000.0,-2000000.0,432000000.0,432000000.0,432000000.0,9000000.0,-21000000.0,0.013,2402000000.0,1630000000.0,3712000000.0,0.633,1.274,19.942,19.964,9375000000.0,0.0,13.875,0.254,0.254,5000000.0,1847000000.0,33866000000.0,33866000000.0,238000000.0,0.02,0.06,0.055,0.034,0.0,637000000.0,1.0,620911544.0,620911544.0,,54.542,17151000000.0,60000000.0,476000000.0,1462000000.0,27.622,973000000.0
83,MRO,MRT,2000-09-30,2000-09-30,2000-09-30,2021-08-25,-33000000.0,23870000000.0,23424750000.0,6677000000.0,17193000000.0,1.43,11.852,-1341000000.0,171000000.0,171000000.0,29058000000.0,1065000000.0,1.294,2.229,4085000000.0,774000000.0,3311000000.0,4085000000.0,0.0,993000000.0,0.0,0.03,0.43,2284000000.0,3277000000.0,0.098,3277000000.0,2284000000.0,1995000000.0,1.46,1.46,1.46,7392000000.0,7170750000.0,7392000000.0,12863311796.0,6.0,3.925,1049000000.0,1.682,1.0,4433000000.0,0.132,0.0,289000000.0,22625000000.0,22975250000.0,2886000000.0,1355000000.0,0.0,1355000000.0,16478000000.0,5159000000.0,11319000000.0,8853311796.0,78000000.0,17000000.0,6000000.0,-291000000.0,-363000000.0,-941000000.0,-1366000000.0,-321000000.0,2390000000.0,-5000000.0,1065000000.0,1066000000.0,1066000000.0,-59000000.0,0.0,0.032,1793000000.0,2640000000.0,4016000000.0,0.295,1.198,8.305,9.716,12718000000.0,-1000000.0,14.185,0.264,0.264,3035000000.0,2392000000.0,33491000000.0,33491000000.0,218000000.0,0.046,0.149,0.099,0.068,0.0,31000000.0,1.0,624131956.0,623694000.0,,53.698,23870000000.0,316000000.0,930000000.0,2671000000.0,38.272,1518000000.0
84,MRO,MRT,2000-06-30,2000-06-30,2000-06-30,2021-08-25,-31000000.0,23783000000.0,22994750000.0,6656000000.0,17127000000.0,1.332,11.823,-1366000000.0,167000000.0,167000000.0,26641000000.0,1124000000.0,1.416,2.221,4177000000.0,164000000.0,4013000000.0,4177000000.0,0.0,980000000.0,0.0,0.034,0.42,1995000000.0,2975000000.0,0.097,2975000000.0,1995000000.0,1694000000.0,1.64,1.64,1.64,7383000000.0,6992500000.0,7383000000.0,12124030453.0,6.0,4.075,1011000000.0,1.619,1.0,3984000000.0,0.13,0.0,301000000.0,23092000000.0,22945250000.0,2892000000.0,1339000000.0,0.0,1339000000.0,16400000000.0,4701000000.0,11699000000.0,7813030453.0,68000000.0,0.0,81000000.0,-315000000.0,-354000000.0,-869000000.0,-1437000000.0,-349000000.0,2377000000.0,-3000000.0,1124000000.0,1125000000.0,1125000000.0,-59000000.0,0.0,0.037,1598000000.0,2386000000.0,4022000000.0,0.256,1.058,6.945,7.64,12746000000.0,-1000000.0,12.53,0.255,0.255,3000000000.0,2348000000.0,30625000000.0,30625000000.0,207000000.0,0.049,0.161,0.087,0.065,0.0,-4000000.0,1.0,623545926.0,624466000.0,,49.042,23783000000.0,316000000.0,570000000.0,2436000000.0,38.085,1955000000.0
85,MRO,MRT,2000-03-31,2000-03-31,2000-03-31,2021-08-25,-28000000.0,23115000000.0,22449000000.0,5976000000.0,17139000000.0,1.205,11.297,-1485000000.0,107000000.0,107000000.0,23627000000.0,890000000.0,1.43,2.278,4418000000.0,48000000.0,4370000000.0,4418000000.0,0.0,963000000.0,0.0,0.032,0.42,1616000000.0,2579000000.0,0.095,2579000000.0,1616000000.0,1316000000.0,1.265,1.265,1.265,7052000000.0,6776500000.0,7052000000.0,12457652737.0,8.0,4.83,651000000.0,1.043,1.0,3414000000.0,0.126,0.0,300000000.0,23248000000.0,22764000000.0,2676000000.0,1330000000.0,0.0,1330000000.0,16063000000.0,4178000000.0,11885000000.0,8124652737.0,30000000.0,0.0,83000000.0,-80000000.0,-355000000.0,-662000000.0,-1443000000.0,-320000000.0,2136000000.0,-1000000.0,890000000.0,890000000.0,890000000.0,-59000000.0,0.0,0.033,1498000000.0,1916000000.0,3701000000.0,0.332,1.152,9.129,10.3,12821000000.0,0.0,13.03,0.3,0.301,2714000000.0,2014000000.0,27041000000.0,27041000000.0,220000000.0,0.04,0.131,0.071,0.06,0.0,-34000000.0,1.0,623534362.0,624256000.0,,43.317,23115000000.0,307000000.0,426000000.0,2300000000.0,37.028,1798000000.0
86,MRO,MRT,1999-12-31,1999-12-31,1999-12-31,2021-08-25,-27000000.0,22931000000.0,21980500000.0,5956000000.0,16975000000.0,1.077,11.032,-1378000000.0,133000000.0,133000000.0,20830000000.0,698000000.0,1.376,2.345,4466000000.0,61000000.0,4405000000.0,4466000000.0,0.0,950000000.0,0.0,0.034,0.42,1306000000.0,2256000000.0,0.095,2256000000.0,1306000000.0,1018000000.0,1.055,1.055,1.055,6856000000.0,6618750000.0,6856000000.0,11933661591.0,9.0,5.29,558000000.0,0.898,1.0,2836000000.0,0.12,0.0,288000000.0,22936000000.0,22530000000.0,2627000000.0,1237000000.0,0.0,1237000000.0,16075000000.0,4328000000.0,11747000000.0,7671661591.0,-13000000.0,0.0,89000000.0,187000000.0,-354000000.0,-480000000.0,-1468000000.0,-172000000.0,1936000000.0,-1000000.0,698000000.0,698000000.0,698000000.0,-59000000.0,0.0,0.029,1135000000.0,1701000000.0,3877000000.0,0.398,1.119,10.991,11.701,12809000000.0,0.0,12.345,0.324,0.324,2717000000.0,1807000000.0,23666000000.0,23666000000.0,238000000.0,0.032,0.105,0.058,0.055,0.0,-53000000.0,1.0,621438768.0,621438768.0,,38.083,22931000000.0,303000000.0,320000000.0,2122000000.0,36.9,1628000000.0
87,MRO,MRT,1999-09-30,1999-09-30,1999-09-30,2021-08-25,-45000000.0,22150000000.0,21531000000.0,5336000000.0,16814000000.0,1.261,10.794,-1565000000.0,93000000.0,93000000.0,24363000000.0,483000000.0,1.366,2.316,4355000000.0,133000000.0,4222000000.0,4355000000.0,0.0,1209000000.0,0.0,0.029,0.42,1022000000.0,2231000000.0,0.082,2231000000.0,1022000000.0,703000000.0,0.62,-0.255,0.62,6679000000.0,6506000000.0,6679000000.0,13403784581.0,13.0,6.008,131000000.0,0.212,1.0,2796000000.0,0.103,0.0,319000000.0,22505000000.0,22217500000.0,2638000000.0,1251000000.0,0.0,1251000000.0,15471000000.0,3907000000.0,11564000000.0,9030784581.0,-448000000.0,79000000.0,575000000.0,-627000000.0,-352000000.0,-737000000.0,-1407000000.0,-291000000.0,1696000000.0,0.0,483000000.0,474000000.0,474000000.0,0.0,0.0,0.017,1395000000.0,1401000000.0,3381000000.0,0.677,1.352,19.052,23.589,12687000000.0,9000000.0,14.625,0.333,0.333,2152000000.0,1692000000.0,27159000000.0,27159000000.0,272000000.0,0.022,0.073,0.046,0.038,0.0,465000000.0,1.0,617489544.0,618784000.0,,43.891,22150000000.0,222000000.0,220000000.0,2066000000.0,35.796,1429000000.0
88,MRO,MRT,1999-06-30,1999-06-30,1999-06-30,2021-08-25,-54000000.0,21600000000.0,21455500000.0,4843000000.0,16757000000.0,1.232,10.547,-1579000000.0,99000000.0,99000000.0,23647000000.0,400000000.0,1.343,2.313,4472000000.0,231000000.0,4241000000.0,4472000000.0,0.0,1205000000.0,0.0,0.026,0.42,887000000.0,2092000000.0,0.079,2092000000.0,887000000.0,587000000.0,0.34,-0.27,0.34,6519000000.0,6331750000.0,6519000000.0,14451646442.0,16.0,6.908,21000000.0,0.034,1.0,2790000000.0,0.106,0.0,300000000.0,22367000000.0,22155750000.0,2607000000.0,1175000000.0,0.0,1175000000.0,15081000000.0,3606000000.0,11475000000.0,10049646442.0,-506000000.0,-615000000.0,601000000.0,-93000000.0,-351000000.0,-268000000.0,-1838000000.0,88000000.0,1600000000.0,0.0,400000000.0,391000000.0,391000000.0,0.0,0.0,0.015,1604000000.0,1186000000.0,2971000000.0,1.235,1.542,25.702,47.882,12723000000.0,9000000.0,16.28,0.38,0.381,1689000000.0,1582000000.0,26437000000.0,26437000000.0,278000000.0,0.018,0.062,0.04,0.034,0.0,536000000.0,1.0,617300150.0,618108000.0,,42.771,21600000000.0,218000000.0,187000000.0,1957000000.0,34.945,1237000000.0
89,MRO,MRT,1999-03-31,1999-03-31,1999-03-31,2021-08-25,-50000000.0,21241000000.0,21313500000.0,4622000000.0,16619000000.0,1.264,10.389,-1579000000.0,77000000.0,77000000.0,23884000000.0,509000000.0,1.388,2.308,4479000000.0,147000000.0,4332000000.0,4479000000.0,0.0,1185000000.0,0.0,0.031,0.42,1009000000.0,2194000000.0,0.081,2194000000.0,1009000000.0,729000000.0,0.405,-0.205,0.405,6421000000.0,6171000000.0,6421000000.0,12654861998.0,13.0,5.768,-43000000.0,-0.07,1.0,3047000000.0,0.113,0.0,280000000.0,22312000000.0,21523750000.0,2426000000.0,1151000000.0,0.0,1151000000.0,14820000000.0,3331000000.0,11489000000.0,8482861998.0,-438000000.0,-613000000.0,669000000.0,226000000.0,-346000000.0,293000000.0,-2267000000.0,-228000000.0,1536000000.0,0.0,509000000.0,500000000.0,500000000.0,0.0,0.0,0.019,1693000000.0,1354000000.0,2857000000.0,1.037,1.321,16.966,33.951,12722000000.0,9000000.0,13.75,0.315,0.316,1530000000.0,1483000000.0,26931000000.0,26931000000.0,294000000.0,0.023,0.081,0.047,0.037,0.0,566000000.0,1.0,616935418.0,618058000.0,,43.574,21241000000.0,217000000.0,220000000.0,1884000000.0,34.367,1291000000.0
90,MRO,MRT,1998-12-31,1998-12-31,1998-12-31,2021-08-25,-48000000.0,21133000000.0,21088750000.0,4206000000.0,16927000000.0,1.331,10.988,-1580000000.0,146000000.0,146000000.0,24452000000.0,674000000.0,1.162,2.299,4318000000.0,216000000.0,4102000000.0,4318000000.0,0.0,1224000000.0,0.0,0.028,0.42,1268000000.0,2492000000.0,0.089,2492000000.0,1268000000.0,989000000.0,0.53,0.525,0.53,6405000000.0,5964500000.0,6405000000.0,13177582251.0,10.0,5.288,442000000.0,0.758,1.0,3625000000.0,0.129,0.0,279000000.0,21686000000.0,20838250000.0,2008000000.0,1249000000.0,0.0,1249000000.0,14728000000.0,3619000000.0,11109000000.0,8778582251.0,92000000.0,-686000000.0,473000000.0,315000000.0,-342000000.0,227000000.0,-2158000000.0,-215000000.0,2022000000.0,1000000.0,674000000.0,665000000.0,665000000.0,0.0,0.0,0.024,2108000000.0,1517000000.0,2958000000.0,0.792,1.371,13.201,28.415,12929000000.0,9000000.0,15.06,0.313,0.313,1663000000.0,1467000000.0,28077000000.0,28077000000.0,313000000.0,0.032,0.111,0.061,0.045,0.0,571000000.0,1.0,582907188.0,582907188.0,,48.167,21133000000.0,217000000.0,315000000.0,1824000000.0,36.254,587000000.0
91,MRO,MRT,1998-09-30,1998-09-30,1998-09-30,2021-08-25,-43000000.0,21848000000.0,20126500000.0,5176000000.0,16672000000.0,1.36,10.267,-1549000000.0,488000000.0,488000000.0,23578000000.0,955000000.0,1.298,2.652,4887000000.0,331000000.0,4556000000.0,4887000000.0,0.0,1168000000.0,0.0,0.023,0.41,1699000000.0,2867000000.0,0.105,2867000000.0,1699000000.0,1398000000.0,0.755,0.12,0.755,5982000000.0,5713250000.0,5982000000.0,13679490285.0,8.0,4.771,188000000.0,0.323,1.0,3786000000.0,0.138,0.0,301000000.0,22258000000.0,19770000000.0,2400000000.0,1266000000.0,0.0,1266000000.0,15866000000.0,3989000000.0,11877000000.0,10298490285.0,474000000.0,-32000000.0,-21000000.0,884000000.0,-334000000.0,310000000.0,-1574000000.0,-307000000.0,1737000000.0,1000000.0,955000000.0,945000000.0,945000000.0,-81000000.0,0.0,0.035,1886000000.0,1900000000.0,3317000000.0,0.543,1.722,10.898,23.47,12712000000.0,10000000.0,17.72,0.376,0.377,1947000000.0,1566000000.0,27364000000.0,27364000000.0,263000000.0,0.047,0.165,0.086,0.062,0.0,485000000.0,1.0,581178910.0,582640000.0,,46.966,21848000000.0,230000000.0,443000000.0,1871000000.0,37.498,1187000000.0
92,MRO,MRT,1998-06-30,1998-06-30,1998-06-30,2021-08-25,-40000000.0,21032000000.0,,5574000000.0,15458000000.0,,10.145,-1515000000.0,945000000.0,945000000.0,22062000000.0,1146000000.0,1.219,2.579,4326000000.0,833000000.0,3493000000.0,4326000000.0,0.0,1116000000.0,0.0,0.023,0.4,2005000000.0,3121000000.0,0.12,3121000000.0,2005000000.0,1691000000.0,1.0,0.39,1.0,5876000000.0,,5876000000.0,13448524840.0,7.0,4.309,234000000.0,0.404,1.0,3868000000.0,0.149,0.0,314000000.0,19839000000.0,,2488000000.0,1197000000.0,0.0,1197000000.0,15156000000.0,4574000000.0,10582000000.0,9922524840.0,499000000.0,614000000.0,-68000000.0,313000000.0,-327000000.0,-82000000.0,-1167000000.0,-626000000.0,1749000000.0,-1000000.0,1146000000.0,1136000000.0,1136000000.0,-80000000.0,0.0,0.044,1731000000.0,2137000000.0,3348000000.0,0.4,1.689,8.735,17.155,11565000000.0,10000000.0,17.155,0.383,0.383,1802000000.0,1536000000.0,25930000000.0,25930000000.0,272000000.0,,,,0.077,0.0,379000000.0,1.0,578404246.0,579182000.0,,44.77,21032000000.0,230000000.0,545000000.0,1808000000.0,36.313,1000000000.0
93,MRO,MRT,1998-03-31,1998-03-31,1998-03-31,2021-08-25,-36000000.0,20342000000.0,,5073000000.0,15269000000.0,,9.685,-1464000000.0,487000000.0,487000000.0,20561000000.0,1062000000.0,1.18,2.636,4013000000.0,518000000.0,3495000000.0,4013000000.0,0.0,1081000000.0,0.0,0.021,0.39,1938000000.0,3019000000.0,0.125,3019000000.0,1938000000.0,1590000000.0,0.925,0.315,0.925,5595000000.0,,5595000000.0,14516352896.0,7.0,4.808,224000000.0,0.388,1.0,3611000000.0,0.149,0.0,348000000.0,19570000000.0,,2359000000.0,1201000000.0,0.0,1201000000.0,14747000000.0,4298000000.0,10449000000.0,10864352896.0,437000000.0,516000000.0,-122000000.0,-311000000.0,-320000000.0,-819000000.0,-430000000.0,-266000000.0,1688000000.0,-2000000.0,1072000000.0,1063000000.0,1063000000.0,-79000000.0,-10000000.0,0.044,1708000000.0,1903000000.0,3391000000.0,0.422,1.942,10.22,20.335,11501000000.0,9000000.0,18.81,0.449,0.45,1826000000.0,1323000000.0,24172000000.0,24172000000.0,238000000.0,,,,0.08,0.0,426000000.0,1.0,577583886.0,577692000.0,,41.842,20342000000.0,229000000.0,518000000.0,1774000000.0,35.213,775000000.0
94,MRO,MRT,1997-12-31,1997-12-31,1997-12-31,2021-08-25,-37000000.0,17284000000.0,17132000000.0,3472000000.0,13812000000.0,1.324,9.349,-1373000000.0,54000000.0,54000000.0,19317000000.0,988000000.0,0.986,2.201,3706000000.0,592000000.0,3114000000.0,3706000000.0,0.0,987000000.0,0.0,0.023,0.38,1795000000.0,2782000000.0,0.123,2782000000.0,1795000000.0,1448000000.0,0.795,0.79,0.795,5400000000.0,5211000000.0,5400000000.0,,,,91000000.0,0.158,1.0,3363000000.0,0.148,0.0,347000000.0,17413000000.0,17556000000.0,1685000000.0,1223000000.0,0.0,1223000000.0,11884000000.0,3523000000.0,8361000000.0,9746728076.0,-1000000.0,533000000.0,82000000.0,-734000000.0,-316000000.0,-968000000.0,-495000000.0,-241000000.0,1464000000.0,-2000000.0,998000000.0,985000000.0,985000000.0,-80000000.0,-10000000.0,0.043,1658000000.0,1705000000.0,2532000000.0,0.478,1.805,9.895,21.226,10062000000.0,13000000.0,16.875,0.43,0.43,1417000000.0,1138000000.0,22680000000.0,22680000000.0,189000000.0,0.057,0.189,0.102,0.079,0.0,502000000.0,1.0,577583886.0,577583886.0,,39.267,17284000000.0,229000000.0,450000000.0,1657000000.0,29.925,-51000000.0
95,MRO,MRT,1997-09-30,1997-09-30,1997-09-30,2021-08-25,,,,,,,,,,,,,,,,,,,,,,0.02,0.38,,,,,,,,,,,,,,,,,,1.0,,,,,,,,,,,,,,,,,,,,,,,,,,,,,,,,,,,,,,,,18.595,,,,,,,,,,,,,,1.0,,576190000.0,,,,,,,,
96,MRO,MRT,1997-06-30,1997-06-30,1997-06-30,2021-08-25,,,,,,,,,,,,,,,,,,,,,,0.026,0.37,,,,,,,,,,,,,,,,,,1.0,,,,,,,,,,,,,,,,,,,,,,,,,,,,,,,,,,,,,,,,14.435,,,,,,,,,,,,,,1.0,,575676000.0,,,,,,,,
97,MRO,MRT,1997-03-31,1997-03-31,1997-03-31,2021-08-25,,,,,,,,,,,,,,,,,,,,,,0.026,0.36,,,,,,,,,,,,,,,,,,1.0,,,,,,,,,,,,,,,,,,,,,,,,,,,,,,,,,,,,,,,,13.935,,,,,,,,,,,,,,1.0,,575240000.0,,,,,,,,
98,MRO,MRT,1996-12-31,1996-12-31,1996-12-31,2021-08-25,0.0,16980000000.0,,3402000000.0,13578000000.0,,,-1168000000.0,55000000.0,55000000.0,20132000000.0,943000000.0,0.967,2.381,4293000000.0,434000000.0,3859000000.0,4293000000.0,0.0,1012000000.0,0.0,0.029,0.35,1776000000.0,2788000000.0,0.121,2788000000.0,1776000000.0,1355000000.0,1.155,1.145,1.155,5022000000.0,,5022000000.0,,,,481000000.0,,1.0,2845000000.0,0.124,0.0,421000000.0,17699000000.0,,1939000000.0,854000000.0,0.0,854000000.0,11958000000.0,3519000000.0,8439000000.0,,-76000000.0,-32000000.0,53000000.0,-673000000.0,-307000000.0,-927000000.0,-799000000.0,-85000000.0,1649000000.0,1000000.0,943000000.0,921000000.0,921000000.0,-6000000.0,0.0,0.04,1066000000.0,1779000000.0,2679000000.0,0.303,,,10.333,10404000000.0,22000000.0,11.935,,,1270000000.0,517000000.0,22977000000.0,22977000000.0,146000000.0,,,,0.077,0.0,-65000000.0,1.0,,,,,16980000000.0,57000000.0,412000000.0,1401000000.0,,-117000000.0
99,MRO,MRT,1995-12-31,1995-12-31,1995-12-31,2021-08-25,,,,,,,,-1016000000.0,,,17635000000.0,214000000.0,,,,,,,,1160000000.0,,0.035,0.34,723000000.0,1883000000.0,0.092,1883000000.0,723000000.0,257000000.0,-0.165,-0.165,-0.165,,,,,,,616000000.0,,1.0,2778000000.0,0.136,,466000000.0,,,,,,,,,,,83000000.0,3000000.0,217000000.0,-511000000.0,-295000000.0,-694000000.0,-855000000.0,0.0,1632000000.0,0.0,214000000.0,186000000.0,186000000.0,-4000000.0,0.0,0.009,2052000000.0,726000000.0,,-2.061,,,-59.091,,28000000.0,9.75,,,,,20413000000.0,20413000000.0,149000000.0,,,,0.035,0.0,93000000.0,1.0,,,,,,,43000000.0,,,
