None,ticker,dimension,calendardate,datekey,reportperiod,lastupdated,accoci,assets,assetsavg,assetsc,assetsnc,assetturnover,bvps,capex,cashneq,cashnequsd,cor,consolinc,currentratio,de,debt,debtc,debtnc,debtusd,deferredrev,depamor,deposits,divyield,dps,ebit,ebitda,ebitdamargin,ebitdausd,ebitusd,ebt,eps,epsdil,epsusd,equity,equityavg,equityusd,ev,evebit,evebitda,fcf,fcfps,fxusd,gp,grossmargin,intangibles,intexp,invcap,invcapavg,inventory,investments,investmentsc,investmentsnc,liabilities,liabilitiesc,liabilitiesnc,marketcap,ncf,ncfbus,ncfcommon,ncfdebt,ncfdiv,ncff,ncfi,ncfinv,ncfo,ncfx,netinc,netinccmn,netinccmnusd,netincdis,netincnci,netmargin,opex,opinc,payables,payoutratio,pb,pe,pe1,ppnenet,prefdivis,price,ps,ps1,receivables,retearn,revenue,revenueusd,rnd,roa,roe,roic,ros,sbcomp,sgna,sharefactor,sharesbas,shareswa,shareswadil,sps,tangibles,taxassets,taxexp,taxliabilities,tbvps,workingcapital
0,AMZN,MRY,2020-12-31,2020-12-31,2020-12-31,2021-07-30,-180000000.0,321195000000.0,270731500000.0,132733000000.0,188462000000.0,1.426,186.808,-35044000000.0,42122000000.0,42122000000.0,233307000000.0,21331000000.0,1.05,2.439,84389000000.0,0.0,84389000000.0,84389000000.0,9708000000.0,25251000000.0,0.0,0.0,0.0,25841000000.0,51092000000.0,0.132,51092000000.0,25841000000.0,24194000000.0,42.64,41.83,42.64,93404000000.0,78794750000.0,93404000000.0,1685756480448.0,65.0,32.995,31020000000.0,62.04,1.0,152757000000.0,0.396,15017000000.0,1647000000.0,222060000000.0,197601500000.0,23795000000.0,42274000000.0,42274000000.0,0.0,227791000000.0,126385000000.0,101406000000.0,1634168480448.0,5967000000.0,-2325000000.0,0.0,-1104000000.0,0.0,-1104000000.0,-59611000000.0,-22242000000.0,66064000000.0,618000000.0,21331000000.0,21331000000.0,21331000000.0,0.0,0.0,0.055,129858000000.0,22899000000.0,72539000000.0,0.0,17.496,76.61,76.382,150667000000.0,0.0,3256.93,4.233,4.218,24542000000.0,52551000000.0,386064000000.0,386064000000.0,42740000000.0,0.079,0.271,0.131,0.067,9208000000.0,28676000000.0,1.0,501751183.0,500000000,510000000.0,772.128,306178000000.0,0.0,2863000000.0,0.0,612.356,6348000000.0
1,AMZN,MRY,2019-12-31,2019-12-31,2019-12-31,2021-07-30,-986000000.0,225248000000.0,198450000000.0,96334000000.0,128914000000.0,1.414,125.628,-12689000000.0,36092000000.0,36092000000.0,165536000000.0,11588000000.0,1.097,2.63,63205000000.0,0.0,63205000000.0,63205000000.0,8190000000.0,21789000000.0,0.0,0.0,0.0,15562000000.0,37351000000.0,0.133,37351000000.0,15562000000.0,13962000000.0,23.46,23.01,23.46,62060000000.0,55009750000.0,62060000000.0,952428935005.0,61.0,25.499,25825000000.0,52.277,1.0,114986000000.0,0.41,14754000000.0,1600000000.0,149795000000.0,143568250000.0,20497000000.0,18929000000.0,18929000000.0,0.0,163188000000.0,87812000000.0,75376000000.0,916153935005.0,4237000000.0,-2461000000.0,0.0,-10066000000.0,0.0,-10066000000.0,-24281000000.0,-9131000000.0,38514000000.0,70000000.0,11588000000.0,11588000000.0,11588000000.0,0.0,0.0,0.041,100445000000.0,14541000000.0,47183000000.0,0.0,14.762,79.061,78.766,97846000000.0,0.0,1847.84,3.266,3.254,20816000000.0,31220000000.0,280522000000.0,280522000000.0,35931000000.0,0.058,0.211,0.108,0.055,6864000000.0,24081000000.0,1.0,495797220.0,494000000,504000000.0,567.858,210494000000.0,0.0,2374000000.0,0.0,426.101,8522000000.0
2,AMZN,MRY,2018-12-31,2018-12-31,2018-12-31,2021-07-30,-1035000000.0,162648000000.0,141701250000.0,75101000000.0,87547000000.0,1.644,89.423,-11323000000.0,31750000000.0,31750000000.0,139156000000.0,10073000000.0,1.098,2.735,33145000000.0,0.0,33145000000.0,33145000000.0,6536000000.0,15341000000.0,0.0,0.0,0.0,12687000000.0,28028000000.0,0.12,28028000000.0,12687000000.0,11270000000.0,20.68,20.14,20.68,43549000000.0,37283000000.0,43549000000.0,738675210197.0,58.0,26.355,19400000000.0,39.836,1.0,93731000000.0,0.402,14548000000.0,1417000000.0,81104000000.0,76561000000.0,17174000000.0,9500000000.0,9500000000.0,0.0,119099000000.0,68391000000.0,50708000000.0,734416210197.0,10317000000.0,-2186000000.0,0.0,-7686000000.0,0.0,-7686000000.0,-12369000000.0,1140000000.0,30723000000.0,-351000000.0,10073000000.0,10073000000.0,10073000000.0,0.0,0.0,0.043,81310000000.0,12421000000.0,38192000000.0,0.0,16.864,72.909,72.629,61797000000.0,0.0,1501.97,3.154,3.141,16677000000.0,19625000000.0,232887000000.0,232887000000.0,28837000000.0,0.071,0.27,0.166,0.054,5418000000.0,18150000000.0,1.0,488968628.0,487000000,500000000.0,478.207,148100000000.0,0.0,1197000000.0,0.0,304.107,6710000000.0
3,AMZN,MRY,2017-12-31,2017-12-31,2017-12-31,2021-07-30,-484000000.0,131310000000.0,103831750000.0,60197000000.0,71113000000.0,1.713,57.727,-10058000000.0,20522000000.0,20522000000.0,111934000000.0,3033000000.0,1.04,3.739,24743000000.0,0.0,24743000000.0,24743000000.0,5097000000.0,11478000000.0,0.0,0.0,0.0,4650000000.0,16128000000.0,0.091,16128000000.0,4650000000.0,3802000000.0,6.32,6.15,6.32,27709000000.0,24313750000.0,27709000000.0,575478052497.0,124.0,35.682,8307000000.0,17.306,1.0,65932000000.0,0.371,13350000000.0,848000000.0,64298000000.0,50162500000.0,16047000000.0,10464000000.0,10464000000.0,0.0,103601000000.0,57883000000.0,45718000000.0,563535052497.0,1922000000.0,-13972000000.0,0.0,9928000000.0,0.0,9928000000.0,-27084000000.0,-3054000000.0,18365000000.0,713000000.0,3033000000.0,3033000000.0,3033000000.0,0.0,0.0,0.017,61826000000.0,4106000000.0,34616000000.0,0.0,20.338,185.801,185.043,48866000000.0,0.0,1169.47,3.168,3.156,13164000000.0,8636000000.0,177866000000.0,177866000000.0,22620000000.0,0.029,0.125,0.093,0.026,4215000000.0,13743000000.0,1.0,481872175.0,480000000,493000000.0,370.554,117960000000.0,0.0,769000000.0,0.0,245.75,2314000000.0
4,AMZN,MRY,2016-12-31,2016-12-31,2016-12-31,2021-07-30,-985000000.0,83402000000.0,70125750000.0,45781000000.0,37621000000.0,1.939,40.686,-6737000000.0,19334000000.0,19334000000.0,88265000000.0,2371000000.0,1.045,3.325,7694000000.0,0.0,7694000000.0,7694000000.0,4768000000.0,8116000000.0,0.0,0.0,0.0,4280000000.0,12396000000.0,0.091,12396000000.0,4280000000.0,3796000000.0,5.01,4.9,5.01,19285000000.0,17090250000.0,19285000000.0,350862123601.0,82.0,28.304,10466000000.0,22.08,1.0,47722000000.0,0.351,3784000000.0,484000000.0,24162000000.0,26151500000.0,11461000000.0,6647000000.0,6647000000.0,0.0,64117000000.0,43816000000.0,20301000000.0,356313123601.0,3759000000.0,-116000000.0,0.0,-3716000000.0,0.0,-3716000000.0,-9516000000.0,-2663000000.0,17203000000.0,-212000000.0,2371000000.0,2371000000.0,2371000000.0,0.0,0.0,0.017,43536000000.0,4186000000.0,25309000000.0,0.0,18.476,150.28,149.675,29114000000.0,0.0,749.87,2.62,2.614,8339000000.0,4916000000.0,135987000000.0,135987000000.0,16085000000.0,0.034,0.139,0.164,0.031,2975000000.0,9665000000.0,1.0,475166527.0,474000000,484000000.0,286.892,79618000000.0,0.0,1425000000.0,0.0,167.97,1965000000.0
5,AMZN,MRY,2015-12-31,2015-12-31,2015-12-31,2021-07-30,-723000000.0,64747000000.0,55873000000.0,35705000000.0,29042000000.0,1.915,28.66,-4589000000.0,15890000000.0,15890000000.0,71651000000.0,596000000.0,1.054,3.838,8227000000.0,0.0,8227000000.0,8227000000.0,3118000000.0,6281000000.0,0.0,0.0,0.0,2005000000.0,8286000000.0,0.077,8286000000.0,2005000000.0,1546000000.0,1.28,1.25,1.28,13384000000.0,12113750000.0,13384000000.0,314365551559.0,157.0,37.939,7450000000.0,15.953,1.0,35355000000.0,0.33,3759000000.0,459000000.0,19438000000.0,21857250000.0,10243000000.0,3918000000.0,3918000000.0,0.0,51363000000.0,33887000000.0,17476000000.0,316831551559.0,1333000000.0,-795000000.0,0.0,-3882000000.0,0.0,-3882000000.0,-6450000000.0,-1066000000.0,12039000000.0,-374000000.0,596000000.0,596000000.0,596000000.0,0.0,0.0,0.006,33122000000.0,2233000000.0,20397000000.0,0.0,23.672,531.597,528.039,21838000000.0,0.0,675.89,2.961,2.95,5654000000.0,2545000000.0,107006000000.0,107006000000.0,12540000000.0,0.011,0.049,0.092,0.019,2119000000.0,7001000000.0,1.0,468762005.0,467000000,477000000.0,229.135,60988000000.0,0.0,950000000.0,0.0,130.595,1818000000.0
6,AMZN,MRY,2014-12-31,2014-12-31,2014-12-31,2021-07-30,-511000000.0,54505000000.0,42296500000.0,31327000000.0,23178000000.0,2.104,23.249,-4893000000.0,14557000000.0,14557000000.0,62752000000.0,-241000000.0,1.115,4.074,8265000000.0,0.0,8265000000.0,8265000000.0,1823000000.0,4746000000.0,0.0,0.0,0.0,136000000.0,4882000000.0,0.055,4882000000.0,136000000.0,-74000000.0,-0.52,-0.52,-0.52,10741000000.0,10501750000.0,10741000000.0,141535052378.0,1041.0,28.991,1949000000.0,4.219,1.0,26236000000.0,0.295,3319000000.0,210000000.0,16805000000.0,14712500000.0,8299000000.0,2859000000.0,2859000000.0,0.0,43764000000.0,28089000000.0,15675000000.0,143694052378.0,5899000000.0,-979000000.0,0.0,4426000000.0,0.0,4432000000.0,-5065000000.0,807000000.0,6842000000.0,-310000000.0,-241000000.0,-241000000.0,-241000000.0,0.0,0.0,-0.003,26058000000.0,178000000.0,16459000000.0,0.0,13.378,-596.241,-596.827,16967000000.0,0.0,310.35,1.615,1.611,5612000000.0,1949000000.0,88988000000.0,88988000000.0,9275000000.0,-0.006,-0.023,0.009,0.002,1491000000.0,5884000000.0,1.0,463006452.0,462000000,462000000.0,192.615,51186000000.0,0.0,167000000.0,0.0,110.792,3238000000.0
7,AMZN,MRY,2013-12-31,2013-12-31,2013-12-31,2021-07-30,-185000000.0,40159000000.0,32505000000.0,24625000000.0,15534000000.0,2.29,21.326,-3444000000.0,8658000000.0,8658000000.0,54181000000.0,274000000.0,1.072,3.121,3191000000.0,0.0,3191000000.0,3191000000.0,1159000000.0,3253000000.0,0.0,0.0,0.0,576000000.0,3829000000.0,0.051,3829000000.0,576000000.0,435000000.0,0.6,0.59,0.6,9746000000.0,8999500000.0,9746000000.0,181710590320.0,315.0,47.456,2031000000.0,4.444,1.0,20271000000.0,0.272,2655000000.0,141000000.0,9057000000.0,10750000000.0,7411000000.0,3789000000.0,3789000000.0,0.0,30413000000.0,22980000000.0,7433000000.0,182539590320.0,574000000.0,-312000000.0,0.0,-617000000.0,0.0,-539000000.0,-4276000000.0,-520000000.0,5475000000.0,-86000000.0,274000000.0,274000000.0,274000000.0,0.0,0.0,0.004,19526000000.0,745000000.0,15133000000.0,0.0,18.73,666.203,664.65,10949000000.0,0.0,398.79,2.452,2.448,4767000000.0,2190000000.0,74452000000.0,74452000000.0,6565000000.0,0.008,0.03,0.054,0.008,1056000000.0,4262000000.0,1.0,457733620.0,457000000,465000000.0,162.915,37504000000.0,0.0,161000000.0,0.0,82.066,1645000000.0
8,AMZN,MRY,2012-12-31,2012-12-31,2012-12-31,2021-07-30,-239000000.0,32555000000.0,24187500000.0,21296000000.0,11259000000.0,2.526,18.084,-3785000000.0,8084000000.0,8084000000.0,45971000000.0,-39000000.0,1.121,2.974,3084000000.0,0.0,3084000000.0,3084000000.0,792000000.0,2159000000.0,0.0,0.0,0.0,481000000.0,2640000000.0,0.043,2640000000.0,481000000.0,389000000.0,-0.09,-0.09,-0.09,8192000000.0,7630250000.0,8192000000.0,110653707174.0,230.0,41.914,395000000.0,0.872,1.0,15122000000.0,0.248,2552000000.0,92000000.0,6001000000.0,5376250000.0,6031000000.0,3364000000.0,3364000000.0,0.0,24363000000.0,19002000000.0,5361000000.0,113633707174.0,2815000000.0,-745000000.0,-960000000.0,2790000000.0,0.0,2259000000.0,-3595000000.0,935000000.0,4180000000.0,-29000000.0,-39000000.0,-39000000.0,-39000000.0,0.0,0.0,-0.001,14446000000.0,676000000.0,13318000000.0,0.0,13.871,-2913.685,-2787.444,7060000000.0,0.0,250.87,1.86,1.86,3817000000.0,1916000000.0,61093000000.0,61093000000.0,4564000000.0,-0.002,-0.005,0.089,0.008,404000000.0,3304000000.0,1.0,452958533.0,453000000,453000000.0,134.863,30003000000.0,0.0,428000000.0,0.0,66.232,2294000000.0
9,AMZN,MRY,2011-12-31,2011-12-31,2011-12-31,2021-07-30,-316000000.0,25278000000.0,19788750000.0,17490000000.0,7788000000.0,2.43,17.124,-1811000000.0,5269000000.0,5269000000.0,37288000000.0,631000000.0,1.174,2.259,255000000.0,0.0,255000000.0,255000000.0,0.0,1083000000.0,0.0,0.0,0.0,987000000.0,2070000000.0,0.043,2070000000.0,987000000.0,922000000.0,1.39,1.37,1.39,7757000000.0,7658750000.0,7757000000.0,75894977120.0,77.0,36.664,2092000000.0,4.618,1.0,10789000000.0,0.224,1955000000.0,65000000.0,3413000000.0,4917500000.0,4992000000.0,4307000000.0,4307000000.0,0.0,17521000000.0,14896000000.0,2625000000.0,78717977120.0,1492000000.0,-705000000.0,-277000000.0,-267000000.0,0.0,-482000000.0,-1930000000.0,586000000.0,3903000000.0,1000000.0,631000000.0,631000000.0,631000000.0,0.0,0.0,0.013,9927000000.0,862000000.0,11145000000.0,0.0,10.148,124.751,124.532,4417000000.0,0.0,173.1,1.637,1.631,2571000000.0,1955000000.0,48077000000.0,48077000000.0,2909000000.0,0.032,0.082,0.201,0.021,495000000.0,2288000000.0,1.0,454754345.0,453000000,461000000.0,106.13,23323000000.0,379000000.0,291000000.0,0.0,51.486,2594000000.0
10,AMZN,MRY,2010-12-31,2010-12-31,2010-12-31,2021-07-30,-190000000.0,18797000000.0,14349500000.0,13747000000.0,5050000000.0,2.384,15.356,-979000000.0,3777000000.0,3777000000.0,26561000000.0,1152000000.0,1.325,1.738,0.0,0.0,0.0,0.0,0.0,568000000.0,0.0,0.0,0.0,1543000000.0,2111000000.0,0.062,2111000000.0,1543000000.0,1504000000.0,2.58,2.53,2.58,6864000000.0,6184000000.0,6864000000.0,79415616260.0,51.0,37.62,2516000000.0,5.629,1.0,7643000000.0,0.223,1349000000.0,39000000.0,3299000000.0,4189250000.0,3202000000.0,4985000000.0,4985000000.0,0.0,11933000000.0,10372000000.0,1561000000.0,80790616260.0,333000000.0,-352000000.0,0.0,-78000000.0,0.0,181000000.0,-3360000000.0,-2029000000.0,3495000000.0,17000000.0,1152000000.0,1152000000.0,1152000000.0,0.0,0.0,0.034,6237000000.0,1406000000.0,8051000000.0,0.0,11.77,70.131,69.767,2414000000.0,0.0,180.0,2.362,2.352,1587000000.0,1324000000.0,34204000000.0,34204000000.0,1734000000.0,0.08,0.186,0.368,0.045,165000000.0,1499000000.0,1.0,448836757.0,447000000,456000000.0,76.519,17448000000.0,218000000.0,352000000.0,0.0,39.034,3375000000.0
11,AMZN,MRY,2009-12-31,2009-12-31,2009-12-31,2021-07-30,-56000000.0,13813000000.0,9360000000.0,9797000000.0,4016000000.0,2.618,12.141,-373000000.0,3444000000.0,3444000000.0,18978000000.0,902000000.0,1.33,1.628,0.0,0.0,0.0,0.0,0.0,378000000.0,0.0,0.0,0.0,1189000000.0,1567000000.0,0.064,1567000000.0,1189000000.0,1155000000.0,2.08,2.04,2.08,5257000000.0,3754000000.0,5257000000.0,55846841682.0,47.0,35.639,2920000000.0,6.744,1.0,5531000000.0,0.226,1234000000.0,34000000.0,1771000000.0,1655500000.0,2171000000.0,2922000000.0,2922000000.0,0.0,8556000000.0,7364000000.0,1192000000.0,58244841682.0,675000000.0,-40000000.0,0.0,-385000000.0,0.0,-280000000.0,-2337000000.0,-1924000000.0,3293000000.0,-1000000.0,902000000.0,902000000.0,902000000.0,0.0,0.0,0.037,4402000000.0,1129000000.0,5605000000.0,0.0,11.079,64.573,64.673,1290000000.0,0.0,134.52,2.376,2.377,988000000.0,172000000.0,24509000000.0,24509000000.0,1240000000.0,0.096,0.24,0.718,0.049,236000000.0,1008000000.0,1.0,432982766.0,433000000,442000000.0,56.603,12579000000.0,290000000.0,253000000.0,0.0,29.051,2433000000.0
12,AMZN,MRY,2008-12-31,2008-12-31,2008-12-31,2021-07-30,-123000000.0,8314000000.0,6771250000.0,6157000000.0,2157000000.0,2.83,6.317,-333000000.0,2769000000.0,2769000000.0,14896000000.0,645000000.0,1.297,2.112,409000000.0,0.0,409000000.0,409000000.0,0.0,287000000.0,0.0,0.0,0.0,963000000.0,1250000000.0,0.065,1250000000.0,963000000.0,892000000.0,1.52,1.49,1.52,2672000000.0,2224750000.0,2672000000.0,20775525318.0,22.0,16.62,1364000000.0,3.225,1.0,4270000000.0,0.223,438000000.0,71000000.0,770000000.0,1605250000.0,1399000000.0,958000000.0,958000000.0,0.0,5642000000.0,4746000000.0,896000000.0,21990525318.0,230000000.0,-494000000.0,-100000000.0,-257000000.0,0.0,-198000000.0,-1199000000.0,-372000000.0,1697000000.0,-70000000.0,645000000.0,645000000.0,645000000.0,0.0,0.0,0.034,3428000000.0,842000000.0,3594000000.0,0.0,8.23,34.094,33.737,854000000.0,0.0,51.28,1.147,1.132,827000000.0,-730000000.0,19166000000.0,19166000000.0,1033000000.0,0.095,0.29,0.6,0.05,116000000.0,761000000.0,1.0,428832397.0,423000000,432000000.0,45.31,7876000000.0,349000000.0,247000000.0,0.0,18.619,1411000000.0
13,AMZN,MRY,2007-12-31,2007-12-31,2007-12-31,2021-07-30,5000000.0,6485000000.0,4687000000.0,5164000000.0,1321000000.0,3.165,2.898,-224000000.0,2539000000.0,2539000000.0,11482000000.0,476000000.0,1.39,4.418,1299000000.0,17000000.0,1282000000.0,1299000000.0,0.0,246000000.0,0.0,0.0,0.0,737000000.0,983000000.0,0.066,983000000.0,737000000.0,660000000.0,1.15,1.12,1.15,1197000000.0,715250000.0,1197000000.0,38369032576.0,52.0,39.033,1181000000.0,2.86,1.0,3353000000.0,0.226,222000000.0,77000000.0,1309000000.0,1876000000.0,1200000000.0,573000000.0,573000000.0,0.0,5288000000.0,3714000000.0,1574000000.0,38462032576.0,1517000000.0,-75000000.0,-248000000.0,41000000.0,0.0,50000000.0,42000000.0,341000000.0,1405000000.0,20000000.0,476000000.0,476000000.0,476000000.0,0.0,0.0,0.032,2698000000.0,655000000.0,2795000000.0,0.0,32.132,80.803,80.557,543000000.0,0.0,92.64,2.593,2.579,705000000.0,-1375000000.0,14835000000.0,14835000000.0,818000000.0,0.102,0.666,0.393,0.05,-72000000.0,579000000.0,1.0,415177381.0,413000000,424000000.0,35.92,6263000000.0,407000000.0,184000000.0,0.0,15.165,1450000000.0
14,AMZN,MRY,2006-12-31,2006-12-31,2006-12-31,2021-07-30,-1000000.0,4363000000.0,3446500000.0,3373000000.0,990000000.0,3.108,1.036,-216000000.0,1022000000.0,1022000000.0,8255000000.0,190000000.0,1.332,9.123,1247000000.0,0.0,1247000000.0,1247000000.0,0.0,205000000.0,0.0,0.0,0.0,455000000.0,660000000.0,0.062,660000000.0,455000000.0,377000000.0,0.46,0.45,0.46,431000000.0,333500000.0,431000000.0,16865464020.0,37.0,25.554,486000000.0,1.168,1.0,2456000000.0,0.229,195000000.0,78000000.0,1861000000.0,1812000000.0,877000000.0,997000000.0,997000000.0,0.0,3932000000.0,2532000000.0,1400000000.0,16254464020.0,9000000.0,-32000000.0,-217000000.0,-285000000.0,0.0,-400000000.0,-333000000.0,-85000000.0,702000000.0,40000000.0,190000000.0,190000000.0,190000000.0,0.0,0.0,0.018,2067000000.0,389000000.0,1816000000.0,0.0,37.713,85.55,85.783,457000000.0,0.0,39.46,1.518,1.533,399000000.0,-1837000000.0,10711000000.0,10711000000.0,662000000.0,0.055,0.57,0.251,0.042,-1000000.0,458000000.0,1.0,411922555.0,416000000,424000000.0,25.748,4168000000.0,277000000.0,187000000.0,0.0,10.019,841000000.0
15,AMZN,MRY,2005-12-31,2005-12-31,2005-12-31,2021-07-30,6000000.0,3696000000.0,2900250000.0,2929000000.0,767000000.0,2.927,0.597,-204000000.0,1013000000.0,1013000000.0,6451000000.0,359000000.0,1.542,14.024,1480000000.0,0.0,1480000000.0,1480000000.0,0.0,121000000.0,0.0,0.0,0.0,546000000.0,667000000.0,0.079,667000000.0,546000000.0,454000000.0,0.87,0.84,0.87,246000000.0,6500000.0,246000000.0,19653381110.0,36.0,29.465,529000000.0,1.284,1.0,2039000000.0,0.24,159000000.0,92000000.0,2105000000.0,1686250000.0,566000000.0,987000000.0,987000000.0,0.0,3450000000.0,1899000000.0,1551000000.0,19542381110.0,-290000000.0,-24000000.0,59000000.0,-259000000.0,0.0,-193000000.0,-778000000.0,-550000000.0,733000000.0,-52000000.0,359000000.0,359000000.0,359000000.0,0.0,0.0,0.042,1607000000.0,432000000.0,1366000000.0,0.0,79.441,54.436,54.195,348000000.0,0.0,47.15,2.302,2.288,274000000.0,-2027000000.0,8490000000.0,8490000000.0,451000000.0,0.124,55.231,0.324,0.064,80000000.0,364000000.0,1.0,414472558.0,412000000,426000000.0,20.607,3537000000.0,312000000.0,95000000.0,0.0,8.585,1030000000.0
16,AMZN,MRY,2004-12-31,2004-12-31,2004-12-31,2021-07-30,32000000.0,3248000000.0,2245834750.0,2539000000.0,709000000.0,3.082,-0.559,-89000000.0,1779000000.0,1779000000.0,5319000000.0,588000000.0,1.567,-15.308,1855000000.0,0.0,1855000000.0,1855000000.0,0.0,76000000.0,0.0,0.0,0.0,462000000.0,538000000.0,0.078,538000000.0,462000000.0,355000000.0,1.45,1.39,1.45,-227000000.0,-660996250.0,-227000000.0,18670096238.0,40.0,34.703,477000000.0,1.175,1.0,1602000000.0,0.231,139000000.0,107000000.0,1565000000.0,1716037750.0,480000000.0,0.0,0.0,0.0,3475000000.0,1620000000.0,1855000000.0,18072622238.0,201000000.0,-71000000.0,60000000.0,-157000000.0,0.0,-97000000.0,-317000000.0,-157000000.0,566000000.0,49000000.0,588000000.0,588000000.0,588000000.0,0.0,0.0,0.085,1162000000.0,440000000.0,1142000000.0,0.0,-79.615,30.736,30.545,246000000.0,0.0,44.29,2.611,2.598,199000000.0,-2386000000.0,6921000000.0,6921000000.0,283000000.0,0.262,-0.89,0.269,0.067,58000000.0,286000000.0,1.0,408051981.0,406000000,425000000.0,17.047,3109000000.0,363000000.0,-233000000.0,0.0,7.658,919000000.0
17,AMZN,MRY,2003-12-31,2003-12-31,2003-12-31,2021-07-30,37739000.0,2162033000.0,1803626250.0,1820809000.0,341224000.0,2.919,-2.623,-46000000.0,1394823000.0,1394823000.0,4007000000.0,35000000.0,1.454,-3.087,1949655000.0,4216000.0,1945439000.0,1949655000.0,37844000.0,76000000.0,0.0,0.0,0.0,169000000.0,245000000.0,0.047,245000000.0,169000000.0,39000000.0,0.09,0.08,0.09,-1036107000.0,-1182510250.0,-1036107000.0,22525199284.0,133.0,91.94,347000000.0,0.878,1.0,1257000000.0,0.239,69121000.0,130000000.0,1395043000.0,2152567500.0,293917000.0,0.0,0.0,0.0,3198140000.0,1252701000.0,1945439000.0,21104590284.0,364000000.0,5000000.0,163000000.0,-495000000.0,0.0,-332000000.0,236000000.0,277000000.0,393000000.0,67000000.0,35000000.0,35000000.0,35000000.0,0.0,0.0,0.007,987000000.0,270000000.0,819811000.0,0.0,-20.369,602.988,584.667,224285000.0,0.0,52.62,4.009,3.948,131473000.0,-2974428000.0,5264000000.0,5264000000.0,257000000.0,0.019,-0.03,0.079,0.032,88000000.0,232000000.0,1.0,401075452.0,395000000,419000000.0,13.327,2092912000.0,4738000.0,4000000.0,0.0,5.299,568108000.0
18,AMZN,MRY,2002-12-31,2002-12-31,2002-12-31,2021-07-30,9662000.0,1990449000.0,1571207250.0,1615676000.0,374773000.0,2.503,-3.575,-39163000.0,738254000.0,738254000.0,2940318000.0,-149132000.0,1.516,-2.471,2290623000.0,13318000.0,2277305000.0,2290623000.0,47916000.0,82274000.0,0.0,0.0,0.0,-6907000.0,75367000.0,0.019,75367000.0,-6907000.0,-149832000.0,-0.39,-0.39,-0.39,-1352814000.0,-1430634750.0,-1352814000.0,9156299276.0,-1326.0,121.49,135128000.0,0.357,1.0,992618000.0,0.252,74271000.0,142925000.0,2402589000.0,2555352750.0,202425000.0,578157000.0,562715000.0,15442000.0,3343263000.0,1065958000.0,2277305000.0,7205883276.0,197972000.0,0.0,121689000.0,-14795000.0,0.0,106894000.0,-121684000.0,-82521000.0,174291000.0,38471000.0,-149132000.0,-149132000.0,-149132000.0,0.0,0.0,-0.038,928494000.0,64124000.0,618128000.0,0.0,-5.327,-48.319,-48.436,239398000.0,0.0,18.89,1.832,1.817,112282000.0,-3009710000.0,3932936000.0,3932936000.0,215617000.0,-0.095,0.104,-0.003,-0.002,68927000.0,204432000.0,1.0,381465499.0,378363000,378363000.0,10.395,1916178000.0,0.0,-700000.0,0.0,5.064,549718000.0
19,AMZN,MRY,2001-12-31,2001-12-31,2001-12-31,2021-07-30,-36070000.0,1637547000.0,1449776500.0,1207920000.0,429627000.0,2.154,-3.954,-50321000.0,540282000.0,540282000.0,2323875000.0,-567277000.0,1.311,-2.137,2171125000.0,14992000.0,2156133000.0,2171125000.0,87978000.0,265742000.0,0.0,0.0,0.0,-428045000.0,-162303000.0,-0.052,-162303000.0,-428045000.0,-567277000.0,-1.56,-1.56,-1.56,-1440000000.0,-1394334000.0,-1440000000.0,5778280765.0,-13.0,-35.602,-170103000.0,-0.467,1.0,798558000.0,0.256,79749000.0,139232000.0,2267227000.0,2302126250.0,143722000.0,484662000.0,456303000.0,28359000.0,3077547000.0,921414000.0,2156133000.0,4022369765.0,-282153000.0,0.0,116456000.0,-9575000.0,0.0,106881000.0,-253294000.0,-202973000.0,-119782000.0,-15958000.0,-567277000.0,-567277000.0,-567277000.0,0.0,0.0,-0.182,1210815000.0,-412257000.0,444748000.0,0.0,-2.793,-7.091,-6.936,271751000.0,0.0,10.82,1.288,1.262,67613000.0,-2860578000.0,3122433000.0,3122433000.0,241165000.0,-0.391,0.407,-0.186,-0.137,4637000.0,228145000.0,1.0,371753213.0,364211000,364211000.0,8.573,1557798000.0,0.0,0.0,0.0,4.277,286506000.0
20,AMZN,MRY,2000-12-31,2000-12-31,2000-12-31,2021-07-30,-2376000.0,2135169000.0,2395067250.0,1361129000.0,774040000.0,1.153,-2.757,-134758000.0,822435000.0,822435000.0,2106206000.0,-1411273000.0,1.396,-3.207,2144041000.0,16577000.0,2127464000.0,2144041000.0,131117000.0,406232000.0,0.0,0.0,0.0,-1280352000.0,-874120000.0,-0.316,-874120000.0,-1280352000.0,-1411273000.0,-4.02,-4.02,-4.02,-967251000.0,-426806250.0,-967251000.0,6994923418.0,-5.0,-8.002,-265200000.0,-0.756,1.0,655777000.0,0.237,255325000.0,130921000.0,2226494000.0,2755968250.0,174563000.0,370337000.0,278087000.0,92250000.0,3102420000.0,974956000.0,2127464000.0,5542061418.0,689126000.0,0.0,44697000.0,664572000.0,0.0,693147000.0,163978000.0,298736000.0,-130442000.0,-37557000.0,-1411273000.0,-1411273000.0,-1411273000.0,0.0,0.0,-0.511,1519657000.0,-863880000.0,485383000.0,0.0,-5.73,-3.927,-3.871,366416000.0,0.0,15.56,2.007,1.977,0.0,-2293301000.0,2761983000.0,2761983000.0,269326000.0,-0.589,3.307,-0.465,-0.464,24797000.0,288942000.0,1.0,356173613.0,350873000,350873000.0,7.872,1879844000.0,0.0,0.0,0.0,5.358,386173000.0
21,AMZN,MRY,1999-12-31,1999-12-31,1999-12-31,2021-07-30,-1709000.0,2465850000.0,2204211750.0,1006477000.0,1459373000.0,0.744,0.815,-287055000.0,133309000.0,133309000.0,1349194000.0,-719968000.0,1.373,8.26,1480660000.0,14322000.0,1466338000.0,1480660000.0,54790000.0,251500000.0,0.0,0.0,0.0,-635402000.0,-383902000.0,-0.234,-383902000.0,-635402000.0,-719968000.0,-2.2,-2.2,-2.2,266278000.0,333696500.0,266278000.0,27375974762.0,-43.0,-71.31,-377930000.0,-1.157,1.0,290645000.0,0.177,730144000.0,84566000.0,2349823000.0,2653204250.0,220646000.0,944341000.0,572879000.0,371462000.0,2199572000.0,733234000.0,1466338000.0,25944144762.0,61726000.0,0.0,64469000.0,1074753000.0,0.0,1104071000.0,-951959000.0,-664904000.0,-90875000.0,489000.0,-719968000.0,-719968000.0,-719968000.0,0.0,0.0,-0.439,896400000.0,-605755000.0,463026000.0,0.0,97.433,-36.035,-34.605,317613000.0,0.0,76.13,15.821,15.17,0.0,-882028000.0,1639839000.0,1639839000.0,159722000.0,-0.327,-2.158,-0.239,-0.387,30618000.0,245982000.0,1.0,340787400.0,326753000,326753000.0,5.019,1735706000.0,0.0,0.0,0.0,5.312,273243000.0
22,AMZN,MRY,1998-12-31,1998-12-31,1998-12-31,2021-07-30,1806000.0,648460000.0,464235000.0,424254000.0,224206000.0,1.314,0.468,-28333000.0,71583000.0,71583000.0,476155000.0,-124546000.0,2.626,3.674,348948000.0,808000.0,348140000.0,348948000.0,0.0,52020000.0,0.0,0.0,0.0,-97907000.0,-45887000.0,-0.075,-45887000.0,-97907000.0,-124546000.0,-0.42,-0.42,-0.42,138745000.0,94441250.0,138745000.0,17279092572.0,-176.0,-376.557,2702000.0,0.009,1.0,133664000.0,0.219,178638000.0,26639000.0,585612000.0,486039000.0,29501000.0,309602000.0,301862000.0,7740000.0,509715000.0,161575000.0,348140000.0,16952769572.0,-38536000.0,0.0,14366000.0,247879000.0,0.0,254462000.0,-323998000.0,-295665000.0,31035000.0,-35000.0,-124546000.0,-124546000.0,-124546000.0,0.0,0.0,-0.204,242719000.0,-109055000.0,113273000.0,0.0,122.187,-136.117,-127.5,29791000.0,0.0,53.55,27.8,26.023,0.0,-162060000.0,609819000.0,609819000.0,46424000.0,-0.268,-1.319,-0.201,-0.161,2386000.0,148272000.0,1.0,316578330.0,296344000,296344000.0,2.058,469822000.0,0.0,0.0,0.0,1.585,262679000.0
23,AMZN,MRY,1997-12-31,1997-12-31,1997-12-31,2021-07-30,0.0,149844000.0,70527750.0,137709000.0,12135000.0,2.095,0.11,-7603000.0,1876000.0,1876000.0,118969000.0,-31020000.0,3.091,4.241,78202000.0,1500000.0,76702000.0,78202000.0,0.0,3442000.0,0.0,0.0,0.0,-30694000.0,-27252000.0,-0.184,-27252000.0,-30694000.0,-31020000.0,-0.12,-0.12,-0.12,28591000.0,28583000.0,28591000.0,1392633795.0,-45.0,-51.102,-6916000.0,-0.027,1.0,28818000.0,0.195,0.0,326000.0,181619000.0,41916750.0,8971000.0,123499000.0,123499000.0,0.0,121253000.0,44551000.0,76702000.0,1437486795.0,103830000.0,0.0,53358000.0,74953000.0,0.0,126002000.0,-22859000.0,-15256000.0,687000.0,0.0,-31020000.0,-31020000.0,-31020000.0,0.0,0.0,-0.21,61413000.0,-32595000.0,33027000.0,0.0,50.278,-46.341,-41.84,9726000.0,0.0,5.021,9.727,8.856,0.0,-37514000.0,147787000.0,147787000.0,13384000.0,-0.44,-1.085,-0.732,-0.208,1354000.0,46818000.0,1.0,286304424.0,260682000,260682000.0,0.567,149844000.0,0.0,0.0,0.0,0.575,93158000.0
24,AMZN,MRY,1996-12-31,1996-12-31,1996-12-31,2021-07-30,0.0,8271000.0,4677500.0,7140000.0,1131000.0,3.366,0.015,-1335000.0,6394000.0,6394000.0,12287000.0,-6246000.0,1.466,1.432,0.0,0.0,0.0,0.0,0.0,296000.0,0.0,,0.0,-6443000.0,-6147000.0,-0.39,-6147000.0,-6443000.0,-6246000.0,-0.03,-0.03,-0.03,3401000.0,2189000.0,3401000.0,,,,-3345000.0,-0.015,1.0,3459000.0,0.22,0.0,-197000.0,-2993000.0,-1506000.0,571000.0,0.0,0.0,0.0,4870000.0,4870000.0,0.0,,60000.0,0.0,8638000.0,0.0,0.0,8638000.0,-6568000.0,-5233000.0,-2010000.0,0.0,-6246000.0,-6246000.0,-6246000.0,0.0,0.0,-0.397,9902000.0,-6443000.0,2852000.0,0.0,,,,985000.0,0.0,,,,0.0,-6025000.0,15746000.0,15746000.0,2401000.0,-1.335,-2.853,4.278,-0.409,0.0,7501000.0,1.0,,222542000,222542000.0,0.071,8271000.0,0.0,0.0,0.0,0.037,2270000.0
25,AMZN,MRY,1995-12-31,1995-12-31,1995-12-31,2021-07-30,0.0,1084000.0,,1027000.0,57000.0,,0.006,-52000.0,996000.0,996000.0,409000.0,-303000.0,9.598,0.11,0.0,0.0,0.0,0.0,0.0,19000.0,0.0,,0.0,-303000.0,-284000.0,-0.556,-284000.0,-303000.0,-303000.0,-0.002,-0.002,-0.002,977000.0,,977000.0,,,,-284000.0,-0.002,1.0,102000.0,0.2,0.0,0.0,-19000.0,,17000.0,0.0,0.0,0.0,107000.0,107000.0,0.0,,944000.0,0.0,1272000.0,-44000.0,0.0,1228000.0,-52000.0,0.0,-232000.0,0.0,-303000.0,-303000.0,-303000.0,0.0,0.0,-0.593,406000.0,-304000.0,99000.0,0.0,,,,57000.0,0.0,,,,0.0,-248000.0,511000.0,511000.0,171000.0,,,,-0.593,0.0,235000.0,1.0,,172728000,172728000.0,0.003,1084000.0,0.0,0.0,0.0,0.006,920000.0
0,AMZN,MRQ,2021-06-30,2021-06-30,2021-06-30,2021-07-30,-525000000.0,360319000000.0,,140848000000.0,219471000000.0,,227.333,-12988000000.0,40380000000.0,40380000000.0,64176000000.0,7778000000.0,1.196,2.139,106576000000.0,0.0,106576000000.0,106576000000.0,10695000000.0,8038000000.0,0.0,0.0,0.0,9081000000.0,17119000000.0,0.151,17119000000.0,9081000000.0,8646000000.0,15.4,15.12,15.4,114803000000.0,,114803000000.0,1786055343638.0,51.0,27.495,-273000000.0,-0.541,1.0,48904000000.0,0.432,15350000000.0,435000000.0,293373000000.0,,24119000000.0,49514000000.0,49514000000.0,0.0,245516000000.0,117792000000.0,127724000000.0,1734954343638.0,6512000000.0,-320000000.0,0.0,15643000000.0,0.0,15643000000.0,-22080000000.0,-8772000000.0,12715000000.0,234000000.0,7778000000.0,7778000000.0,7778000000.0,0.0,0.0,0.069,41202000000.0,7702000000.0,66090000000.0,0.0,15.112,58.936,58.786,176848000000.0,0.0,3440.16,3.914,3.919,26835000000.0,68436000000.0,113080000000.0,113080000000.0,13871000000.0,,,,,3591000000.0,9682000000.0,1.0,504323736.0,505000000,514000000.0,223.921,344969000000.0,0.0,868000000.0,0.0,683.107,23056000000.0
1,AMZN,MRQ,2021-03-31,2021-03-31,2021-03-31,2021-07-30,-666000000.0,323077000000.0,,121408000000.0,201669000000.0,,205.0,-11187000000.0,33834000000.0,33834000000.0,62403000000.0,8107000000.0,1.052,2.127,84935000000.0,0.0,84935000000.0,84935000000.0,10539000000.0,7508000000.0,0.0,0.0,0.0,10662000000.0,18170000000.0,0.167,18170000000.0,10662000000.0,10263000000.0,16.09,15.79,16.09,103320000000.0,,103320000000.0,1600336600021.0,49.0,26.576,-6974000000.0,-13.837,1.0,46115000000.0,0.425,15220000000.0,399000000.0,243554000000.0,,23849000000.0,39436000000.0,39436000000.0,0.0,219757000000.0,115404000000.0,104353000000.0,1558069600021.0,-8222000000.0,-630000000.0,0.0,-3476000000.0,0.0,-3476000000.0,-8666000000.0,3151000000.0,4213000000.0,-293000000.0,8107000000.0,8107000000.0,8107000000.0,0.0,0.0,0.075,37250000000.0,8865000000.0,63926000000.0,0.0,15.08,57.914,57.704,160789000000.0,0.0,3094.08,3.717,3.721,24289000000.0,60658000000.0,108518000000.0,108518000000.0,12488000000.0,,,,,2306000000.0,8194000000.0,1.0,503564743.0,504000000,513000000.0,215.313,307857000000.0,0.0,2156000000.0,0.0,610.827,6004000000.0
2,AMZN,MRQ,2020-12-31,2020-12-31,2020-12-31,2021-07-30,-180000000.0,321195000000.0,,132733000000.0,188462000000.0,,186.808,-13194000000.0,42122000000.0,42122000000.0,79284000000.0,7222000000.0,1.05,2.439,84389000000.0,0.0,84389000000.0,84389000000.0,9708000000.0,7618000000.0,0.0,0.0,0.0,8201000000.0,15819000000.0,0.126,15819000000.0,8201000000.0,7787000000.0,14.4,14.11,14.4,93404000000.0,,93404000000.0,1685756480448.0,65.0,32.995,17237000000.0,34.474,1.0,46271000000.0,0.369,15017000000.0,414000000.0,222060000000.0,,23795000000.0,42274000000.0,42274000000.0,0.0,227791000000.0,126385000000.0,101406000000.0,1634168480448.0,12175000000.0,-380000000.0,0.0,-1816000000.0,0.0,-1816000000.0,-17037000000.0,-3463000000.0,30431000000.0,597000000.0,7222000000.0,7222000000.0,7222000000.0,0.0,0.0,0.058,39398000000.0,6873000000.0,72539000000.0,0.0,17.496,76.61,76.382,150667000000.0,0.0,3256.93,4.233,4.218,24542000000.0,52551000000.0,125555000000.0,125555000000.0,12049000000.0,,,,,2562000000.0,9371000000.0,1.0,501751183.0,500000000,513000000.0,251.11,306178000000.0,0.0,565000000.0,0.0,612.356,6348000000.0
3,AMZN,MRQ,2020-09-30,2020-09-30,2020-09-30,2021-07-30,-1029000000.0,282179000000.0,,112969000000.0,169210000000.0,,165.22,-9808000000.0,29930000000.0,29930000000.0,57106000000.0,6331000000.0,1.108,2.409,81518000000.0,0.0,81518000000.0,81518000000.0,9251000000.0,6523000000.0,0.0,0.0,0.0,7328000000.0,13851000000.0,0.144,13851000000.0,7328000000.0,6900000000.0,12.63,12.37,12.63,82775000000.0,,82775000000.0,1615626270793.0,73.0,35.16,2156000000.0,4.303,1.0,39039000000.0,0.406,14960000000.0,428000000.0,216895000000.0,,23735000000.0,38472000000.0,38472000000.0,0.0,199404000000.0,101912000000.0,97492000000.0,1577166270793.0,-7640000000.0,-1735000000.0,0.0,-4105000000.0,0.0,-4105000000.0,-15876000000.0,-4333000000.0,11964000000.0,377000000.0,6331000000.0,6331000000.0,6331000000.0,0.0,0.0,0.066,32845000000.0,6194000000.0,58334000000.0,0.0,19.054,90.762,90.455,134100000000.0,0.0,3148.73,4.533,4.534,20832000000.0,45329000000.0,96145000000.0,96145000000.0,10976000000.0,,,,,2288000000.0,7102000000.0,1.0,500889651.0,501000000,512000000.0,191.906,267219000000.0,0.0,569000000.0,0.0,533.371,11057000000.0
4,AMZN,MRQ,2020-06-30,2020-06-30,2020-06-30,2021-07-30,-1455000000.0,258314000000.0,,110908000000.0,147406000000.0,,147.456,-6615000000.0,37466000000.0,37466000000.0,52660000000.0,5243000000.0,1.181,2.504,75926000000.0,0.0,75926000000.0,75926000000.0,8997000000.0,5748000000.0,0.0,0.0,0.0,6630000000.0,12378000000.0,0.139,12378000000.0,6630000000.0,6227000000.0,10.5,10.3,10.5,73728000000.0,,73728000000.0,1412569292602.0,79.0,34.718,13991000000.0,27.982,1.0,36252000000.0,0.408,14751000000.0,403000000.0,188127000000.0,,19599000000.0,33925000000.0,33925000000.0,0.0,184586000000.0,93896000000.0,90690000000.0,1376033292602.0,10337000000.0,-118000000.0,0.0,7408000000.0,0.0,7408000000.0,-17804000000.0,-11071000000.0,20606000000.0,127000000.0,5243000000.0,5243000000.0,5243000000.0,0.0,0.0,0.059,30409000000.0,5843000000.0,51036000000.0,0.0,18.664,104.403,104.146,115054000000.0,0.0,2758.82,4.276,4.287,19918000000.0,38998000000.0,88912000000.0,88912000000.0,10388000000.0,,,,,2601000000.0,5925000000.0,1.0,498776032.0,500000000,509000000.0,177.824,243563000000.0,0.0,984000000.0,0.0,487.126,17012000000.0
5,AMZN,MRQ,2020-03-31,2020-03-31,2020-03-31,2021-07-30,-2063000000.0,221238000000.0,,85985000000.0,135253000000.0,,131.068,-5428000000.0,27201000000.0,27201000000.0,44257000000.0,2535000000.0,1.079,2.389,63737000000.0,0.0,63737000000.0,63737000000.0,8864000000.0,5362000000.0,0.0,0.0,0.0,3681000000.0,9043000000.0,0.12,9043000000.0,3681000000.0,3279000000.0,5.09,5.01,5.09,65272000000.0,,65272000000.0,997703978876.0,69.0,27.129,-2364000000.0,-4.747,1.0,31195000000.0,0.413,14739000000.0,402000000.0,163324000000.0,,18857000000.0,22091000000.0,22091000000.0,0.0,155966000000.0,79711000000.0,76255000000.0,970590978876.0,-8905000000.0,-91000000.0,0.0,-2591000000.0,0.0,-2591000000.0,-8894000000.0,-3375000000.0,3064000000.0,-484000000.0,2535000000.0,2535000000.0,2535000000.0,0.0,0.0,0.034,27206000000.0,3989000000.0,40056000000.0,0.0,14.87,91.895,91.493,104058000000.0,0.0,1949.72,3.276,3.277,17836000000.0,33755000000.0,75452000000.0,75452000000.0,9325000000.0,,,,,1757000000.0,6280000000.0,1.0,497810444.0,498000000,506000000.0,151.51,206499000000.0,0.0,744000000.0,0.0,414.657,6274000000.0
6,AMZN,MRQ,2019-12-31,2019-12-31,2019-12-31,2021-07-30,-986000000.0,225248000000.0,,96334000000.0,128914000000.0,,124.869,-3940000000.0,36092000000.0,36092000000.0,53977000000.0,3268000000.0,1.097,2.63,63205000000.0,0.0,63205000000.0,63205000000.0,8190000000.0,6170000000.0,0.0,0.0,0.0,4509000000.0,10679000000.0,0.122,10679000000.0,4509000000.0,4054000000.0,6.59,6.48,6.59,62060000000.0,,62060000000.0,952428935005.0,61.0,25.499,15719000000.0,31.628,1.0,33459000000.0,0.383,14754000000.0,455000000.0,149795000000.0,,20497000000.0,18929000000.0,18929000000.0,0.0,163188000000.0,87812000000.0,75376000000.0,916153935005.0,12856000000.0,-777000000.0,0.0,-3571000000.0,0.0,-3571000000.0,-3536000000.0,1181000000.0,19659000000.0,304000000.0,3268000000.0,3268000000.0,3268000000.0,0.0,0.0,0.037,29580000000.0,3879000000.0,47183000000.0,0.0,14.762,79.061,78.766,97846000000.0,0.0,1847.84,3.266,3.254,20816000000.0,31220000000.0,87436000000.0,87436000000.0,9740000000.0,,,,,1840000000.0,7583000000.0,1.0,495797220.0,497000000,507000000.0,175.928,210494000000.0,0.0,786000000.0,0.0,423.529,8522000000.0
7,AMZN,MRQ,2019-09-30,2019-09-30,2019-09-30,2021-07-30,-1429000000.0,199099000000.0,,79054000000.0,120045000000.0,,114.158,-3385000000.0,23255000000.0,23255000000.0,41302000000.0,2134000000.0,1.096,2.523,59530000000.0,0.0,59530000000.0,59530000000.0,7381000000.0,5563000000.0,0.0,0.0,0.0,3024000000.0,8587000000.0,0.123,8587000000.0,3024000000.0,2628000000.0,4.31,4.23,4.31,56508000000.0,,56508000000.0,894525322999.0,60.0,25.798,4507000000.0,9.105,1.0,28679000000.0,0.41,14734000000.0,396000000.0,148504000000.0,,18766000000.0,20146000000.0,20146000000.0,0.0,142591000000.0,72136000000.0,70455000000.0,858678322999.0,589000000.0,-398000000.0,0.0,-1960000000.0,0.0,-1960000000.0,-5074000000.0,-1291000000.0,7892000000.0,-269000000.0,2134000000.0,2134000000.0,2134000000.0,0.0,0.0,0.03,25522000000.0,3157000000.0,35794000000.0,0.0,15.196,75.674,75.278,90776000000.0,0.0,1735.91,3.235,3.237,16887000000.0,27952000000.0,69981000000.0,69981000000.0,9200000000.0,,,,,1779000000.0,6100000000.0,1.0,494656015.0,495000000,504000000.0,141.376,184365000000.0,0.0,494000000.0,0.0,372.455,6918000000.0
8,AMZN,MRQ,2019-06-30,2019-06-30,2019-06-30,2021-07-30,-960000000.0,191351000000.0,,76790000000.0,114561000000.0,,107.629,-2643000000.0,22616000000.0,22616000000.0,36337000000.0,2625000000.0,1.102,2.606,58463000000.0,0.0,58463000000.0,58463000000.0,7475000000.0,5202000000.0,0.0,0.0,0.0,3265000000.0,8467000000.0,0.134,8467000000.0,3265000000.0,2882000000.0,5.32,5.22,5.32,53061000000.0,,53061000000.0,965776220987.0,62.0,28.731,6475000000.0,13.134,1.0,27067000000.0,0.427,14727000000.0,383000000.0,142793000000.0,,18580000000.0,18847000000.0,18847000000.0,0.0,138290000000.0,69678000000.0,68612000000.0,932294220987.0,-542000000.0,-117000000.0,0.0,-2158000000.0,0.0,-2158000000.0,-7549000000.0,-4789000000.0,9118000000.0,47000000.0,2625000000.0,2625000000.0,2625000000.0,0.0,0.0,0.041,23983000000.0,3084000000.0,36063000000.0,0.0,17.57,77.075,76.79,86372000000.0,0.0,1893.63,3.699,3.704,16747000000.0,25818000000.0,63404000000.0,63404000000.0,9065000000.0,,,,,1971000000.0,5561000000.0,1.0,492331776.0,493000000,503000000.0,128.609,176624000000.0,0.0,257000000.0,0.0,358.264,7112000000.0
9,AMZN,MRQ,2019-03-31,2019-03-31,2019-03-31,2021-07-30,-1010000000.0,178102000000.0,,69431000000.0,108671000000.0,,98.595,-2721000000.0,23115000000.0,23115000000.0,33920000000.0,3561000000.0,1.09,2.679,56597000000.0,0.0,56597000000.0,56597000000.0,7298000000.0,4854000000.0,0.0,0.0,0.0,4763000000.0,9617000000.0,0.161,9617000000.0,4763000000.0,4397000000.0,7.24,7.09,7.24,48410000000.0,,48410000000.0,866454546368.0,57.0,27.309,-875000000.0,-1.782,1.0,25780000000.0,0.432,14708000000.0,366000000.0,133181000000.0,,16432000000.0,13905000000.0,13905000000.0,0.0,129692000000.0,63695000000.0,65997000000.0,874709546368.0,-8666000000.0,-1169000000.0,0.0,-2377000000.0,0.0,-2377000000.0,-8123000000.0,-4233000000.0,1846000000.0,-12000000.0,3561000000.0,3561000000.0,3561000000.0,0.0,0.0,0.06,21360000000.0,4420000000.0,31809000000.0,0.0,18.069,72.862,72.536,81180000000.0,0.0,1780.75,3.621,3.62,15979000000.0,23193000000.0,59700000000.0,59700000000.0,7927000000.0,,,,,1274000000.0,4837000000.0,1.0,491202890.0,491000000,502000000.0,121.589,163394000000.0,0.0,836000000.0,0.0,332.778,5736000000.0
10,AMZN,MRQ,2018-12-31,2018-12-31,2018-12-31,2021-07-30,-1035000000.0,162648000000.0,,75101000000.0,87547000000.0,,88.876,-3120000000.0,31750000000.0,31750000000.0,44786000000.0,3027000000.0,1.098,2.735,33145000000.0,0.0,33145000000.0,33145000000.0,6536000000.0,4262000000.0,0.0,0.0,0.0,3741000000.0,8003000000.0,0.111,8003000000.0,3741000000.0,3354000000.0,6.19,6.04,6.19,43549000000.0,,43549000000.0,738675210197.0,58.0,26.355,13357000000.0,27.259,1.0,27597000000.0,0.381,14548000000.0,387000000.0,81104000000.0,,17174000000.0,9500000000.0,9500000000.0,0.0,119099000000.0,68391000000.0,50708000000.0,734416210197.0,11141000000.0,-331000000.0,0.0,-1761000000.0,0.0,-1761000000.0,-3572000000.0,-121000000.0,16477000000.0,-3000000.0,3027000000.0,3027000000.0,3027000000.0,0.0,0.0,0.042,23811000000.0,3786000000.0,38192000000.0,0.0,16.864,72.909,72.629,61797000000.0,0.0,1501.97,3.154,3.141,16677000000.0,19625000000.0,72383000000.0,72383000000.0,7669000000.0,,,,,1417000000.0,6029000000.0,1.0,488968628.0,490000000,500000000.0,147.72,148100000000.0,0.0,327000000.0,0.0,302.245,6710000000.0
11,AMZN,MRQ,2018-09-30,2018-09-30,2018-09-30,2021-07-30,-1034000000.0,143695000000.0,,59885000000.0,83810000000.0,,80.174,-2527000000.0,20425000000.0,20425000000.0,33003000000.0,2883000000.0,1.082,2.673,24684000000.0,0.0,24684000000.0,24684000000.0,6000000000.0,3778000000.0,0.0,0.0,0.0,3749000000.0,7527000000.0,0.133,7527000000.0,3749000000.0,3391000000.0,5.91,5.75,5.91,39125000000.0,,39125000000.0,981760601567.0,88.0,38.153,6061000000.0,12.42,1.0,23573000000.0,0.417,14553000000.0,358000000.0,78077000000.0,,15862000000.0,9340000000.0,9340000000.0,0.0,104570000000.0,55324000000.0,49246000000.0,976945601567.0,496000000.0,-976000000.0,0.0,-2369000000.0,0.0,-2369000000.0,-5572000000.0,-2069000000.0,8588000000.0,-151000000.0,2883000000.0,2883000000.0,2883000000.0,0.0,0.0,0.051,19849000000.0,3724000000.0,30904000000.0,0.0,24.97,109.732,109.215,58019000000.0,0.0,2003.0,4.421,4.424,14258000000.0,16616000000.0,56576000000.0,56576000000.0,7162000000.0,,,,,1350000000.0,4344000000.0,1.0,487741189.0,488000000,501000000.0,115.934,129142000000.0,0.0,508000000.0,0.0,264.635,4561000000.0
12,AMZN,MRQ,2018-06-30,2018-06-30,2018-06-30,2021-07-30,-934000000.0,134100000000.0,,54481000000.0,79619000000.0,,72.006,-2949000000.0,19823000000.0,19823000000.0,30632000000.0,2534000000.0,1.072,2.832,24638000000.0,0.0,24638000000.0,24638000000.0,6004000000.0,3630000000.0,0.0,0.0,0.0,2951000000.0,6581000000.0,0.124,6581000000.0,2951000000.0,2608000000.0,5.21,5.07,5.21,34995000000.0,,34995000000.0,832752691419.0,105.0,38.448,4500000000.0,9.259,1.0,22254000000.0,0.421,13944000000.0,343000000.0,74170000000.0,,14824000000.0,7227000000.0,7227000000.0,0.0,99105000000.0,50801000000.0,48304000000.0,824788691419.0,2920000000.0,-866000000.0,0.0,-1394000000.0,0.0,-1394000000.0,-2692000000.0,1123000000.0,7449000000.0,-443000000.0,2534000000.0,2534000000.0,2534000000.0,0.0,0.0,0.048,19271000000.0,2983000000.0,27657000000.0,0.0,23.569,131.419,131.157,54768000000.0,0.0,1699.8,3.963,3.969,12607000000.0,13733000000.0,52886000000.0,52886000000.0,7247000000.0,,,,,1468000000.0,4012000000.0,1.0,485226904.0,486000000,500000000.0,108.819,120156000000.0,0.0,74000000.0,0.0,247.235,3680000000.0
13,AMZN,MRQ,2018-03-31,2018-03-31,2018-03-31,2021-07-30,-467000000.0,126362000000.0,,50829000000.0,75533000000.0,,65.006,-2727000000.0,16676000000.0,16676000000.0,30735000000.0,1629000000.0,1.058,3.016,24640000000.0,0.0,24640000000.0,24640000000.0,6182000000.0,3671000000.0,0.0,0.0,0.0,2246000000.0,5917000000.0,0.116,5917000000.0,2246000000.0,1916000000.0,3.36,3.27,3.36,31463000000.0,,31463000000.0,704888690243.0,121.0,38.065,-4518000000.0,-9.335,1.0,20307000000.0,0.398,13388000000.0,330000000.0,72893000000.0,,13840000000.0,8287000000.0,8287000000.0,0.0,94899000000.0,48045000000.0,46854000000.0,700667690243.0,-4240000000.0,-13000000.0,0.0,-2164000000.0,0.0,-2164000000.0,-533000000.0,2207000000.0,-1791000000.0,248000000.0,1629000000.0,1629000000.0,1629000000.0,0.0,0.0,0.032,18380000000.0,1927000000.0,25172000000.0,0.0,22.27,177.88,177.37,52331000000.0,0.0,1447.34,3.627,3.626,12026000000.0,11199000000.0,51042000000.0,51042000000.0,6759000000.0,,,,,1182000000.0,3766000000.0,1.0,484107183.0,484000000,498000000.0,105.459,112974000000.0,0.0,287000000.0,0.0,233.417,2784000000.0
14,AMZN,MRQ,2017-12-31,2017-12-31,2017-12-31,2021-07-30,-484000000.0,131310000000.0,,60197000000.0,71113000000.0,,57.369,-3036000000.0,20522000000.0,20522000000.0,38495000000.0,1857000000.0,1.04,3.739,24743000000.0,0.0,24743000000.0,24743000000.0,5097000000.0,3498000000.0,0.0,0.0,0.0,2209000000.0,5707000000.0,0.094,5707000000.0,2209000000.0,1871000000.0,3.86,3.76,3.86,27709000000.0,,27709000000.0,575478052497.0,124.0,35.682,9322000000.0,19.3,1.0,21958000000.0,0.363,13350000000.0,338000000.0,64298000000.0,,16047000000.0,10464000000.0,10464000000.0,0.0,103601000000.0,57883000000.0,45718000000.0,563535052497.0,7896000000.0,-81000000.0,0.0,-2571000000.0,0.0,-2571000000.0,-1981000000.0,1136000000.0,12358000000.0,90000000.0,1857000000.0,1857000000.0,1857000000.0,0.0,0.0,0.031,19831000000.0,2127000000.0,34616000000.0,0.0,20.338,185.801,185.043,48866000000.0,0.0,1169.47,3.168,3.156,13164000000.0,8636000000.0,60453000000.0,60453000000.0,6314000000.0,,,,,1179000000.0,4484000000.0,1.0,481872175.0,483000000,496000000.0,125.161,117960000000.0,0.0,14000000.0,0.0,244.224,2314000000.0
15,AMZN,MRQ,2017-09-30,2017-09-30,2017-09-30,2021-07-30,-501000000.0,115267000000.0,,48578000000.0,66689000000.0,,51.264,-2659000000.0,12767000000.0,12767000000.0,27549000000.0,256000000.0,1.032,3.675,24710000000.0,0.0,24710000000.0,24710000000.0,5153000000.0,2912000000.0,0.0,0.0,0.0,542000000.0,3454000000.0,0.079,3454000000.0,542000000.0,314000000.0,0.53,0.52,0.53,24658000000.0,,24658000000.0,456292848668.0,122.0,32.562,1118000000.0,2.324,1.0,16195000000.0,0.37,13271000000.0,228000000.0,66867000000.0,,13711000000.0,11543000000.0,11543000000.0,0.0,90609000000.0,47072000000.0,43537000000.0,461812848668.0,109000000.0,-13213000000.0,0.0,14662000000.0,0.0,14662000000.0,-18478000000.0,-2606000000.0,3777000000.0,148000000.0,256000000.0,256000000.0,256000000.0,0.0,0.0,0.006,15848000000.0,347000000.0,26075000000.0,0.0,18.729,239.778,237.958,45335000000.0,0.0,961.35,2.866,2.869,10557000000.0,6779000000.0,43744000000.0,43744000000.0,5944000000.0,,,,,1085000000.0,3439000000.0,1.0,480379517.0,481000000,494000000.0,90.944,101996000000.0,0.0,58000000.0,0.0,212.05,1506000000.0
16,AMZN,MRQ,2017-06-30,2017-06-30,2017-06-30,2021-07-30,-607000000.0,87781000000.0,,41007000000.0,46774000000.0,,48.463,-2501000000.0,13203000000.0,13203000000.0,23451000000.0,197000000.0,1.012,2.781,7683000000.0,0.0,7683000000.0,7683000000.0,5065000000.0,2633000000.0,0.0,0.0,0.0,807000000.0,3440000000.0,0.091,3440000000.0,807000000.0,664000000.0,0.41,0.4,0.41,23214000000.0,,23214000000.0,454931283032.0,120.0,34.355,1349000000.0,2.816,1.0,14504000000.0,0.382,4254000000.0,143000000.0,37487000000.0,,11510000000.0,8248000000.0,8248000000.0,0.0,64567000000.0,40520000000.0,24047000000.0,462680283032.0,-2450000000.0,-633000000.0,0.0,-1274000000.0,0.0,-1274000000.0,-5274000000.0,-2140000000.0,3850000000.0,248000000.0,197000000.0,197000000.0,197000000.0,0.0,0.0,0.005,13876000000.0,628000000.0,21439000000.0,0.0,19.931,240.729,239.604,37083000000.0,0.0,968.0,3.082,3.089,8046000000.0,6524000000.0,37955000000.0,37955000000.0,5549000000.0,,,,,1158000000.0,3103000000.0,1.0,477975499.0,479000000,492000000.0,79.238,83527000000.0,0.0,467000000.0,0.0,174.378,487000000.0
17,AMZN,MRQ,2017-03-31,2017-03-31,2017-03-31,2021-07-30,-797000000.0,80969000000.0,,39460000000.0,41509000000.0,,45.438,-1861000000.0,15440000000.0,15440000000.0,22440000000.0,724000000.0,1.055,2.736,7691000000.0,0.0,7691000000.0,7691000000.0,5454000000.0,2435000000.0,0.0,0.0,0.0,1092000000.0,3527000000.0,0.099,3527000000.0,1092000000.0,953000000.0,1.52,1.48,1.52,21674000000.0,,21674000000.0,411390839682.0,96.0,31.667,-3480000000.0,-7.296,1.0,13274000000.0,0.372,3823000000.0,139000000.0,31998000000.0,,10600000000.0,6091000000.0,6091000000.0,0.0,59295000000.0,37399000000.0,21896000000.0,423030839682.0,-3633000000.0,-45000000.0,0.0,-888000000.0,0.0,-888000000.0,-1350000000.0,556000000.0,-1619000000.0,224000000.0,724000000.0,724000000.0,724000000.0,0.0,0.0,0.02,12269000000.0,1005000000.0,18891000000.0,0.0,19.518,163.838,162.967,32632000000.0,0.0,886.54,2.967,2.966,7329000000.0,6327000000.0,35714000000.0,35714000000.0,4813000000.0,,,,,792000000.0,2715000000.0,1.0,477170618.0,477000000,490000000.0,74.872,77146000000.0,0.0,229000000.0,0.0,161.732,2061000000.0
18,AMZN,MRQ,2016-12-31,2016-12-31,2016-12-31,2021-07-30,-985000000.0,83402000000.0,,45781000000.0,37621000000.0,,40.43,-2006000000.0,19334000000.0,19334000000.0,28959000000.0,749000000.0,1.045,3.325,7694000000.0,0.0,7694000000.0,7694000000.0,4768000000.0,2297000000.0,0.0,0.0,0.0,1295000000.0,3592000000.0,0.082,3592000000.0,1295000000.0,1162000000.0,1.58,1.54,1.58,19285000000.0,,19285000000.0,350862123601.0,82.0,28.304,8913000000.0,18.686,1.0,14782000000.0,0.338,3784000000.0,133000000.0,24162000000.0,,11461000000.0,6647000000.0,6647000000.0,0.0,64117000000.0,43816000000.0,20301000000.0,356313123601.0,5993000000.0,-3000000.0,0.0,-568000000.0,0.0,-568000000.0,-3814000000.0,-1805000000.0,10919000000.0,-544000000.0,749000000.0,749000000.0,749000000.0,0.0,0.0,0.017,13527000000.0,1255000000.0,25309000000.0,0.0,18.476,150.28,149.675,29114000000.0,0.0,749.87,2.62,2.614,8339000000.0,4916000000.0,43741000000.0,43741000000.0,4544000000.0,,,,,887000000.0,3230000000.0,1.0,475166527.0,477000000,487000000.0,91.7,79618000000.0,0.0,413000000.0,0.0,166.914,1965000000.0
19,AMZN,MRQ,2016-09-30,2016-09-30,2016-09-30,2021-07-30,-521000000.0,70897000000.0,,35609000000.0,35288000000.0,,37.515,-1841000000.0,13656000000.0,13656000000.0,21260000000.0,252000000.0,1.063,2.987,8205000000.0,0.0,8205000000.0,8205000000.0,4200000000.0,2084000000.0,0.0,0.0,0.0,599000000.0,2683000000.0,0.082,2683000000.0,599000000.0,481000000.0,0.53,0.52,0.53,17782000000.0,,17782000000.0,392637517452.0,97.0,33.833,2818000000.0,5.945,1.0,11454000000.0,0.35,3815000000.0,118000000.0,28133000000.0,,10696000000.0,4691000000.0,4691000000.0,0.0,53115000000.0,33498000000.0,19617000000.0,396946517452.0,1135000000.0,-84000000.0,0.0,-1000000000.0,0.0,-1000000000.0,-2570000000.0,-645000000.0,4659000000.0,46000000.0,252000000.0,252000000.0,252000000.0,0.0,0.0,0.008,10879000000.0,575000000.0,18801000000.0,0.0,22.323,188.663,187.318,27177000000.0,0.0,837.31,3.101,3.101,6566000000.0,4167000000.0,32714000000.0,32714000000.0,4135000000.0,,,,,776000000.0,2377000000.0,1.0,474073542.0,474000000,485000000.0,69.017,67082000000.0,0.0,229000000.0,0.0,141.523,2111000000.0
20,AMZN,MRQ,2016-06-30,2016-06-30,2016-06-30,2021-07-30,-571000000.0,65076000000.0,,32220000000.0,32856000000.0,,34.964,-1711000000.0,12521000000.0,12521000000.0,19180000000.0,857000000.0,1.089,2.935,8212000000.0,0.0,8212000000.0,8212000000.0,3851000000.0,1909000000.0,0.0,0.0,0.0,1280000000.0,3189000000.0,0.105,3189000000.0,1280000000.0,1164000000.0,1.81,1.78,1.81,16538000000.0,,16538000000.0,333398524735.0,88.0,30.652,1867000000.0,3.947,1.0,11224000000.0,0.369,3774000000.0,116000000.0,27406000000.0,,9588000000.0,4019000000.0,4019000000.0,0.0,48538000000.0,29587000000.0,18951000000.0,337649524735.0,51000000.0,-14000000.0,0.0,-1152000000.0,0.0,-1152000000.0,-2439000000.0,-714000000.0,3578000000.0,64000000.0,857000000.0,857000000.0,857000000.0,0.0,0.0,0.028,9939000000.0,1285000000.0,16123000000.0,0.0,20.417,174.857,174.117,25190000000.0,0.0,715.62,2.799,2.806,6092000000.0,3915000000.0,30404000000.0,30404000000.0,3880000000.0,,,,,768000000.0,2126000000.0,1.0,471827960.0,473000000,483000000.0,64.279,61302000000.0,0.0,307000000.0,0.0,129.603,2633000000.0
21,AMZN,MRQ,2016-03-31,2016-03-31,2016-03-31,2021-07-30,-614000000.0,61128000000.0,,30513000000.0,30615000000.0,,31.329,-1179000000.0,12470000000.0,12470000000.0,18866000000.0,513000000.0,1.083,3.143,8219000000.0,0.0,8219000000.0,8219000000.0,3766000000.0,1827000000.0,0.0,0.0,0.0,1105000000.0,2932000000.0,0.101,2932000000.0,1105000000.0,988000000.0,1.09,1.07,1.09,14756000000.0,,14756000000.0,271855665657.0,91.0,28.131,-3132000000.0,-6.65,1.0,10262000000.0,0.352,3785000000.0,117000000.0,24905000000.0,,9582000000.0,3389000000.0,3389000000.0,0.0,46372000000.0,28187000000.0,18185000000.0,279510665657.0,-3420000000.0,-16000000.0,0.0,-996000000.0,0.0,-996000000.0,-693000000.0,502000000.0,-1953000000.0,222000000.0,513000000.0,513000000.0,513000000.0,0.0,0.0,0.018,9191000000.0,1071000000.0,14990000000.0,0.0,18.942,239.718,237.456,23308000000.0,0.0,593.64,2.464,2.465,5072000000.0,3058000000.0,29128000000.0,29128000000.0,3526000000.0,,,,,544000000.0,1933000000.0,1.0,470842035.0,471000000,481000000.0,61.843,57343000000.0,0.0,475000000.0,0.0,121.747,2326000000.0
22,AMZN,MRQ,2015-12-31,2015-12-31,2015-12-31,2021-07-30,-723000000.0,64747000000.0,,35705000000.0,29042000000.0,,28.66,-1309000000.0,15890000000.0,15890000000.0,24341000000.0,482000000.0,1.054,3.838,8227000000.0,0.0,8227000000.0,8227000000.0,3118000000.0,1752000000.0,0.0,0.0,0.0,1049000000.0,2801000000.0,0.078,2801000000.0,1049000000.0,934000000.0,1.04,1.01,1.04,13384000000.0,,13384000000.0,314365551559.0,157.0,37.939,7622000000.0,16.321,1.0,11406000000.0,0.319,3759000000.0,115000000.0,19438000000.0,,10243000000.0,3918000000.0,3918000000.0,0.0,51363000000.0,33887000000.0,17476000000.0,316831551559.0,5181000000.0,-317000000.0,0.0,-1597000000.0,0.0,-1809000000.0,-1850000000.0,-224000000.0,8931000000.0,-91000000.0,482000000.0,482000000.0,482000000.0,0.0,0.0,0.013,10297000000.0,1109000000.0,20397000000.0,0.0,23.672,531.597,528.039,21838000000.0,0.0,675.89,2.961,2.95,5654000000.0,2545000000.0,35747000000.0,35747000000.0,3569000000.0,,,,,818000000.0,2148000000.0,1.0,468762005.0,467000000,480000000.0,76.546,60988000000.0,0.0,452000000.0,0.0,130.595,1818000000.0
23,AMZN,MRQ,2015-09-30,2015-09-30,2015-09-30,2021-07-30,-675000000.0,56230000000.0,,28849000000.0,27381000000.0,,26.56,-1195000000.0,10709000000.0,10709000000.0,16755000000.0,79000000.0,1.082,3.524,8243000000.0,0.0,8243000000.0,8243000000.0,3063000000.0,1599000000.0,0.0,0.0,0.0,356000000.0,1955000000.0,0.077,1955000000.0,356000000.0,240000000.0,0.17,0.17,0.17,12430000000.0,,12430000000.0,237294287244.0,164.0,32.245,1415000000.0,3.024,1.0,8603000000.0,0.339,3529000000.0,116000000.0,23578000000.0,,8981000000.0,3719000000.0,3719000000.0,0.0,43800000000.0,26657000000.0,17143000000.0,239313287244.0,440000000.0,-105000000.0,0.0,-825000000.0,0.0,-730000000.0,-1377000000.0,-77000000.0,2610000000.0,-63000000.0,79000000.0,79000000.0,79000000.0,0.0,0.0,0.003,8197000000.0,406000000.0,14437000000.0,0.0,19.253,729.614,710.653,20636000000.0,0.0,511.67,2.379,2.381,5440000000.0,2063000000.0,25358000000.0,25358000000.0,3197000000.0,,,,,449000000.0,1727000000.0,1.0,467710218.0,468000000,478000000.0,54.184,52701000000.0,0.0,161000000.0,0.0,112.609,2192000000.0
24,AMZN,MRQ,2015-06-30,2015-06-30,2015-06-30,2021-07-30,-617000000.0,52440000000.0,,26391000000.0,26049000000.0,,25.199,-1213000000.0,10269000000.0,10269000000.0,15160000000.0,92000000.0,1.104,3.456,8250000000.0,0.0,8250000000.0,8250000000.0,2562000000.0,1504000000.0,0.0,0.0,0.0,472000000.0,1976000000.0,0.085,1976000000.0,472000000.0,358000000.0,0.2,0.19,0.2,11768000000.0,,11768000000.0,200167446624.0,400.0,33.042,784000000.0,1.679,1.0,8025000000.0,0.346,3523000000.0,114000000.0,22986000000.0,,7470000000.0,3732000000.0,3732000000.0,0.0,40672000000.0,23912000000.0,16760000000.0,202147446624.0,32000000.0,-8000000.0,0.0,-786000000.0,0.0,-691000000.0,-1376000000.0,-155000000.0,1997000000.0,102000000.0,92000000.0,92000000.0,92000000.0,0.0,0.0,0.004,7561000000.0,464000000.0,12391000000.0,0.0,17.178,-1075.252,-1085.225,19479000000.0,0.0,434.09,2.11,2.116,4920000000.0,1984000000.0,23185000000.0,23185000000.0,3020000000.0,,,,,468000000.0,1617000000.0,1.0,465680957.0,467000000,476000000.0,49.647,48917000000.0,0.0,266000000.0,0.0,104.747,2479000000.0
25,AMZN,MRQ,2015-03-31,2015-03-31,2015-03-31,2021-07-30,-752000000.0,50075000000.0,,25922000000.0,24153000000.0,,23.383,-871000000.0,10237000000.0,10237000000.0,15395000000.0,-57000000.0,1.118,3.605,8257000000.0,0.0,8257000000.0,8257000000.0,2420000000.0,1426000000.0,0.0,0.0,0.0,129000000.0,1555000000.0,0.068,1555000000.0,129000000.0,14000000.0,-0.12,-0.12,-0.12,10873000000.0,,10873000000.0,166505263702.0,3964.0,31.996,-2370000000.0,-5.097,1.0,7322000000.0,0.322,3491000000.0,115000000.0,21427000000.0,,7369000000.0,3544000000.0,3544000000.0,0.0,39202000000.0,23177000000.0,16025000000.0,172797263702.0,-4320000000.0,-365000000.0,0.0,-674000000.0,0.0,-652000000.0,-1847000000.0,-611000000.0,-1499000000.0,-322000000.0,-57000000.0,-57000000.0,-57000000.0,0.0,0.0,-0.003,7067000000.0,255000000.0,11917000000.0,0.0,15.892,-425.609,-427.701,17736000000.0,0.0,372.1,1.879,1.881,4772000000.0,1892000000.0,22717000000.0,22717000000.0,2754000000.0,,,,,385000000.0,1510000000.0,1.0,464383939.0,465000000,465000000.0,48.854,46584000000.0,0.0,71000000.0,0.0,100.181,2745000000.0
26,AMZN,MRQ,2014-12-31,2014-12-31,2014-12-31,2021-07-30,-511000000.0,54505000000.0,,31327000000.0,23178000000.0,,23.099,-1145000000.0,14557000000.0,14557000000.0,20672000000.0,214000000.0,1.115,4.074,8265000000.0,0.0,8265000000.0,8265000000.0,1823000000.0,1380000000.0,0.0,0.0,0.0,493000000.0,1873000000.0,0.064,1873000000.0,493000000.0,419000000.0,0.47,0.47,0.47,10741000000.0,,10741000000.0,141535052378.0,1041.0,28.991,5570000000.0,11.978,1.0,8657000000.0,0.295,3319000000.0,74000000.0,16805000000.0,,8299000000.0,2859000000.0,2859000000.0,0.0,43764000000.0,28089000000.0,15675000000.0,143694052378.0,9299000000.0,-53000000.0,0.0,5324000000.0,0.0,5209000000.0,-2465000000.0,-1267000000.0,6715000000.0,-160000000.0,214000000.0,214000000.0,214000000.0,0.0,0.0,0.007,8067000000.0,590000000.0,16459000000.0,0.0,13.378,-596.241,-596.827,16967000000.0,0.0,310.35,1.615,1.611,5612000000.0,1949000000.0,29329000000.0,29329000000.0,2636000000.0,,,,,523000000.0,1968000000.0,1.0,463006452.0,465000000,465000000.0,63.073,51186000000.0,0.0,205000000.0,0.0,110.077,3238000000.0
27,AMZN,MRQ,2014-09-30,2014-09-30,2014-09-30,2021-07-30,-394000000.0,40419000000.0,,18572000000.0,21847000000.0,,22.324,-1378000000.0,5258000000.0,5258000000.0,14627000000.0,-437000000.0,0.891,2.911,3099000000.0,0.0,3099000000.0,3099000000.0,1814000000.0,1247000000.0,0.0,0.0,0.0,-593000000.0,654000000.0,0.032,654000000.0,-593000000.0,-642000000.0,-0.95,-0.95,-0.95,10336000000.0,,10336000000.0,147040924276.0,1456.0,33.2,388000000.0,0.838,1.0,5952000000.0,0.289,3332000000.0,49000000.0,14086000000.0,,7316000000.0,1625000000.0,1625000000.0,0.0,30083000000.0,20842000000.0,9241000000.0,148978924276.0,201000000.0,-860000000.0,0.0,-412000000.0,0.0,-412000000.0,-946000000.0,1292000000.0,1766000000.0,-207000000.0,-437000000.0,-437000000.0,-437000000.0,0.0,0.0,-0.021,6496000000.0,-544000000.0,11811000000.0,0.0,14.414,-692.925,-686.043,15702000000.0,0.0,322.44,1.748,1.751,4373000000.0,1735000000.0,20579000000.0,20579000000.0,2423000000.0,,,,,377000000.0,1399000000.0,1.0,462036113.0,463000000,463000000.0,44.447,37087000000.0,0.0,-205000000.0,0.0,80.102,-2270000000.0
28,AMZN,MRQ,2014-06-30,2014-06-30,2014-06-30,2021-07-30,-143000000.0,37898000000.0,,18755000000.0,19143000000.0,,22.998,-1290000000.0,5057000000.0,5057000000.0,13399000000.0,-126000000.0,1.0,2.575,3119000000.0,0.0,3119000000.0,3119000000.0,1606000000.0,1109000000.0,0.0,0.0,0.0,13000000.0,1122000000.0,0.058,1122000000.0,13000000.0,-32000000.0,-0.27,-0.27,-0.27,10602000000.0,,10602000000.0,147526169471.0,218.0,32.127,-428000000.0,-0.928,1.0,5941000000.0,0.307,2677000000.0,45000000.0,14532000000.0,,6644000000.0,2929000000.0,2929000000.0,0.0,27296000000.0,18751000000.0,8545000000.0,149453169471.0,-17000000.0,-67000000.0,0.0,-189000000.0,0.0,-189000000.0,-731000000.0,626000000.0,862000000.0,41000000.0,-126000000.0,-126000000.0,-126000000.0,0.0,0.0,-0.007,5956000000.0,-15000000.0,10457000000.0,0.0,14.097,825.708,832.769,14089000000.0,0.0,324.78,1.828,1.831,4125000000.0,2172000000.0,19340000000.0,19340000000.0,2226000000.0,,,,,391000000.0,1320000000.0,1.0,460167404.0,461000000,461000000.0,41.952,35221000000.0,0.0,94000000.0,0.0,76.401,4000000.0
29,AMZN,MRQ,2014-03-31,2014-03-31,2014-03-31,2021-07-30,-157000000.0,36364000000.0,,19327000000.0,17037000000.0,,22.452,-1080000000.0,5074000000.0,5074000000.0,14055000000.0,108000000.0,1.053,2.521,3147000000.0,0.0,3147000000.0,3147000000.0,1516000000.0,1010000000.0,0.0,0.0,0.0,223000000.0,1233000000.0,0.062,1233000000.0,223000000.0,181000000.0,0.23,0.23,0.23,10328000000.0,,10328000000.0,149013515315.0,212.0,34.939,-3582000000.0,-7.787,1.0,5686000000.0,0.288,2653000000.0,42000000.0,13427000000.0,,6716000000.0,3592000000.0,3592000000.0,0.0,26036000000.0,18357000000.0,7679000000.0,154480515315.0,-3584000000.0,0.0,0.0,-296000000.0,0.0,-175000000.0,-924000000.0,156000000.0,-2502000000.0,17000000.0,108000000.0,108000000.0,108000000.0,0.0,0.0,0.005,5540000000.0,146000000.0,10590000000.0,0.0,14.957,514.935,525.57,12267000000.0,0.0,336.365,1.977,1.981,3945000000.0,2298000000.0,19741000000.0,19741000000.0,1991000000.0,,,,,200000000.0,1197000000.0,1.0,459264535.0,460000000,468000000.0,42.915,33711000000.0,0.0,73000000.0,0.0,73.285,970000000.0
30,AMZN,MRQ,2013-12-31,2013-12-31,2013-12-31,2021-07-30,-185000000.0,40159000000.0,,24625000000.0,15534000000.0,,21.187,-879000000.0,8658000000.0,8658000000.0,18806000000.0,240000000.0,1.072,3.121,3191000000.0,0.0,3191000000.0,3191000000.0,1159000000.0,962000000.0,0.0,0.0,0.0,458000000.0,1420000000.0,0.055,1420000000.0,458000000.0,419000000.0,0.52,0.52,0.52,9746000000.0,,9746000000.0,181710590320.0,315.0,47.456,4699000000.0,10.215,1.0,6781000000.0,0.265,2655000000.0,39000000.0,9057000000.0,,7411000000.0,3789000000.0,3789000000.0,0.0,30413000000.0,22980000000.0,7433000000.0,182539590320.0,4786000000.0,-60000000.0,0.0,-21000000.0,0.0,57000000.0,-844000000.0,95000000.0,5578000000.0,-5000000.0,240000000.0,240000000.0,240000000.0,0.0,0.0,0.009,6271000000.0,510000000.0,15133000000.0,0.0,18.73,666.203,664.65,10949000000.0,0.0,398.79,2.452,2.448,4767000000.0,2190000000.0,25587000000.0,25587000000.0,1862000000.0,,,,,248000000.0,1451000000.0,1.0,457733620.0,460000000,468000000.0,55.624,37504000000.0,0.0,179000000.0,0.0,81.53,1645000000.0
31,AMZN,MRQ,2013-09-30,2013-09-30,2013-09-30,2021-07-30,-206000000.0,31861000000.0,,17334000000.0,14527000000.0,,19.884,-1038000000.0,3872000000.0,3872000000.0,12366000000.0,-41000000.0,1.074,2.506,3043000000.0,0.0,3043000000.0,3043000000.0,0.0,834000000.0,0.0,0.0,0.0,-17000000.0,817000000.0,0.048,817000000.0,-17000000.0,-53000000.0,-0.09,-0.09,-0.09,9087000000.0,,9087000000.0,142178063380.0,325.0,41.94,350000000.0,0.766,1.0,4726000000.0,0.277,2635000000.0,36000000.0,12262000000.0,,6068000000.0,3817000000.0,3817000000.0,0.0,22774000000.0,16135000000.0,6639000000.0,142840063380.0,168000000.0,-1000000.0,0.0,-230000000.0,0.0,-230000000.0,-1063000000.0,-24000000.0,1388000000.0,73000000.0,-41000000.0,-41000000.0,-41000000.0,0.0,0.0,-0.002,4751000000.0,-25000000.0,10037000000.0,0.0,15.719,1082.122,1116.571,9991000000.0,0.0,312.64,2.037,2.037,3057000000.0,1950000000.0,17092000000.0,17092000000.0,1734000000.0,,,,,281000000.0,972000000.0,1.0,456883519.0,457000000,457000000.0,37.4,29226000000.0,648000000.0,-12000000.0,0.0,63.952,1199000000.0
32,AMZN,MRQ,2013-06-30,2013-06-30,2013-06-30,2021-07-30,-319000000.0,29623000000.0,,16285000000.0,13338000000.0,,19.151,-855000000.0,3704000000.0,3704000000.0,11209000000.0,-7000000.0,1.105,2.392,3042000000.0,0.0,3042000000.0,3042000000.0,0.0,756000000.0,0.0,0.0,0.0,39000000.0,795000000.0,0.051,795000000.0,39000000.0,6000000.0,-0.02,-0.02,-0.02,8733000000.0,,8733000000.0,124975343697.0,437.0,42.25,25000000.0,0.055,1.0,4495000000.0,0.286,2614000000.0,33000000.0,11612000000.0,,5420000000.0,3759000000.0,3759000000.0,0.0,20890000000.0,14735000000.0,6155000000.0,126416343697.0,-777000000.0,-148000000.0,0.0,-209000000.0,0.0,-209000000.0,-1420000000.0,-417000000.0,880000000.0,-28000000.0,-7000000.0,-7000000.0,-7000000.0,0.0,0.0,0.0,4416000000.0,79000000.0,8990000000.0,0.0,14.476,-1251.647,-1207.348,8789000000.0,0.0,277.69,1.891,1.894,2861000000.0,1991000000.0,15704000000.0,15704000000.0,1586000000.0,,,,,298000000.0,961000000.0,1.0,455242694.0,456000000,456000000.0,34.439,27009000000.0,669000000.0,13000000.0,0.0,59.23,1550000000.0
33,AMZN,MRQ,2013-03-31,2013-03-31,2013-03-31,2021-07-30,-319000000.0,28377000000.0,,16313000000.0,12064000000.0,,18.532,-670000000.0,4481000000.0,4481000000.0,11801000000.0,82000000.0,1.138,2.365,3040000000.0,0.0,3040000000.0,3040000000.0,0.0,700000000.0,0.0,0.0,0.0,97000000.0,797000000.0,0.05,797000000.0,97000000.0,64000000.0,0.18,0.18,0.18,8432000000.0,,8432000000.0,116133314378.0,302.0,41.7,-3042000000.0,-6.686,1.0,4269000000.0,0.266,2535000000.0,33000000.0,10069000000.0,,5395000000.0,3414000000.0,3414000000.0,0.0,19945000000.0,14332000000.0,5613000000.0,121133314378.0,-3603000000.0,-103000000.0,0.0,-157000000.0,0.0,-157000000.0,-950000000.0,-177000000.0,-2372000000.0,-124000000.0,82000000.0,82000000.0,82000000.0,0.0,0.0,0.005,4088000000.0,181000000.0,8916000000.0,0.0,14.366,-1392.337,-1402.579,7674000000.0,0.0,266.49,1.893,1.895,2516000000.0,1998000000.0,16070000000.0,16070000000.0,1383000000.0,,,,,229000000.0,878000000.0,1.0,454551069.0,455000000,463000000.0,35.319,25842000000.0,630000000.0,-18000000.0,0.0,56.796,1981000000.0
34,AMZN,MRQ,2012-12-31,2012-12-31,2012-12-31,2021-07-30,-239000000.0,32555000000.0,,21296000000.0,11259000000.0,,17.965,-2026000000.0,8084000000.0,8084000000.0,16137000000.0,98000000.0,1.121,2.974,3084000000.0,0.0,3084000000.0,3084000000.0,792000000.0,662000000.0,0.0,0.0,0.0,319000000.0,981000000.0,0.046,981000000.0,319000000.0,292000000.0,0.21,0.21,0.21,8192000000.0,,8192000000.0,110653707174.0,230.0,41.914,3055000000.0,6.7,1.0,5131000000.0,0.241,2552000000.0,27000000.0,6001000000.0,,6031000000.0,3364000000.0,3364000000.0,0.0,24363000000.0,19002000000.0,5361000000.0,113633707174.0,5104000000.0,-34000000.0,0.0,2927000000.0,0.0,3166000000.0,-3082000000.0,-1022000000.0,5081000000.0,-61000000.0,98000000.0,98000000.0,98000000.0,0.0,0.0,0.005,4726000000.0,405000000.0,13318000000.0,0.0,13.871,-2913.685,-2787.444,7060000000.0,0.0,250.87,1.86,1.86,3817000000.0,1916000000.0,21268000000.0,21268000000.0,1345000000.0,,,,,-3000000.0,1085000000.0,1.0,452958533.0,456000000,456000000.0,46.64,30003000000.0,0.0,194000000.0,0.0,65.796,2294000000.0
35,AMZN,MRQ,2012-09-30,2012-09-30,2012-09-30,2021-07-30,-296000000.0,22834000000.0,,13118000000.0,9716000000.0,,16.71,-716000000.0,2980000000.0,2980000000.0,10319000000.0,-274000000.0,1.041,2.023,0.0,0.0,0.0,0.0,0.0,554000000.0,0.0,0.0,0.0,-169000000.0,385000000.0,0.028,385000000.0,-169000000.0,-191000000.0,-0.6,-0.6,-0.6,7553000000.0,,7553000000.0,112634235906.0,253.0,48.971,227000000.0,0.502,1.0,3487000000.0,0.253,2540000000.0,22000000.0,4709000000.0,,5065000000.0,2268000000.0,2268000000.0,0.0,15281000000.0,12605000000.0,2676000000.0,114969235906.0,645000000.0,-37000000.0,0.0,-35000000.0,0.0,31000000.0,-369000000.0,384000000.0,943000000.0,40000000.0,-274000000.0,-274000000.0,-274000000.0,0.0,0.0,-0.02,3515000000.0,-28000000.0,8369000000.0,0.0,15.222,2874.231,2543.2,5662000000.0,0.0,254.32,2.008,2.008,2392000000.0,1818000000.0,13806000000.0,13806000000.0,1192000000.0,,,,,151000000.0,770000000.0,1.0,452065256.0,452000000,452000000.0,30.544,20294000000.0,451000000.0,83000000.0,0.0,44.898,513000000.0
36,AMZN,MRQ,2012-06-30,2012-06-30,2012-06-30,2021-07-30,-328000000.0,21022000000.0,,11793000000.0,9229000000.0,,16.641,-657000000.0,2335000000.0,2335000000.0,9488000000.0,7000000.0,1.076,1.801,0.0,0.0,0.0,0.0,0.0,485000000.0,0.0,0.0,0.0,137000000.0,622000000.0,0.048,622000000.0,137000000.0,116000000.0,0.02,0.01,0.02,7505000000.0,,7505000000.0,100589498153.0,132.0,42.987,-63000000.0,-0.14,1.0,3346000000.0,0.261,2521000000.0,21000000.0,5202000000.0,,4380000000.0,2635000000.0,2635000000.0,0.0,13517000000.0,10964000000.0,2553000000.0,102877498153.0,47000000.0,-624000000.0,0.0,-18000000.0,0.0,67000000.0,-595000000.0,686000000.0,594000000.0,-19000000.0,7000000.0,7000000.0,7000000.0,0.0,0.0,0.001,3239000000.0,107000000.0,7072000000.0,0.0,13.708,272.885,271.845,5097000000.0,0.0,228.35,1.894,1.896,2035000000.0,2092000000.0,12834000000.0,12834000000.0,1082000000.0,,,,,136000000.0,769000000.0,1.0,450525501.0,451000000,458000000.0,28.457,18501000000.0,434000000.0,109000000.0,0.0,41.022,829000000.0
37,AMZN,MRQ,2012-03-31,2012-03-31,2012-03-31,2021-07-30,-174000000.0,20339000000.0,,12154000000.0,8185000000.0,,16.051,-386000000.0,2288000000.0,2288000000.0,10027000000.0,130000000.0,1.159,1.797,0.0,0.0,0.0,0.0,0.0,457000000.0,0.0,0.0,0.0,194000000.0,651000000.0,0.049,651000000.0,194000000.0,173000000.0,0.29,0.28,0.29,7271000000.0,,7271000000.0,86886914847.0,99.0,39.191,-2824000000.0,-6.234,1.0,3158000000.0,0.24,1970000000.0,21000000.0,5593000000.0,,4255000000.0,3427000000.0,3427000000.0,0.0,13068000000.0,10488000000.0,2580000000.0,92155914847.0,-2981000000.0,-50000000.0,-960000000.0,-85000000.0,0.0,-1005000000.0,450000000.0,886000000.0,-2438000000.0,12000000.0,130000000.0,130000000.0,130000000.0,0.0,0.0,0.01,2966000000.0,192000000.0,6886000000.0,0.0,12.674,164.271,163.315,4653000000.0,0.0,202.51,1.793,1.785,1813000000.0,2085000000.0,13185000000.0,13185000000.0,945000000.0,,,,,120000000.0,680000000.0,1.0,455068465.0,453000000,460000000.0,29.106,18369000000.0,398000000.0,43000000.0,0.0,40.55,1666000000.0
38,AMZN,MRQ,2011-12-31,2011-12-31,2011-12-31,2021-07-30,-316000000.0,25278000000.0,,17490000000.0,7788000000.0,,17.124,-550000000.0,5269000000.0,5269000000.0,13831000000.0,177000000.0,1.174,2.259,255000000.0,0.0,255000000.0,255000000.0,0.0,359000000.0,0.0,0.0,0.0,283000000.0,642000000.0,0.037,642000000.0,283000000.0,263000000.0,0.39,0.38,0.39,7757000000.0,,7757000000.0,75894977120.0,77.0,36.664,3719000000.0,8.21,1.0,3600000000.0,0.207,1955000000.0,20000000.0,3413000000.0,,4992000000.0,4307000000.0,4307000000.0,0.0,17521000000.0,14896000000.0,2625000000.0,78717977120.0,2446000000.0,-49000000.0,-277000000.0,-57000000.0,0.0,-333000000.0,-1469000000.0,-870000000.0,4269000000.0,-21000000.0,177000000.0,177000000.0,177000000.0,0.0,0.0,0.01,3340000000.0,260000000.0,11145000000.0,0.0,10.148,124.751,124.532,4417000000.0,0.0,173.1,1.637,1.631,2571000000.0,1955000000.0,17431000000.0,17431000000.0,862000000.0,,,,,159000000.0,777000000.0,1.0,454754345.0,453000000,464000000.0,38.479,23323000000.0,379000000.0,86000000.0,0.0,51.486,2594000000.0
39,AMZN,MRQ,2011-09-30,2011-09-30,2011-09-30,2021-07-30,-241000000.0,19054000000.0,,11904000000.0,7150000000.0,,17.106,-529000000.0,2823000000.0,2823000000.0,8325000000.0,63000000.0,1.326,1.454,0.0,0.0,0.0,0.0,0.0,278000000.0,0.0,0.0,0.0,147000000.0,425000000.0,0.039,425000000.0,147000000.0,130000000.0,0.14,0.14,0.14,7766000000.0,,7766000000.0,96107435325.0,79.0,45.57,268000000.0,0.59,1.0,2551000000.0,0.235,1934000000.0,17000000.0,5319000000.0,,3770000000.0,3503000000.0,3503000000.0,0.0,11288000000.0,8978000000.0,2310000000.0,98154435325.0,776000000.0,-48000000.0,0.0,-82000000.0,0.0,-82000000.0,100000000.0,677000000.0,797000000.0,-39000000.0,63000000.0,63000000.0,63000000.0,0.0,0.0,0.006,2472000000.0,79000000.0,6552000000.0,0.0,12.639,112.692,112.036,3999000000.0,0.0,216.23,2.252,2.252,1496000000.0,1778000000.0,10876000000.0,10876000000.0,769000000.0,,,,,144000000.0,545000000.0,1.0,453935325.0,454000000,461000000.0,23.956,17120000000.0,339000000.0,67000000.0,0.0,37.709,2926000000.0
40,AMZN,MRQ,2011-06-30,2011-06-30,2011-06-30,2021-07-30,-30000000.0,17941000000.0,,11279000000.0,6662000000.0,,17.141,-433000000.0,2047000000.0,2047000000.0,7525000000.0,191000000.0,1.402,1.31,0.0,0.0,0.0,0.0,0.0,244000000.0,0.0,0.0,0.0,255000000.0,499000000.0,0.05,499000000.0,255000000.0,240000000.0,0.42,0.41,0.42,7765000000.0,,7765000000.0,89797287998.0,65.0,41.669,-10000000.0,-0.022,1.0,2388000000.0,0.241,1909000000.0,15000000.0,5940000000.0,,3229000000.0,4308000000.0,4308000000.0,0.0,10176000000.0,8045000000.0,2131000000.0,92438287998.0,-594000000.0,-469000000.0,0.0,-106000000.0,0.0,-91000000.0,-951000000.0,-49000000.0,423000000.0,25000000.0,191000000.0,191000000.0,191000000.0,0.0,0.0,0.019,2187000000.0,201000000.0,5721000000.0,0.0,11.904,88.969,88.909,3470000000.0,0.0,204.49,2.295,2.3,1438000000.0,1715000000.0,9913000000.0,9913000000.0,698000000.0,,,,,129000000.0,507000000.0,1.0,452043073.0,453000000,460000000.0,21.883,16032000000.0,287000000.0,49000000.0,0.0,35.391,3234000000.0
41,AMZN,MRQ,2011-03-31,2011-03-31,2011-03-31,2021-07-30,-66000000.0,16882000000.0,,11288000000.0,5594000000.0,,16.29,-298000000.0,2641000000.0,2641000000.0,7608000000.0,201000000.0,1.46,1.298,0.0,0.0,0.0,0.0,0.0,202000000.0,0.0,0.0,0.0,302000000.0,504000000.0,0.051,504000000.0,302000000.0,290000000.0,0.44,0.44,0.44,7347000000.0,,7347000000.0,77462307109.0,54.0,37.081,-1884000000.0,-4.177,1.0,2249000000.0,0.228,1513000000.0,12000000.0,4998000000.0,,2888000000.0,4240000000.0,4240000000.0,0.0,9535000000.0,7730000000.0,1805000000.0,81239307109.0,-1136000000.0,-139000000.0,0.0,-22000000.0,0.0,24000000.0,390000000.0,827000000.0,-1586000000.0,36000000.0,201000000.0,201000000.0,201000000.0,0.0,0.0,0.02,1927000000.0,322000000.0,5540000000.0,0.0,11.057,77.004,76.979,2902000000.0,0.0,180.13,2.2,2.2,1304000000.0,1525000000.0,9857000000.0,9857000000.0,579000000.0,,,,,64000000.0,460000000.0,1.0,451003759.0,451000000,459000000.0,21.856,15369000000.0,243000000.0,89000000.0,0.0,34.078,3558000000.0
42,AMZN,MRQ,2010-12-31,2010-12-31,2010-12-31,2021-07-30,-190000000.0,18797000000.0,,13747000000.0,5050000000.0,,15.356,-328000000.0,3777000000.0,3777000000.0,10317000000.0,416000000.0,1.325,1.738,0.0,0.0,0.0,0.0,0.0,169000000.0,0.0,0.0,0.0,512000000.0,681000000.0,0.053,681000000.0,512000000.0,501000000.0,0.93,0.91,0.93,6864000000.0,,6864000000.0,79415616260.0,51.0,37.62,3160000000.0,7.069,1.0,2630000000.0,0.203,1349000000.0,11000000.0,3299000000.0,,3202000000.0,4985000000.0,4985000000.0,0.0,11933000000.0,10372000000.0,1561000000.0,80790616260.0,2238000000.0,-270000000.0,0.0,-66000000.0,0.0,-43000000.0,-1215000000.0,-617000000.0,3488000000.0,8000000.0,416000000.0,416000000.0,416000000.0,0.0,0.0,0.032,2156000000.0,474000000.0,8051000000.0,0.0,11.77,70.131,69.767,2414000000.0,0.0,180.0,2.362,2.352,1587000000.0,1324000000.0,12947000000.0,12947000000.0,518000000.0,,,,,97000000.0,519000000.0,1.0,448836757.0,447000000,459000000.0,28.964,17448000000.0,218000000.0,85000000.0,0.0,39.034,3375000000.0
43,AMZN,MRQ,2010-09-30,2010-09-30,2010-09-30,2021-07-30,-131000000.0,14162000000.0,,9559000000.0,4603000000.0,,14.279,-315000000.0,1539000000.0,1539000000.0,5786000000.0,231000000.0,1.499,1.214,164000000.0,0.0,164000000.0,164000000.0,0.0,150000000.0,0.0,0.0,0.0,321000000.0,471000000.0,0.062,471000000.0,321000000.0,310000000.0,0.51,0.51,0.51,6397000000.0,,6397000000.0,68838395914.0,46.0,34.129,540000000.0,1.205,1.0,1774000000.0,0.235,1277000000.0,11000000.0,5135000000.0,,2515000000.0,4346000000.0,4346000000.0,0.0,7765000000.0,6375000000.0,1390000000.0,70335395914.0,-90000000.0,-42000000.0,0.0,18000000.0,0.0,93000000.0,-1128000000.0,-771000000.0,855000000.0,90000000.0,231000000.0,231000000.0,231000000.0,0.0,0.0,0.031,1506000000.0,268000000.0,4614000000.0,0.0,10.995,62.743,62.325,2099000000.0,0.0,157.06,2.285,2.286,959000000.0,908000000.0,7560000000.0,7560000000.0,442000000.0,,,,,32000000.0,358000000.0,1.0,447825009.0,448000000,456000000.0,16.875,12885000000.0,243000000.0,79000000.0,0.0,28.761,3184000000.0
44,AMZN,MRQ,2010-06-30,2010-06-30,2010-06-30,2021-07-30,-282000000.0,12397000000.0,,8118000000.0,4279000000.0,,13.103,-196000000.0,1629000000.0,1629000000.0,4957000000.0,207000000.0,1.546,1.117,132000000.0,0.0,132000000.0,132000000.0,0.0,129000000.0,0.0,0.0,0.0,304000000.0,433000000.0,0.066,433000000.0,304000000.0,295000000.0,0.46,0.45,0.46,5857000000.0,,5857000000.0,46981083059.0,32.0,24.623,54000000.0,0.121,1.0,1609000000.0,0.245,1229000000.0,9000000.0,4421000000.0,,1940000000.0,3479000000.0,3479000000.0,0.0,6540000000.0,5250000000.0,1290000000.0,48694083059.0,-215000000.0,-21000000.0,0.0,-32000000.0,0.0,43000000.0,-475000000.0,-258000000.0,250000000.0,-33000000.0,207000000.0,207000000.0,207000000.0,0.0,0.0,0.032,1339000000.0,270000000.0,3545000000.0,0.0,8.314,44.714,44.235,1704000000.0,0.0,109.26,1.699,1.704,805000000.0,678000000.0,6566000000.0,6566000000.0,408000000.0,,,,,36000000.0,324000000.0,1.0,445671637.0,447000000,455000000.0,14.689,11168000000.0,294000000.0,88000000.0,0.0,24.984,2868000000.0
45,AMZN,MRQ,2010-03-31,2010-03-31,2010-03-31,2021-07-30,-145000000.0,12042000000.0,,7964000000.0,4078000000.0,,12.625,-140000000.0,1844000000.0,1844000000.0,5501000000.0,299000000.0,1.534,1.143,131000000.0,0.0,131000000.0,131000000.0,0.0,119000000.0,0.0,0.0,0.0,406000000.0,525000000.0,0.074,525000000.0,406000000.0,399000000.0,0.67,0.66,0.67,5618000000.0,,5618000000.0,57021070430.0,43.0,32.639,-1238000000.0,-2.782,1.0,1630000000.0,0.229,1234000000.0,7000000.0,3902000000.0,,1820000000.0,3219000000.0,3219000000.0,0.0,6424000000.0,5193000000.0,1231000000.0,60356070430.0,-1600000000.0,-19000000.0,0.0,1000000.0,0.0,87000000.0,-542000000.0,-383000000.0,-1098000000.0,-47000000.0,299000000.0,299000000.0,299000000.0,0.0,0.0,0.042,1236000000.0,394000000.0,3619000000.0,0.0,10.743,58.941,58.021,1436000000.0,0.0,135.77,2.256,2.259,815000000.0,471000000.0,7131000000.0,7131000000.0,366000000.0,,,,,1000000.0,298000000.0,1.0,444546442.0,445000000,454000000.0,16.025,10808000000.0,282000000.0,100000000.0,0.0,24.288,2771000000.0
46,AMZN,MRQ,2009-12-31,2009-12-31,2009-12-31,2021-07-30,-56000000.0,13813000000.0,,9797000000.0,4016000000.0,,11.975,-137000000.0,3444000000.0,3444000000.0,7543000000.0,384000000.0,1.33,1.628,0.0,0.0,0.0,0.0,0.0,112000000.0,0.0,0.0,0.0,476000000.0,588000000.0,0.062,588000000.0,476000000.0,468000000.0,0.88,0.86,0.88,5257000000.0,,5257000000.0,55846841682.0,47.0,35.639,2474000000.0,5.636,1.0,1977000000.0,0.208,1234000000.0,8000000.0,1771000000.0,,2171000000.0,2922000000.0,2922000000.0,0.0,8556000000.0,7364000000.0,1192000000.0,58244841682.0,930000000.0,0.0,0.0,-103000000.0,0.0,-51000000.0,-1608000000.0,-1471000000.0,2611000000.0,-22000000.0,384000000.0,384000000.0,384000000.0,0.0,0.0,0.04,1501000000.0,476000000.0,5605000000.0,0.0,11.079,64.573,64.673,1290000000.0,0.0,134.52,2.376,2.377,988000000.0,172000000.0,9520000000.0,9520000000.0,350000000.0,,,,,46000000.0,374000000.0,1.0,432982766.0,439000000,451000000.0,21.686,12579000000.0,290000000.0,84000000.0,0.0,28.654,2433000000.0
47,AMZN,MRQ,2009-09-30,2009-09-30,2009-09-30,2021-07-30,-35000000.0,8972000000.0,,6369000000.0,2603000000.0,,8.299,-103000000.0,2514000000.0,2514000000.0,4176000000.0,199000000.0,1.404,1.503,116000000.0,0.0,116000000.0,116000000.0,0.0,96000000.0,0.0,0.0,0.0,266000000.0,362000000.0,0.066,362000000.0,266000000.0,259000000.0,0.46,0.45,0.46,3585000000.0,,3585000000.0,38486536063.0,37.0,28.051,696000000.0,1.611,1.0,1273000000.0,0.234,457000000.0,7000000.0,1580000000.0,,1617000000.0,1487000000.0,1487000000.0,0.0,5387000000.0,4537000000.0,850000000.0,40313536063.0,578000000.0,-5000000.0,0.0,81000000.0,0.0,64000000.0,-302000000.0,-194000000.0,799000000.0,17000000.0,199000000.0,199000000.0,199000000.0,0.0,0.0,0.037,1022000000.0,251000000.0,3354000000.0,0.0,11.245,54.258,54.279,1086000000.0,0.0,93.36,1.858,1.859,671000000.0,-212000000.0,5449000000.0,5449000000.0,315000000.0,,,,,107000000.0,232000000.0,1.0,431807370.0,432000000,441000000.0,12.613,8515000000.0,286000000.0,60000000.0,0.0,19.711,1832000000.0
48,AMZN,MRQ,2009-06-30,2009-06-30,2009-06-30,2021-07-30,-58000000.0,7675000000.0,,5304000000.0,2371000000.0,,7.555,-78000000.0,1936000000.0,1936000000.0,3518000000.0,142000000.0,1.459,1.357,109000000.0,0.0,109000000.0,109000000.0,0.0,84000000.0,0.0,0.0,0.0,188000000.0,272000000.0,0.058,272000000.0,188000000.0,181000000.0,0.33,0.32,0.33,3256000000.0,,3256000000.0,34317315121.0,36.0,26.81,390000000.0,0.905,1.0,1133000000.0,0.244,451000000.0,7000000.0,1761000000.0,,1325000000.0,1276000000.0,1276000000.0,0.0,4419000000.0,3636000000.0,783000000.0,35944315121.0,235000000.0,-19000000.0,0.0,-23000000.0,0.0,-3000000.0,-279000000.0,-182000000.0,468000000.0,49000000.0,142000000.0,142000000.0,142000000.0,0.0,0.0,0.031,974000000.0,159000000.0,2508000000.0,0.0,11.039,54.297,54.325,981000000.0,0.0,83.66,1.753,1.758,584000000.0,-411000000.0,4651000000.0,4651000000.0,299000000.0,,,,,65000000.0,206000000.0,1.0,429647563.0,431000000,440000000.0,10.791,7224000000.0,301000000.0,39000000.0,0.0,16.761,1668000000.0
49,AMZN,MRQ,2009-03-31,2009-03-31,2009-03-31,2021-07-30,-143000000.0,6980000000.0,,4775000000.0,2205000000.0,,6.802,-55000000.0,1701000000.0,1701000000.0,3741000000.0,177000000.0,1.4,1.392,74000000.0,0.0,74000000.0,74000000.0,0.0,87000000.0,0.0,0.0,0.0,258000000.0,345000000.0,0.071,345000000.0,258000000.0,246000000.0,0.41,0.41,0.41,2918000000.0,,2918000000.0,29174145434.0,29.0,22.39,-640000000.0,-1.492,1.0,1148000000.0,0.235,433000000.0,12000000.0,1510000000.0,,1266000000.0,1029000000.0,1029000000.0,0.0,4062000000.0,3410000000.0,652000000.0,31475145434.0,-1068000000.0,-15000000.0,0.0,-340000000.0,0.0,-291000000.0,-147000000.0,-77000000.0,-585000000.0,-45000000.0,177000000.0,177000000.0,177000000.0,0.0,0.0,0.036,904000000.0,244000000.0,2380000000.0,0.0,10.787,46.424,46.189,889000000.0,0.0,73.44,1.58,1.582,587000000.0,-553000000.0,4889000000.0,4889000000.0,275000000.0,,,,,18000000.0,196000000.0,1.0,428583135.0,429000000,437000000.0,11.396,6547000000.0,310000000.0,69000000.0,0.0,15.261,1365000000.0
50,AMZN,MRQ,2008-12-31,2008-12-31,2008-12-31,2021-07-30,-123000000.0,8314000000.0,,6157000000.0,2157000000.0,,6.228,-102000000.0,2769000000.0,2769000000.0,5355000000.0,225000000.0,1.297,2.112,409000000.0,0.0,409000000.0,409000000.0,0.0,77000000.0,0.0,0.0,0.0,316000000.0,393000000.0,0.059,393000000.0,316000000.0,305000000.0,0.52,0.52,0.52,2672000000.0,,2672000000.0,20775525318.0,22.0,16.62,1469000000.0,3.424,1.0,1348000000.0,0.201,438000000.0,11000000.0,770000000.0,,1399000000.0,958000000.0,958000000.0,0.0,5642000000.0,4746000000.0,896000000.0,21990525318.0,1119000000.0,-86000000.0,-100000000.0,36000000.0,0.0,-65000000.0,-364000000.0,-176000000.0,1571000000.0,-23000000.0,225000000.0,225000000.0,225000000.0,0.0,0.0,0.034,1075000000.0,273000000.0,3594000000.0,0.0,8.23,34.094,33.737,854000000.0,0.0,51.28,1.147,1.132,827000000.0,-730000000.0,6703000000.0,6703000000.0,278000000.0,,,,,79000000.0,240000000.0,1.0,428832397.0,429000000,435000000.0,15.625,7876000000.0,349000000.0,80000000.0,0.0,18.359,1411000000.0
51,AMZN,MRQ,2008-09-30,2008-09-30,2008-09-30,2021-07-30,-73000000.0,6566000000.0,,4430000000.0,2136000000.0,,5.918,-102000000.0,1650000000.0,1650000000.0,3265000000.0,118000000.0,1.409,1.598,435000000.0,42000000.0,393000000.0,435000000.0,0.0,76000000.0,0.0,0.0,0.0,194000000.0,270000000.0,0.063,270000000.0,194000000.0,177000000.0,0.28,0.27,0.28,2527000000.0,,2527000000.0,30316020036.0,32.0,24.829,322000000.0,0.754,1.0,999000000.0,0.234,405000000.0,17000000.0,1802000000.0,,1315000000.0,674000000.0,674000000.0,0.0,4039000000.0,3144000000.0,895000000.0,30990020036.0,102000000.0,-8000000.0,0.0,-293000000.0,0.0,-240000000.0,-6000000.0,104000000.0,424000000.0,-76000000.0,118000000.0,118000000.0,118000000.0,0.0,0.0,0.028,845000000.0,154000000.0,2242000000.0,0.0,12.264,49.505,48.507,731000000.0,0.0,72.76,1.709,1.713,597000000.0,-955000000.0,4264000000.0,4264000000.0,264000000.0,,,,,17000000.0,181000000.0,1.0,425921111.0,427000000,436000000.0,9.986,6161000000.0,472000000.0,59000000.0,0.0,14.429,1286000000.0
52,AMZN,MRQ,2008-06-30,2008-06-30,2008-06-30,2021-07-30,6000000.0,6322000000.0,,4236000000.0,2086000000.0,,5.31,-69000000.0,1548000000.0,1548000000.0,3096000000.0,158000000.0,1.317,1.835,874000000.0,441000000.0,433000000.0,874000000.0,0.0,70000000.0,0.0,0.0,0.0,225000000.0,295000000.0,0.073,295000000.0,225000000.0,204000000.0,0.38,0.37,0.38,2230000000.0,,2230000000.0,30505453281.0,34.0,26.412,278000000.0,0.662,1.0,967000000.0,0.238,400000000.0,21000000.0,2032000000.0,,1107000000.0,832000000.0,832000000.0,0.0,4092000000.0,3216000000.0,876000000.0,30628453281.0,52000000.0,-44000000.0,0.0,-29000000.0,0.0,14000000.0,-301000000.0,-188000000.0,347000000.0,-8000000.0,158000000.0,158000000.0,158000000.0,0.0,0.0,0.039,750000000.0,217000000.0,1963000000.0,0.0,13.735,52.089,52.007,651000000.0,0.0,73.33,1.788,1.798,586000000.0,-1074000000.0,4063000000.0,4063000000.0,258000000.0,,,,,30000000.0,176000000.0,1.0,417679712.0,420000000,430000000.0,9.674,5922000000.0,447000000.0,46000000.0,0.0,14.1,1020000000.0
53,AMZN,MRQ,2008-03-31,2008-03-31,2008-03-31,2021-07-30,7000000.0,5883000000.0,,3965000000.0,1918000000.0,,3.525,-61000000.0,1496000000.0,1496000000.0,3179000000.0,143000000.0,1.117,3.002,1373000000.0,906000000.0,467000000.0,1373000000.0,0.0,65000000.0,0.0,0.0,0.0,227000000.0,292000000.0,0.071,292000000.0,227000000.0,205000000.0,0.34,0.34,0.34,1470000000.0,,1470000000.0,28462101297.0,36.0,27.107,-706000000.0,-1.693,1.0,956000000.0,0.231,392000000.0,22000000.0,1817000000.0,,1077000000.0,655000000.0,655000000.0,0.0,4413000000.0,3551000000.0,862000000.0,29719101297.0,-1043000000.0,-355000000.0,2000000.0,26000000.0,0.0,92000000.0,-527000000.0,-111000000.0,-645000000.0,37000000.0,143000000.0,143000000.0,143000000.0,0.0,0.0,0.035,758000000.0,198000000.0,1864000000.0,0.0,20.217,58.502,58.443,594000000.0,0.0,71.3,1.863,1.863,581000000.0,-1232000000.0,4135000000.0,4135000000.0,234000000.0,,,,,-10000000.0,164000000.0,1.0,416817690.0,417000000,426000000.0,9.916,5491000000.0,436000000.0,62000000.0,0.0,13.168,414000000.0
54,AMZN,MRQ,2007-12-31,2007-12-31,2007-12-31,2021-07-30,5000000.0,6485000000.0,,5164000000.0,1321000000.0,,2.877,-73000000.0,2539000000.0,2539000000.0,4502000000.0,207000000.0,1.39,4.418,1299000000.0,17000000.0,1282000000.0,1299000000.0,0.0,63000000.0,0.0,0.0,0.0,301000000.0,364000000.0,0.064,364000000.0,301000000.0,281000000.0,0.5,0.48,0.5,1197000000.0,,1197000000.0,38369032576.0,52.0,39.033,1075000000.0,2.584,1.0,1170000000.0,0.206,222000000.0,20000000.0,1309000000.0,,1200000000.0,573000000.0,573000000.0,0.0,5288000000.0,3714000000.0,1574000000.0,38462032576.0,1173000000.0,-28000000.0,-79000000.0,83000000.0,0.0,168000000.0,-139000000.0,-38000000.0,1148000000.0,-4000000.0,207000000.0,207000000.0,207000000.0,0.0,0.0,0.036,899000000.0,271000000.0,2795000000.0,0.0,32.132,80.803,80.557,543000000.0,0.0,92.64,2.593,2.579,705000000.0,-1375000000.0,5672000000.0,5672000000.0,222000000.0,,,,,-109000000.0,197000000.0,1.0,415177381.0,416000000,427000000.0,13.635,6263000000.0,407000000.0,74000000.0,0.0,15.055,1450000000.0
55,AMZN,MRQ,2007-09-30,2007-09-30,2007-09-30,2021-07-30,11000000.0,4618000000.0,,3424000000.0,1194000000.0,,1.838,-69000000.0,1366000000.0,1366000000.0,2500000000.0,80000000.0,1.476,5.068,1273000000.0,0.0,1273000000.0,1273000000.0,0.0,61000000.0,0.0,0.0,0.0,143000000.0,204000000.0,0.063,204000000.0,143000000.0,124000000.0,0.19,0.19,0.19,761000000.0,,761000000.0,38760104834.0,60.0,43.747,168000000.0,0.406,1.0,762000000.0,0.234,218000000.0,19000000.0,1988000000.0,,970000000.0,543000000.0,543000000.0,0.0,3857000000.0,2319000000.0,1538000000.0,38508104834.0,362000000.0,-24000000.0,35000000.0,4000000.0,0.0,73000000.0,34000000.0,127000000.0,237000000.0,18000000.0,80000000.0,80000000.0,80000000.0,0.0,0.0,0.025,639000000.0,123000000.0,1674000000.0,0.0,50.602,105.213,104.663,491000000.0,0.0,93.15,2.929,2.933,474000000.0,-1581000000.0,3262000000.0,3262000000.0,209000000.0,,,,,17000000.0,131000000.0,1.0,413398871.0,414000000,425000000.0,7.879,4400000000.0,302000000.0,44000000.0,0.0,10.628,1105000000.0
56,AMZN,MRQ,2007-06-30,2007-06-30,2007-06-30,2021-07-30,3000000.0,3984000000.0,,2859000000.0,1125000000.0,,1.335,-47000000.0,1004000000.0,1004000000.0,2185000000.0,78000000.0,1.477,6.244,1256000000.0,0.0,1256000000.0,1256000000.0,0.0,60000000.0,0.0,0.0,0.0,130000000.0,190000000.0,0.066,190000000.0,130000000.0,111000000.0,0.19,0.19,0.19,550000000.0,,550000000.0,28530459198.0,51.0,35.486,252000000.0,0.612,1.0,701000000.0,0.243,214000000.0,19000000.0,2086000000.0,,735000000.0,661000000.0,661000000.0,0.0,3434000000.0,1936000000.0,1498000000.0,28027459198.0,256000000.0,-22000000.0,35000000.0,-29000000.0,0.0,41000000.0,-88000000.0,-19000000.0,299000000.0,4000000.0,78000000.0,78000000.0,78000000.0,0.0,0.0,0.027,585000000.0,116000000.0,1295000000.0,0.0,50.959,91.893,91.213,443000000.0,0.0,68.41,2.298,2.311,384000000.0,-1661000000.0,2886000000.0,2886000000.0,201000000.0,,,,,11000000.0,123000000.0,1.0,409698278.0,412000000,423000000.0,7.005,3770000000.0,299000000.0,33000000.0,0.0,9.15,923000000.0
57,AMZN,MRQ,2007-03-31,2007-03-31,2007-03-31,2021-07-30,3000000.0,3661000000.0,,2600000000.0,1061000000.0,,0.857,-34000000.0,748000000.0,748000000.0,2296000000.0,111000000.0,1.408,9.371,1251000000.0,0.0,1251000000.0,1251000000.0,0.0,62000000.0,0.0,0.0,0.0,163000000.0,225000000.0,0.075,225000000.0,163000000.0,144000000.0,0.27,0.26,0.27,353000000.0,,353000000.0,16725064996.0,33.0,22.911,-313000000.0,-0.76,1.0,719000000.0,0.238,196000000.0,19000000.0,2121000000.0,,754000000.0,672000000.0,672000000.0,0.0,3308000000.0,1847000000.0,1461000000.0,16500064996.0,-274000000.0,-1000000.0,-239000000.0,-17000000.0,0.0,-232000000.0,235000000.0,270000000.0,-279000000.0,2000000.0,111000000.0,111000000.0,111000000.0,0.0,0.0,0.037,574000000.0,145000000.0,1211000000.0,0.0,46.742,66.265,65.23,442000000.0,0.0,39.79,1.441,1.432,358000000.0,-1740000000.0,3015000000.0,3015000000.0,186000000.0,,,,,10000000.0,128000000.0,1.0,414678688.0,412000000,420000000.0,7.318,3465000000.0,293000000.0,33000000.0,0.0,8.41,753000000.0
58,AMZN,MRQ,2006-12-31,2006-12-31,2006-12-31,2021-07-30,-1000000.0,4363000000.0,,3373000000.0,990000000.0,,1.044,-50000000.0,1022000000.0,1022000000.0,3136000000.0,97000000.0,1.332,9.123,1247000000.0,0.0,1247000000.0,1247000000.0,0.0,59000000.0,0.0,0.0,0.0,208000000.0,267000000.0,0.067,267000000.0,208000000.0,188000000.0,0.24,0.23,0.24,431000000.0,,431000000.0,16865464020.0,37.0,25.554,694000000.0,1.68,1.0,850000000.0,0.213,195000000.0,20000000.0,1861000000.0,,877000000.0,997000000.0,997000000.0,0.0,3932000000.0,2532000000.0,1400000000.0,16254464020.0,329000000.0,-2000000.0,18000000.0,10000000.0,0.0,92000000.0,-523000000.0,-471000000.0,744000000.0,16000000.0,97000000.0,97000000.0,97000000.0,0.0,0.0,0.024,653000000.0,197000000.0,1816000000.0,0.0,37.713,85.55,85.783,457000000.0,0.0,39.46,1.518,1.533,399000000.0,-1837000000.0,3986000000.0,3986000000.0,177000000.0,,,,,-34000000.0,137000000.0,1.0,411922555.0,413000000,421000000.0,9.651,4168000000.0,277000000.0,91000000.0,0.0,10.092,841000000.0
59,AMZN,MRQ,2006-09-30,2006-09-30,2006-09-30,2021-07-30,1000000.0,3268000000.0,,2315000000.0,953000000.0,,0.47,-62000000.0,693000000.0,693000000.0,1758000000.0,19000000.0,1.309,15.673,1304000000.0,0.0,1304000000.0,1304000000.0,0.0,63000000.0,0.0,0.0,0.0,59000000.0,122000000.0,0.053,122000000.0,59000000.0,38000000.0,0.05,0.05,0.05,196000000.0,,196000000.0,14097433325.0,33.0,22.96,68000000.0,0.163,1.0,549000000.0,0.238,194000000.0,21000000.0,1917000000.0,,736000000.0,526000000.0,526000000.0,0.0,3072000000.0,1768000000.0,1304000000.0,13456433325.0,10000000.0,-2000000.0,-248000000.0,-29000000.0,0.0,-268000000.0,147000000.0,211000000.0,130000000.0,1000000.0,19000000.0,19000000.0,19000000.0,0.0,0.0,0.008,509000000.0,40000000.0,1196000000.0,0.0,68.655,46.242,45.886,449000000.0,0.0,32.12,1.387,1.381,281000000.0,-1934000000.0,2307000000.0,2307000000.0,172000000.0,,,,,21000000.0,118000000.0,1.0,418942507.0,417000000,424000000.0,5.532,3074000000.0,259000000.0,19000000.0,0.0,7.372,547000000.0
60,AMZN,MRQ,2006-06-30,2006-06-30,2006-06-30,2021-07-30,-2000000.0,3165000000.0,,2231000000.0,934000000.0,,0.916,-58000000.0,683000000.0,683000000.0,1630000000.0,22000000.0,1.53,7.264,1324000000.0,0.0,1324000000.0,1324000000.0,0.0,43000000.0,0.0,0.0,0.0,73000000.0,116000000.0,0.054,116000000.0,73000000.0,54000000.0,0.05,0.05,0.05,383000000.0,,383000000.0,16088031777.0,36.0,27.039,72000000.0,0.172,1.0,509000000.0,0.238,193000000.0,19000000.0,2155000000.0,,521000000.0,736000000.0,736000000.0,0.0,2782000000.0,1458000000.0,1324000000.0,16163031777.0,176000000.0,0.0,7000000.0,45000000.0,0.0,73000000.0,-41000000.0,17000000.0,130000000.0,14000000.0,22000000.0,22000000.0,22000000.0,0.0,0.0,0.01,462000000.0,47000000.0,943000000.0,0.0,42.201,53.52,53.722,405000000.0,0.0,38.68,1.747,1.747,225000000.0,-1953000000.0,2139000000.0,2139000000.0,167000000.0,,,,,9000000.0,103000000.0,1.0,417865351.0,418000000,426000000.0,5.117,2972000000.0,274000000.0,32000000.0,0.0,7.11,773000000.0
61,AMZN,MRQ,2006-03-31,2006-03-31,2006-03-31,2021-07-30,9000000.0,2990000000.0,,2186000000.0,804000000.0,,0.777,-46000000.0,1334000000.0,1334000000.0,1732000000.0,51000000.0,1.554,8.228,1259000000.0,0.0,1259000000.0,1259000000.0,0.0,40000000.0,0.0,0.0,0.0,117000000.0,157000000.0,0.069,157000000.0,117000000.0,96000000.0,0.12,0.12,0.12,324000000.0,,324000000.0,14751189373.0,29.0,23.23,-349000000.0,-0.837,1.0,547000000.0,0.24,193000000.0,21000000.0,1315000000.0,,538000000.0,0.0,0.0,0.0,2666000000.0,1407000000.0,1259000000.0,15230189373.0,-506000000.0,-28000000.0,7000000.0,-310000000.0,0.0,-296000000.0,84000000.0,158000000.0,-303000000.0,9000000.0,51000000.0,51000000.0,51000000.0,0.0,0.0,0.022,441000000.0,106000000.0,920000000.0,0.0,47.007,45.874,45.663,361000000.0,0.0,36.53,1.718,1.718,228000000.0,-1976000000.0,2279000000.0,2279000000.0,146000000.0,,,,,4000000.0,99000000.0,1.0,416922786.0,417000000,426000000.0,5.465,2797000000.0,291000000.0,45000000.0,0.0,6.707,779000000.0
62,AMZN,MRQ,2005-12-31,2005-12-31,2005-12-31,2021-07-30,6000000.0,3696000000.0,,2929000000.0,767000000.0,,0.593,-55000000.0,1013000000.0,1013000000.0,2310000000.0,199000000.0,1.542,14.024,1480000000.0,0.0,1480000000.0,1480000000.0,0.0,36000000.0,0.0,0.0,0.0,183000000.0,219000000.0,0.074,219000000.0,183000000.0,161000000.0,0.48,0.46,0.48,246000000.0,,246000000.0,19653381110.0,36.0,29.465,575000000.0,1.386,1.0,667000000.0,0.224,159000000.0,22000000.0,2105000000.0,,566000000.0,987000000.0,987000000.0,0.0,3450000000.0,1899000000.0,1551000000.0,19542381110.0,413000000.0,0.0,21000000.0,0.0,0.0,24000000.0,-231000000.0,-176000000.0,630000000.0,-10000000.0,199000000.0,199000000.0,199000000.0,0.0,0.0,0.067,502000000.0,165000000.0,1366000000.0,0.0,79.441,54.436,54.195,348000000.0,0.0,47.15,2.302,2.288,274000000.0,-2027000000.0,2977000000.0,2977000000.0,132000000.0,,,,,9000000.0,116000000.0,1.0,414472558.0,415000000,426000000.0,7.173,3537000000.0,312000000.0,-38000000.0,0.0,8.523,1030000000.0
63,AMZN,MRQ,2005-09-30,2005-09-30,2005-09-30,2021-07-30,13000000.0,2832000000.0,,2121000000.0,711000000.0,,0.015,-76000000.0,1419000000.0,1419000000.0,1395000000.0,30000000.0,1.615,471.0,1530000000.0,17000000.0,1513000000.0,1530000000.0,48000000.0,30000000.0,0.0,0.0,0.0,73000000.0,103000000.0,0.055,103000000.0,73000000.0,51000000.0,0.07,0.07,0.07,6000000.0,,6000000.0,18863673351.0,38.0,31.335,77000000.0,0.186,1.0,463000000.0,0.249,159000000.0,22000000.0,1471000000.0,,456000000.0,0.0,0.0,0.0,2826000000.0,1313000000.0,1513000000.0,18659673351.0,-29000000.0,-4000000.0,21000000.0,7000000.0,0.0,30000000.0,-206000000.0,-126000000.0,153000000.0,-6000000.0,30000000.0,30000000.0,30000000.0,0.0,0.0,0.016,408000000.0,55000000.0,876000000.0,0.0,3109.946,36.877,36.532,322000000.0,0.0,45.3,2.317,2.323,188000000.0,-2226000000.0,1858000000.0,1858000000.0,121000000.0,,,,,26000000.0,76000000.0,1.0,411913319.0,413000000,428000000.0,4.499,2673000000.0,248000000.0,21000000.0,0.0,6.472,808000000.0
64,AMZN,MRQ,2005-06-30,2005-06-30,2005-06-30,2021-07-30,27000000.0,2601000000.0,,1926000000.0,675000000.0,,-0.156,-46000000.0,1325000000.0,1325000000.0,1303000000.0,52000000.0,1.684,-41.641,1529000000.0,8000000.0,1521000000.0,1529000000.0,52000000.0,26000000.0,0.0,0.0,0.0,130000000.0,156000000.0,0.089,156000000.0,130000000.0,108000000.0,0.13,0.12,0.13,-64000000.0,,-64000000.0,14008360722.0,28.0,23.308,198000000.0,0.482,1.0,450000000.0,0.257,154000000.0,22000000.0,1507000000.0,,383000000.0,0.0,0.0,0.0,2665000000.0,1144000000.0,1521000000.0,13596360722.0,96000000.0,-5000000.0,8000000.0,0.0,0.0,9000000.0,-144000000.0,-93000000.0,244000000.0,-13000000.0,52000000.0,52000000.0,52000000.0,0.0,0.0,0.03,346000000.0,104000000.0,735000000.0,0.0,-212.443,25.654,25.454,267000000.0,0.0,33.09,1.775,1.776,155000000.0,-2256000000.0,1753000000.0,1753000000.0,106000000.0,,,,,26000000.0,80000000.0,1.0,410890321.0,411000000,425000000.0,4.265,2447000000.0,269000000.0,56000000.0,0.0,5.954,782000000.0
65,AMZN,MRQ,2005-03-31,2005-03-31,2005-03-31,2021-07-30,24000000.0,2472000000.0,,1793000000.0,679000000.0,,-0.395,-26000000.0,1151000000.0,1151000000.0,1444000000.0,78000000.0,1.671,-16.259,1563000000.0,2000000.0,1561000000.0,1563000000.0,45000000.0,28000000.0,0.0,0.0,0.0,160000000.0,188000000.0,0.099,188000000.0,160000000.0,134000000.0,0.19,0.18,0.19,-162000000.0,,-162000000.0,14148733872.0,29.0,24.822,-320000000.0,-0.78,1.0,458000000.0,0.241,149000000.0,26000000.0,1662000000.0,,403000000.0,0.0,0.0,0.0,2634000000.0,1073000000.0,1561000000.0,14070232872.0,-770000000.0,-15000000.0,8000000.0,-265000000.0,0.0,-256000000.0,-197000000.0,-156000000.0,-294000000.0,-23000000.0,78000000.0,78000000.0,78000000.0,0.0,0.0,0.041,350000000.0,108000000.0,704000000.0,0.0,-86.853,25.398,25.199,245000000.0,0.0,34.27,1.929,1.927,171000000.0,-2308000000.0,1902000000.0,1902000000.0,92000000.0,,,,,19000000.0,91000000.0,1.0,410569970.0,410000000,424000000.0,4.639,2323000000.0,307000000.0,56000000.0,0.0,5.666,720000000.0
66,AMZN,MRQ,2004-12-31,2004-12-31,2004-12-31,2021-07-30,32000000.0,3248000000.0,,2539000000.0,709000000.0,,-0.555,-37000000.0,1779000000.0,1779000000.0,1997000000.0,346000000.0,1.567,-15.308,1855000000.0,0.0,1855000000.0,1855000000.0,0.0,21000000.0,0.0,0.0,0.0,134000000.0,155000000.0,0.061,155000000.0,134000000.0,107000000.0,0.85,0.82,0.85,-227000000.0,,-227000000.0,18670096238.0,40.0,34.703,520000000.0,1.271,1.0,544000000.0,0.214,139000000.0,27000000.0,1565000000.0,,480000000.0,0.0,0.0,0.0,3475000000.0,1620000000.0,1855000000.0,18072622238.0,557000000.0,0.0,17000000.0,0.0,0.0,17000000.0,-65000000.0,-28000000.0,557000000.0,48000000.0,346000000.0,346000000.0,346000000.0,0.0,0.0,0.136,382000000.0,162000000.0,1142000000.0,0.0,-79.615,30.736,30.545,246000000.0,0.0,44.29,2.611,2.598,199000000.0,-2386000000.0,2541000000.0,2541000000.0,84000000.0,,,,,20000000.0,94000000.0,1.0,408051981.0,409000000,428000000.0,6.213,3109000000.0,363000000.0,-239000000.0,0.0,7.601,919000000.0
67,AMZN,MRQ,2004-09-30,2004-09-30,2004-09-30,2021-07-30,28383000.0,2108668000.0,,1692784000.0,415884000.0,,-1.772,-29000000.0,1184700000.0,1184700000.0,1107000000.0,54000000.0,1.611,-3.924,1782174000.0,3452000.0,1778722000.0,1782174000.0,46144000.0,19000000.0,0.0,0.0,0.0,83000000.0,102000000.0,0.07,102000000.0,83000000.0,57000000.0,0.13,0.13,0.13,-721077000.0,,-721077000.0,17688222641.0,41.0,34.881,88000000.0,0.216,1.0,356000000.0,0.243,137584000.0,26000000.0,1517535000.0,,357320000.0,0.0,0.0,0.0,2829745000.0,1051023000.0,1778722000.0,16624356641.0,45000000.0,-71000000.0,8000000.0,-1000000.0,0.0,7000000.0,-85000000.0,15000000.0,117000000.0,6000000.0,54000000.0,54000000.0,54000000.0,0.0,0.0,0.037,275000000.0,81000000.0,688297000.0,0.0,-23.055,52.965,51.722,226762000.0,0.0,40.86,2.628,2.629,150764000.0,-2732665000.0,1463000000.0,1463000000.0,69000000.0,,,,,9000000.0,63000000.0,1.0,406861396.0,407000000,425000000.0,3.595,1971084000.0,0.0,3000000.0,0.0,4.843,641761000.0
68,AMZN,MRQ,2004-06-30,2004-06-30,2004-06-30,2021-07-30,29417000.0,1888110000.0,,1561192000.0,326918000.0,,-1.953,-14000000.0,701150000.0,701150000.0,1046000000.0,76000000.0,1.704,-3.387,1765016000.0,2402000.0,1762614000.0,1765016000.0,39487000.0,18000000.0,0.0,0.0,0.0,107000000.0,125000000.0,0.09,125000000.0,107000000.0,81000000.0,0.19,0.18,0.19,-790858000.0,,-790858000.0,23044917766.0,58.0,49.157,129000000.0,0.319,1.0,341000000.0,0.246,69121000.0,26000000.0,1966501000.0,,284194000.0,450201000.0,450201000.0,0.0,2678968000.0,916354000.0,1762614000.0,22033331766.0,-68000000.0,0.0,20000000.0,-1000000.0,0.0,19000000.0,-222000000.0,-208000000.0,143000000.0,-8000000.0,76000000.0,76000000.0,76000000.0,0.0,0.0,0.055,255000000.0,86000000.0,585124000.0,0.0,-27.86,79.995,77.714,215871000.0,0.0,54.4,3.674,3.674,125647000.0,-2786812000.0,1387000000.0,1387000000.0,71000000.0,,,,,22000000.0,65000000.0,1.0,405024481.0,405000000,425000000.0,3.425,1818989000.0,0.0,5000000.0,0.0,4.491,644838000.0
69,AMZN,MRQ,2004-03-31,2004-03-31,2004-03-31,2021-07-30,33363000.0,1738561000.0,,1405574000.0,332987000.0,,-2.24,-9000000.0,768587000.0,768587000.0,1169000000.0,111000000.0,1.623,-2.921,1780173000.0,2473000.0,1777700000.0,1780173000.0,37053000.0,18000000.0,0.0,0.0,0.0,137000000.0,155000000.0,0.101,155000000.0,137000000.0,109000000.0,0.28,0.26,0.28,-905050000.0,,-905050000.0,18346810065.0,66.0,52.161,-259000000.0,-0.641,1.0,361000000.0,0.236,69121000.0,28000000.0,1815115000.0,,281550000.0,229554000.0,229554000.0,0.0,2643611000.0,865911000.0,1777700000.0,17499428065.0,-333000000.0,0.0,15000000.0,-156000000.0,0.0,-141000000.0,56000000.0,65000000.0,-250000000.0,2000000.0,111000000.0,111000000.0,111000000.0,0.0,0.0,0.073,251000000.0,110000000.0,567563000.0,0.0,-19.335,112.089,108.2,217476000.0,0.0,43.28,3.064,3.062,125883000.0,-2863292000.0,1530000000.0,1530000000.0,58000000.0,,,,,7000000.0,64000000.0,1.0,404330593.0,404000000,425000000.0,3.787,1669440000.0,0.0,-2000000.0,0.0,4.132,539663000.0
70,AMZN,MRQ,2003-12-31,2003-12-31,2003-12-31,2021-07-30,37739000.0,2162033000.0,,1820809000.0,341224000.0,,-2.593,-17273000.0,1394823000.0,1394823000.0,1519404000.0,72872000.0,1.454,-3.087,1949655000.0,4216000.0,1945439000.0,1949655000.0,37844000.0,18909000.0,0.0,0.0,0.0,106192000.0,125101000.0,0.064,125101000.0,106192000.0,76872000.0,0.19,0.18,0.19,-1036107000.0,,-1036107000.0,22525199284.0,133.0,91.94,464668000.0,1.163,1.0,426669000.0,0.219,69121000.0,29320000.0,1395043000.0,,293917000.0,0.0,0.0,0.0,3198140000.0,1252701000.0,1945439000.0,21104590284.0,435836000.0,-72000.0,30168000.0,-207424000.0,0.0,-177256000.0,92838000.0,110183000.0,481941000.0,38313000.0,72872000.0,72872000.0,72872000.0,0.0,0.0,0.037,289648000.0,137021000.0,819811000.0,0.0,-20.369,602.988,584.667,224285000.0,0.0,52.62,4.009,3.948,131473000.0,-2974428000.0,1946073000.0,1946073000.0,101002000.0,,,,,15288000.0,84186000.0,1.0,401075452.0,399569000,495569000.0,4.87,2092912000.0,4738000.0,4000000.0,0.0,5.238,568108000.0
71,AMZN,MRQ,2003-09-30,2003-09-30,2003-09-30,2021-07-30,36761000.0,1749685000.0,,1410200000.0,339485000.0,,-2.91,-15192000.0,666418000.0,666418000.0,848635000.0,15563000.0,1.706,-2.511,2087027000.0,6058000.0,2080969000.0,2087027000.0,40843000.0,18338000.0,0.0,0.0,0.0,45365000.0,63703000.0,0.056,63703000.0,45365000.0,15563000.0,0.04,0.04,0.04,-1158034000.0,,-1158034000.0,20666831388.0,205.0,120.766,21625000.0,0.054,1.0,285821000.0,0.252,69780000.0,29802000.0,2273764000.0,,241667000.0,411191000.0,398242000.0,12949000.0,2907719000.0,826750000.0,2080969000.0,19226110388.0,24690000.0,5072000.0,41235000.0,-3437000.0,0.0,37798000.0,-60012000.0,-49892000.0,36817000.0,10087000.0,15563000.0,15563000.0,15563000.0,0.0,0.0,0.014,233890000.0,51931000.0,499189000.0,0.0,-16.602,-545.871,-538.111,221459000.0,0.0,48.43,4.051,4.06,103873000.0,-3047582000.0,1134456000.0,1134456000.0,53775000.0,,,,,20936000.0,51336000.0,1.0,396987619.0,397912000,422802000.0,2.851,1679905000.0,0.0,0.0,0.0,4.222,583450000.0
72,AMZN,MRQ,2003-06-30,2003-06-30,2003-06-30,2021-07-30,25708000.0,1596854000.0,,1251254000.0,345600000.0,,-3.166,-7141000.0,641728000.0,641728000.0,825984000.0,-43314000.0,1.626,-2.281,2082449000.0,8143000.0,2074306000.0,2082449000.0,38733000.0,16878000.0,0.0,0.0,0.0,-8947000.0,7931000.0,0.007,7931000.0,-8947000.0,-43314000.0,-0.11,-0.11,-0.11,-1246836000.0,,-1246836000.0,16038964380.0,285.0,123.393,118883000.0,0.302,1.0,273928000.0,0.249,72446000.0,34367000.0,2195745000.0,,178107000.0,359808000.0,347044000.0,12764000.0,2843690000.0,769384000.0,2074306000.0,14227241380.0,145955000.0,0.0,53042000.0,-280918000.0,0.0,-227876000.0,233668000.0,240809000.0,126024000.0,14139000.0,-43314000.0,-43314000.0,-43314000.0,0.0,0.0,-0.039,232105000.0,41823000.0,445098000.0,0.0,-11.411,-165.695,-165.091,221674000.0,0.0,36.32,3.188,3.205,84375000.0,-3063145000.0,1099912000.0,1099912000.0,52135000.0,,,,,24453000.0,47149000.0,1.0,391719201.0,393876000,393876000.0,2.793,1524408000.0,0.0,0.0,0.0,3.87,481870000.0
73,AMZN,MRQ,2003-03-31,2003-03-31,2003-03-31,2021-07-30,17655000.0,1705933000.0,,1344496000.0,361437000.0,,-3.318,-6394000.0,495773000.0,495773000.0,812977000.0,-10121000.0,1.925,-2.323,2307496000.0,11078000.0,2296418000.0,2307496000.0,42979000.0,19750000.0,0.0,0.0,0.0,26390000.0,46140000.0,0.043,46140000.0,26390000.0,-10121000.0,-0.03,-0.03,-0.03,-1289064000.0,,-1289064000.0,11658333171.0,1578.0,134.788,-258176000.0,-0.664,1.0,270582000.0,0.25,73359000.0,36511000.0,2745718000.0,,173030000.0,600232000.0,586779000.0,13453000.0,2994997000.0,698579000.0,2296418000.0,10105964171.0,-242481000.0,0.0,38555000.0,-3221000.0,0.0,35334000.0,-30494000.0,-24100000.0,-251782000.0,4461000.0,-10121000.0,-10121000.0,-10121000.0,0.0,0.0,-0.009,231357000.0,39225000.0,393696000.0,0.0,-7.84,-74.252,-72.306,228279000.0,0.0,26.03,2.424,2.426,88914000.0,-3019831000.0,1083559000.0,1083559000.0,50088000.0,,,,,27323000.0,49329000.0,1.0,388242957.0,388541000,388541000.0,2.789,1632574000.0,0.0,0.0,0.0,4.202,645917000.0
74,AMZN,MRQ,2002-12-31,2002-12-31,2002-12-31,2021-07-30,9662000.0,1990449000.0,,1615676000.0,374773000.0,,-3.525,-15516000.0,738254000.0,738254000.0,1093451000.0,2651000.0,1.516,-2.471,2290623000.0,13318000.0,2277305000.0,2290623000.0,47916000.0,15298000.0,0.0,0.0,0.0,38059000.0,53357000.0,0.037,53357000.0,38059000.0,1951000.0,0.01,0.01,0.01,-1352814000.0,,-1352814000.0,9156299276.0,-1326.0,121.49,357063000.0,0.93,1.0,335159000.0,0.235,74271000.0,36108000.0,2402589000.0,,202425000.0,578157000.0,562715000.0,15442000.0,3343263000.0,1065958000.0,2277305000.0,7205883276.0,410690000.0,0.0,65376000.0,-2674000.0,0.0,62702000.0,-36279000.0,-20763000.0,372579000.0,11688000.0,2651000.0,2651000.0,2651000.0,0.0,0.0,0.002,264636000.0,70523000.0,618128000.0,0.0,-5.327,-48.319,-48.436,239398000.0,0.0,18.89,1.832,1.817,112282000.0,-3009710000.0,1428610000.0,1428610000.0,49048000.0,,,,,35680000.0,57594000.0,1.0,381465499.0,383760000,383760000.0,3.723,1916178000.0,0.0,-700000.0,0.0,4.993,549718000.0
75,AMZN,MRQ,2002-09-30,2002-09-30,2002-09-30,2021-07-30,-12233000.0,1497405000.0,,1119607000.0,377798000.0,,-3.894,-11353000.0,327564000.0,327564000.0,635132000.0,-35080000.0,1.575,-2.013,2277980000.0,13134000.0,2264846000.0,2277980000.0,65878000.0,21713000.0,0.0,0.0,0.0,842000.0,22555000.0,0.026,22555000.0,842000.0,-35080000.0,-0.09,-0.09,-0.09,-1478439000.0,,-1478439000.0,8023271892.0,-1748.0,66.324,26755000.0,0.07,1.0,216167000.0,0.254,75184000.0,35922000.0,2661639000.0,,151514000.0,554736000.0,538238000.0,16498000.0,2975844000.0,710998000.0,2264846000.0,6060877892.0,57126000.0,0.0,6038000.0,-4126000.0,0.0,1912000.0,11082000.0,22435000.0,38108000.0,6024000.0,-35080000.0,-35080000.0,-35080000.0,0.0,0.0,-0.041,225812000.0,-9645000.0,347519000.0,0.0,-4.1,-41.316,-41.921,239238000.0,0.0,15.93,1.675,1.671,0.0,-3012361000.0,851299000.0,851299000.0,52907000.0,,,,,-832000.0,45426000.0,1.0,380469422.0,379650000,379650000.0,2.242,1422221000.0,0.0,0.0,0.0,3.746,408609000.0
76,AMZN,MRQ,2002-06-30,2002-06-30,2002-06-30,2021-07-30,-7596000.0,1435047000.0,,1043577000.0,391470000.0,,-3.831,-7440000.0,270438000.0,270438000.0,587438000.0,-93553000.0,1.58,-1.994,2232832000.0,14406000.0,2218426000.0,2232832000.0,69128000.0,22344000.0,0.0,0.0,0.0,-57902000.0,-35558000.0,-0.044,-35558000.0,-57902000.0,-93553000.0,-0.25,-0.25,-0.25,-1443911000.0,,-1443911000.0,7964517006.0,-57.0,315.827,-2803000.0,-0.007,1.0,218167000.0,0.271,76396000.0,35651000.0,2660513000.0,,126794000.0,571617000.0,553141000.0,18476000.0,2878958000.0,660532000.0,2218426000.0,6094975006.0,-26251000.0,0.0,42866000.0,-3432000.0,0.0,39434000.0,-93981000.0,-86541000.0,4637000.0,23659000.0,-93553000.0,-93553000.0,-93553000.0,0.0,0.0,-0.116,216695000.0,1472000.0,296368000.0,0.0,-4.221,-21.653,-21.667,249452000.0,0.0,16.25,1.789,1.798,0.0,-2977281000.0,805605000.0,805605000.0,58165000.0,,,,,23148000.0,48257000.0,1.0,375075385.0,376937000,376937000.0,2.137,1358651000.0,0.0,0.0,0.0,3.604,383045000.0
77,AMZN,MRQ,2002-03-31,2002-03-31,2002-03-31,2021-07-30,-38623000.0,1361928000.0,,954273000.0,407655000.0,,-3.88,-4854000.0,296689000.0,296689000.0,624297000.0,-23150000.0,1.452,-1.941,2166231000.0,13958000.0,2152273000.0,2166231000.0,79361000.0,22919000.0,0.0,0.0,0.0,12094000.0,35013000.0,0.041,35013000.0,12094000.0,-23150000.0,-0.06,-0.06,-0.06,-1447375000.0,,-1447375000.0,6968906988.0,-32.0,-8592.98,-245887000.0,-0.659,1.0,223125000.0,0.263,77770000.0,35244000.0,2496670000.0,,138996000.0,473982000.0,448569000.0,25413000.0,2809303000.0,657030000.0,2152273000.0,5338063988.0,-243593000.0,0.0,7409000.0,-4563000.0,0.0,2846000.0,-2506000.0,2348000.0,-241033000.0,-2900000.0,-23150000.0,-23150000.0,-23150000.0,0.0,0.0,-0.027,221351000.0,1774000.0,314616000.0,0.0,-3.688,-14.982,-14.742,256403000.0,0.0,14.3,1.633,1.632,0.0,-2883728000.0,847422000.0,847422000.0,55497000.0,,,,,10931000.0,53155000.0,1.0,373291188.0,373031000,373031000.0,2.272,1284158000.0,0.0,0.0,0.0,3.442,297243000.0
78,AMZN,MRQ,2001-12-31,2001-12-31,2001-12-31,2021-07-30,-36070000.0,1637547000.0,,1207920000.0,429627000.0,,-3.876,-7534000.0,540282000.0,540282000.0,841122000.0,5087000.0,1.311,-2.137,2171125000.0,14992000.0,2156133000.0,2171125000.0,87978000.0,58584000.0,0.0,0.0,0.0,40377000.0,98961000.0,0.089,98961000.0,40377000.0,5087000.0,0.02,0.02,0.02,-1440000000.0,,-1440000000.0,5778280765.0,-13.0,-35.602,341586000.0,0.919,1.0,274049000.0,0.246,79749000.0,35290000.0,2267227000.0,,143722000.0,484662000.0,456303000.0,28359000.0,3077547000.0,921414000.0,2156133000.0,4022369765.0,107975000.0,0.0,2047000.0,-4440000.0,0.0,-2393000.0,-232630000.0,-225096000.0,349120000.0,-6122000.0,5087000.0,5087000.0,5087000.0,0.0,0.0,0.005,259524000.0,14525000.0,444748000.0,0.0,-2.793,-7.091,-6.936,271751000.0,0.0,10.82,1.288,1.262,67613000.0,-2860578000.0,1115171000.0,1115171000.0,52325000.0,,,,,1937000.0,54025000.0,1.0,371753213.0,371498000,371498000.0,3.002,1557798000.0,0.0,0.0,0.0,4.193,286506000.0
79,AMZN,MRQ,2001-09-30,2001-09-30,2001-09-30,2021-07-30,-36434000.0,1346368000.0,,870276000.0,476092000.0,,-3.951,-12925000.0,432307000.0,432307000.0,477089000.0,-169874000.0,1.385,-1.926,2188218000.0,16054000.0,2172164000.0,2188218000.0,90288000.0,61630000.0,0.0,0.0,0.0,-134828000.0,-73198000.0,-0.115,-73198000.0,-134828000.0,-169874000.0,-0.46,-0.46,-0.46,-1453994000.0,,-1453994000.0,3847695188.0,-4.0,-5.757,-77328000.0,-0.21,1.0,162192000.0,0.254,111061000.0,35046000.0,2363020000.0,,130739000.0,261140000.0,235793000.0,25347000.0,2800362000.0,628198000.0,2172164000.0,2165580188.0,-30642000.0,0.0,100932000.0,-6466000.0,0.0,94466000.0,-95018000.0,-82093000.0,-64403000.0,34313000.0,-169874000.0,-169874000.0,-169874000.0,0.0,0.0,-0.266,232526000.0,-70334000.0,236992000.0,0.0,-1.489,-1.938,-1.907,288373000.0,0.0,5.97,0.727,0.737,0.0,-2865665000.0,639281000.0,639281000.0,53846000.0,,,,,-2567000.0,54018000.0,1.0,362743750.0,368052000,368052000.0,1.737,1235307000.0,0.0,0.0,0.0,3.356,242078000.0
80,AMZN,MRQ,2001-06-30,2001-06-30,2001-06-30,2021-07-30,-83846000.0,1345036000.0,,809357000.0,535679000.0,,-3.975,-10425000.0,462949000.0,462949000.0,487905000.0,-168359000.0,1.249,-1.941,2145064000.0,18337000.0,2126727000.0,2145064000.0,86945000.0,71624000.0,0.0,0.0,0.0,-133211000.0,-61587000.0,-0.092,-61587000.0,-133211000.0,-168359000.0,-0.47,-0.47,-0.47,-1429931000.0,,-1429931000.0,6773766848.0,-6.0,-9.679,-7940000.0,-0.022,1.0,179720000.0,0.269,152895000.0,35148000.0,2226016000.0,,129035000.0,182972000.0,146020000.0,36952000.0,2774967000.0,648240000.0,2126727000.0,5082549848.0,16005000.0,0.0,7644000.0,-4094000.0,0.0,3550000.0,29803000.0,40228000.0,2485000.0,-19833000.0,-168359000.0,-168359000.0,-168359000.0,0.0,0.0,-0.252,319560000.0,-139840000.0,257976000.0,0.0,-3.554,-4.278,-4.224,292422000.0,0.0,14.15,1.707,1.709,0.0,-2695791000.0,667625000.0,667625000.0,64710000.0,,,,,2351000.0,57436000.0,1.0,359190802.0,359752000,359752000.0,1.856,1192141000.0,0.0,0.0,0.0,3.314,161117000.0
81,AMZN,MRQ,2001-03-31,2001-03-31,2001-03-31,2021-07-30,-63118000.0,1470155000.0,,855710000.0,614445000.0,,-3.507,-19437000.0,446944000.0,446944000.0,517759000.0,-234131000.0,1.415,-2.173,2138161000.0,19305000.0,2118856000.0,2138161000.0,93661000.0,73904000.0,0.0,0.0,0.0,-200383000.0,-126479000.0,-0.181,-126479000.0,-200383000.0,-234131000.0,-0.66,-0.66,-0.66,-1253411000.0,,-1253411000.0,4989624274.0,-4.0,-6.078,-426421000.0,-1.193,1.0,182597000.0,0.261,204420000.0,33748000.0,2352242000.0,,155562000.0,247071000.0,196029000.0,51042000.0,2723566000.0,604710000.0,2118856000.0,3668018274.0,-375491000.0,0.0,5833000.0,5425000.0,0.0,11258000.0,44551000.0,63988000.0,-406984000.0,-24316000.0,-234131000.0,-234131000.0,-234131000.0,0.0,0.0,-0.334,399205000.0,-216608000.0,257411000.0,0.0,-2.926,-2.744,-2.699,304179000.0,0.0,10.23,1.27,1.266,0.0,-2527432000.0,700356000.0,700356000.0,70284000.0,,,,,2916000.0,62666000.0,1.0,358555061.0,357424000,357424000.0,1.959,1265735000.0,0.0,0.0,0.0,3.541,251000000.0
82,AMZN,MRQ,2000-12-31,2000-12-31,2000-12-31,2021-07-30,-2376000.0,2135169000.0,,1361129000.0,774040000.0,,-2.719,-37331000.0,822435000.0,822435000.0,748060000.0,-545140000.0,1.396,-3.207,2144041000.0,16577000.0,2127464000.0,2144041000.0,131117000.0,101951000.0,0.0,0.0,0.0,-509046000.0,-407095000.0,-0.419,-407095000.0,-509046000.0,-545140000.0,-1.54,-1.54,-1.54,-967251000.0,,-967251000.0,6994923418.0,-5.0,-8.002,210322000.0,0.591,1.0,224300000.0,0.231,255325000.0,36094000.0,2226494000.0,,174563000.0,370337000.0,278087000.0,92250000.0,3102420000.0,974956000.0,2127464000.0,5542061418.0,175387000.0,0.0,4980000.0,-3930000.0,0.0,1050000.0,-102926000.0,-65595000.0,247653000.0,29610000.0,-545140000.0,-545140000.0,-545140000.0,0.0,0.0,-0.561,546396000.0,-322096000.0,485383000.0,0.0,-5.73,-3.927,-3.871,366416000.0,0.0,15.56,2.007,1.977,0.0,-2293301000.0,972360000.0,972360000.0,69791000.0,,,,,-1112000.0,83427000.0,1.0,356173613.0,355718000,355718000.0,2.734,1879844000.0,0.0,0.0,0.0,5.285,386173000.0
83,AMZN,MRQ,2000-09-30,2000-09-30,2000-09-30,2021-07-30,-65637000.0,2254627000.0,,1163085000.0,1091542000.0,,-1.376,-41948000.0,647048000.0,647048000.0,470579000.0,-240524000.0,1.765,-5.628,2099910000.0,17213000.0,2082697000.0,2099910000.0,142046000.0,102051000.0,0.0,0.0,0.0,-206715000.0,-104664000.0,-0.164,-104664000.0,-206715000.0,-240524000.0,-0.68,-0.68,-0.68,-487167000.0,,-487167000.0,15108297621.0,-14.0,-22.352,-45636000.0,-0.129,1.0,167279000.0,0.262,520470000.0,33809000.0,2527922000.0,,163880000.0,417452000.0,252976000.0,164476000.0,2741794000.0,659097000.0,2082697000.0,13679412621.0,-73329000.0,0.0,4564000.0,-3277000.0,0.0,1287000.0,-20043000.0,21905000.0,-3688000.0,-50885000.0,-240524000.0,-240524000.0,-240524000.0,0.0,0.0,-0.377,330794000.0,-163515000.0,304709000.0,0.0,-28.08,-11.502,-11.11,352290000.0,0.0,38.44,5.548,5.518,0.0,-1748161000.0,637858000.0,637858000.0,71159000.0,,,,,4091000.0,68138000.0,1.0,355864012.0,353954000,353954000.0,1.802,1734157000.0,0.0,0.0,0.0,4.899,503988000.0
84,AMZN,MRQ,2000-06-30,2000-06-30,2000-06-30,2021-07-30,-84664000.0,2460730000.0,,1166640000.0,1294090000.0,,-0.796,-28878000.0,720377000.0,720377000.0,441812000.0,-317184000.0,1.92,-9.838,2149262000.0,17731000.0,2131531000.0,2149262000.0,115566000.0,101095000.0,0.0,0.0,0.0,-283787000.0,-182692000.0,-0.316,-182692000.0,-283787000.0,-317184000.0,-0.91,-0.91,-0.91,-278424000.0,,-278424000.0,14841779509.0,-14.0,-22.389,-82907000.0,-0.237,1.0,136064000.0,0.235,596778000.0,33397000.0,2685214000.0,,172360000.0,487220000.0,187244000.0,299976000.0,2739154000.0,607623000.0,2131531000.0,12772922509.0,-34756000.0,0.0,13794000.0,-3572000.0,0.0,9995000.0,9546000.0,38424000.0,-54029000.0,-268000.0,-317184000.0,-317184000.0,-317184000.0,0.0,0.0,-0.549,316441000.0,-180377000.0,286239000.0,0.0,-45.876,-11.147,-10.774,344042000.0,0.0,36.31,5.85,5.818,0.0,-1507637000.0,577876000.0,577876000.0,67132000.0,,,,,8166000.0,70684000.0,1.0,351774236.0,349886000,349886000.0,1.652,1863952000.0,0.0,0.0,0.0,5.327,559017000.0
85,AMZN,MRQ,2000-03-31,2000-03-31,2000-03-31,2021-07-30,-46302000.0,2729743000.0,,1270949000.0,1458794000.0,,0.074,-26601000.0,84087000.0,84087000.0,445755000.0,-308425000.0,2.241,105.56,2152944000.0,15983000.0,2136961000.0,2152944000.0,134758000.0,101135000.0,0.0,0.0,0.0,-280804000.0,-179669000.0,-0.313,-179669000.0,-280804000.0,-308425000.0,-0.9,-0.9,-0.9,25617000.0,,25617000.0,24781365341.0,-28.0,-45.499,-346979000.0,-1.009,1.0,128134000.0,0.223,647192000.0,27621000.0,3584243000.0,,172257000.0,1347118000.0,924794000.0,422324000.0,2704126000.0,567165000.0,2136961000.0,23417667341.0,621824000.0,0.0,21359000.0,675351000.0,0.0,680815000.0,277401000.0,304002000.0,-320378000.0,-16014000.0,-308425000.0,-308425000.0,-308425000.0,0.0,0.0,-0.537,326026000.0,-197892000.0,255797000.0,0.0,914.146,-24.224,-23.183,334396000.0,0.0,67.0,12.196,12.0,0.0,-1190453000.0,573889000.0,573889000.0,61244000.0,,,,,13652000.0,66693000.0,1.0,349517423.0,343884000,343884000.0,1.669,2082551000.0,0.0,0.0,0.0,6.056,703784000.0
86,AMZN,MRQ,1999-12-31,1999-12-31,1999-12-31,2021-07-30,-1709000.0,2465850000.0,,1006477000.0,1459373000.0,,0.788,-105196000.0,133309000.0,133309000.0,588196000.0,-323213000.0,1.373,8.26,1480660000.0,14322000.0,1466338000.0,1480660000.0,54790000.0,96172000.0,0.0,0.0,0.0,-305071000.0,-208899000.0,-0.309,-208899000.0,-305071000.0,-323213000.0,-0.97,-0.97,-0.97,266278000.0,,266278000.0,27375974762.0,-43.0,-71.31,-73690000.0,-0.218,1.0,87846000.0,0.13,730144000.0,18142000.0,2349823000.0,,220646000.0,944341000.0,572879000.0,371462000.0,2199572000.0,733234000.0,1466338000.0,25944144762.0,59766000.0,0.0,27539000.0,-1176000.0,0.0,26363000.0,1664000.0,106860000.0,31506000.0,233000.0,-323213000.0,-323213000.0,-323213000.0,0.0,0.0,-0.478,361630000.0,-273784000.0,463026000.0,0.0,97.433,-36.035,-34.605,317613000.0,0.0,76.13,15.821,15.17,0.0,-882028000.0,676042000.0,676042000.0,57720000.0,,,,,14049000.0,-31837000.0,1.0,340787400.0,337820000,337820000.0,2.001,1735706000.0,0.0,0.0,0.0,5.138,273243000.0
87,AMZN,MRQ,1999-09-30,1999-09-30,1999-09-30,2021-07-30,-18957000.0,2239799000.0,,1080068000.0,1159731000.0,,1.263,-70762000.0,43149000.0,43149000.0,285300000.0,-197080000.0,3.02,4.334,1474979000.0,12776000.0,1462203000.0,1474979000.0,0.0,83953000.0,0.0,0.0,0.0,-175610000.0,-91657000.0,-0.258,-91657000.0,-175610000.0,-197080000.0,-0.59,-0.59,-0.59,419925000.0,,419925000.0,28372673739.0,-77.0,-169.928,-146335000.0,-0.44,1.0,70477000.0,0.198,705932000.0,21470000.0,2608026000.0,,118793000.0,1058853000.0,862536000.0,196317000.0,1819874000.0,357671000.0,1462203000.0,26956115739.0,-32214000.0,0.0,15304000.0,8408000.0,0.0,23498000.0,19742000.0,90504000.0,-75573000.0,119000.0,-197080000.0,-197080000.0,-197080000.0,0.0,0.0,-0.554,237586000.0,-167109000.0,236711000.0,0.0,64.193,-60.824,-58.35,221243000.0,0.0,79.94,22.156,21.847,0.0,-558815000.0,355777000.0,355777000.0,44451000.0,,,,,11789000.0,105224000.0,1.0,337204350.0,332488000,332488000.0,1.07,1533867000.0,0.0,0.0,0.0,4.613,722397000.0
88,AMZN,MRQ,1999-06-30,1999-06-30,1999-06-30,2021-07-30,-9411000.0,2298214000.0,,1256958000.0,1041256000.0,,1.772,-92035000.0,42539000.0,42539000.0,246846000.0,-138008000.0,4.522,3.025,1459097000.0,9873000.0,1449224000.0,1459097000.0,0.0,45252000.0,0.0,0.0,0.0,-109688000.0,-64436000.0,-0.205,-64436000.0,-109688000.0,-138008000.0,-0.43,-0.43,-0.43,571046000.0,,571046000.0,21747259368.0,-95.0,-198.834,-121649000.0,-0.377,1.0,67531000.0,0.215,741865000.0,28320000.0,2694963000.0,,59387000.0,1207718000.0,1101698000.0,106020000.0,1727168000.0,277944000.0,1449224000.0,20211459368.0,102149000.0,0.0,15086000.0,-101230000.0,0.0,-86181000.0,217647000.0,309682000.0,-29614000.0,297000.0,-138008000.0,-138008000.0,-138008000.0,0.0,0.0,-0.439,180411000.0,-112880000.0,165983000.0,0.0,35.394,-69.39,-67.258,156333000.0,0.0,62.55,19.923,19.874,0.0,-361735000.0,314377000.0,314377000.0,34149000.0,,,,,4669000.0,100634000.0,1.0,323124850.0,322340000,322340000.0,0.975,1556349000.0,0.0,0.0,0.0,4.828,979014000.0
89,AMZN,MRQ,1999-03-31,1999-03-31,1999-03-31,2021-07-30,-4390000.0,1812984000.0,,1525278000.0,287706000.0,,0.247,-19062000.0,5248000.0,5248000.0,228852000.0,-61667000.0,7.566,22.382,1541048000.0,7186000.0,1533862000.0,1541048000.0,0.0,26123000.0,0.0,0.0,0.0,-45033000.0,-18910000.0,-0.064,-18910000.0,-45033000.0,-61667000.0,-0.2,-0.2,-0.2,77537000.0,,77537000.0,28064143842.0,-203.0,-454.944,-36256000.0,-0.116,1.0,64791000.0,0.221,187194000.0,16634000.0,2960005000.0,,45236000.0,1437717000.0,1437717000.0,0.0,1735447000.0,201585000.0,1533862000.0,27740880842.0,-20313000.0,0.0,6540000.0,1168751000.0,0.0,1140391000.0,-1143350000.0,-1124288000.0,-17194000.0,-160000.0,-61667000.0,-61667000.0,-61667000.0,0.0,0.0,-0.21,116772000.0,-51981000.0,133018000.0,0.0,357.776,-157.759,-149.739,60600000.0,0.0,86.1,33.992,33.106,0.0,-223727000.0,293643000.0,293643000.0,23402000.0,,,,,111000.0,71960000.0,1.0,322193738.0,313794000,313794000.0,0.936,1625790000.0,0.0,0.0,0.0,5.181,1323693000.0
90,AMZN,MRQ,1998-12-31,1998-12-31,1998-12-31,2021-07-30,1806000.0,648460000.0,,424254000.0,224206000.0,,0.449,-9554000.0,71583000.0,71583000.0,199475000.0,-46426000.0,2.626,3.674,348948000.0,808000.0,348140000.0,348948000.0,0.0,45838000.0,0.0,0.0,0.0,-37804000.0,8034000.0,0.032,8034000.0,-37804000.0,-46426000.0,-0.15,-0.15,-0.15,138745000.0,,138745000.0,17279092572.0,-176.0,-376.557,29144000.0,0.094,1.0,53352000.0,0.211,178638000.0,8622000.0,585612000.0,,29501000.0,309602000.0,301862000.0,7740000.0,509715000.0,161575000.0,348140000.0,16952769572.0,-51516000.0,14374000.0,3041000.0,-725000.0,0.0,2316000.0,-92906000.0,-97726000.0,38698000.0,376000.0,-46426000.0,-46426000.0,-46426000.0,0.0,0.0,-0.184,92514000.0,-39162000.0,113273000.0,0.0,122.187,-136.117,-127.5,29791000.0,0.0,53.55,27.8,26.023,0.0,-162060000.0,252827000.0,252827000.0,17256000.0,,,,,1816000.0,53727000.0,1.0,316578330.0,308758000,308758000.0,0.819,469822000.0,0.0,0.0,0.0,1.522,262679000.0
91,AMZN,MRQ,1998-09-30,1998-09-30,1998-09-30,2021-07-30,590000.0,619714000.0,,374657000.0,245057000.0,,0.596,-9823000.0,14856000.0,14856000.0,118823000.0,-45171000.0,3.767,2.447,341179000.0,684000.0,340495000.0,341179000.0,0.0,2690000.0,0.0,0.0,0.0,-36752000.0,-34062000.0,-0.222,-34062000.0,-36752000.0,-45171000.0,-0.15,-0.15,-0.15,179764000.0,,179764000.0,5895569857.0,-79.0,-87.978,-10395000.0,-0.034,1.0,34825000.0,0.227,213064000.0,8419000.0,633518000.0,,19772000.0,322404000.0,322404000.0,0.0,439950000.0,99455000.0,340495000.0,5565002857.0,7394000.0,619000.0,1690000.0,-137000.0,0.0,1553000.0,6789000.0,15993000.0,-572000.0,-376000.0,-45171000.0,-45171000.0,-45171000.0,0.0,0.0,-0.294,76332000.0,-41507000.0,60046000.0,0.0,30.957,-62.579,-62.0,23821000.0,0.0,18.6,13.155,13.252,0.0,-115633000.0,153648000.0,153648000.0,13227000.0,,,,,193000.0,42405000.0,1.0,299193702.0,301405000,301405000.0,0.51,406650000.0,0.0,0.0,0.0,1.349,275202000.0
92,AMZN,MRQ,1998-06-30,1998-06-30,1998-06-30,2021-07-30,-35000.0,443759000.0,,369441000.0,74318000.0,,0.135,-6793000.0,2523000.0,2523000.0,89794000.0,-22579000.0,5.137,10.255,333090000.0,684000.0,332406000.0,333090000.0,0.0,1651000.0,0.0,0.0,0.0,-18400000.0,-16749000.0,-0.144,-16749000.0,-18400000.0,-22579000.0,-0.075,-0.075,-0.075,39429000.0,,39429000.0,4911279726.0,-102.0,-116.348,-6613000.0,-0.023,1.0,26188000.0,0.226,52398000.0,4179000.0,650004000.0,,17035000.0,337396000.0,337396000.0,0.0,404330000.0,71924000.0,332406000.0,4932786726.0,16604000.0,-14993000.0,8220000.0,248741000.0,0.0,249178000.0,-232719000.0,-210933000.0,180000.0,-35000.0,-22579000.0,-22579000.0,-22579000.0,0.0,0.0,-0.195,44588000.0,-18400000.0,47556000.0,0.0,125.106,-92.369,-89.865,14014000.0,0.0,16.625,16.054,15.829,0.0,-64100000.0,115982000.0,115982000.0,8745000.0,,,,,192000.0,30241000.0,1.0,296708976.0,292554000,292554000.0,0.396,391361000.0,0.0,0.0,0.0,1.338,297517000.0
93,AMZN,MRQ,1998-03-31,1998-03-31,1998-03-31,2021-07-30,0.0,145007000.0,,132893000.0,12114000.0,,0.07,-2163000.0,98893000.0,98893000.0,68063000.0,-10369000.0,2.741,6.314,77386000.0,684000.0,76702000.0,77386000.0,0.0,1841000.0,0.0,0.0,0.0,-9985000.0,-8144000.0,-0.093,-8144000.0,-9985000.0,-10369000.0,-0.035,-0.035,-0.035,19827000.0,,19827000.0,2034448365.0,-55.0,-63.72,-9434000.0,-0.033,1.0,19298000.0,0.221,0.0,384000.0,75022000.0,,11674000.0,18220000.0,18220000.0,0.0,125180000.0,48478000.0,76702000.0,2066222365.0,-11018000.0,0.0,1415000.0,0.0,0.0,1415000.0,-5162000.0,-2999000.0,-7271000.0,0.0,-10369000.0,-10369000.0,-10369000.0,0.0,0.0,-0.119,29283000.0,-9985000.0,34374000.0,0.0,104.213,-55.057,-52.026,9773000.0,0.0,7.128,9.429,9.193,0.0,-42874000.0,87361000.0,87361000.0,7320000.0,,,,,185000.0,21963000.0,1.0,289894404.0,282636000,282636000.0,0.309,145007000.0,0.0,0.0,0.0,0.513,84415000.0
94,AMZN,MRQ,1997-12-31,1997-12-31,1997-12-31,2021-07-30,0.0,149844000.0,,137709000.0,12135000.0,,0.103,-3207000.0,1876000.0,1876000.0,53127000.0,-10808000.0,3.091,4.241,78202000.0,1500000.0,76702000.0,78202000.0,0.0,1366000.0,0.0,0.0,0.0,-9423000.0,-8057000.0,-0.122,-8057000.0,-9423000.0,-10808000.0,-0.04,-0.04,-0.04,28591000.0,,28591000.0,1392633795.0,-45.0,-51.102,3009000.0,0.011,1.0,12913000.0,0.196,0.0,1385000.0,181619000.0,,8971000.0,123499000.0,123499000.0,0.0,121253000.0,44551000.0,76702000.0,1437486795.0,103013000.0,0.0,1023000.0,74960000.0,0.0,73696000.0,23101000.0,26308000.0,6216000.0,0.0,-10808000.0,-10808000.0,-10808000.0,0.0,0.0,-0.164,24237000.0,-11324000.0,33027000.0,0.0,50.278,-46.341,-41.84,9726000.0,0.0,5.021,9.727,8.856,0.0,-37514000.0,66040000.0,66040000.0,4734000.0,,,,,361000.0,18292000.0,1.0,286304424.0,278844000,278844000.0,0.237,149844000.0,0.0,0.0,0.0,0.537,93158000.0
95,AMZN,MRQ,1997-09-30,1997-09-30,1997-09-30,2021-07-30,0.0,57447000.0,,52697000.0,4750000.0,,0.136,-2157000.0,45034000.0,45034000.0,30717000.0,-9647000.0,2.655,0.535,181000.0,0.0,181000.0,181000.0,0.0,1054000.0,0.0,0.0,0.0,-10316000.0,-9262000.0,-0.244,-9262000.0,-10316000.0,-9647000.0,-0.035,-0.035,-0.035,37418000.0,,37418000.0,1195907135.0,-51.0,-56.547,-10292000.0,-0.037,1.0,7170000.0,0.189,0.0,-669000.0,-7254000.0,,2732000.0,3494000.0,3494000.0,0.0,20029000.0,19848000.0,181000.0,1243754135.0,-4421000.0,0.0,2758000.0,-7000.0,0.0,2529000.0,1185000.0,3342000.0,-8135000.0,0.0,-9647000.0,-9647000.0,-9647000.0,0.0,0.0,-0.255,17486000.0,-10316000.0,15386000.0,0.0,33.239,-56.131,-47.219,4403000.0,0.0,4.344,13.787,13.251,0.0,-24278000.0,37887000.0,37887000.0,3998000.0,,,,,368000.0,13488000.0,1.0,286304424.0,275190000,275190000.0,0.138,57447000.0,0.0,0.0,0.0,0.209,32849000.0
96,AMZN,MRQ,1997-06-30,1997-06-30,1997-06-30,2021-07-30,0.0,63098000.0,,59206000.0,3892000.0,,0.178,-1313000.0,48028000.0,48028000.0,22633000.0,-6705000.0,3.411,0.385,181000.0,0.0,181000.0,181000.0,0.0,602000.0,0.0,0.0,0.0,-7067000.0,-6465000.0,-0.232,-6465000.0,-7067000.0,-6705000.0,-0.027,-0.027,-0.027,45560000.0,,45560000.0,434030987.0,-28.0,-30.615,90000.0,0.0,1.0,5222000.0,0.187,0.0,-362000.0,-2106000.0,,1652000.0,8692000.0,8692000.0,0.0,17538000.0,17357000.0,181000.0,441385987.0,4324000.0,0.0,49140000.0,0.0,0.0,49140000.0,-46219000.0,-44906000.0,1403000.0,0.0,-6705000.0,-6705000.0,-6705000.0,0.0,0.0,-0.241,12289000.0,-7067000.0,10327000.0,0.0,9.688,-29.641,-23.359,3564000.0,0.0,1.542,7.812,6.98,0.0,-15768000.0,27855000.0,27855000.0,2808000.0,,,,,362000.0,9481000.0,1.0,286304424.0,255804000,255804000.0,0.109,63098000.0,0.0,0.0,0.0,0.247,41849000.0
97,AMZN,MRQ,1997-03-31,1997-03-31,1997-03-31,2021-07-30,0.0,11722000.0,,9038000.0,2684000.0,,0.012,-926000.0,7355000.0,7355000.0,12484000.0,-3038000.0,1.009,3.242,0.0,0.0,0.0,0.0,0.0,420000.0,0.0,,0.0,-3038000.0,-2618000.0,-0.164,-2618000.0,-3038000.0,-3038000.0,-0.013,-0.013,-0.013,2763000.0,,2763000.0,,,,277000.0,0.001,1.0,3521000.0,0.22,0.0,0.0,-4592000.0,,939000.0,0.0,0.0,0.0,8959000.0,8959000.0,0.0,,914000.0,0.0,437000.0,0.0,0.0,637000.0,-926000.0,0.0,1203000.0,0.0,-3038000.0,-3038000.0,-3038000.0,0.0,0.0,-0.19,6623000.0,-3102000.0,5650000.0,0.0,,,,2491000.0,0.0,,,,0.0,-9063000.0,16005000.0,16005000.0,1575000.0,,,,,263000.0,5048000.0,1.0,286304424.0,232824000,232824000.0,0.069,11722000.0,0.0,0.0,0.0,0.05,79000.0
98,AMZN,MRQ,1996-12-31,1996-12-31,1996-12-31,2021-07-30,0.0,8271000.0,,7140000.0,1131000.0,,0.015,-660000.0,6394000.0,6394000.0,6577000.0,-2768000.0,1.466,1.432,0.0,0.0,0.0,0.0,0.0,161000.0,0.0,,0.0,-2965000.0,-2804000.0,-0.331,-2804000.0,-2965000.0,-2768000.0,-0.017,-0.017,-0.017,3401000.0,,3401000.0,,,,-1948000.0,-0.009,1.0,1891000.0,0.223,0.0,-197000.0,-2993000.0,,571000.0,0.0,0.0,0.0,4870000.0,4870000.0,0.0,,-6573000.0,0.0,8578000.0,0.0,0.0,608000.0,-5893000.0,-5233000.0,-1288000.0,0.0,-2768000.0,-2768000.0,-2768000.0,0.0,0.0,-0.327,4750000.0,-2859000.0,2852000.0,0.0,,,,985000.0,0.0,,,,0.0,-6025000.0,8468000.0,8468000.0,989000.0,,,,,0.0,3761000.0,1.0,,222542000,222542000.0,0.038,8271000.0,0.0,0.0,0.0,0.037,2270000.0
99,AMZN,MRQ,1996-09-30,1996-09-30,1996-09-30,2021-07-30,,,,,,,,-440000.0,,,3262000.0,-2380000.0,,,,,,,,90000.0,,,0.0,-2380000.0,-2290000.0,-0.549,-2290000.0,-2380000.0,-2380000.0,-0.008,-0.008,-0.008,,,,,,,-905000.0,-0.003,1.0,911000.0,0.218,,0.0,,,,,,,,,,,-881000.0,0.0,24000.0,0.0,0.0,24000.0,-440000.0,0.0,-465000.0,0.0,-2380000.0,-2380000.0,-2380000.0,0.0,0.0,-0.57,3383000.0,-2472000.0,,0.0,,,,,0.0,,,,,,4173000.0,4173000.0,755000.0,,,,,0.0,2628000.0,1.0,,275604000,275604000.0,0.015,,,0.0,,,
100,AMZN,MRQ,1996-06-30,1996-06-30,1996-06-30,2021-07-30,,,,,,,,,,,1753000.0,-767000.0,,,,,,,,,,,0.0,-767000.0,,,,-767000.0,-767000.0,-0.003,-0.003,-0.003,,,,,,,,,1.0,477000.0,0.214,,0.0,,,,,,,,,,,,,,,,,,,,,-767000.0,-767000.0,-767000.0,0.0,0.0,-0.344,1253000.0,-776000.0,,0.0,,,,,0.0,,,,,,2230000.0,2230000.0,394000.0,,,,,,859000.0,1.0,,269172000,269172000.0,0.008,,,0.0,,,
101,AMZN,MRQ,1996-03-31,1996-03-31,1996-03-31,2021-07-30,0.0,8271000.0,,7140000.0,1131000.0,,0.013,,6394000.0,6394000.0,695000.0,-331000.0,1.466,1.432,0.0,0.0,0.0,0.0,0.0,,0.0,,0.0,-331000.0,,,,-331000.0,-331000.0,-0.002,-0.002,-0.002,3401000.0,,3401000.0,,,,,,1.0,180000.0,0.206,0.0,0.0,-2993000.0,,571000.0,0.0,0.0,0.0,4870000.0,4870000.0,0.0,,,,,,,,,,,,-331000.0,-331000.0,-331000.0,0.0,0.0,-0.378,516000.0,-336000.0,2852000.0,0.0,,,,985000.0,0.0,,,,0.0,-6025000.0,875000.0,875000.0,263000.0,,,,,,253000.0,1.0,,267012000,267012000.0,0.003,8271000.0,0.0,0.0,0.0,0.031,2270000.0
102,AMZN,MRQ,1995-12-31,1995-12-31,1995-12-31,2021-07-30,0.0,1084000.0,,1027000.0,57000.0,,0.006,,996000.0,996000.0,,,9.598,0.11,0.0,0.0,0.0,0.0,0.0,,0.0,,0.0,,,,,,,,,,977000.0,,977000.0,,,,,,1.0,,,0.0,,-19000.0,,17000.0,0.0,0.0,0.0,107000.0,107000.0,0.0,,,,,,,,,,,,,,,,,,,,99000.0,,,,,57000.0,,,,,0.0,-248000.0,,,,,,,,,,1.0,,172728000,,,1084000.0,0.0,,0.0,0.006,920000.0
0,AMZN,MRT,2021-06-30,2021-06-30,2021-06-30,2021-07-30,-525000000.0,360319000000.0,321692500000.0,140848000000.0,219471000000.0,1.378,227.333,-47177000000.0,40380000000.0,40380000000.0,262969000000.0,29438000000.0,1.196,2.139,106576000000.0,0.0,106576000000.0,106576000000.0,10695000000.0,29687000000.0,0.0,0.0,0.0,35272000000.0,64959000000.0,0.147,64959000000.0,35272000000.0,33596000000.0,58.52,57.39,58.52,114803000000.0,98575500000.0,114803000000.0,1786055343638.0,51.0,27.495,12146000000.0,24.051,1.0,180329000000.0,0.407,15350000000.0,1676000000.0,293373000000.0,243970500000.0,24119000000.0,49514000000.0,49514000000.0,0.0,245516000000.0,117792000000.0,127724000000.0,1734954343638.0,2825000000.0,-3065000000.0,0.0,6246000000.0,0.0,6246000000.0,-63659000000.0,-13417000000.0,59323000000.0,915000000.0,29438000000.0,29438000000.0,29438000000.0,0.0,0.0,0.066,150695000000.0,29634000000.0,66090000000.0,0.0,15.112,58.936,58.786,176848000000.0,0.0,3440.16,3.914,3.919,26835000000.0,68436000000.0,443298000000.0,443298000000.0,49384000000.0,0.092,0.299,0.145,0.08,10747000000.0,34349000000.0,1.0,504323736.0,505000000,514000000.0,877.818,344969000000.0,0.0,4158000000.0,0.0,683.107,23056000000.0
1,AMZN,MRT,2021-03-31,2021-03-31,2021-03-31,2021-07-30,-666000000.0,323077000000.0,296191250000.0,121408000000.0,201669000000.0,1.415,205.0,-40804000000.0,33834000000.0,33834000000.0,251453000000.0,26903000000.0,1.052,2.127,84935000000.0,0.0,84935000000.0,84935000000.0,10539000000.0,27397000000.0,0.0,0.0,0.0,32821000000.0,60218000000.0,0.144,60218000000.0,32821000000.0,31177000000.0,53.62,52.57,53.62,103320000000.0,88306750000.0,103320000000.0,1600336600021.0,49.0,26.576,26410000000.0,52.401,1.0,167677000000.0,0.4,15220000000.0,1644000000.0,243554000000.0,217659000000.0,23849000000.0,39436000000.0,39436000000.0,0.0,219757000000.0,115404000000.0,104353000000.0,1558069600021.0,6650000000.0,-2863000000.0,0.0,-1989000000.0,0.0,-1989000000.0,-59383000000.0,-15716000000.0,67214000000.0,808000000.0,26903000000.0,26903000000.0,26903000000.0,0.0,0.0,0.064,139902000000.0,27775000000.0,63926000000.0,0.0,15.08,57.914,57.704,160789000000.0,0.0,3094.08,3.717,3.721,24289000000.0,60658000000.0,419130000000.0,419130000000.0,45901000000.0,0.091,0.305,0.151,0.078,9757000000.0,30592000000.0,1.0,503564743.0,504000000,513000000.0,831.607,307857000000.0,0.0,4274000000.0,0.0,610.827,6004000000.0
2,AMZN,MRT,2020-12-31,2020-12-31,2020-12-31,2021-07-30,-180000000.0,321195000000.0,270731500000.0,132733000000.0,188462000000.0,1.426,186.808,-35044000000.0,42122000000.0,42122000000.0,233307000000.0,21331000000.0,1.05,2.439,84389000000.0,0.0,84389000000.0,84389000000.0,9708000000.0,25251000000.0,0.0,0.0,0.0,25841000000.0,51092000000.0,0.132,51092000000.0,25841000000.0,24194000000.0,42.64,41.83,42.64,93404000000.0,78794750000.0,93404000000.0,1685756480448.0,65.0,32.995,31020000000.0,62.04,1.0,152757000000.0,0.396,15017000000.0,1647000000.0,222060000000.0,197601500000.0,23795000000.0,42274000000.0,42274000000.0,0.0,227791000000.0,126385000000.0,101406000000.0,1634168480448.0,5967000000.0,-2325000000.0,0.0,-1104000000.0,0.0,-1104000000.0,-59611000000.0,-22242000000.0,66064000000.0,618000000.0,21331000000.0,21331000000.0,21331000000.0,0.0,0.0,0.055,129858000000.0,22899000000.0,72539000000.0,0.0,17.496,76.61,76.382,150667000000.0,0.0,3256.93,4.233,4.218,24542000000.0,52551000000.0,386064000000.0,386064000000.0,42740000000.0,0.079,0.271,0.131,0.067,9208000000.0,28676000000.0,1.0,501751183.0,500000000,510000000.0,772.128,306178000000.0,0.0,2863000000.0,0.0,612.356,6348000000.0
3,AMZN,MRT,2020-09-30,2020-09-30,2020-09-30,2021-07-30,-1029000000.0,282179000000.0,246744750000.0,112969000000.0,169210000000.0,1.41,165.22,-25791000000.0,29930000000.0,29930000000.0,208000000000.0,17377000000.0,1.108,2.409,81518000000.0,0.0,81518000000.0,81518000000.0,9251000000.0,23803000000.0,0.0,0.0,0.0,22148000000.0,45951000000.0,0.132,45951000000.0,22148000000.0,20460000000.0,34.81,34.16,34.81,82775000000.0,70958750000.0,82775000000.0,1615626270793.0,73.0,35.16,29502000000.0,58.886,1.0,139945000000.0,0.402,14960000000.0,1688000000.0,216895000000.0,179535250000.0,23735000000.0,38472000000.0,38472000000.0,0.0,199404000000.0,101912000000.0,97492000000.0,1577166270793.0,6648000000.0,-2721000000.0,0.0,-2859000000.0,0.0,-2859000000.0,-46110000000.0,-17598000000.0,55293000000.0,324000000.0,17377000000.0,17377000000.0,17377000000.0,0.0,0.0,0.05,120040000000.0,19905000000.0,58334000000.0,0.0,19.054,90.762,90.455,134100000000.0,0.0,3148.73,4.533,4.534,20832000000.0,45329000000.0,347945000000.0,347945000000.0,40429000000.0,0.07,0.245,0.123,0.064,8486000000.0,26890000000.0,1.0,500889651.0,501000000,512000000.0,694.501,267219000000.0,0.0,3083000000.0,0.0,533.371,11057000000.0
4,AMZN,MRT,2020-06-30,2020-06-30,2020-06-30,2021-07-30,-1455000000.0,258314000000.0,225974750000.0,110908000000.0,147406000000.0,1.424,147.456,-19368000000.0,37466000000.0,37466000000.0,192196000000.0,13180000000.0,1.181,2.504,75926000000.0,0.0,75926000000.0,75926000000.0,8997000000.0,22843000000.0,0.0,0.0,0.0,17844000000.0,40687000000.0,0.126,40687000000.0,17844000000.0,16188000000.0,26.49,26.02,26.49,73728000000.0,64392000000.0,73728000000.0,1412569292602.0,79.0,34.718,31853000000.0,63.706,1.0,129585000000.0,0.403,14751000000.0,1656000000.0,188127000000.0,162437500000.0,19599000000.0,33925000000.0,33925000000.0,0.0,184586000000.0,93896000000.0,90690000000.0,1376033292602.0,14877000000.0,-1384000000.0,0.0,-714000000.0,0.0,-714000000.0,-35308000000.0,-14556000000.0,51221000000.0,-322000000.0,13180000000.0,13180000000.0,13180000000.0,0.0,0.0,0.041,112717000000.0,16868000000.0,51036000000.0,0.0,18.664,104.403,104.146,115054000000.0,0.0,2758.82,4.276,4.287,19918000000.0,38998000000.0,321781000000.0,321781000000.0,38653000000.0,0.058,0.205,0.11,0.055,7977000000.0,25888000000.0,1.0,498776032.0,500000000,509000000.0,643.562,243563000000.0,0.0,3008000000.0,0.0,487.126,17012000000.0
5,AMZN,MRT,2020-03-31,2020-03-31,2020-03-31,2021-07-30,-2063000000.0,221238000000.0,209234000000.0,85985000000.0,135253000000.0,1.416,131.068,-15396000000.0,27201000000.0,27201000000.0,175873000000.0,10562000000.0,1.079,2.389,63737000000.0,0.0,63737000000.0,63737000000.0,8864000000.0,22297000000.0,0.0,0.0,0.0,14479000000.0,36776000000.0,0.124,36776000000.0,14479000000.0,12843000000.0,21.31,20.94,21.31,65272000000.0,59225250000.0,65272000000.0,997703978876.0,69.0,27.129,24337000000.0,48.869,1.0,120400000000.0,0.406,14739000000.0,1636000000.0,163324000000.0,151104000000.0,18857000000.0,22091000000.0,22091000000.0,0.0,155966000000.0,79711000000.0,76255000000.0,970590978876.0,3998000000.0,-1383000000.0,0.0,-10280000000.0,0.0,-10280000000.0,-25053000000.0,-8274000000.0,39733000000.0,-402000000.0,10562000000.0,10562000000.0,10562000000.0,0.0,0.0,0.036,106291000000.0,14109000000.0,40056000000.0,0.0,14.87,91.895,91.493,104058000000.0,0.0,1949.72,3.276,3.277,17836000000.0,33755000000.0,296273000000.0,296273000000.0,37330000000.0,0.05,0.178,0.096,0.049,7347000000.0,25524000000.0,1.0,497810444.0,498000000,506000000.0,594.926,206499000000.0,0.0,2281000000.0,0.0,414.657,6274000000.0
6,AMZN,MRT,2019-12-31,2019-12-31,2019-12-31,2021-07-30,-986000000.0,225248000000.0,198450000000.0,96334000000.0,128914000000.0,1.414,125.628,-12689000000.0,36092000000.0,36092000000.0,165536000000.0,11588000000.0,1.097,2.63,63205000000.0,0.0,63205000000.0,63205000000.0,8190000000.0,21789000000.0,0.0,0.0,0.0,15562000000.0,37351000000.0,0.133,37351000000.0,15562000000.0,13962000000.0,23.46,23.01,23.46,62060000000.0,55009750000.0,62060000000.0,952428935005.0,61.0,25.499,25825000000.0,52.277,1.0,114986000000.0,0.41,14754000000.0,1600000000.0,149795000000.0,143568250000.0,20497000000.0,18929000000.0,18929000000.0,0.0,163188000000.0,87812000000.0,75376000000.0,916153935005.0,4237000000.0,-2461000000.0,0.0,-10066000000.0,0.0,-10066000000.0,-24281000000.0,-9131000000.0,38514000000.0,70000000.0,11588000000.0,11588000000.0,11588000000.0,0.0,0.0,0.041,100445000000.0,14541000000.0,47183000000.0,0.0,14.762,79.061,78.766,97846000000.0,0.0,1847.84,3.266,3.254,20816000000.0,31220000000.0,280522000000.0,280522000000.0,35931000000.0,0.058,0.211,0.108,0.055,6864000000.0,24081000000.0,1.0,495797220.0,494000000,504000000.0,567.858,210494000000.0,0.0,2374000000.0,0.0,426.101,8522000000.0
7,AMZN,MRT,2019-09-30,2019-09-30,2019-09-30,2021-07-30,-1429000000.0,199099000000.0,182800000000.0,79054000000.0,120045000000.0,1.452,114.158,-11869000000.0,23255000000.0,23255000000.0,156345000000.0,11347000000.0,1.096,2.523,59530000000.0,0.0,59530000000.0,59530000000.0,7381000000.0,19881000000.0,0.0,0.0,0.0,14793000000.0,34674000000.0,0.131,34674000000.0,14793000000.0,13261000000.0,23.06,22.58,23.06,56508000000.0,50382000000.0,56508000000.0,894525322999.0,60.0,25.798,23464000000.0,47.402,1.0,109123000000.0,0.411,14734000000.0,1532000000.0,148504000000.0,126395500000.0,18766000000.0,20146000000.0,20146000000.0,0.0,142591000000.0,72136000000.0,70455000000.0,858678322999.0,2522000000.0,-2015000000.0,0.0,-8256000000.0,0.0,-8256000000.0,-24318000000.0,-10434000000.0,35333000000.0,-237000000.0,11347000000.0,11347000000.0,11347000000.0,0.0,0.0,0.043,94676000000.0,14447000000.0,35794000000.0,0.0,15.196,75.674,75.278,90776000000.0,0.0,1735.91,3.235,3.237,16887000000.0,27952000000.0,265468000000.0,265468000000.0,33861000000.0,0.062,0.225,0.117,0.056,6441000000.0,22527000000.0,1.0,494656015.0,495000000,504000000.0,536.299,184365000000.0,0.0,1914000000.0,0.0,372.455,6918000000.0
8,AMZN,MRT,2019-06-30,2019-06-30,2019-06-30,2021-07-30,-960000000.0,191351000000.0,168949000000.0,76790000000.0,114561000000.0,1.492,107.629,-11011000000.0,22616000000.0,22616000000.0,148046000000.0,12096000000.0,1.102,2.606,58463000000.0,0.0,58463000000.0,58463000000.0,7475000000.0,18096000000.0,0.0,0.0,0.0,15518000000.0,33614000000.0,0.133,33614000000.0,15518000000.0,14024000000.0,24.66,24.1,24.66,53061000000.0,46036250000.0,53061000000.0,965776220987.0,62.0,28.731,25018000000.0,50.746,1.0,104017000000.0,0.413,14727000000.0,1494000000.0,142793000000.0,108788750000.0,18580000000.0,18847000000.0,18847000000.0,0.0,138290000000.0,69678000000.0,68612000000.0,932294220987.0,2429000000.0,-2593000000.0,0.0,-8665000000.0,0.0,-8665000000.0,-24816000000.0,-11212000000.0,36029000000.0,-119000000.0,12096000000.0,12096000000.0,12096000000.0,0.0,0.0,0.048,89003000000.0,15014000000.0,36063000000.0,0.0,17.57,77.075,76.79,86372000000.0,0.0,1893.63,3.699,3.704,16747000000.0,25818000000.0,252063000000.0,252063000000.0,31823000000.0,0.072,0.263,0.143,0.062,6012000000.0,20771000000.0,1.0,492331776.0,493000000,503000000.0,511.284,176624000000.0,0.0,1928000000.0,0.0,358.264,7112000000.0
9,AMZN,MRT,2019-03-31,2019-03-31,2019-03-31,2021-07-30,-1010000000.0,178102000000.0,154636250000.0,69431000000.0,108671000000.0,1.562,98.595,-11317000000.0,23115000000.0,23115000000.0,142341000000.0,12005000000.0,1.09,2.679,56597000000.0,0.0,56597000000.0,56597000000.0,7298000000.0,16524000000.0,0.0,0.0,0.0,15204000000.0,31728000000.0,0.131,31728000000.0,15204000000.0,13750000000.0,24.55,23.95,24.55,48410000000.0,41519750000.0,48410000000.0,866454546368.0,57.0,27.309,23043000000.0,46.931,1.0,99204000000.0,0.411,14708000000.0,1454000000.0,133181000000.0,91633000000.0,16432000000.0,13905000000.0,13905000000.0,0.0,129692000000.0,63695000000.0,65997000000.0,874709546368.0,5891000000.0,-3342000000.0,0.0,-7901000000.0,0.0,-7901000000.0,-19959000000.0,-5300000000.0,34360000000.0,-609000000.0,12005000000.0,12005000000.0,12005000000.0,0.0,0.0,0.05,84291000000.0,14913000000.0,31809000000.0,0.0,18.069,72.862,72.536,81180000000.0,0.0,1780.75,3.621,3.62,15979000000.0,23193000000.0,241545000000.0,241545000000.0,30005000000.0,0.078,0.289,0.166,0.063,5509000000.0,19222000000.0,1.0,491202890.0,491000000,502000000.0,491.945,163394000000.0,0.0,1745000000.0,0.0,332.778,5736000000.0
10,AMZN,MRT,2018-12-31,2018-12-31,2018-12-31,2021-07-30,-1035000000.0,162648000000.0,141701250000.0,75101000000.0,87547000000.0,1.644,89.423,-11323000000.0,31750000000.0,31750000000.0,139156000000.0,10073000000.0,1.098,2.735,33145000000.0,0.0,33145000000.0,33145000000.0,6536000000.0,15341000000.0,0.0,0.0,0.0,12687000000.0,28028000000.0,0.12,28028000000.0,12687000000.0,11270000000.0,20.68,20.14,20.68,43549000000.0,37283000000.0,43549000000.0,738675210197.0,58.0,26.355,19400000000.0,39.836,1.0,93731000000.0,0.402,14548000000.0,1417000000.0,81104000000.0,76561000000.0,17174000000.0,9500000000.0,9500000000.0,0.0,119099000000.0,68391000000.0,50708000000.0,734416210197.0,10317000000.0,-2186000000.0,0.0,-7686000000.0,0.0,-7686000000.0,-12369000000.0,1140000000.0,30723000000.0,-351000000.0,10073000000.0,10073000000.0,10073000000.0,0.0,0.0,0.043,81310000000.0,12421000000.0,38192000000.0,0.0,16.864,72.909,72.629,61797000000.0,0.0,1501.97,3.154,3.141,16677000000.0,19625000000.0,232887000000.0,232887000000.0,28837000000.0,0.071,0.27,0.166,0.054,5418000000.0,18150000000.0,1.0,488968628.0,487000000,500000000.0,478.207,148100000000.0,0.0,1197000000.0,0.0,304.107,6710000000.0
11,AMZN,MRT,2018-09-30,2018-09-30,2018-09-30,2021-07-30,-1034000000.0,143695000000.0,133866750000.0,59885000000.0,83810000000.0,1.651,80.174,-11239000000.0,20425000000.0,20425000000.0,132865000000.0,8903000000.0,1.082,2.673,24684000000.0,0.0,24684000000.0,24684000000.0,6000000000.0,14577000000.0,0.0,0.0,0.0,11155000000.0,25732000000.0,0.116,25732000000.0,11155000000.0,9786000000.0,18.34,17.85,18.34,39125000000.0,33323000000.0,39125000000.0,981760601567.0,88.0,38.153,15365000000.0,31.486,1.0,88092000000.0,0.399,14553000000.0,1369000000.0,78077000000.0,72359500000.0,15862000000.0,9340000000.0,9340000000.0,0.0,104570000000.0,55324000000.0,49246000000.0,976945601567.0,7072000000.0,-1936000000.0,0.0,-8498000000.0,0.0,-8498000000.0,-10778000000.0,2397000000.0,26604000000.0,-256000000.0,8903000000.0,8903000000.0,8903000000.0,0.0,0.0,0.04,77331000000.0,10761000000.0,30904000000.0,0.0,24.97,109.732,109.215,58019000000.0,0.0,2003.0,4.421,4.424,14258000000.0,16616000000.0,220957000000.0,220957000000.0,27482000000.0,0.067,0.267,0.154,0.05,5179000000.0,16606000000.0,1.0,487741189.0,488000000,501000000.0,452.781,129142000000.0,0.0,883000000.0,0.0,264.635,4561000000.0
12,AMZN,MRT,2018-06-30,2018-06-30,2018-06-30,2021-07-30,-934000000.0,134100000000.0,126759750000.0,54481000000.0,79619000000.0,1.642,72.006,-11371000000.0,19823000000.0,19823000000.0,127411000000.0,6276000000.0,1.072,2.832,24638000000.0,0.0,24638000000.0,24638000000.0,6004000000.0,13711000000.0,0.0,0.0,0.0,7948000000.0,21659000000.0,0.104,21659000000.0,7948000000.0,6709000000.0,12.96,12.62,12.96,34995000000.0,29706250000.0,34995000000.0,832752691419.0,105.0,38.448,10422000000.0,21.444,1.0,80714000000.0,0.388,13944000000.0,1239000000.0,74170000000.0,69557000000.0,14824000000.0,7227000000.0,7227000000.0,0.0,99105000000.0,50801000000.0,48304000000.0,824788691419.0,6685000000.0,-14173000000.0,0.0,8533000000.0,0.0,8533000000.0,-23684000000.0,1860000000.0,21793000000.0,43000000.0,6276000000.0,6276000000.0,6276000000.0,0.0,0.0,0.03,73330000000.0,7384000000.0,27657000000.0,0.0,23.569,131.419,131.157,54768000000.0,0.0,1699.8,3.963,3.969,12607000000.0,13733000000.0,208125000000.0,208125000000.0,26264000000.0,0.05,0.211,0.114,0.038,4914000000.0,15701000000.0,1.0,485226904.0,486000000,500000000.0,428.241,120156000000.0,0.0,433000000.0,0.0,247.235,3680000000.0
13,AMZN,MRT,2018-03-31,2018-03-31,2018-03-31,2021-07-30,-467000000.0,126362000000.0,115180000000.0,50829000000.0,75533000000.0,1.677,65.006,-10923000000.0,16676000000.0,16676000000.0,120230000000.0,3939000000.0,1.058,3.016,24640000000.0,0.0,24640000000.0,24640000000.0,6182000000.0,12714000000.0,0.0,0.0,0.0,5804000000.0,18518000000.0,0.096,18518000000.0,5804000000.0,4765000000.0,8.16,7.95,8.16,31463000000.0,26761000000.0,31463000000.0,704888690243.0,121.0,38.065,7271000000.0,15.023,1.0,72964000000.0,0.378,13388000000.0,1039000000.0,72893000000.0,60386250000.0,13840000000.0,8287000000.0,8287000000.0,0.0,94899000000.0,48045000000.0,46854000000.0,700667690243.0,1315000000.0,-13940000000.0,0.0,8653000000.0,0.0,8653000000.0,-26266000000.0,-1403000000.0,18194000000.0,734000000.0,3939000000.0,3939000000.0,3939000000.0,0.0,0.0,0.02,67935000000.0,5029000000.0,25172000000.0,0.0,22.27,177.88,177.37,52331000000.0,0.0,1447.34,3.627,3.626,12026000000.0,11199000000.0,193194000000.0,193194000000.0,24566000000.0,0.034,0.147,0.096,0.03,4604000000.0,14792000000.0,1.0,484107183.0,484000000,498000000.0,399.161,112974000000.0,0.0,826000000.0,0.0,233.417,2784000000.0
14,AMZN,MRT,2017-12-31,2017-12-31,2017-12-31,2021-07-30,-484000000.0,131310000000.0,103831750000.0,60197000000.0,71113000000.0,1.713,57.727,-10058000000.0,20522000000.0,20522000000.0,111934000000.0,3033000000.0,1.04,3.739,24743000000.0,0.0,24743000000.0,24743000000.0,5097000000.0,11478000000.0,0.0,0.0,0.0,4650000000.0,16128000000.0,0.091,16128000000.0,4650000000.0,3802000000.0,6.32,6.15,6.32,27709000000.0,24313750000.0,27709000000.0,575478052497.0,124.0,35.682,8307000000.0,17.306,1.0,65932000000.0,0.371,13350000000.0,848000000.0,64298000000.0,50162500000.0,16047000000.0,10464000000.0,10464000000.0,0.0,103601000000.0,57883000000.0,45718000000.0,563535052497.0,1922000000.0,-13972000000.0,0.0,9928000000.0,0.0,9928000000.0,-27084000000.0,-3054000000.0,18365000000.0,713000000.0,3033000000.0,3033000000.0,3033000000.0,0.0,0.0,0.017,61826000000.0,4106000000.0,34616000000.0,0.0,20.338,185.801,185.043,48866000000.0,0.0,1169.47,3.168,3.156,13164000000.0,8636000000.0,177866000000.0,177866000000.0,22620000000.0,0.029,0.125,0.093,0.026,4215000000.0,13743000000.0,1.0,481872175.0,480000000,493000000.0,370.554,117960000000.0,0.0,769000000.0,0.0,245.75,2314000000.0
15,AMZN,MRT,2017-09-30,2017-09-30,2017-09-30,2021-07-30,-501000000.0,115267000000.0,91854750000.0,48578000000.0,66689000000.0,1.754,51.264,-9027000000.0,12767000000.0,12767000000.0,102399000000.0,1926000000.0,1.032,3.675,24710000000.0,0.0,24710000000.0,24710000000.0,5153000000.0,10277000000.0,0.0,0.0,0.0,3736000000.0,14013000000.0,0.087,14013000000.0,3736000000.0,3093000000.0,4.04,3.94,4.04,24658000000.0,22207750000.0,24658000000.0,456292848668.0,122.0,32.562,7900000000.0,16.424,1.0,58755000000.0,0.365,13271000000.0,643000000.0,66867000000.0,40128500000.0,13711000000.0,11543000000.0,11543000000.0,0.0,90609000000.0,47072000000.0,43537000000.0,461812848668.0,19000000.0,-13894000000.0,0.0,11932000000.0,0.0,11932000000.0,-28916000000.0,-5995000000.0,16927000000.0,76000000.0,1926000000.0,1926000000.0,1926000000.0,0.0,0.0,0.012,55520000000.0,3235000000.0,26075000000.0,0.0,18.729,239.778,237.958,45335000000.0,0.0,961.35,2.866,2.869,10557000000.0,6779000000.0,161154000000.0,161154000000.0,20850000000.0,0.021,0.087,0.093,0.023,3922000000.0,12487000000.0,1.0,480379517.0,481000000,494000000.0,335.04,101996000000.0,0.0,1167000000.0,0.0,212.05,1506000000.0
16,AMZN,MRT,2017-06-30,2017-06-30,2017-06-30,2021-07-30,-607000000.0,87781000000.0,80762250000.0,41007000000.0,46774000000.0,1.859,48.463,-8209000000.0,13203000000.0,13203000000.0,96110000000.0,1922000000.0,1.012,2.781,7683000000.0,0.0,7683000000.0,7683000000.0,5065000000.0,9449000000.0,0.0,0.0,0.0,3793000000.0,13242000000.0,0.088,13242000000.0,3793000000.0,3260000000.0,4.04,3.94,4.04,23214000000.0,20488750000.0,23214000000.0,454931283032.0,120.0,34.355,9600000000.0,20.042,1.0,54014000000.0,0.36,4254000000.0,533000000.0,37487000000.0,30445000000.0,11510000000.0,8248000000.0,8248000000.0,0.0,64567000000.0,40520000000.0,24047000000.0,462680283032.0,1045000000.0,-765000000.0,0.0,-3730000000.0,0.0,-3730000000.0,-13008000000.0,-4034000000.0,17809000000.0,-26000000.0,1922000000.0,1922000000.0,1922000000.0,0.0,0.0,0.013,50551000000.0,3463000000.0,21439000000.0,0.0,19.931,240.729,239.604,37083000000.0,0.0,968.0,3.082,3.089,8046000000.0,6524000000.0,150124000000.0,150124000000.0,19041000000.0,0.024,0.094,0.125,0.025,3613000000.0,11425000000.0,1.0,477975499.0,479000000,492000000.0,313.411,83527000000.0,0.0,1338000000.0,0.0,174.378,487000000.0
17,AMZN,MRT,2017-03-31,2017-03-31,2017-03-31,2021-07-30,-797000000.0,80969000000.0,75086000000.0,39460000000.0,41509000000.0,1.899,45.438,-7419000000.0,15440000000.0,15440000000.0,91839000000.0,2582000000.0,1.055,2.736,7691000000.0,0.0,7691000000.0,7691000000.0,5454000000.0,8725000000.0,0.0,0.0,0.0,4266000000.0,12991000000.0,0.091,12991000000.0,4266000000.0,3760000000.0,5.44,5.32,5.44,21674000000.0,18819750000.0,21674000000.0,411390839682.0,96.0,31.667,10118000000.0,21.212,1.0,50734000000.0,0.356,3823000000.0,506000000.0,31998000000.0,27924750000.0,10600000000.0,6091000000.0,6091000000.0,0.0,59295000000.0,37399000000.0,21896000000.0,423030839682.0,3546000000.0,-146000000.0,0.0,-3608000000.0,0.0,-3608000000.0,-10173000000.0,-2608000000.0,17537000000.0,-210000000.0,2582000000.0,2582000000.0,2582000000.0,0.0,0.0,0.018,46614000000.0,4120000000.0,18891000000.0,0.0,19.518,163.838,162.967,32632000000.0,0.0,886.54,2.967,2.966,7329000000.0,6327000000.0,142573000000.0,142573000000.0,17372000000.0,0.034,0.137,0.153,0.03,3223000000.0,10448000000.0,1.0,477170618.0,477000000,490000000.0,298.895,77146000000.0,0.0,1178000000.0,0.0,161.732,2061000000.0
18,AMZN,MRT,2016-12-31,2016-12-31,2016-12-31,2021-07-30,-985000000.0,83402000000.0,70125750000.0,45781000000.0,37621000000.0,1.939,40.686,-6737000000.0,19334000000.0,19334000000.0,88265000000.0,2371000000.0,1.045,3.325,7694000000.0,0.0,7694000000.0,7694000000.0,4768000000.0,8116000000.0,0.0,0.0,0.0,4280000000.0,12396000000.0,0.091,12396000000.0,4280000000.0,3796000000.0,5.01,4.9,5.01,19285000000.0,17090250000.0,19285000000.0,350862123601.0,82.0,28.304,10466000000.0,22.08,1.0,47722000000.0,0.351,3784000000.0,484000000.0,24162000000.0,26151500000.0,11461000000.0,6647000000.0,6647000000.0,0.0,64117000000.0,43816000000.0,20301000000.0,356313123601.0,3759000000.0,-116000000.0,0.0,-3716000000.0,0.0,-3716000000.0,-9516000000.0,-2663000000.0,17203000000.0,-212000000.0,2371000000.0,2371000000.0,2371000000.0,0.0,0.0,0.017,43536000000.0,4186000000.0,25309000000.0,0.0,18.476,150.28,149.675,29114000000.0,0.0,749.87,2.62,2.614,8339000000.0,4916000000.0,135987000000.0,135987000000.0,16085000000.0,0.034,0.139,0.164,0.031,2975000000.0,9665000000.0,1.0,475166527.0,474000000,484000000.0,286.892,79618000000.0,0.0,1425000000.0,0.0,167.97,1965000000.0
19,AMZN,MRT,2016-09-30,2016-09-30,2016-09-30,2021-07-30,-521000000.0,70897000000.0,65462000000.0,35609000000.0,35288000000.0,1.955,37.515,-6040000000.0,13656000000.0,13656000000.0,83647000000.0,2104000000.0,1.063,2.987,8205000000.0,0.0,8205000000.0,8205000000.0,4200000000.0,7572000000.0,0.0,0.0,0.0,4033000000.0,11605000000.0,0.091,11605000000.0,4033000000.0,3567000000.0,4.47,4.38,4.47,17782000000.0,15615000000.0,17782000000.0,392637517452.0,97.0,33.833,9175000000.0,19.357,1.0,44346000000.0,0.346,3815000000.0,466000000.0,28133000000.0,24970500000.0,10696000000.0,4691000000.0,4691000000.0,0.0,53115000000.0,33498000000.0,19617000000.0,396946517452.0,2947000000.0,-431000000.0,0.0,-4745000000.0,0.0,-4957000000.0,-7552000000.0,-1081000000.0,15215000000.0,241000000.0,2104000000.0,2104000000.0,2104000000.0,0.0,0.0,0.016,40306000000.0,4040000000.0,18801000000.0,0.0,22.323,188.663,187.318,27177000000.0,0.0,837.31,3.101,3.101,6566000000.0,4167000000.0,127993000000.0,127993000000.0,15110000000.0,0.032,0.135,0.162,0.032,2906000000.0,8584000000.0,1.0,474073542.0,474000000,485000000.0,270.027,67082000000.0,0.0,1463000000.0,0.0,141.523,2111000000.0
20,AMZN,MRT,2016-06-30,2016-06-30,2016-06-30,2021-07-30,-571000000.0,65076000000.0,61795250000.0,32220000000.0,32856000000.0,1.952,34.964,-5394000000.0,12521000000.0,12521000000.0,79142000000.0,1931000000.0,1.089,2.935,8212000000.0,0.0,8212000000.0,8212000000.0,3851000000.0,7087000000.0,0.0,0.0,0.0,3790000000.0,10877000000.0,0.09,10877000000.0,3790000000.0,3326000000.0,4.11,4.03,4.11,16538000000.0,14277000000.0,16538000000.0,333398524735.0,88.0,30.652,7772000000.0,16.431,1.0,41495000000.0,0.344,3774000000.0,464000000.0,27406000000.0,23831750000.0,9588000000.0,4019000000.0,4019000000.0,0.0,48538000000.0,29587000000.0,18951000000.0,337649524735.0,2252000000.0,-452000000.0,0.0,-4570000000.0,0.0,-4687000000.0,-6359000000.0,-513000000.0,13166000000.0,132000000.0,1931000000.0,1931000000.0,1931000000.0,0.0,0.0,0.016,37624000000.0,3871000000.0,16123000000.0,0.0,20.417,174.857,174.117,25190000000.0,0.0,715.62,2.799,2.806,6092000000.0,3915000000.0,120637000000.0,120637000000.0,14172000000.0,0.031,0.135,0.159,0.031,2579000000.0,7934000000.0,1.0,471827960.0,473000000,483000000.0,255.047,61302000000.0,0.0,1395000000.0,0.0,129.603,2633000000.0
21,AMZN,MRT,2016-03-31,2016-03-31,2016-03-31,2021-07-30,-614000000.0,61128000000.0,58636250000.0,30513000000.0,30615000000.0,1.934,31.329,-4896000000.0,12470000000.0,12470000000.0,75122000000.0,1166000000.0,1.083,3.143,8219000000.0,0.0,8219000000.0,8219000000.0,3766000000.0,6682000000.0,0.0,0.0,0.0,2982000000.0,9664000000.0,0.085,9664000000.0,2982000000.0,2520000000.0,2.5,2.44,2.5,14756000000.0,13084500000.0,14756000000.0,271855665657.0,91.0,28.131,6689000000.0,14.202,1.0,38296000000.0,0.338,3785000000.0,462000000.0,24905000000.0,22726750000.0,9582000000.0,3389000000.0,3389000000.0,0.0,46372000000.0,28187000000.0,18185000000.0,279510665657.0,2233000000.0,-446000000.0,0.0,-4204000000.0,0.0,-4226000000.0,-5296000000.0,46000000.0,11585000000.0,170000000.0,1166000000.0,1166000000.0,1166000000.0,0.0,0.0,0.01,35246000000.0,3050000000.0,14990000000.0,0.0,18.942,239.718,237.456,23308000000.0,0.0,593.64,2.464,2.465,5072000000.0,3058000000.0,113418000000.0,113418000000.0,13312000000.0,0.02,0.089,0.131,0.026,2279000000.0,7425000000.0,1.0,470842035.0,471000000,481000000.0,240.803,57343000000.0,0.0,1354000000.0,0.0,121.747,2326000000.0
22,AMZN,MRT,2015-12-31,2015-12-31,2015-12-31,2021-07-30,-723000000.0,64747000000.0,55873000000.0,35705000000.0,29042000000.0,1.915,28.66,-4589000000.0,15890000000.0,15890000000.0,71651000000.0,596000000.0,1.054,3.838,8227000000.0,0.0,8227000000.0,8227000000.0,3118000000.0,6281000000.0,0.0,0.0,0.0,2005000000.0,8286000000.0,0.077,8286000000.0,2005000000.0,1546000000.0,1.28,1.25,1.28,13384000000.0,12113750000.0,13384000000.0,314365551559.0,157.0,37.939,7450000000.0,15.953,1.0,35355000000.0,0.33,3759000000.0,459000000.0,19438000000.0,21857250000.0,10243000000.0,3918000000.0,3918000000.0,0.0,51363000000.0,33887000000.0,17476000000.0,316831551559.0,1333000000.0,-795000000.0,0.0,-3882000000.0,0.0,-3882000000.0,-6450000000.0,-1066000000.0,12039000000.0,-374000000.0,596000000.0,596000000.0,596000000.0,0.0,0.0,0.006,33122000000.0,2233000000.0,20397000000.0,0.0,23.672,531.597,528.039,21838000000.0,0.0,675.89,2.961,2.95,5654000000.0,2545000000.0,107006000000.0,107006000000.0,12540000000.0,0.011,0.049,0.092,0.019,2119000000.0,7001000000.0,1.0,468762005.0,467000000,477000000.0,229.135,60988000000.0,0.0,950000000.0,0.0,130.595,1818000000.0
23,AMZN,MRT,2015-09-30,2015-09-30,2015-09-30,2021-07-30,-675000000.0,56230000000.0,53312500000.0,28849000000.0,27381000000.0,1.887,26.56,-4424000000.0,10709000000.0,10709000000.0,67982000000.0,328000000.0,1.082,3.524,8243000000.0,0.0,8243000000.0,8243000000.0,3063000000.0,5909000000.0,0.0,0.0,0.0,1450000000.0,7359000000.0,0.073,7359000000.0,1450000000.0,1031000000.0,0.72,0.71,0.72,12430000000.0,11453000000.0,12430000000.0,237294287244.0,164.0,32.245,5399000000.0,11.536,1.0,32607000000.0,0.324,3529000000.0,419000000.0,23578000000.0,21199000000.0,8981000000.0,3719000000.0,3719000000.0,0.0,43800000000.0,26657000000.0,17143000000.0,239313287244.0,5451000000.0,-531000000.0,0.0,3039000000.0,0.0,3136000000.0,-7065000000.0,-2110000000.0,9823000000.0,-443000000.0,328000000.0,328000000.0,328000000.0,0.0,0.0,0.003,30892000000.0,1715000000.0,14437000000.0,0.0,19.253,729.614,710.653,20636000000.0,0.0,511.67,2.379,2.381,5440000000.0,2063000000.0,100589000000.0,100589000000.0,11607000000.0,0.006,0.029,0.068,0.014,1825000000.0,6822000000.0,1.0,467710218.0,468000000,478000000.0,214.934,52701000000.0,0.0,703000000.0,0.0,112.609,2192000000.0
24,AMZN,MRT,2015-06-30,2015-06-30,2015-06-30,2021-07-30,-617000000.0,52440000000.0,49359750000.0,26391000000.0,26049000000.0,1.941,25.199,-4607000000.0,10269000000.0,10269000000.0,65854000000.0,-188000000.0,1.104,3.456,8250000000.0,0.0,8250000000.0,8250000000.0,2562000000.0,5557000000.0,0.0,0.0,0.0,501000000.0,6058000000.0,0.063,6058000000.0,501000000.0,149000000.0,-0.4,-0.41,-0.4,11768000000.0,10929500000.0,11768000000.0,200167446624.0,400.0,33.042,4372000000.0,9.362,1.0,29956000000.0,0.313,3523000000.0,352000000.0,22986000000.0,18826000000.0,7470000000.0,3732000000.0,3732000000.0,0.0,40672000000.0,23912000000.0,16760000000.0,202147446624.0,5212000000.0,-1286000000.0,0.0,3452000000.0,0.0,3454000000.0,-6634000000.0,-741000000.0,8979000000.0,-587000000.0,-188000000.0,-188000000.0,-188000000.0,0.0,0.0,-0.002,29191000000.0,765000000.0,12391000000.0,0.0,17.178,-1075.252,-1085.225,19479000000.0,0.0,434.09,2.11,2.116,4920000000.0,1984000000.0,95810000000.0,95810000000.0,10833000000.0,-0.004,-0.017,0.027,0.005,1753000000.0,6494000000.0,1.0,465680957.0,467000000,476000000.0,205.161,48917000000.0,0.0,337000000.0,0.0,104.747,2479000000.0
25,AMZN,MRT,2015-03-31,2015-03-31,2015-03-31,2021-07-30,-752000000.0,50075000000.0,45724250000.0,25922000000.0,24153000000.0,2.011,23.383,-4684000000.0,10237000000.0,10237000000.0,64093000000.0,-406000000.0,1.118,3.605,8257000000.0,0.0,8257000000.0,8257000000.0,2420000000.0,5162000000.0,0.0,0.0,0.0,42000000.0,5204000000.0,0.057,5204000000.0,42000000.0,-241000000.0,-0.87,-0.87,-0.87,10873000000.0,10638000000.0,10873000000.0,166505263702.0,3964.0,31.996,3160000000.0,6.796,1.0,27872000000.0,0.303,3491000000.0,283000000.0,21427000000.0,16712500000.0,7369000000.0,3544000000.0,3544000000.0,0.0,39202000000.0,23177000000.0,16025000000.0,172797263702.0,5163000000.0,-1345000000.0,0.0,4049000000.0,0.0,3956000000.0,-5989000000.0,40000000.0,7844000000.0,-648000000.0,-406000000.0,-406000000.0,-406000000.0,0.0,0.0,-0.004,27586000000.0,286000000.0,11917000000.0,0.0,15.892,-425.609,-427.701,17736000000.0,0.0,372.1,1.879,1.881,4772000000.0,1892000000.0,91965000000.0,91965000000.0,10039000000.0,-0.009,-0.038,0.003,0.0,1676000000.0,6197000000.0,1.0,464383939.0,465000000,465000000.0,197.774,46584000000.0,0.0,165000000.0,0.0,100.181,2745000000.0
26,AMZN,MRT,2014-12-31,2014-12-31,2014-12-31,2021-07-30,-511000000.0,54505000000.0,42296500000.0,31327000000.0,23178000000.0,2.104,23.249,-4893000000.0,14557000000.0,14557000000.0,62752000000.0,-241000000.0,1.115,4.074,8265000000.0,0.0,8265000000.0,8265000000.0,1823000000.0,4746000000.0,0.0,0.0,0.0,136000000.0,4882000000.0,0.055,4882000000.0,136000000.0,-74000000.0,-0.52,-0.52,-0.52,10741000000.0,10501750000.0,10741000000.0,141535052378.0,1041.0,28.991,1949000000.0,4.219,1.0,26236000000.0,0.295,3319000000.0,210000000.0,16805000000.0,14712500000.0,8299000000.0,2859000000.0,2859000000.0,0.0,43764000000.0,28089000000.0,15675000000.0,143694052378.0,5899000000.0,-979000000.0,0.0,4426000000.0,0.0,4432000000.0,-5065000000.0,807000000.0,6842000000.0,-310000000.0,-241000000.0,-241000000.0,-241000000.0,0.0,0.0,-0.003,26058000000.0,178000000.0,16459000000.0,0.0,13.378,-596.241,-596.827,16967000000.0,0.0,310.35,1.615,1.611,5612000000.0,1949000000.0,88988000000.0,88988000000.0,9275000000.0,-0.006,-0.023,0.009,0.002,1491000000.0,5884000000.0,1.0,463006452.0,462000000,462000000.0,192.615,51186000000.0,0.0,167000000.0,0.0,110.792,3238000000.0
27,AMZN,MRT,2014-09-30,2014-09-30,2014-09-30,2021-07-30,-394000000.0,40419000000.0,38710000000.0,18572000000.0,21847000000.0,2.202,22.324,-4627000000.0,5258000000.0,5258000000.0,60887000000.0,-215000000.0,0.891,2.911,3099000000.0,0.0,3099000000.0,3099000000.0,1814000000.0,4328000000.0,0.0,0.0,0.0,101000000.0,4429000000.0,0.052,4429000000.0,101000000.0,-74000000.0,-0.47,-0.47,-0.47,10336000000.0,10253000000.0,10336000000.0,147040924276.0,1456.0,33.2,1077000000.0,2.326,1.0,24360000000.0,0.286,3332000000.0,175000000.0,14086000000.0,12775500000.0,7316000000.0,1625000000.0,1625000000.0,0.0,30083000000.0,20842000000.0,9241000000.0,148978924276.0,1386000000.0,-987000000.0,0.0,-918000000.0,0.0,-719000000.0,-3445000000.0,2169000000.0,5704000000.0,-154000000.0,-215000000.0,-215000000.0,-215000000.0,0.0,0.0,-0.003,24263000000.0,97000000.0,11811000000.0,0.0,14.414,-692.925,-686.043,15702000000.0,0.0,322.44,1.748,1.751,4373000000.0,1735000000.0,85247000000.0,85247000000.0,8502000000.0,-0.006,-0.021,0.008,0.001,1216000000.0,5367000000.0,1.0,462036113.0,463000000,463000000.0,184.119,37087000000.0,0.0,141000000.0,0.0,80.102,-2270000000.0
28,AMZN,MRT,2014-06-30,2014-06-30,2014-06-30,2021-07-30,-143000000.0,37898000000.0,36570500000.0,18755000000.0,19143000000.0,2.236,22.998,-4287000000.0,5057000000.0,5057000000.0,58626000000.0,181000000.0,1.0,2.575,3119000000.0,0.0,3119000000.0,3119000000.0,1606000000.0,3915000000.0,0.0,0.0,0.0,677000000.0,4592000000.0,0.056,4592000000.0,677000000.0,515000000.0,0.39,0.39,0.39,10602000000.0,9940750000.0,10602000000.0,147526169471.0,218.0,32.127,1039000000.0,2.254,1.0,23134000000.0,0.283,2677000000.0,162000000.0,14532000000.0,12319500000.0,6644000000.0,2929000000.0,2929000000.0,0.0,27296000000.0,18751000000.0,8545000000.0,149453169471.0,1353000000.0,-128000000.0,0.0,-736000000.0,0.0,-537000000.0,-3562000000.0,853000000.0,5326000000.0,126000000.0,181000000.0,181000000.0,181000000.0,0.0,0.0,0.002,22518000000.0,616000000.0,10457000000.0,0.0,14.097,825.708,832.769,14089000000.0,0.0,324.78,1.828,1.831,4125000000.0,2172000000.0,81760000000.0,81760000000.0,7813000000.0,0.005,0.018,0.055,0.008,1120000000.0,4940000000.0,1.0,460167404.0,461000000,461000000.0,177.354,35221000000.0,0.0,334000000.0,0.0,76.401,4000000.0
29,AMZN,MRT,2014-03-31,2014-03-31,2014-03-31,2021-07-30,-157000000.0,36364000000.0,34501750000.0,19327000000.0,17037000000.0,2.264,22.452,-3852000000.0,5074000000.0,5074000000.0,56436000000.0,300000000.0,1.053,2.521,3147000000.0,0.0,3147000000.0,3147000000.0,1516000000.0,3562000000.0,0.0,0.0,0.0,703000000.0,4265000000.0,0.055,4265000000.0,703000000.0,553000000.0,0.64,0.64,0.64,10328000000.0,9473500000.0,10328000000.0,149013515315.0,212.0,34.939,1492000000.0,3.243,1.0,21688000000.0,0.278,2653000000.0,150000000.0,13427000000.0,11589500000.0,6716000000.0,3592000000.0,3592000000.0,0.0,26036000000.0,18357000000.0,7679000000.0,154480515315.0,593000000.0,-209000000.0,0.0,-756000000.0,0.0,-557000000.0,-4251000000.0,-190000000.0,5344000000.0,57000000.0,300000000.0,300000000.0,300000000.0,0.0,0.0,0.004,20978000000.0,710000000.0,10590000000.0,0.0,14.957,514.935,525.57,12267000000.0,0.0,336.365,1.977,1.981,3945000000.0,2298000000.0,78124000000.0,78124000000.0,7173000000.0,0.009,0.032,0.061,0.009,1027000000.0,4581000000.0,1.0,459264535.0,460000000,468000000.0,169.835,33711000000.0,0.0,253000000.0,0.0,73.285,970000000.0
30,AMZN,MRT,2013-12-31,2013-12-31,2013-12-31,2021-07-30,-185000000.0,40159000000.0,32505000000.0,24625000000.0,15534000000.0,2.29,21.326,-3444000000.0,8658000000.0,8658000000.0,54181000000.0,274000000.0,1.072,3.121,3191000000.0,0.0,3191000000.0,3191000000.0,1159000000.0,3253000000.0,0.0,0.0,0.0,576000000.0,3829000000.0,0.051,3829000000.0,576000000.0,435000000.0,0.6,0.59,0.6,9746000000.0,8999500000.0,9746000000.0,181710590320.0,315.0,47.456,2031000000.0,4.444,1.0,20271000000.0,0.272,2655000000.0,141000000.0,9057000000.0,10750000000.0,7411000000.0,3789000000.0,3789000000.0,0.0,30413000000.0,22980000000.0,7433000000.0,182539590320.0,574000000.0,-312000000.0,0.0,-617000000.0,0.0,-539000000.0,-4276000000.0,-520000000.0,5475000000.0,-86000000.0,274000000.0,274000000.0,274000000.0,0.0,0.0,0.004,19526000000.0,745000000.0,15133000000.0,0.0,18.73,666.203,664.65,10949000000.0,0.0,398.79,2.452,2.448,4767000000.0,2190000000.0,74452000000.0,74452000000.0,6565000000.0,0.008,0.03,0.054,0.008,1056000000.0,4262000000.0,1.0,457733620.0,457000000,465000000.0,162.915,37504000000.0,0.0,161000000.0,0.0,82.066,1645000000.0
31,AMZN,MRT,2013-09-30,2013-09-30,2013-09-30,2021-07-30,-206000000.0,31861000000.0,30604000000.0,17334000000.0,14527000000.0,2.292,19.884,-4589000000.0,3872000000.0,3872000000.0,51513000000.0,132000000.0,1.074,2.506,3043000000.0,0.0,3043000000.0,3043000000.0,0.0,2952000000.0,0.0,0.0,0.0,438000000.0,3390000000.0,0.048,3390000000.0,438000000.0,309000000.0,0.28,0.28,0.28,9087000000.0,8611000000.0,9087000000.0,142178063380.0,325.0,41.94,388000000.0,0.849,1.0,18621000000.0,0.266,2635000000.0,129000000.0,12262000000.0,9986000000.0,6068000000.0,3817000000.0,3817000000.0,0.0,22774000000.0,16135000000.0,6639000000.0,142840063380.0,892000000.0,-286000000.0,0.0,2331000000.0,0.0,2570000000.0,-6515000000.0,-1640000000.0,4977000000.0,-140000000.0,132000000.0,132000000.0,132000000.0,0.0,0.0,0.002,17981000000.0,640000000.0,10037000000.0,0.0,15.719,1082.122,1116.571,9991000000.0,0.0,312.64,2.037,2.037,3057000000.0,1950000000.0,70134000000.0,70134000000.0,6048000000.0,0.004,0.015,0.044,0.006,805000000.0,3896000000.0,1.0,456883519.0,457000000,457000000.0,153.466,29226000000.0,648000000.0,177000000.0,0.0,63.952,1199000000.0
32,AMZN,MRT,2013-06-30,2013-06-30,2013-06-30,2021-07-30,-319000000.0,29623000000.0,28347250000.0,16285000000.0,13338000000.0,2.358,19.151,-4267000000.0,3704000000.0,3704000000.0,49466000000.0,-101000000.0,1.105,2.392,3042000000.0,0.0,3042000000.0,3042000000.0,0.0,2672000000.0,0.0,0.0,0.0,286000000.0,2958000000.0,0.044,2958000000.0,286000000.0,171000000.0,-0.23,-0.23,-0.23,8733000000.0,8227500000.0,8733000000.0,124975343697.0,437.0,42.25,265000000.0,0.581,1.0,17382000000.0,0.26,2614000000.0,115000000.0,11612000000.0,8097750000.0,5420000000.0,3759000000.0,3759000000.0,0.0,20890000000.0,14735000000.0,6155000000.0,126416343697.0,1369000000.0,-322000000.0,0.0,2526000000.0,0.0,2831000000.0,-5821000000.0,-1232000000.0,4532000000.0,-173000000.0,-101000000.0,-101000000.0,-101000000.0,0.0,0.0,-0.002,16745000000.0,637000000.0,8990000000.0,0.0,14.476,-1251.647,-1207.348,8789000000.0,0.0,277.69,1.891,1.894,2861000000.0,1991000000.0,66848000000.0,66848000000.0,5506000000.0,-0.004,-0.012,0.035,0.004,675000000.0,3694000000.0,1.0,455242694.0,456000000,456000000.0,146.596,27009000000.0,669000000.0,272000000.0,0.0,59.23,1550000000.0
33,AMZN,MRT,2013-03-31,2013-03-31,2013-03-31,2021-07-30,-319000000.0,28377000000.0,26197000000.0,16313000000.0,12064000000.0,2.442,18.532,-4069000000.0,4481000000.0,4481000000.0,47745000000.0,-87000000.0,1.138,2.365,3040000000.0,0.0,3040000000.0,3040000000.0,0.0,2401000000.0,0.0,0.0,0.0,384000000.0,2785000000.0,0.044,2785000000.0,384000000.0,281000000.0,-0.19,-0.2,-0.19,8432000000.0,7920500000.0,8432000000.0,116133314378.0,302.0,41.7,177000000.0,0.389,1.0,16233000000.0,0.254,2535000000.0,103000000.0,10069000000.0,6495250000.0,5395000000.0,3414000000.0,3414000000.0,0.0,19945000000.0,14332000000.0,5613000000.0,121133314378.0,2193000000.0,-798000000.0,0.0,2717000000.0,0.0,3107000000.0,-4996000000.0,-129000000.0,4246000000.0,-164000000.0,-87000000.0,-87000000.0,-87000000.0,0.0,0.0,-0.001,15568000000.0,665000000.0,8916000000.0,0.0,14.366,-1392.337,-1402.579,7674000000.0,0.0,266.49,1.893,1.895,2516000000.0,1998000000.0,63978000000.0,63978000000.0,5002000000.0,-0.003,-0.011,0.059,0.006,513000000.0,3502000000.0,1.0,454551069.0,455000000,463000000.0,140.611,25842000000.0,630000000.0,368000000.0,0.0,56.796,1981000000.0
34,AMZN,MRT,2012-12-31,2012-12-31,2012-12-31,2021-07-30,-239000000.0,32555000000.0,24187500000.0,21296000000.0,11259000000.0,2.526,18.084,-3785000000.0,8084000000.0,8084000000.0,45971000000.0,-39000000.0,1.121,2.974,3084000000.0,0.0,3084000000.0,3084000000.0,792000000.0,2159000000.0,0.0,0.0,0.0,481000000.0,2640000000.0,0.043,2640000000.0,481000000.0,389000000.0,-0.09,-0.09,-0.09,8192000000.0,7630250000.0,8192000000.0,110653707174.0,230.0,41.914,395000000.0,0.872,1.0,15122000000.0,0.248,2552000000.0,92000000.0,6001000000.0,5376250000.0,6031000000.0,3364000000.0,3364000000.0,0.0,24363000000.0,19002000000.0,5361000000.0,113633707174.0,2815000000.0,-745000000.0,-960000000.0,2790000000.0,0.0,2259000000.0,-3595000000.0,935000000.0,4180000000.0,-29000000.0,-39000000.0,-39000000.0,-39000000.0,0.0,0.0,-0.001,14446000000.0,676000000.0,13318000000.0,0.0,13.871,-2913.685,-2787.444,7060000000.0,0.0,250.87,1.86,1.86,3817000000.0,1916000000.0,61093000000.0,61093000000.0,4564000000.0,-0.002,-0.005,0.089,0.008,404000000.0,3304000000.0,1.0,452958533.0,453000000,453000000.0,134.863,30003000000.0,0.0,428000000.0,0.0,66.232,2294000000.0
35,AMZN,MRT,2012-09-30,2012-09-30,2012-09-30,2021-07-30,-296000000.0,22834000000.0,22368250000.0,13118000000.0,9716000000.0,2.56,16.71,-2309000000.0,2980000000.0,2980000000.0,43665000000.0,40000000.0,1.041,2.023,0.0,0.0,0.0,0.0,0.0,1855000000.0,0.0,0.0,0.0,445000000.0,2300000000.0,0.04,2300000000.0,445000000.0,361000000.0,0.1,0.07,0.1,7553000000.0,7521500000.0,7553000000.0,112634235906.0,253.0,48.971,1059000000.0,2.343,1.0,13591000000.0,0.237,2540000000.0,84000000.0,4709000000.0,4729250000.0,5065000000.0,2268000000.0,2268000000.0,0.0,15281000000.0,12605000000.0,2676000000.0,114969235906.0,157000000.0,-760000000.0,-1237000000.0,-195000000.0,0.0,-1240000000.0,-1983000000.0,1086000000.0,3368000000.0,12000000.0,40000000.0,40000000.0,40000000.0,0.0,0.0,0.001,13060000000.0,531000000.0,8369000000.0,0.0,15.222,2874.231,2543.2,5662000000.0,0.0,254.32,2.008,2.008,2392000000.0,1818000000.0,57256000000.0,57256000000.0,4081000000.0,0.002,0.005,0.094,0.008,566000000.0,2996000000.0,1.0,452065256.0,452000000,452000000.0,126.673,20294000000.0,451000000.0,321000000.0,0.0,44.898,513000000.0
36,AMZN,MRT,2012-06-30,2012-06-30,2012-06-30,2021-07-30,-328000000.0,21022000000.0,21423250000.0,11793000000.0,9229000000.0,2.536,16.641,-2122000000.0,2335000000.0,2335000000.0,41671000000.0,377000000.0,1.076,1.801,0.0,0.0,0.0,0.0,0.0,1579000000.0,0.0,0.0,0.0,761000000.0,2340000000.0,0.043,2340000000.0,761000000.0,682000000.0,0.84,0.81,0.84,7505000000.0,7574750000.0,7505000000.0,100589498153.0,132.0,42.987,1100000000.0,2.439,1.0,12655000000.0,0.233,2521000000.0,79000000.0,5202000000.0,4881750000.0,4380000000.0,2635000000.0,2635000000.0,0.0,13517000000.0,10964000000.0,2553000000.0,102877498153.0,288000000.0,-771000000.0,-1237000000.0,-242000000.0,0.0,-1353000000.0,-1514000000.0,1379000000.0,3222000000.0,-67000000.0,377000000.0,377000000.0,377000000.0,0.0,0.0,0.007,12017000000.0,638000000.0,7072000000.0,0.0,13.708,272.885,271.845,5097000000.0,0.0,228.35,1.894,1.896,2035000000.0,2092000000.0,54326000000.0,54326000000.0,3658000000.0,0.018,0.05,0.156,0.014,559000000.0,2771000000.0,1.0,450525501.0,451000000,458000000.0,120.457,18501000000.0,434000000.0,305000000.0,0.0,41.022,829000000.0
37,AMZN,MRT,2012-03-31,2012-03-31,2012-03-31,2021-07-30,-174000000.0,20339000000.0,20653000000.0,12154000000.0,8185000000.0,2.489,16.051,-1898000000.0,2288000000.0,2288000000.0,39708000000.0,561000000.0,1.159,1.797,0.0,0.0,0.0,0.0,0.0,1338000000.0,0.0,0.0,0.0,879000000.0,2217000000.0,0.043,2217000000.0,879000000.0,806000000.0,1.24,1.21,1.24,7271000000.0,7639750000.0,7271000000.0,86886914847.0,99.0,39.191,1153000000.0,2.545,1.0,11697000000.0,0.228,1970000000.0,73000000.0,5593000000.0,5066250000.0,4255000000.0,3427000000.0,3427000000.0,0.0,13068000000.0,10488000000.0,2580000000.0,92155914847.0,-353000000.0,-616000000.0,-1237000000.0,-330000000.0,0.0,-1511000000.0,-1870000000.0,644000000.0,3051000000.0,-23000000.0,561000000.0,561000000.0,561000000.0,0.0,0.0,0.011,10965000000.0,732000000.0,6886000000.0,0.0,12.674,164.271,163.315,4653000000.0,0.0,202.51,1.793,1.785,1813000000.0,2085000000.0,51405000000.0,51405000000.0,3274000000.0,0.027,0.073,0.174,0.017,552000000.0,2509000000.0,1.0,455068465.0,453000000,460000000.0,113.477,18369000000.0,398000000.0,245000000.0,0.0,40.55,1666000000.0
38,AMZN,MRT,2011-12-31,2011-12-31,2011-12-31,2021-07-30,-316000000.0,25278000000.0,19788750000.0,17490000000.0,7788000000.0,2.43,17.124,-1811000000.0,5269000000.0,5269000000.0,37288000000.0,631000000.0,1.174,2.259,255000000.0,0.0,255000000.0,255000000.0,0.0,1083000000.0,0.0,0.0,0.0,987000000.0,2070000000.0,0.043,2070000000.0,987000000.0,922000000.0,1.39,1.37,1.39,7757000000.0,7658750000.0,7757000000.0,75894977120.0,77.0,36.664,2092000000.0,4.618,1.0,10789000000.0,0.224,1955000000.0,65000000.0,3413000000.0,4917500000.0,4992000000.0,4307000000.0,4307000000.0,0.0,17521000000.0,14896000000.0,2625000000.0,78717977120.0,1492000000.0,-705000000.0,-277000000.0,-267000000.0,0.0,-482000000.0,-1930000000.0,586000000.0,3903000000.0,1000000.0,631000000.0,631000000.0,631000000.0,0.0,0.0,0.013,9927000000.0,862000000.0,11145000000.0,0.0,10.148,124.751,124.532,4417000000.0,0.0,173.1,1.637,1.631,2571000000.0,1955000000.0,48077000000.0,48077000000.0,2909000000.0,0.032,0.082,0.201,0.021,495000000.0,2288000000.0,1.0,454754345.0,453000000,461000000.0,106.13,23323000000.0,379000000.0,291000000.0,0.0,51.486,2594000000.0
39,AMZN,MRT,2011-09-30,2011-09-30,2011-09-30,2021-07-30,-241000000.0,19054000000.0,18168500000.0,11904000000.0,7150000000.0,2.399,17.106,-1588000000.0,2823000000.0,2823000000.0,33775000000.0,871000000.0,1.326,1.454,0.0,0.0,0.0,0.0,0.0,893000000.0,0.0,0.0,0.0,1216000000.0,2109000000.0,0.048,2109000000.0,1216000000.0,1161000000.0,1.93,1.9,1.93,7766000000.0,7435500000.0,7766000000.0,96107435325.0,79.0,45.57,1534000000.0,3.379,1.0,9818000000.0,0.225,1934000000.0,55000000.0,5319000000.0,4889000000.0,3770000000.0,3503000000.0,3503000000.0,0.0,11288000000.0,8978000000.0,2310000000.0,98154435325.0,1284000000.0,-926000000.0,0.0,-276000000.0,0.0,-192000000.0,-1676000000.0,838000000.0,3122000000.0,30000000.0,871000000.0,871000000.0,871000000.0,0.0,0.0,0.02,8742000000.0,1076000000.0,6552000000.0,0.0,12.639,112.692,112.036,3999000000.0,0.0,216.23,2.252,2.252,1496000000.0,1778000000.0,43593000000.0,43593000000.0,2564000000.0,0.048,0.117,0.249,0.028,434000000.0,2031000000.0,1.0,453935325.0,454000000,461000000.0,96.02,17120000000.0,339000000.0,290000000.0,0.0,37.709,2926000000.0
40,AMZN,MRT,2011-06-30,2011-06-30,2011-06-30,2021-07-30,-30000000.0,17941000000.0,16945500000.0,11279000000.0,6662000000.0,2.377,17.141,-1374000000.0,2047000000.0,2047000000.0,31236000000.0,1039000000.0,1.402,1.31,0.0,0.0,0.0,0.0,0.0,765000000.0,0.0,0.0,0.0,1390000000.0,2155000000.0,0.054,2155000000.0,1390000000.0,1341000000.0,2.3,2.27,2.3,7765000000.0,7093250000.0,7765000000.0,89797287998.0,65.0,41.669,1806000000.0,3.987,1.0,9041000000.0,0.224,1909000000.0,49000000.0,5940000000.0,4843000000.0,3229000000.0,4308000000.0,4308000000.0,0.0,10176000000.0,8045000000.0,2131000000.0,92438287998.0,418000000.0,-920000000.0,0.0,-176000000.0,0.0,-17000000.0,-2904000000.0,-610000000.0,3180000000.0,159000000.0,1039000000.0,1039000000.0,1039000000.0,0.0,0.0,0.026,7776000000.0,1265000000.0,5721000000.0,0.0,11.904,88.969,88.909,3470000000.0,0.0,204.49,2.295,2.3,1438000000.0,1715000000.0,40277000000.0,40277000000.0,2237000000.0,0.061,0.146,0.287,0.035,322000000.0,1844000000.0,1.0,452043073.0,453000000,460000000.0,88.912,16032000000.0,287000000.0,302000000.0,0.0,35.391,3234000000.0
41,AMZN,MRT,2011-03-31,2011-03-31,2011-03-31,2021-07-30,-66000000.0,16882000000.0,15559500000.0,11288000000.0,5594000000.0,2.373,16.29,-1137000000.0,2641000000.0,2641000000.0,28668000000.0,1055000000.0,1.46,1.298,0.0,0.0,0.0,0.0,0.0,650000000.0,0.0,0.0,0.0,1439000000.0,2089000000.0,0.057,2089000000.0,1439000000.0,1396000000.0,2.34,2.31,2.34,7347000000.0,6616250000.0,7347000000.0,77462307109.0,54.0,37.081,1870000000.0,4.146,1.0,8262000000.0,0.224,1513000000.0,43000000.0,4998000000.0,4463250000.0,2888000000.0,4240000000.0,4240000000.0,0.0,9535000000.0,7730000000.0,1805000000.0,81239307109.0,797000000.0,-472000000.0,0.0,-102000000.0,0.0,117000000.0,-2428000000.0,-819000000.0,3007000000.0,101000000.0,1055000000.0,1055000000.0,1055000000.0,0.0,0.0,0.029,6928000000.0,1334000000.0,5540000000.0,0.0,11.057,77.004,76.979,2902000000.0,0.0,180.13,2.2,2.2,1304000000.0,1525000000.0,36930000000.0,36930000000.0,1947000000.0,0.068,0.159,0.322,0.039,229000000.0,1661000000.0,1.0,451003759.0,451000000,459000000.0,81.885,15369000000.0,243000000.0,341000000.0,0.0,34.078,3558000000.0
42,AMZN,MRT,2010-12-31,2010-12-31,2010-12-31,2021-07-30,-190000000.0,18797000000.0,14349500000.0,13747000000.0,5050000000.0,2.384,15.356,-979000000.0,3777000000.0,3777000000.0,26561000000.0,1152000000.0,1.325,1.738,0.0,0.0,0.0,0.0,0.0,568000000.0,0.0,0.0,0.0,1543000000.0,2111000000.0,0.062,2111000000.0,1543000000.0,1504000000.0,2.58,2.53,2.58,6864000000.0,6184000000.0,6864000000.0,79415616260.0,51.0,37.62,2516000000.0,5.629,1.0,7643000000.0,0.223,1349000000.0,39000000.0,3299000000.0,4189250000.0,3202000000.0,4985000000.0,4985000000.0,0.0,11933000000.0,10372000000.0,1561000000.0,80790616260.0,333000000.0,-352000000.0,0.0,-78000000.0,0.0,181000000.0,-3360000000.0,-2029000000.0,3495000000.0,17000000.0,1152000000.0,1152000000.0,1152000000.0,0.0,0.0,0.034,6237000000.0,1406000000.0,8051000000.0,0.0,11.77,70.131,69.767,2414000000.0,0.0,180.0,2.362,2.352,1587000000.0,1324000000.0,34204000000.0,34204000000.0,1734000000.0,0.08,0.186,0.368,0.045,165000000.0,1499000000.0,1.0,448836757.0,447000000,456000000.0,76.519,17448000000.0,218000000.0,352000000.0,0.0,39.034,3375000000.0
43,AMZN,MRT,2010-09-30,2010-09-30,2010-09-30,2021-07-30,-131000000.0,14162000000.0,13103500000.0,9559000000.0,4603000000.0,2.349,14.279,-788000000.0,1539000000.0,1539000000.0,23787000000.0,1121000000.0,1.499,1.214,164000000.0,0.0,164000000.0,164000000.0,0.0,510000000.0,0.0,0.0,0.0,1507000000.0,2017000000.0,0.066,2017000000.0,1507000000.0,1472000000.0,2.52,2.48,2.52,6397000000.0,5782250000.0,6397000000.0,68838395914.0,46.0,34.129,1830000000.0,4.085,1.0,6990000000.0,0.227,1277000000.0,35000000.0,5135000000.0,3807250000.0,2515000000.0,4346000000.0,4346000000.0,0.0,7765000000.0,6375000000.0,1390000000.0,70335395914.0,-975000000.0,-82000000.0,0.0,-116000000.0,0.0,172000000.0,-3753000000.0,-2883000000.0,2618000000.0,-12000000.0,1121000000.0,1121000000.0,1121000000.0,0.0,0.0,0.036,5582000000.0,1408000000.0,4614000000.0,0.0,10.995,62.743,62.325,2099000000.0,0.0,157.06,2.285,2.286,959000000.0,908000000.0,30777000000.0,30777000000.0,1566000000.0,0.086,0.194,0.396,0.049,115000000.0,1354000000.0,1.0,447825009.0,448000000,456000000.0,68.699,12885000000.0,243000000.0,351000000.0,0.0,28.761,3184000000.0
44,AMZN,MRT,2010-06-30,2010-06-30,2010-06-30,2021-07-30,-282000000.0,12397000000.0,11806000000.0,8118000000.0,4279000000.0,2.428,13.103,-576000000.0,1629000000.0,1629000000.0,22177000000.0,1089000000.0,1.546,1.117,132000000.0,0.0,132000000.0,132000000.0,0.0,456000000.0,0.0,0.0,0.0,1452000000.0,1908000000.0,0.067,1908000000.0,1452000000.0,1421000000.0,2.47,2.42,2.47,5857000000.0,5079250000.0,5857000000.0,46981083059.0,32.0,24.623,1986000000.0,4.443,1.0,6489000000.0,0.226,1229000000.0,31000000.0,4421000000.0,2918500000.0,1940000000.0,3479000000.0,3479000000.0,0.0,6540000000.0,5250000000.0,1290000000.0,48694083059.0,-307000000.0,-45000000.0,0.0,-53000000.0,0.0,143000000.0,-2927000000.0,-2306000000.0,2562000000.0,-85000000.0,1089000000.0,1089000000.0,1089000000.0,0.0,0.0,0.038,5098000000.0,1391000000.0,3545000000.0,0.0,8.314,44.714,44.235,1704000000.0,0.0,109.26,1.699,1.704,805000000.0,678000000.0,28666000000.0,28666000000.0,1439000000.0,0.092,0.214,0.498,0.051,190000000.0,1228000000.0,1.0,445671637.0,447000000,455000000.0,64.13,11168000000.0,294000000.0,332000000.0,0.0,24.984,2868000000.0
45,AMZN,MRT,2010-03-31,2010-03-31,2010-03-31,2021-07-30,-145000000.0,12042000000.0,10625500000.0,7964000000.0,4078000000.0,2.518,12.625,-458000000.0,1844000000.0,1844000000.0,20738000000.0,1024000000.0,1.534,1.143,131000000.0,0.0,131000000.0,131000000.0,0.0,411000000.0,0.0,0.0,0.0,1336000000.0,1747000000.0,0.065,1747000000.0,1336000000.0,1307000000.0,2.34,2.29,2.34,5618000000.0,4429000000.0,5618000000.0,57021070430.0,43.0,32.639,2322000000.0,5.218,1.0,6013000000.0,0.225,1234000000.0,29000000.0,3902000000.0,2253500000.0,1820000000.0,3219000000.0,3219000000.0,0.0,6424000000.0,5193000000.0,1231000000.0,60356070430.0,143000000.0,-43000000.0,0.0,-44000000.0,0.0,97000000.0,-2731000000.0,-2230000000.0,2780000000.0,-3000000.0,1024000000.0,1024000000.0,1024000000.0,0.0,0.0,0.038,4733000000.0,1280000000.0,3619000000.0,0.0,10.743,58.941,58.021,1436000000.0,0.0,135.77,2.256,2.259,815000000.0,471000000.0,26751000000.0,26751000000.0,1330000000.0,0.096,0.231,0.593,0.05,219000000.0,1110000000.0,1.0,444546442.0,445000000,454000000.0,60.115,10808000000.0,282000000.0,283000000.0,0.0,24.288,2771000000.0
46,AMZN,MRT,2009-12-31,2009-12-31,2009-12-31,2021-07-30,-56000000.0,13813000000.0,9360000000.0,9797000000.0,4016000000.0,2.618,12.141,-373000000.0,3444000000.0,3444000000.0,18978000000.0,902000000.0,1.33,1.628,0.0,0.0,0.0,0.0,0.0,378000000.0,0.0,0.0,0.0,1189000000.0,1567000000.0,0.064,1567000000.0,1189000000.0,1155000000.0,2.08,2.04,2.08,5257000000.0,3754000000.0,5257000000.0,55846841682.0,47.0,35.639,2920000000.0,6.744,1.0,5531000000.0,0.226,1234000000.0,34000000.0,1771000000.0,1655500000.0,2171000000.0,2922000000.0,2922000000.0,0.0,8556000000.0,7364000000.0,1192000000.0,58244841682.0,675000000.0,-40000000.0,0.0,-385000000.0,0.0,-280000000.0,-2337000000.0,-1924000000.0,3293000000.0,-1000000.0,902000000.0,902000000.0,902000000.0,0.0,0.0,0.037,4402000000.0,1129000000.0,5605000000.0,0.0,11.079,64.573,64.673,1290000000.0,0.0,134.52,2.376,2.377,988000000.0,172000000.0,24509000000.0,24509000000.0,1240000000.0,0.096,0.24,0.718,0.049,236000000.0,1008000000.0,1.0,432982766.0,433000000,442000000.0,56.603,12579000000.0,290000000.0,253000000.0,0.0,29.051,2433000000.0
47,AMZN,MRT,2009-09-30,2009-09-30,2009-09-30,2021-07-30,-35000000.0,8972000000.0,7985250000.0,6369000000.0,2603000000.0,2.717,8.299,-338000000.0,2514000000.0,2514000000.0,16790000000.0,743000000.0,1.404,1.503,116000000.0,0.0,116000000.0,116000000.0,0.0,344000000.0,0.0,0.0,0.0,1028000000.0,1372000000.0,0.063,1372000000.0,1028000000.0,991000000.0,1.72,1.7,1.72,3585000000.0,3107750000.0,3585000000.0,38486536063.0,37.0,28.051,1915000000.0,4.433,1.0,4902000000.0,0.226,457000000.0,37000000.0,1580000000.0,1405250000.0,1617000000.0,1487000000.0,1487000000.0,0.0,5387000000.0,4537000000.0,850000000.0,40313536063.0,864000000.0,-125000000.0,-100000000.0,-246000000.0,0.0,-295000000.0,-1092000000.0,-629000000.0,2253000000.0,-2000000.0,743000000.0,743000000.0,743000000.0,0.0,0.0,0.034,3975000000.0,927000000.0,3354000000.0,0.0,11.245,54.258,54.279,1086000000.0,0.0,93.36,1.858,1.859,671000000.0,-212000000.0,21692000000.0,21692000000.0,1167000000.0,0.093,0.239,0.732,0.047,269000000.0,874000000.0,1.0,431807370.0,432000000,441000000.0,50.213,8515000000.0,286000000.0,248000000.0,0.0,19.711,1832000000.0
48,AMZN,MRT,2009-06-30,2009-06-30,2009-06-30,2021-07-30,-58000000.0,7675000000.0,7383750000.0,5304000000.0,2371000000.0,2.777,7.555,-337000000.0,1936000000.0,1936000000.0,15879000000.0,662000000.0,1.459,1.357,109000000.0,0.0,109000000.0,109000000.0,0.0,324000000.0,0.0,0.0,0.0,956000000.0,1280000000.0,0.062,1280000000.0,956000000.0,909000000.0,1.54,1.52,1.54,3256000000.0,2843250000.0,3256000000.0,34317315121.0,36.0,26.81,1541000000.0,3.575,1.0,4628000000.0,0.226,451000000.0,47000000.0,1761000000.0,1460750000.0,1325000000.0,1276000000.0,1276000000.0,0.0,4419000000.0,3636000000.0,783000000.0,35944315121.0,388000000.0,-128000000.0,-100000000.0,-620000000.0,0.0,-599000000.0,-796000000.0,-331000000.0,1878000000.0,-95000000.0,662000000.0,662000000.0,662000000.0,0.0,0.0,0.032,3798000000.0,830000000.0,2508000000.0,0.0,11.039,54.297,54.325,981000000.0,0.0,83.66,1.753,1.758,584000000.0,-411000000.0,20507000000.0,20507000000.0,1116000000.0,0.09,0.233,0.654,0.047,179000000.0,823000000.0,1.0,429647563.0,431000000,440000000.0,47.58,7224000000.0,301000000.0,247000000.0,0.0,16.761,1668000000.0
49,AMZN,MRT,2009-03-31,2009-03-31,2009-03-31,2021-07-30,-143000000.0,6980000000.0,7045500000.0,4775000000.0,2205000000.0,2.827,6.802,-328000000.0,1701000000.0,1701000000.0,15457000000.0,678000000.0,1.4,1.392,74000000.0,0.0,74000000.0,74000000.0,0.0,310000000.0,0.0,0.0,0.0,993000000.0,1303000000.0,0.065,1303000000.0,993000000.0,932000000.0,1.59,1.57,1.59,2918000000.0,2586750000.0,2918000000.0,29174145434.0,29.0,22.39,1429000000.0,3.331,1.0,4462000000.0,0.224,433000000.0,61000000.0,1510000000.0,1528500000.0,1266000000.0,1029000000.0,1029000000.0,0.0,4062000000.0,3410000000.0,652000000.0,31475145434.0,205000000.0,-153000000.0,-100000000.0,-626000000.0,0.0,-582000000.0,-818000000.0,-337000000.0,1757000000.0,-152000000.0,678000000.0,678000000.0,678000000.0,0.0,0.0,0.034,3574000000.0,888000000.0,2380000000.0,0.0,10.787,46.424,46.189,889000000.0,0.0,73.44,1.58,1.582,587000000.0,-553000000.0,19919000000.0,19919000000.0,1075000000.0,0.096,0.262,0.65,0.05,144000000.0,793000000.0,1.0,428583135.0,429000000,437000000.0,46.431,6547000000.0,310000000.0,254000000.0,0.0,15.261,1365000000.0
50,AMZN,MRT,2008-12-31,2008-12-31,2008-12-31,2021-07-30,-123000000.0,8314000000.0,6771250000.0,6157000000.0,2157000000.0,2.83,6.317,-333000000.0,2769000000.0,2769000000.0,14896000000.0,645000000.0,1.297,2.112,409000000.0,0.0,409000000.0,409000000.0,0.0,287000000.0,0.0,0.0,0.0,963000000.0,1250000000.0,0.065,1250000000.0,963000000.0,892000000.0,1.52,1.49,1.52,2672000000.0,2224750000.0,2672000000.0,20775525318.0,22.0,16.62,1364000000.0,3.225,1.0,4270000000.0,0.223,438000000.0,71000000.0,770000000.0,1605250000.0,1399000000.0,958000000.0,958000000.0,0.0,5642000000.0,4746000000.0,896000000.0,21990525318.0,230000000.0,-494000000.0,-100000000.0,-257000000.0,0.0,-198000000.0,-1199000000.0,-372000000.0,1697000000.0,-70000000.0,645000000.0,645000000.0,645000000.0,0.0,0.0,0.034,3428000000.0,842000000.0,3594000000.0,0.0,8.23,34.094,33.737,854000000.0,0.0,51.28,1.147,1.132,827000000.0,-730000000.0,19166000000.0,19166000000.0,1033000000.0,0.095,0.29,0.6,0.05,116000000.0,761000000.0,1.0,428832397.0,423000000,432000000.0,45.31,7876000000.0,349000000.0,247000000.0,0.0,18.619,1411000000.0
51,AMZN,MRT,2008-09-30,2008-09-30,2008-09-30,2021-07-30,-73000000.0,6566000000.0,6314000000.0,4430000000.0,2136000000.0,2.872,5.918,-305000000.0,1650000000.0,1650000000.0,14042000000.0,626000000.0,1.409,1.598,435000000.0,42000000.0,393000000.0,435000000.0,0.0,274000000.0,0.0,0.0,0.0,947000000.0,1221000000.0,0.067,1221000000.0,947000000.0,867000000.0,1.5,1.46,1.5,2527000000.0,1856000000.0,2527000000.0,30316020036.0,32.0,24.829,969000000.0,2.269,1.0,4092000000.0,0.226,405000000.0,80000000.0,1802000000.0,1740000000.0,1315000000.0,674000000.0,674000000.0,0.0,4039000000.0,3144000000.0,895000000.0,30990020036.0,284000000.0,-435000000.0,-77000000.0,-213000000.0,0.0,34000000.0,-973000000.0,-233000000.0,1274000000.0,-51000000.0,626000000.0,626000000.0,626000000.0,0.0,0.0,0.035,3252000000.0,840000000.0,2242000000.0,0.0,12.264,49.505,48.507,731000000.0,0.0,72.76,1.709,1.713,597000000.0,-955000000.0,18134000000.0,18134000000.0,978000000.0,0.099,0.337,0.544,0.052,-72000000.0,718000000.0,1.0,425921111.0,427000000,436000000.0,42.468,6161000000.0,472000000.0,241000000.0,0.0,14.429,1286000000.0
52,AMZN,MRT,2008-06-30,2008-06-30,2008-06-30,2021-07-30,6000000.0,6322000000.0,5827000000.0,4236000000.0,2086000000.0,2.94,5.31,-272000000.0,1548000000.0,1548000000.0,13277000000.0,588000000.0,1.317,1.835,874000000.0,441000000.0,433000000.0,874000000.0,0.0,259000000.0,0.0,0.0,0.0,896000000.0,1155000000.0,0.067,1155000000.0,896000000.0,814000000.0,1.41,1.38,1.41,2230000000.0,1414500000.0,2230000000.0,30505453281.0,34.0,26.412,815000000.0,1.94,1.0,3855000000.0,0.225,400000000.0,82000000.0,2032000000.0,1786500000.0,1107000000.0,832000000.0,832000000.0,0.0,4092000000.0,3216000000.0,876000000.0,30628453281.0,544000000.0,-451000000.0,-42000000.0,84000000.0,0.0,347000000.0,-933000000.0,-210000000.0,1087000000.0,43000000.0,588000000.0,588000000.0,588000000.0,0.0,0.0,0.034,3046000000.0,809000000.0,1963000000.0,0.0,13.735,52.089,52.007,651000000.0,0.0,73.33,1.788,1.798,586000000.0,-1074000000.0,17132000000.0,17132000000.0,923000000.0,0.101,0.416,0.502,0.052,-72000000.0,668000000.0,1.0,417679712.0,420000000,430000000.0,40.79,5922000000.0,447000000.0,226000000.0,0.0,14.1,1020000000.0
53,AMZN,MRT,2008-03-31,2008-03-31,2008-03-31,2021-07-30,7000000.0,5883000000.0,5242500000.0,3965000000.0,1918000000.0,3.043,3.525,-250000000.0,1496000000.0,1496000000.0,12366000000.0,508000000.0,1.117,3.002,1373000000.0,906000000.0,467000000.0,1373000000.0,0.0,249000000.0,0.0,0.0,0.0,801000000.0,1050000000.0,0.066,1050000000.0,801000000.0,721000000.0,1.22,1.2,1.22,1470000000.0,994500000.0,1470000000.0,28462101297.0,36.0,27.107,789000000.0,1.892,1.0,3589000000.0,0.225,392000000.0,80000000.0,1817000000.0,1800000000.0,1077000000.0,655000000.0,655000000.0,0.0,4413000000.0,3551000000.0,862000000.0,29719101297.0,748000000.0,-429000000.0,-7000000.0,84000000.0,0.0,374000000.0,-720000000.0,-41000000.0,1039000000.0,55000000.0,508000000.0,508000000.0,508000000.0,0.0,0.0,0.032,2881000000.0,708000000.0,1864000000.0,0.0,20.217,58.502,58.443,594000000.0,0.0,71.3,1.863,1.863,581000000.0,-1232000000.0,15955000000.0,15955000000.0,866000000.0,0.097,0.511,0.445,0.05,-91000000.0,615000000.0,1.0,416817690.0,417000000,426000000.0,38.261,5491000000.0,436000000.0,213000000.0,0.0,13.168,414000000.0
54,AMZN,MRT,2007-12-31,2007-12-31,2007-12-31,2021-07-30,5000000.0,6485000000.0,4687000000.0,5164000000.0,1321000000.0,3.165,2.898,-224000000.0,2539000000.0,2539000000.0,11482000000.0,476000000.0,1.39,4.418,1299000000.0,17000000.0,1282000000.0,1299000000.0,0.0,246000000.0,0.0,0.0,0.0,737000000.0,983000000.0,0.066,983000000.0,737000000.0,660000000.0,1.15,1.12,1.15,1197000000.0,715250000.0,1197000000.0,38369032576.0,52.0,39.033,1181000000.0,2.86,1.0,3353000000.0,0.226,222000000.0,77000000.0,1309000000.0,1876000000.0,1200000000.0,573000000.0,573000000.0,0.0,5288000000.0,3714000000.0,1574000000.0,38462032576.0,1517000000.0,-75000000.0,-248000000.0,41000000.0,0.0,50000000.0,42000000.0,341000000.0,1405000000.0,20000000.0,476000000.0,476000000.0,476000000.0,0.0,0.0,0.032,2698000000.0,655000000.0,2795000000.0,0.0,32.132,80.803,80.557,543000000.0,0.0,92.64,2.593,2.579,705000000.0,-1375000000.0,14835000000.0,14835000000.0,818000000.0,0.102,0.666,0.393,0.05,-72000000.0,579000000.0,1.0,415177381.0,413000000,424000000.0,35.92,6263000000.0,407000000.0,184000000.0,0.0,15.165,1450000000.0
55,AMZN,MRT,2007-09-30,2007-09-30,2007-09-30,2021-07-30,11000000.0,4618000000.0,4156500000.0,3424000000.0,1194000000.0,3.163,1.838,-200000000.0,1366000000.0,1366000000.0,10117000000.0,366000000.0,1.476,5.068,1273000000.0,0.0,1273000000.0,1273000000.0,0.0,242000000.0,0.0,0.0,0.0,644000000.0,886000000.0,0.067,886000000.0,644000000.0,567000000.0,0.89,0.87,0.89,761000000.0,523750000.0,761000000.0,38760104834.0,60.0,43.747,801000000.0,1.935,1.0,3032000000.0,0.231,218000000.0,77000000.0,1988000000.0,2014000000.0,970000000.0,543000000.0,543000000.0,0.0,3857000000.0,2319000000.0,1538000000.0,38508104834.0,673000000.0,-49000000.0,-151000000.0,-32000000.0,0.0,-26000000.0,-342000000.0,-93000000.0,1001000000.0,40000000.0,366000000.0,366000000.0,366000000.0,0.0,0.0,0.028,2451000000.0,581000000.0,1674000000.0,0.0,50.602,105.213,104.663,491000000.0,0.0,93.15,2.929,2.933,474000000.0,-1581000000.0,13149000000.0,13149000000.0,773000000.0,0.088,0.699,0.32,0.049,4000000.0,519000000.0,1.0,413398871.0,414000000,425000000.0,31.761,4400000000.0,302000000.0,201000000.0,0.0,10.628,1105000000.0
56,AMZN,MRT,2007-06-30,2007-06-30,2007-06-30,2021-07-30,3000000.0,3984000000.0,3819000000.0,2859000000.0,1125000000.0,3.193,1.335,-193000000.0,1004000000.0,1004000000.0,9375000000.0,305000000.0,1.477,6.244,1256000000.0,0.0,1256000000.0,1256000000.0,0.0,244000000.0,0.0,0.0,0.0,560000000.0,804000000.0,0.066,804000000.0,560000000.0,481000000.0,0.75,0.73,0.75,550000000.0,382500000.0,550000000.0,28530459198.0,51.0,35.486,701000000.0,1.701,1.0,2819000000.0,0.231,214000000.0,79000000.0,2086000000.0,1996250000.0,735000000.0,661000000.0,661000000.0,0.0,3434000000.0,1936000000.0,1498000000.0,28027459198.0,321000000.0,-27000000.0,-434000000.0,-65000000.0,0.0,-367000000.0,-229000000.0,-9000000.0,894000000.0,23000000.0,305000000.0,305000000.0,305000000.0,0.0,0.0,0.025,2321000000.0,498000000.0,1295000000.0,0.0,50.959,91.893,91.213,443000000.0,0.0,68.41,2.298,2.311,384000000.0,-1661000000.0,12194000000.0,12194000000.0,736000000.0,0.08,0.797,0.281,0.046,8000000.0,506000000.0,1.0,409698278.0,412000000,423000000.0,29.597,3770000000.0,299000000.0,176000000.0,0.0,9.15,923000000.0
57,AMZN,MRT,2007-03-31,2007-03-31,2007-03-31,2021-07-30,3000000.0,3661000000.0,3614250000.0,2600000000.0,1061000000.0,3.167,0.857,-204000000.0,748000000.0,748000000.0,8820000000.0,249000000.0,1.408,9.371,1251000000.0,0.0,1251000000.0,1251000000.0,0.0,227000000.0,0.0,0.0,0.0,503000000.0,730000000.0,0.064,730000000.0,503000000.0,424000000.0,0.61,0.59,0.61,353000000.0,340750000.0,353000000.0,16725064996.0,33.0,22.911,521000000.0,1.265,1.0,2627000000.0,0.229,196000000.0,79000000.0,2121000000.0,2013500000.0,754000000.0,672000000.0,672000000.0,0.0,3308000000.0,1847000000.0,1461000000.0,16500064996.0,241000000.0,-5000000.0,-462000000.0,9000000.0,0.0,-335000000.0,-182000000.0,27000000.0,725000000.0,33000000.0,249000000.0,249000000.0,249000000.0,0.0,0.0,0.022,2198000000.0,429000000.0,1211000000.0,0.0,46.742,66.265,65.23,442000000.0,0.0,39.79,1.441,1.432,358000000.0,-1740000000.0,11447000000.0,11447000000.0,702000000.0,0.069,0.731,0.25,0.044,6000000.0,486000000.0,1.0,414678688.0,412000000,420000000.0,27.784,3465000000.0,293000000.0,175000000.0,0.0,8.41,753000000.0
58,AMZN,MRT,2006-12-31,2006-12-31,2006-12-31,2021-07-30,-1000000.0,4363000000.0,3446500000.0,3373000000.0,990000000.0,3.108,1.036,-216000000.0,1022000000.0,1022000000.0,8255000000.0,190000000.0,1.332,9.123,1247000000.0,0.0,1247000000.0,1247000000.0,0.0,205000000.0,0.0,0.0,0.0,455000000.0,660000000.0,0.062,660000000.0,455000000.0,377000000.0,0.46,0.45,0.46,431000000.0,333500000.0,431000000.0,16865464020.0,37.0,25.554,486000000.0,1.168,1.0,2456000000.0,0.229,195000000.0,78000000.0,1861000000.0,1812000000.0,877000000.0,997000000.0,997000000.0,0.0,3932000000.0,2532000000.0,1400000000.0,16254464020.0,9000000.0,-32000000.0,-217000000.0,-285000000.0,0.0,-400000000.0,-333000000.0,-85000000.0,702000000.0,40000000.0,190000000.0,190000000.0,190000000.0,0.0,0.0,0.018,2067000000.0,389000000.0,1816000000.0,0.0,37.713,85.55,85.783,457000000.0,0.0,39.46,1.518,1.533,399000000.0,-1837000000.0,10711000000.0,10711000000.0,662000000.0,0.055,0.57,0.251,0.042,-1000000.0,458000000.0,1.0,411922555.0,416000000,424000000.0,25.748,4168000000.0,277000000.0,187000000.0,0.0,10.019,841000000.0
59,AMZN,MRT,2006-09-30,2006-09-30,2006-09-30,2021-07-30,1000000.0,3268000000.0,3279750000.0,2315000000.0,953000000.0,2.958,0.47,-221000000.0,693000000.0,693000000.0,7430000000.0,291000000.0,1.309,15.673,1304000000.0,0.0,1304000000.0,1304000000.0,0.0,182000000.0,0.0,0.0,0.0,432000000.0,614000000.0,0.063,614000000.0,432000000.0,349000000.0,0.7,0.68,0.7,196000000.0,287250000.0,196000000.0,14097433325.0,33.0,22.96,366000000.0,0.878,1.0,2272000000.0,0.234,194000000.0,83000000.0,1917000000.0,1873000000.0,736000000.0,526000000.0,526000000.0,0.0,3072000000.0,1768000000.0,1304000000.0,13456433325.0,93000000.0,-30000000.0,-213000000.0,-294000000.0,0.0,-467000000.0,-41000000.0,210000000.0,587000000.0,14000000.0,291000000.0,291000000.0,291000000.0,0.0,0.0,0.03,1914000000.0,358000000.0,1196000000.0,0.0,68.655,46.242,45.886,449000000.0,0.0,32.12,1.387,1.381,281000000.0,-1934000000.0,9702000000.0,9702000000.0,617000000.0,0.089,1.013,0.231,0.045,43000000.0,436000000.0,1.0,418942507.0,417000000,424000000.0,23.266,3074000000.0,259000000.0,58000000.0,0.0,7.372,547000000.0
60,AMZN,MRT,2006-06-30,2006-06-30,2006-06-30,2021-07-30,-2000000.0,3165000000.0,3170750000.0,2231000000.0,934000000.0,2.918,0.916,-235000000.0,683000000.0,683000000.0,7067000000.0,302000000.0,1.53,7.264,1324000000.0,0.0,1324000000.0,1324000000.0,0.0,149000000.0,0.0,0.0,0.0,446000000.0,595000000.0,0.064,595000000.0,446000000.0,362000000.0,0.72,0.7,0.72,383000000.0,239750000.0,383000000.0,16088031777.0,36.0,27.039,375000000.0,0.897,1.0,2186000000.0,0.236,193000000.0,84000000.0,2155000000.0,1761500000.0,521000000.0,736000000.0,736000000.0,0.0,2782000000.0,1458000000.0,1324000000.0,16163031777.0,54000000.0,-32000000.0,56000000.0,-258000000.0,0.0,-169000000.0,-394000000.0,-127000000.0,610000000.0,7000000.0,302000000.0,302000000.0,302000000.0,0.0,0.0,0.033,1813000000.0,373000000.0,943000000.0,0.0,42.201,53.52,53.722,405000000.0,0.0,38.68,1.747,1.747,225000000.0,-1953000000.0,9253000000.0,9253000000.0,566000000.0,0.095,1.26,0.253,0.048,48000000.0,394000000.0,1.0,417865351.0,418000000,426000000.0,22.136,2972000000.0,274000000.0,60000000.0,0.0,7.11,773000000.0
61,AMZN,MRT,2006-03-31,2006-03-31,2006-03-31,2021-07-30,9000000.0,2990000000.0,3029750000.0,2186000000.0,804000000.0,2.927,0.777,-223000000.0,1334000000.0,1334000000.0,6740000000.0,332000000.0,1.554,8.228,1259000000.0,0.0,1259000000.0,1259000000.0,0.0,132000000.0,0.0,0.0,0.0,503000000.0,635000000.0,0.072,635000000.0,503000000.0,416000000.0,0.8,0.77,0.8,324000000.0,128000000.0,324000000.0,14751189373.0,29.0,23.23,501000000.0,1.201,1.0,2127000000.0,0.24,193000000.0,87000000.0,1315000000.0,1599500000.0,538000000.0,0.0,0.0,0.0,2666000000.0,1407000000.0,1259000000.0,15230189373.0,-26000000.0,-37000000.0,57000000.0,-303000000.0,0.0,-233000000.0,-497000000.0,-237000000.0,724000000.0,-20000000.0,332000000.0,332000000.0,332000000.0,0.0,0.0,0.037,1697000000.0,430000000.0,920000000.0,0.0,47.007,45.874,45.663,361000000.0,0.0,36.53,1.718,1.718,228000000.0,-1976000000.0,8867000000.0,8867000000.0,505000000.0,0.11,2.594,0.314,0.057,65000000.0,371000000.0,1.0,416922786.0,417000000,426000000.0,21.264,2797000000.0,291000000.0,84000000.0,0.0,6.707,779000000.0
62,AMZN,MRT,2005-12-31,2005-12-31,2005-12-31,2021-07-30,6000000.0,3696000000.0,2900250000.0,2929000000.0,767000000.0,2.927,0.597,-204000000.0,1013000000.0,1013000000.0,6451000000.0,359000000.0,1.542,14.024,1480000000.0,0.0,1480000000.0,1480000000.0,0.0,121000000.0,0.0,0.0,0.0,546000000.0,667000000.0,0.079,667000000.0,546000000.0,454000000.0,0.87,0.84,0.87,246000000.0,6500000.0,246000000.0,19653381110.0,36.0,29.465,529000000.0,1.284,1.0,2039000000.0,0.24,159000000.0,92000000.0,2105000000.0,1686250000.0,566000000.0,987000000.0,987000000.0,0.0,3450000000.0,1899000000.0,1551000000.0,19542381110.0,-290000000.0,-24000000.0,59000000.0,-259000000.0,0.0,-193000000.0,-778000000.0,-550000000.0,733000000.0,-52000000.0,359000000.0,359000000.0,359000000.0,0.0,0.0,0.042,1607000000.0,432000000.0,1366000000.0,0.0,79.441,54.436,54.195,348000000.0,0.0,47.15,2.302,2.288,274000000.0,-2027000000.0,8490000000.0,8490000000.0,451000000.0,0.124,55.231,0.324,0.064,80000000.0,364000000.0,1.0,414472558.0,412000000,426000000.0,20.607,3537000000.0,312000000.0,95000000.0,0.0,8.585,1030000000.0
63,AMZN,MRT,2005-09-30,2005-09-30,2005-09-30,2021-07-30,13000000.0,2832000000.0,2788250000.0,2121000000.0,711000000.0,2.889,0.015,-185000000.0,1419000000.0,1419000000.0,6139000000.0,506000000.0,1.615,471.0,1530000000.0,17000000.0,1513000000.0,1530000000.0,48000000.0,105000000.0,0.0,0.0,0.0,497000000.0,602000000.0,0.075,602000000.0,497000000.0,400000000.0,1.24,1.19,1.24,6000000.0,-111750000.0,6000000.0,18863673351.0,38.0,31.335,475000000.0,1.15,1.0,1915000000.0,0.238,159000000.0,97000000.0,1471000000.0,1551250000.0,456000000.0,0.0,0.0,0.0,2826000000.0,1313000000.0,1513000000.0,18659673351.0,-146000000.0,-24000000.0,54000000.0,-258000000.0,0.0,-200000000.0,-612000000.0,-403000000.0,660000000.0,6000000.0,506000000.0,506000000.0,506000000.0,0.0,0.0,0.063,1486000000.0,429000000.0,876000000.0,0.0,3109.946,36.877,36.532,322000000.0,0.0,45.3,2.317,2.323,188000000.0,-2226000000.0,8054000000.0,8054000000.0,403000000.0,0.181,-4.528,0.32,0.062,91000000.0,341000000.0,1.0,411913319.0,413000000,428000000.0,19.501,2673000000.0,248000000.0,-106000000.0,0.0,6.472,808000000.0
64,AMZN,MRT,2005-06-30,2005-06-30,2005-06-30,2021-07-30,27000000.0,2601000000.0,2607417000.0,1926000000.0,675000000.0,2.937,-0.156,-138000000.0,1325000000.0,1325000000.0,5851000000.0,530000000.0,1.684,-41.641,1529000000.0,8000000.0,1521000000.0,1529000000.0,52000000.0,94000000.0,0.0,0.0,0.0,507000000.0,601000000.0,0.078,601000000.0,507000000.0,406000000.0,1.3,1.25,1.3,-64000000.0,-293519250.0,-64000000.0,14008360722.0,28.0,23.308,486000000.0,1.182,1.0,1808000000.0,0.236,154000000.0,101000000.0,1507000000.0,1562883750.0,383000000.0,0.0,0.0,0.0,2665000000.0,1144000000.0,1521000000.0,13596360722.0,-72000000.0,-91000000.0,41000000.0,-266000000.0,0.0,-223000000.0,-491000000.0,-262000000.0,624000000.0,18000000.0,530000000.0,530000000.0,530000000.0,0.0,0.0,0.069,1353000000.0,455000000.0,735000000.0,0.0,-212.443,25.654,25.454,267000000.0,0.0,33.09,1.775,1.776,155000000.0,-2256000000.0,7659000000.0,7659000000.0,351000000.0,0.203,-1.806,0.324,0.066,74000000.0,328000000.0,1.0,410890321.0,411000000,425000000.0,18.635,2447000000.0,269000000.0,-124000000.0,0.0,5.954,782000000.0
65,AMZN,MRT,2005-03-31,2005-03-31,2005-03-31,2021-07-30,24000000.0,2472000000.0,2429194500.0,1793000000.0,679000000.0,3.002,-0.395,-106000000.0,1151000000.0,1151000000.0,5594000000.0,554000000.0,1.671,-16.259,1563000000.0,2000000.0,1561000000.0,1563000000.0,45000000.0,86000000.0,0.0,0.0,0.0,484000000.0,570000000.0,0.078,570000000.0,484000000.0,379000000.0,1.36,1.31,1.36,-162000000.0,-475233750.0,-162000000.0,14148733872.0,29.0,24.822,417000000.0,1.017,1.0,1699000000.0,0.233,149000000.0,105000000.0,1662000000.0,1677759000.0,403000000.0,0.0,0.0,0.0,2634000000.0,1073000000.0,1561000000.0,14070232872.0,-236000000.0,-86000000.0,53000000.0,-267000000.0,0.0,-213000000.0,-569000000.0,-377000000.0,523000000.0,23000000.0,554000000.0,554000000.0,554000000.0,0.0,0.0,0.076,1262000000.0,437000000.0,704000000.0,0.0,-86.853,25.398,25.199,245000000.0,0.0,34.27,1.929,1.927,171000000.0,-2308000000.0,7293000000.0,7293000000.0,316000000.0,0.228,-1.166,0.288,0.066,70000000.0,313000000.0,1.0,410569970.0,410000000,424000000.0,17.788,2323000000.0,307000000.0,-175000000.0,0.0,5.666,720000000.0
66,AMZN,MRT,2004-12-31,2004-12-31,2004-12-31,2021-07-30,32000000.0,3248000000.0,2245834750.0,2539000000.0,709000000.0,3.082,-0.559,-89000000.0,1779000000.0,1779000000.0,5319000000.0,588000000.0,1.567,-15.308,1855000000.0,0.0,1855000000.0,1855000000.0,0.0,76000000.0,0.0,0.0,0.0,462000000.0,538000000.0,0.078,538000000.0,462000000.0,355000000.0,1.45,1.39,1.45,-227000000.0,-660996250.0,-227000000.0,18670096238.0,40.0,34.703,477000000.0,1.175,1.0,1602000000.0,0.231,139000000.0,107000000.0,1565000000.0,1716037750.0,480000000.0,0.0,0.0,0.0,3475000000.0,1620000000.0,1855000000.0,18072622238.0,201000000.0,-71000000.0,60000000.0,-157000000.0,0.0,-97000000.0,-317000000.0,-157000000.0,566000000.0,49000000.0,588000000.0,588000000.0,588000000.0,0.0,0.0,0.085,1162000000.0,440000000.0,1142000000.0,0.0,-79.615,30.736,30.545,246000000.0,0.0,44.29,2.611,2.598,199000000.0,-2386000000.0,6921000000.0,6921000000.0,283000000.0,0.262,-0.89,0.269,0.067,58000000.0,286000000.0,1.0,408051981.0,406000000,425000000.0,17.047,3109000000.0,363000000.0,-233000000.0,0.0,7.658,919000000.0
67,AMZN,MRT,2004-09-30,2004-09-30,2004-09-30,2021-07-30,28383000.0,2108668000.0,1974343000.0,1692784000.0,415884000.0,3.204,-1.772,-69273000.0,1184700000.0,1184700000.0,4841404000.0,313872000.0,1.611,-3.924,1782174000.0,3452000.0,1778722000.0,1782174000.0,46144000.0,73909000.0,0.0,0.0,0.0,433192000.0,507101000.0,0.08,507101000.0,433192000.0,323872000.0,0.79,0.75,0.79,-721077000.0,-863273000.0,-721077000.0,17688222641.0,41.0,34.881,422668000.0,1.038,1.0,1484669000.0,0.235,137584000.0,109320000.0,1517535000.0,1673548500.0,357320000.0,0.0,0.0,0.0,2829745000.0,1051023000.0,1778722000.0,16624356641.0,79836000.0,-71072000.0,73168000.0,-365424000.0,0.0,-292256000.0,-158162000.0,-17817000.0,491941000.0,38313000.0,313872000.0,313872000.0,313872000.0,0.0,0.0,0.05,1070648000.0,414021000.0,688297000.0,0.0,-23.055,52.965,51.722,226762000.0,0.0,40.86,2.628,2.629,150764000.0,-2732665000.0,6326073000.0,6326073000.0,299002000.0,0.159,-0.364,0.259,0.068,53288000.0,276186000.0,1.0,406861396.0,407000000,425000000.0,15.543,1971084000.0,0.0,10000000.0,0.0,4.843,641761000.0
68,AMZN,MRT,2004-06-30,2004-06-30,2004-06-30,2021-07-30,29417000.0,1888110000.0,1884597250.0,1561192000.0,326918000.0,3.182,-1.953,-55465000.0,701150000.0,701150000.0,4583039000.0,275435000.0,1.704,-3.387,1765016000.0,2402000.0,1762614000.0,1765016000.0,39487000.0,73247000.0,0.0,0.0,0.0,395557000.0,468804000.0,0.078,468804000.0,395557000.0,282435000.0,0.7,0.66,0.7,-790858000.0,-972512250.0,-790858000.0,23044917766.0,58.0,49.157,356293000.0,0.88,1.0,1414490000.0,0.236,69121000.0,113122000.0,1966501000.0,1862605750.0,284194000.0,450201000.0,450201000.0,0.0,2678968000.0,916354000.0,1762614000.0,22033331766.0,59526000.0,5000000.0,106403000.0,-367861000.0,0.0,-261458000.0,-133174000.0,-82709000.0,411758000.0,42400000.0,275435000.0,275435000.0,275435000.0,0.0,0.0,0.046,1029538000.0,384952000.0,585124000.0,0.0,-27.86,79.995,77.714,215871000.0,0.0,54.4,3.674,3.674,125647000.0,-2786812000.0,5997529000.0,5997529000.0,283777000.0,0.146,-0.283,0.212,0.066,65224000.0,264522000.0,1.0,405024481.0,405000000,425000000.0,14.809,1818989000.0,0.0,7000000.0,0.0,4.491,644838000.0
69,AMZN,MRT,2004-03-31,2004-03-31,2004-03-31,2021-07-30,33363000.0,1738561000.0,1811783250.0,1405574000.0,332987000.0,3.152,-2.24,-48606000.0,768587000.0,768587000.0,4363023000.0,156121000.0,1.623,-2.921,1780173000.0,2473000.0,1777700000.0,1780173000.0,37053000.0,72125000.0,0.0,0.0,0.0,279610000.0,351735000.0,0.062,351735000.0,279610000.0,158121000.0,0.4,0.37,0.4,-905050000.0,-1086506750.0,-905050000.0,18346810065.0,66.0,52.161,346176000.0,0.857,1.0,1347418000.0,0.236,69121000.0,121489000.0,1815115000.0,1919916750.0,281550000.0,229554000.0,229554000.0,0.0,2643611000.0,865911000.0,1777700000.0,17499428065.0,273481000.0,5000000.0,139445000.0,-647779000.0,0.0,-508334000.0,322494000.0,366100000.0,394782000.0,64539000.0,156121000.0,156121000.0,156121000.0,0.0,0.0,0.027,1006643000.0,340775000.0,567563000.0,0.0,-19.335,112.089,108.2,217476000.0,0.0,43.28,3.064,3.062,125883000.0,-2863292000.0,5710441000.0,5710441000.0,264912000.0,0.086,-0.144,0.146,0.049,67677000.0,246671000.0,1.0,404330593.0,404000000,425000000.0,14.135,1669440000.0,0.0,2000000.0,0.0,4.132,539663000.0
70,AMZN,MRT,2003-12-31,2003-12-31,2003-12-31,2021-07-30,37739000.0,2162033000.0,1803626250.0,1820809000.0,341224000.0,2.919,-2.623,-46000000.0,1394823000.0,1394823000.0,4007000000.0,35000000.0,1.454,-3.087,1949655000.0,4216000.0,1945439000.0,1949655000.0,37844000.0,76000000.0,0.0,0.0,0.0,169000000.0,245000000.0,0.047,245000000.0,169000000.0,39000000.0,0.09,0.08,0.09,-1036107000.0,-1182510250.0,-1036107000.0,22525199284.0,133.0,91.94,347000000.0,0.878,1.0,1257000000.0,0.239,69121000.0,130000000.0,1395043000.0,2152567500.0,293917000.0,0.0,0.0,0.0,3198140000.0,1252701000.0,1945439000.0,21104590284.0,364000000.0,5000000.0,163000000.0,-495000000.0,0.0,-332000000.0,236000000.0,277000000.0,393000000.0,67000000.0,35000000.0,35000000.0,35000000.0,0.0,0.0,0.007,987000000.0,270000000.0,819811000.0,0.0,-20.369,602.988,584.667,224285000.0,0.0,52.62,4.009,3.948,131473000.0,-2974428000.0,5264000000.0,5264000000.0,257000000.0,0.019,-0.03,0.079,0.032,88000000.0,232000000.0,1.0,401075452.0,395000000,419000000.0,13.327,2092912000.0,4738000.0,4000000.0,0.0,5.299,568108000.0
71,AMZN,MRT,2003-09-30,2003-09-30,2003-09-30,2021-07-30,36761000.0,1749685000.0,1760730250.0,1410200000.0,339485000.0,2.696,-2.91,-44243000.0,666418000.0,666418000.0,3581047000.0,-35221000.0,1.706,-2.511,2087027000.0,6058000.0,2080969000.0,2087027000.0,40843000.0,70264000.0,0.0,0.0,0.0,100867000.0,171131000.0,0.036,171131000.0,100867000.0,-35921000.0,-0.09,-0.09,-0.09,-1158034000.0,-1261687000.0,-1158034000.0,20666831388.0,205.0,120.766,239395000.0,0.602,1.0,1165490000.0,0.246,69780000.0,136788000.0,2273764000.0,2404454000.0,241667000.0,411191000.0,398242000.0,12949000.0,2907719000.0,826750000.0,2080969000.0,19226110388.0,338854000.0,5072000.0,198208000.0,-290250000.0,0.0,-92042000.0,106883000.0,146054000.0,283638000.0,40375000.0,-35221000.0,-35221000.0,-35221000.0,0.0,0.0,-0.007,961988000.0,203502000.0,499189000.0,0.0,-16.602,-545.871,-538.111,221459000.0,0.0,48.43,4.051,4.06,103873000.0,-3047582000.0,4746537000.0,4746537000.0,205046000.0,-0.02,0.028,0.042,0.021,108392000.0,205408000.0,1.0,396987619.0,397912000,422802000.0,11.929,1679905000.0,0.0,-700000.0,0.0,4.222,583450000.0
72,AMZN,MRT,2003-06-30,2003-06-30,2003-06-30,2021-07-30,25708000.0,1596854000.0,1697660250.0,1251254000.0,345600000.0,2.629,-3.166,-40404000.0,641728000.0,641728000.0,3367544000.0,-85864000.0,1.626,-2.281,2082449000.0,8143000.0,2074306000.0,2082449000.0,38733000.0,73639000.0,0.0,0.0,0.0,56344000.0,129983000.0,0.029,129983000.0,56344000.0,-86564000.0,-0.22,-0.22,-0.22,-1246836000.0,-1341788250.0,-1246836000.0,16038964380.0,285.0,123.393,244525000.0,0.621,1.0,1095836000.0,0.246,72446000.0,142908000.0,2195745000.0,2501422750.0,178107000.0,359808000.0,347044000.0,12764000.0,2843690000.0,769384000.0,2074306000.0,14227241380.0,371290000.0,0.0,163011000.0,-290939000.0,0.0,-127928000.0,177977000.0,218381000.0,284929000.0,36312000.0,-85864000.0,-85864000.0,-85864000.0,0.0,0.0,-0.019,953910000.0,141926000.0,445098000.0,0.0,-11.411,-165.695,-165.091,221674000.0,0.0,36.32,3.188,3.205,84375000.0,-3063145000.0,4463380000.0,4463380000.0,204178000.0,-0.051,0.064,0.023,0.013,86624000.0,199498000.0,1.0,391719201.0,393876000,393876000.0,11.332,1524408000.0,0.0,-700000.0,0.0,3.87,481870000.0
73,AMZN,MRT,2003-03-31,2003-03-31,2003-03-31,2021-07-30,17655000.0,1705933000.0,1657208500.0,1344496000.0,361437000.0,2.516,-3.318,-40703000.0,495773000.0,495773000.0,3128998000.0,-136103000.0,1.925,-2.323,2307496000.0,11078000.0,2296418000.0,2307496000.0,42979000.0,79105000.0,0.0,0.0,0.0,7389000.0,86494000.0,0.021,86494000.0,7389000.0,-136803000.0,-0.36,-0.36,-0.36,-1289064000.0,-1391057000.0,-1289064000.0,11658333171.0,1578.0,134.788,122839000.0,0.316,1.0,1040075000.0,0.249,73359000.0,144192000.0,2745718000.0,2617614750.0,173030000.0,600232000.0,586779000.0,13453000.0,2994997000.0,698579000.0,2296418000.0,10105964171.0,199084000.0,0.0,152835000.0,-13453000.0,0.0,139382000.0,-149672000.0,-108969000.0,163542000.0,45832000.0,-136103000.0,-136103000.0,-136103000.0,0.0,0.0,-0.033,938500000.0,101575000.0,393696000.0,0.0,-7.84,-74.252,-72.306,228279000.0,0.0,26.03,2.424,2.426,88914000.0,-3019831000.0,4169073000.0,4169073000.0,210208000.0,-0.082,0.098,0.003,0.002,85319000.0,200606000.0,1.0,388242957.0,388541000,388541000.0,10.73,1632574000.0,0.0,-700000.0,0.0,4.202,645917000.0
74,AMZN,MRT,2002-12-31,2002-12-31,2002-12-31,2021-07-30,9662000.0,1990449000.0,1571207250.0,1615676000.0,374773000.0,2.503,-3.575,-39163000.0,738254000.0,738254000.0,2940318000.0,-149132000.0,1.516,-2.471,2290623000.0,13318000.0,2277305000.0,2290623000.0,47916000.0,82274000.0,0.0,0.0,0.0,-6907000.0,75367000.0,0.019,75367000.0,-6907000.0,-149832000.0,-0.39,-0.39,-0.39,-1352814000.0,-1430634750.0,-1352814000.0,9156299276.0,-1326.0,121.49,135128000.0,0.357,1.0,992618000.0,0.252,74271000.0,142925000.0,2402589000.0,2555352750.0,202425000.0,578157000.0,562715000.0,15442000.0,3343263000.0,1065958000.0,2277305000.0,7205883276.0,197972000.0,0.0,121689000.0,-14795000.0,0.0,106894000.0,-121684000.0,-82521000.0,174291000.0,38471000.0,-149132000.0,-149132000.0,-149132000.0,0.0,0.0,-0.038,928494000.0,64124000.0,618128000.0,0.0,-5.327,-48.319,-48.436,239398000.0,0.0,18.89,1.832,1.817,112282000.0,-3009710000.0,3932936000.0,3932936000.0,215617000.0,-0.095,0.104,-0.003,-0.002,68927000.0,204432000.0,1.0,381465499.0,378363000,378363000.0,10.395,1916178000.0,0.0,-700000.0,0.0,5.064,549718000.0
75,AMZN,MRT,2002-09-30,2002-09-30,2002-09-30,2021-07-30,-12233000.0,1497405000.0,1482981750.0,1119607000.0,377798000.0,2.441,-3.894,-31181000.0,327564000.0,327564000.0,2687989000.0,-146696000.0,1.575,-2.013,2277980000.0,13134000.0,2264846000.0,2277980000.0,65878000.0,125560000.0,0.0,0.0,0.0,-4589000.0,120971000.0,0.033,120971000.0,-4589000.0,-146696000.0,-0.38,-0.38,-0.38,-1478439000.0,-1452431250.0,-1478439000.0,8023271892.0,-1748.0,66.324,119651000.0,0.315,1.0,931508000.0,0.257,75184000.0,142107000.0,2661639000.0,2521512250.0,151514000.0,554736000.0,538238000.0,16498000.0,2975844000.0,710998000.0,2264846000.0,6060877892.0,-104743000.0,0.0,58360000.0,-16561000.0,0.0,41799000.0,-318035000.0,-286854000.0,150832000.0,20661000.0,-146696000.0,-146696000.0,-146696000.0,0.0,0.0,-0.041,923382000.0,8126000.0,347519000.0,0.0,-4.1,-41.316,-41.921,239238000.0,0.0,15.93,1.675,1.671,0.0,-3012361000.0,3619497000.0,3619497000.0,218894000.0,-0.099,0.101,-0.002,-0.001,35184000.0,200863000.0,1.0,380469422.0,379650000,379650000.0,9.534,1422221000.0,0.0,0.0,0.0,3.746,408609000.0
76,AMZN,MRT,2002-06-30,2002-06-30,2002-06-30,2021-07-30,-7596000.0,1435047000.0,1445222500.0,1043577000.0,391470000.0,2.358,-3.831,-32753000.0,270438000.0,270438000.0,2529946000.0,-281490000.0,1.58,-1.994,2232832000.0,14406000.0,2218426000.0,2232832000.0,69128000.0,165477000.0,0.0,0.0,0.0,-140259000.0,25218000.0,0.007,25218000.0,-140259000.0,-281490000.0,-0.75,-0.75,-0.75,-1443911000.0,-1446320000.0,-1443911000.0,7964517006.0,-57.0,315.827,15568000.0,0.041,1.0,877533000.0,0.258,76396000.0,141231000.0,2660513000.0,2446857500.0,126794000.0,571617000.0,553141000.0,18476000.0,2878958000.0,660532000.0,2218426000.0,6094975006.0,-192511000.0,0.0,153254000.0,-18901000.0,0.0,134353000.0,-424135000.0,-391382000.0,48321000.0,48950000.0,-281490000.0,-281490000.0,-281490000.0,0.0,0.0,-0.083,930096000.0,-52563000.0,296368000.0,0.0,-4.221,-21.653,-21.667,249452000.0,0.0,16.25,1.789,1.798,0.0,-2977281000.0,3407479000.0,3407479000.0,219833000.0,-0.195,0.195,-0.057,-0.041,33449000.0,209455000.0,1.0,375075385.0,376937000,376937000.0,9.04,1358651000.0,0.0,0.0,0.0,3.604,383045000.0
77,AMZN,MRT,2002-03-31,2002-03-31,2002-03-31,2021-07-30,-38623000.0,1361928000.0,1422719750.0,954273000.0,407655000.0,2.298,-3.88,-35738000.0,296689000.0,296689000.0,2430413000.0,-356296000.0,1.452,-1.941,2166231000.0,13958000.0,2152273000.0,2166231000.0,79361000.0,214757000.0,0.0,0.0,0.0,-215568000.0,-811000.0,0.0,-811000.0,-215568000.0,-356296000.0,-0.97,-0.97,-0.97,-1447375000.0,-1442825000.0,-1447375000.0,6968906988.0,-32.0,-8592.98,10431000.0,0.028,1.0,839086000.0,0.257,77770000.0,140728000.0,2496670000.0,2338233250.0,138996000.0,473982000.0,448569000.0,25413000.0,2809303000.0,657030000.0,2152273000.0,5338063988.0,-150255000.0,0.0,118032000.0,-19563000.0,0.0,98469000.0,-300351000.0,-264613000.0,46169000.0,5458000.0,-356296000.0,-356296000.0,-356296000.0,0.0,0.0,-0.109,1032961000.0,-193875000.0,314616000.0,0.0,-3.688,-14.982,-14.742,256403000.0,0.0,14.3,1.633,1.632,0.0,-2883728000.0,3269499000.0,3269499000.0,226378000.0,-0.25,0.247,-0.092,-0.066,12652000.0,218634000.0,1.0,373291188.0,373031000,373031000.0,8.765,1284158000.0,0.0,0.0,0.0,3.442,297243000.0
78,AMZN,MRT,2001-12-31,2001-12-31,2001-12-31,2021-07-30,-36070000.0,1637547000.0,1449776500.0,1207920000.0,429627000.0,2.154,-3.954,-50321000.0,540282000.0,540282000.0,2323875000.0,-567277000.0,1.311,-2.137,2171125000.0,14992000.0,2156133000.0,2171125000.0,87978000.0,265742000.0,0.0,0.0,0.0,-428045000.0,-162303000.0,-0.052,-162303000.0,-428045000.0,-567277000.0,-1.56,-1.56,-1.56,-1440000000.0,-1394334000.0,-1440000000.0,5778280765.0,-13.0,-35.602,-170103000.0,-0.467,1.0,798558000.0,0.256,79749000.0,139232000.0,2267227000.0,2302126250.0,143722000.0,484662000.0,456303000.0,28359000.0,3077547000.0,921414000.0,2156133000.0,4022369765.0,-282153000.0,0.0,116456000.0,-9575000.0,0.0,106881000.0,-253294000.0,-202973000.0,-119782000.0,-15958000.0,-567277000.0,-567277000.0,-567277000.0,0.0,0.0,-0.182,1210815000.0,-412257000.0,444748000.0,0.0,-2.793,-7.091,-6.936,271751000.0,0.0,10.82,1.288,1.262,67613000.0,-2860578000.0,3122433000.0,3122433000.0,241165000.0,-0.391,0.407,-0.186,-0.137,4637000.0,228145000.0,1.0,371753213.0,364211000,364211000.0,8.573,1557798000.0,0.0,0.0,0.0,4.277,286506000.0
79,AMZN,MRT,2001-09-30,2001-09-30,2001-09-30,2021-07-30,-36434000.0,1346368000.0,1574182000.0,870276000.0,476092000.0,1.893,-3.951,-80118000.0,432307000.0,432307000.0,2230813000.0,-1117504000.0,1.385,-1.926,2188218000.0,16054000.0,2172164000.0,2188218000.0,90288000.0,309109000.0,0.0,0.0,0.0,-977468000.0,-668359000.0,-0.224,-668359000.0,-977468000.0,-1117504000.0,-3.13,-3.13,-3.13,-1453994000.0,-1276146750.0,-1453994000.0,3847695188.0,-4.0,-5.757,-301367000.0,-0.819,1.0,748809000.0,0.251,111061000.0,140036000.0,2363020000.0,2291943000.0,130739000.0,261140000.0,235793000.0,25347000.0,2800362000.0,628198000.0,2172164000.0,2165580188.0,-214741000.0,0.0,119389000.0,-9065000.0,0.0,110324000.0,-123590000.0,-43472000.0,-221249000.0,19774000.0,-1117504000.0,-1117504000.0,-1117504000.0,0.0,0.0,-0.375,1497687000.0,-748878000.0,236992000.0,0.0,-1.489,-1.938,-1.907,288373000.0,0.0,5.97,0.727,0.737,0.0,-2865665000.0,2979622000.0,2979622000.0,258631000.0,-0.71,0.876,-0.426,-0.328,1588000.0,257547000.0,1.0,362743750.0,368052000,368052000.0,8.096,1235307000.0,0.0,0.0,0.0,3.356,242078000.0
80,AMZN,MRT,2001-06-30,2001-06-30,2001-06-30,2021-07-30,-83846000.0,1345036000.0,1801246750.0,809357000.0,535679000.0,1.653,-3.975,-109141000.0,462949000.0,462949000.0,2224303000.0,-1188154000.0,1.249,-1.941,2145064000.0,18337000.0,2126727000.0,2145064000.0,86945000.0,349530000.0,0.0,0.0,0.0,-1049355000.0,-699825000.0,-0.235,-699825000.0,-1049355000.0,-1188154000.0,-3.35,-3.35,-3.35,-1429931000.0,-1034440000.0,-1429931000.0,6773766848.0,-6.0,-9.679,-269675000.0,-0.75,1.0,753896000.0,0.253,152895000.0,138799000.0,2226016000.0,2333168500.0,129035000.0,182972000.0,146020000.0,36952000.0,2774967000.0,648240000.0,2126727000.0,5082549848.0,-257428000.0,0.0,23021000.0,-5876000.0,0.0,17145000.0,-48615000.0,60526000.0,-160534000.0,-65424000.0,-1188154000.0,-1188154000.0,-1188154000.0,0.0,0.0,-0.399,1595955000.0,-842059000.0,257976000.0,0.0,-3.554,-4.278,-4.224,292422000.0,0.0,14.15,1.707,1.709,0.0,-2695791000.0,2978199000.0,2978199000.0,275944000.0,-0.66,1.149,-0.45,-0.352,8246000.0,271667000.0,1.0,359190802.0,359752000,359752000.0,8.278,1192141000.0,0.0,0.0,0.0,3.314,161117000.0
81,AMZN,MRT,2001-03-31,2001-03-31,2001-03-31,2021-07-30,-63118000.0,1470155000.0,2080170250.0,855710000.0,614445000.0,1.389,-3.507,-127594000.0,446944000.0,446944000.0,2178210000.0,-1336979000.0,1.415,-2.173,2138161000.0,19305000.0,2118856000.0,2138161000.0,93661000.0,379001000.0,0.0,0.0,0.0,-1199931000.0,-820930000.0,-0.284,-820930000.0,-1199931000.0,-1336979000.0,-3.79,-3.79,-3.79,-1253411000.0,-746563250.0,-1253411000.0,4989624274.0,-4.0,-6.078,-344642000.0,-0.964,1.0,710240000.0,0.246,204420000.0,137048000.0,2352242000.0,2447968000.0,155562000.0,247071000.0,196029000.0,51042000.0,2723566000.0,604710000.0,2118856000.0,3668018274.0,-308189000.0,0.0,29171000.0,-5354000.0,0.0,23590000.0,-68872000.0,58722000.0,-217048000.0,-45859000.0,-1336979000.0,-1336979000.0,-1336979000.0,0.0,0.0,-0.463,1592836000.0,-882596000.0,257411000.0,0.0,-2.926,-2.744,-2.699,304179000.0,0.0,10.23,1.27,1.266,0.0,-2527432000.0,2888450000.0,2888450000.0,278366000.0,-0.643,1.791,-0.49,-0.415,14061000.0,284915000.0,1.0,358555061.0,357424000,357424000.0,8.081,1265735000.0,0.0,0.0,0.0,3.541,251000000.0
82,AMZN,MRT,2000-12-31,2000-12-31,2000-12-31,2021-07-30,-2376000.0,2135169000.0,2395067250.0,1361129000.0,774040000.0,1.153,-2.757,-134758000.0,822435000.0,822435000.0,2106206000.0,-1411273000.0,1.396,-3.207,2144041000.0,16577000.0,2127464000.0,2144041000.0,131117000.0,406232000.0,0.0,0.0,0.0,-1280352000.0,-874120000.0,-0.316,-874120000.0,-1280352000.0,-1411273000.0,-4.02,-4.02,-4.02,-967251000.0,-426806250.0,-967251000.0,6994923418.0,-5.0,-8.002,-265200000.0,-0.756,1.0,655777000.0,0.237,255325000.0,130921000.0,2226494000.0,2755968250.0,174563000.0,370337000.0,278087000.0,92250000.0,3102420000.0,974956000.0,2127464000.0,5542061418.0,689126000.0,0.0,44697000.0,664572000.0,0.0,693147000.0,163978000.0,298736000.0,-130442000.0,-37557000.0,-1411273000.0,-1411273000.0,-1411273000.0,0.0,0.0,-0.511,1519657000.0,-863880000.0,485383000.0,0.0,-5.73,-3.927,-3.871,366416000.0,0.0,15.56,2.007,1.977,0.0,-2293301000.0,2761983000.0,2761983000.0,269326000.0,-0.589,3.307,-0.465,-0.464,24797000.0,288942000.0,1.0,356173613.0,350873000,350873000.0,7.872,1879844000.0,0.0,0.0,0.0,5.358,386173000.0
83,AMZN,MRT,2000-09-30,2000-09-30,2000-09-30,2021-07-30,-65637000.0,2254627000.0,2477737500.0,1163085000.0,1091542000.0,0.995,-1.376,-202623000.0,647048000.0,647048000.0,1946342000.0,-1189346000.0,1.765,-5.628,2099910000.0,17213000.0,2082697000.0,2099910000.0,142046000.0,400453000.0,0.0,0.0,0.0,-1076377000.0,-675924000.0,-0.274,-675924000.0,-1076377000.0,-1189346000.0,-3.46,-3.46,-3.46,-487167000.0,-118424000.0,-487167000.0,15108297621.0,-14.0,-22.352,-549212000.0,-1.552,1.0,519323000.0,0.211,520470000.0,112969000.0,2527922000.0,2786800500.0,163880000.0,417452000.0,252976000.0,164476000.0,2741794000.0,659097000.0,2082697000.0,13679412621.0,573505000.0,0.0,67256000.0,667326000.0,0.0,718460000.0,268568000.0,471191000.0,-346589000.0,-66934000.0,-1189346000.0,-1189346000.0,-1189346000.0,0.0,0.0,-0.482,1334891000.0,-815568000.0,304709000.0,0.0,-28.08,-11.502,-11.11,352290000.0,0.0,38.44,5.548,5.518,0.0,-1748161000.0,2465665000.0,2465665000.0,257255000.0,-0.48,10.043,-0.386,-0.437,39958000.0,173678000.0,1.0,355864012.0,353954000,353954000.0,6.966,1734157000.0,0.0,0.0,0.0,4.899,503988000.0
84,AMZN,MRT,2000-06-30,2000-06-30,2000-06-30,2021-07-30,-84664000.0,2460730000.0,2474030500.0,1166640000.0,1294090000.0,0.883,-0.796,-231437000.0,720377000.0,720377000.0,1761063000.0,-1145902000.0,1.92,-9.838,2149262000.0,17731000.0,2131531000.0,2149262000.0,115566000.0,382355000.0,0.0,0.0,0.0,-1045272000.0,-662917000.0,-0.304,-662917000.0,-1045272000.0,-1145902000.0,-3.37,-3.37,-3.37,-278424000.0,108349000.0,-278424000.0,14841779509.0,-14.0,-22.389,-649911000.0,-1.857,1.0,422521000.0,0.193,596778000.0,100630000.0,2685214000.0,2806826500.0,172360000.0,487220000.0,187244000.0,299976000.0,2739154000.0,607623000.0,2131531000.0,12772922509.0,614620000.0,0.0,77996000.0,679011000.0,0.0,740671000.0,308353000.0,539790000.0,-418474000.0,-15930000.0,-1145902000.0,-1145902000.0,-1145902000.0,0.0,0.0,-0.525,1241683000.0,-819162000.0,286239000.0,0.0,-45.876,-11.147,-10.774,344042000.0,0.0,36.31,5.85,5.818,0.0,-1507637000.0,2183584000.0,2183584000.0,230547000.0,-0.463,-10.576,-0.372,-0.479,47656000.0,210764000.0,1.0,351774236.0,349886000,349886000.0,6.241,1863952000.0,0.0,0.0,0.0,5.327,559017000.0
85,AMZN,MRT,2000-03-31,2000-03-31,2000-03-31,2021-07-30,-46302000.0,2729743000.0,2433401500.0,1270949000.0,1458794000.0,0.789,0.074,-294594000.0,84087000.0,84087000.0,1566097000.0,-966726000.0,2.241,105.56,2152944000.0,15983000.0,2136961000.0,2152944000.0,134758000.0,326512000.0,0.0,0.0,0.0,-871173000.0,-544661000.0,-0.284,-544661000.0,-871173000.0,-966726000.0,-2.89,-2.89,-2.89,25617000.0,320716500.0,25617000.0,24781365341.0,-28.0,-45.499,-688653000.0,-2.003,1.0,353988000.0,0.184,647192000.0,95553000.0,3584243000.0,2809263750.0,172257000.0,1347118000.0,924794000.0,422324000.0,2704126000.0,567165000.0,2136961000.0,23417667341.0,751525000.0,0.0,79288000.0,581353000.0,0.0,644495000.0,516454000.0,811048000.0,-394059000.0,-15365000.0,-966726000.0,-966726000.0,-966726000.0,0.0,0.0,-0.503,1105653000.0,-751665000.0,255797000.0,0.0,914.146,-24.224,-23.183,334396000.0,0.0,67.0,12.196,12.0,0.0,-1190453000.0,1920085000.0,1920085000.0,197564000.0,-0.397,-3.014,-0.31,-0.454,44159000.0,240714000.0,1.0,349517423.0,343884000,343884000.0,5.584,2082551000.0,0.0,0.0,0.0,6.056,703784000.0
86,AMZN,MRT,1999-12-31,1999-12-31,1999-12-31,2021-07-30,-1709000.0,2465850000.0,2204211750.0,1006477000.0,1459373000.0,0.744,0.815,-287055000.0,133309000.0,133309000.0,1349194000.0,-719968000.0,1.373,8.26,1480660000.0,14322000.0,1466338000.0,1480660000.0,54790000.0,251500000.0,0.0,0.0,0.0,-635402000.0,-383902000.0,-0.234,-383902000.0,-635402000.0,-719968000.0,-2.2,-2.2,-2.2,266278000.0,333696500.0,266278000.0,27375974762.0,-43.0,-71.31,-377930000.0,-1.157,1.0,290645000.0,0.177,730144000.0,84566000.0,2349823000.0,2653204250.0,220646000.0,944341000.0,572879000.0,371462000.0,2199572000.0,733234000.0,1466338000.0,25944144762.0,61726000.0,0.0,64469000.0,1074753000.0,0.0,1104071000.0,-951959000.0,-664904000.0,-90875000.0,489000.0,-719968000.0,-719968000.0,-719968000.0,0.0,0.0,-0.439,896400000.0,-605755000.0,463026000.0,0.0,97.433,-36.035,-34.605,317613000.0,0.0,76.13,15.821,15.17,0.0,-882028000.0,1639839000.0,1639839000.0,159722000.0,-0.327,-2.158,-0.239,-0.387,30618000.0,245982000.0,1.0,340787400.0,326753000,326753000.0,5.019,1735706000.0,0.0,0.0,0.0,5.312,273243000.0
87,AMZN,MRT,1999-09-30,1999-09-30,1999-09-30,2021-07-30,-18957000.0,2239799000.0,1749864250.0,1080068000.0,1159731000.0,0.695,1.263,-191413000.0,43149000.0,43149000.0,960473000.0,-443181000.0,3.02,4.334,1474979000.0,12776000.0,1462203000.0,1474979000.0,0.0,201166000.0,0.0,0.0,0.0,-368135000.0,-166969000.0,-0.137,-166969000.0,-368135000.0,-443181000.0,-1.37,-1.37,-1.37,419925000.0,301813250.0,419925000.0,28372673739.0,-77.0,-169.928,-275096000.0,-0.827,1.0,256151000.0,0.211,705932000.0,75046000.0,2608026000.0,2212151500.0,118793000.0,1058853000.0,862536000.0,196317000.0,1819874000.0,357671000.0,1462203000.0,26956115739.0,-1894000.0,14374000.0,39971000.0,1075204000.0,0.0,1080024000.0,-998867000.0,-821828000.0,-83683000.0,632000.0,-443181000.0,-443181000.0,-443181000.0,0.0,0.0,-0.364,627283000.0,-371132000.0,236711000.0,0.0,64.193,-60.824,-58.35,221243000.0,0.0,79.94,22.156,21.847,0.0,-558815000.0,1216624000.0,1216624000.0,119258000.0,-0.253,-1.468,-0.166,-0.303,18385000.0,331545000.0,1.0,337204350.0,332488000,332488000.0,3.659,1533867000.0,0.0,0.0,0.0,4.613,722397000.0
88,AMZN,MRT,1999-06-30,1999-06-30,1999-06-30,2021-07-30,-9411000.0,2298214000.0,1344843000.0,1256958000.0,1041256000.0,0.754,1.772,-130474000.0,42539000.0,42539000.0,793996000.0,-291272000.0,4.522,3.025,1459097000.0,9873000.0,1449224000.0,1459097000.0,0.0,119903000.0,0.0,0.0,0.0,-229277000.0,-109374000.0,-0.108,-109374000.0,-229277000.0,-291272000.0,-0.93,-0.93,-0.93,571046000.0,241773000.0,571046000.0,21747259368.0,-95.0,-198.834,-139156000.0,-0.432,1.0,220499000.0,0.217,741865000.0,61995000.0,2694963000.0,1718524500.0,59387000.0,1207718000.0,1101698000.0,106020000.0,1727168000.0,277944000.0,1449224000.0,20211459368.0,37714000.0,14993000.0,26357000.0,1066659000.0,0.0,1058079000.0,-1011820000.0,-896339000.0,-8682000.0,137000.0,-291272000.0,-291272000.0,-291272000.0,0.0,0.0,-0.287,466029000.0,-245530000.0,165983000.0,0.0,35.394,-69.39,-67.258,156333000.0,0.0,62.55,19.923,19.874,0.0,-361735000.0,1014495000.0,1014495000.0,88034000.0,-0.217,-1.205,-0.133,-0.226,6789000.0,268726000.0,1.0,323124850.0,322340000,322340000.0,3.147,1556349000.0,0.0,0.0,0.0,4.828,979014000.0
89,AMZN,MRT,1999-03-31,1999-03-31,1999-03-31,2021-07-30,-4390000.0,1812984000.0,881229250.0,1525278000.0,287706000.0,0.926,0.247,-45232000.0,5248000.0,5248000.0,636944000.0,-175843000.0,7.566,22.382,1541048000.0,7186000.0,1533862000.0,1541048000.0,0.0,76302000.0,0.0,0.0,0.0,-137989000.0,-61687000.0,-0.076,-61687000.0,-137989000.0,-175843000.0,-0.575,-0.575,-0.575,77537000.0,108868750.0,77537000.0,28064143842.0,-203.0,-454.944,-24120000.0,-0.077,1.0,179156000.0,0.22,187194000.0,37854000.0,2960005000.0,1207284750.0,45236000.0,1437717000.0,1437717000.0,0.0,1735447000.0,201585000.0,1533862000.0,27740880842.0,-47831000.0,0.0,19491000.0,1416630000.0,0.0,1393438000.0,-1462186000.0,-1416954000.0,21112000.0,-195000.0,-175843000.0,-175843000.0,-175843000.0,0.0,0.0,-0.215,330206000.0,-151050000.0,133018000.0,0.0,357.776,-157.759,-149.739,60600000.0,0.0,86.1,33.992,33.106,0.0,-223727000.0,816100000.0,816100000.0,62630000.0,-0.2,-1.615,-0.114,-0.169,2312000.0,198333000.0,1.0,322193738.0,313794000,313794000.0,2.601,1625790000.0,0.0,0.0,0.0,5.181,1323693000.0
90,AMZN,MRT,1998-12-31,1998-12-31,1998-12-31,2021-07-30,1806000.0,648460000.0,464235000.0,424254000.0,224206000.0,1.314,0.468,-28333000.0,71583000.0,71583000.0,476155000.0,-124546000.0,2.626,3.674,348948000.0,808000.0,348140000.0,348948000.0,0.0,52020000.0,0.0,0.0,0.0,-97907000.0,-45887000.0,-0.075,-45887000.0,-97907000.0,-124546000.0,-0.42,-0.42,-0.42,138745000.0,94441250.0,138745000.0,17279092572.0,-176.0,-376.557,2702000.0,0.009,1.0,133664000.0,0.219,178638000.0,26639000.0,585612000.0,486039000.0,29501000.0,309602000.0,301862000.0,7740000.0,509715000.0,161575000.0,348140000.0,16952769572.0,-38536000.0,0.0,14366000.0,247879000.0,0.0,254462000.0,-323998000.0,-295665000.0,31035000.0,-35000.0,-124546000.0,-124546000.0,-124546000.0,0.0,0.0,-0.204,242719000.0,-109055000.0,113273000.0,0.0,122.187,-136.117,-127.5,29791000.0,0.0,53.55,27.8,26.023,0.0,-162060000.0,609819000.0,609819000.0,46424000.0,-0.268,-1.319,-0.201,-0.161,2386000.0,148272000.0,1.0,316578330.0,296344000,296344000.0,2.058,469822000.0,0.0,0.0,0.0,1.585,262679000.0
91,AMZN,MRT,1998-09-30,1998-09-30,1998-09-30,2021-07-30,590000.0,619714000.0,339581000.0,374657000.0,245057000.0,1.246,0.596,-21986000.0,14856000.0,14856000.0,329807000.0,-88927000.0,3.767,2.447,341179000.0,684000.0,340495000.0,341179000.0,0.0,7548000.0,0.0,0.0,0.0,-74560000.0,-67012000.0,-0.158,-67012000.0,-74560000.0,-88927000.0,-0.3,-0.3,-0.3,179764000.0,66902750.0,179764000.0,5895569857.0,-79.0,-87.978,-23433000.0,-0.078,1.0,93224000.0,0.22,213064000.0,14367000.0,633518000.0,385040750.0,19772000.0,322404000.0,322404000.0,0.0,439950000.0,99455000.0,340495000.0,5565002857.0,115993000.0,-14374000.0,12348000.0,323564000.0,0.0,325842000.0,-207991000.0,-171631000.0,-1447000.0,-411000.0,-88927000.0,-88927000.0,-88927000.0,0.0,0.0,-0.21,174440000.0,-81216000.0,60046000.0,0.0,30.957,-62.579,-62.0,23821000.0,0.0,18.6,13.155,13.252,0.0,-115633000.0,423031000.0,423031000.0,34026000.0,-0.262,-1.329,-0.194,-0.176,931000.0,112901000.0,1.0,299193702.0,301405000,301405000.0,1.404,406650000.0,0.0,0.0,0.0,1.349,275202000.0
92,AMZN,MRT,1998-06-30,1998-06-30,1998-06-30,2021-07-30,-35000.0,443759000.0,199014250.0,369441000.0,74318000.0,1.544,0.135,-14320000.0,2523000.0,2523000.0,241701000.0,-53403000.0,5.137,10.255,333090000.0,684000.0,332406000.0,333090000.0,0.0,5912000.0,0.0,0.0,0.0,-48124000.0,-42212000.0,-0.137,-42212000.0,-48124000.0,-53403000.0,-0.185,-0.185,-0.185,39429000.0,31316250.0,39429000.0,4911279726.0,-102.0,-116.348,-23330000.0,-0.08,1.0,65569000.0,0.213,52398000.0,5279000.0,650004000.0,224847750.0,17035000.0,337396000.0,337396000.0,0.0,404330000.0,71924000.0,332406000.0,4932786726.0,104178000.0,-14993000.0,13416000.0,323694000.0,0.0,326818000.0,-213595000.0,-184282000.0,-9010000.0,-35000.0,-53403000.0,-53403000.0,-53403000.0,0.0,0.0,-0.174,115594000.0,-50025000.0,47556000.0,0.0,125.106,-92.369,-89.865,14014000.0,0.0,16.625,16.054,15.829,0.0,-64100000.0,307270000.0,307270000.0,24797000.0,-0.268,-1.705,-0.214,-0.157,1106000.0,83984000.0,1.0,296708976.0,292554000,292554000.0,1.05,391361000.0,0.0,0.0,0.0,1.338,297517000.0
93,AMZN,MRT,1998-03-31,1998-03-31,1998-03-31,2021-07-30,0.0,145007000.0,103849000.0,132893000.0,12114000.0,2.11,0.07,-8840000.0,98893000.0,98893000.0,174540000.0,-37529000.0,2.741,6.314,77386000.0,684000.0,76702000.0,77386000.0,0.0,4863000.0,0.0,0.0,0.0,-36791000.0,-31928000.0,-0.146,-31928000.0,-36791000.0,-37529000.0,-0.137,-0.137,-0.137,19827000.0,32849000.0,19827000.0,2034448365.0,-55.0,-63.72,-16627000.0,-0.059,1.0,44603000.0,0.204,0.0,738000.0,75022000.0,61820250.0,11674000.0,18220000.0,18220000.0,0.0,125180000.0,48478000.0,76702000.0,2066222365.0,91898000.0,0.0,54336000.0,74953000.0,0.0,126780000.0,-27095000.0,-18255000.0,-7787000.0,0.0,-37529000.0,-37529000.0,-37529000.0,0.0,0.0,-0.171,83295000.0,-38692000.0,34374000.0,0.0,104.213,-55.057,-52.026,9773000.0,0.0,7.128,9.429,9.193,0.0,-42874000.0,219143000.0,219143000.0,18860000.0,-0.361,-1.142,-0.595,-0.168,1276000.0,63224000.0,1.0,289894404.0,282636000,282636000.0,0.775,145007000.0,0.0,0.0,0.0,0.513,84415000.0
94,AMZN,MRT,1997-12-31,1997-12-31,1997-12-31,2021-07-30,0.0,149844000.0,70527750.0,137709000.0,12135000.0,2.095,0.11,-7603000.0,1876000.0,1876000.0,118969000.0,-31020000.0,3.091,4.241,78202000.0,1500000.0,76702000.0,78202000.0,0.0,3442000.0,0.0,0.0,0.0,-30694000.0,-27252000.0,-0.184,-27252000.0,-30694000.0,-31020000.0,-0.12,-0.12,-0.12,28591000.0,28583000.0,28591000.0,1392633795.0,-45.0,-51.102,-6916000.0,-0.027,1.0,28818000.0,0.195,0.0,326000.0,181619000.0,41916750.0,8971000.0,123499000.0,123499000.0,0.0,121253000.0,44551000.0,76702000.0,1437486795.0,103830000.0,0.0,53358000.0,74953000.0,0.0,126002000.0,-22859000.0,-15256000.0,687000.0,0.0,-31020000.0,-31020000.0,-31020000.0,0.0,0.0,-0.21,61413000.0,-32595000.0,33027000.0,0.0,50.278,-46.341,-41.84,9726000.0,0.0,5.021,9.727,8.856,0.0,-37514000.0,147787000.0,147787000.0,13384000.0,-0.44,-1.085,-0.732,-0.208,1354000.0,46818000.0,1.0,286304424.0,260682000,260682000.0,0.567,149844000.0,0.0,0.0,0.0,0.575,93158000.0
95,AMZN,MRT,1997-09-30,1997-09-30,1997-09-30,2021-07-30,0.0,57447000.0,35134500.0,52697000.0,4750000.0,2.568,0.136,-5056000.0,45034000.0,45034000.0,72411000.0,-22158000.0,2.655,0.535,181000.0,0.0,181000.0,181000.0,0.0,2237000.0,0.0,0.0,0.0,-23386000.0,-21149000.0,-0.234,-21149000.0,-23386000.0,-22158000.0,-0.092,-0.092,-0.092,37418000.0,22285500.0,37418000.0,1195907135.0,-51.0,-56.547,-11873000.0,-0.043,1.0,17804000.0,0.197,0.0,-1228000.0,-7254000.0,-4236250.0,2732000.0,3494000.0,3494000.0,0.0,20029000.0,19848000.0,181000.0,1243754135.0,-5756000.0,0.0,60913000.0,-7000.0,0.0,52914000.0,-51853000.0,-46797000.0,-6817000.0,0.0,-22158000.0,-22158000.0,-22158000.0,0.0,0.0,-0.246,41148000.0,-23344000.0,15386000.0,0.0,33.239,-56.131,-47.219,4403000.0,0.0,4.344,13.787,13.251,0.0,-24278000.0,90215000.0,90215000.0,9370000.0,-0.631,-0.994,5.52,-0.259,993000.0,31778000.0,1.0,286304424.0,275190000,275190000.0,0.328,57447000.0,0.0,0.0,0.0,0.209,32849000.0
96,AMZN,MRT,1997-06-30,1997-06-30,1997-06-30,2021-07-30,0.0,63098000.0,,59206000.0,3892000.0,,0.178,-3339000.0,48028000.0,48028000.0,44956000.0,-14891000.0,3.411,0.385,181000.0,0.0,181000.0,181000.0,0.0,1273000.0,0.0,0.0,0.0,-15450000.0,-14177000.0,-0.251,-14177000.0,-15450000.0,-14891000.0,-0.066,-0.066,-0.066,45560000.0,,45560000.0,434030987.0,-28.0,-30.615,-2486000.0,-0.01,1.0,11545000.0,0.204,0.0,-559000.0,-2106000.0,,1652000.0,8692000.0,8692000.0,0.0,17538000.0,17357000.0,181000.0,441385987.0,-2216000.0,0.0,58179000.0,0.0,0.0,50409000.0,-53478000.0,-50139000.0,853000.0,0.0,-14891000.0,-14891000.0,-14891000.0,0.0,0.0,-0.264,27045000.0,-15500000.0,10327000.0,0.0,9.688,-29.641,-23.359,3564000.0,0.0,1.542,7.812,6.98,0.0,-15768000.0,56501000.0,56501000.0,6127000.0,,,,-0.273,625000.0,20918000.0,1.0,286304424.0,255804000,255804000.0,0.221,63098000.0,0.0,0.0,0.0,0.247,41849000.0
97,AMZN,MRT,1997-03-31,1997-03-31,1997-03-31,2021-07-30,0.0,11722000.0,9996500.0,9038000.0,2684000.0,3.089,0.012,,7355000.0,7355000.0,24076000.0,-8953000.0,1.009,3.242,0.0,0.0,0.0,0.0,0.0,,0.0,,0.0,-9150000.0,,,,-9150000.0,-8953000.0,-0.042,-0.042,-0.042,2763000.0,3082000.0,2763000.0,,,,,,1.0,6800000.0,0.22,0.0,-197000.0,-4592000.0,-3792500.0,939000.0,0.0,0.0,0.0,8959000.0,8959000.0,0.0,,,,,,,,,,,,-8953000.0,-8953000.0,-8953000.0,0.0,0.0,-0.29,16009000.0,-9209000.0,5650000.0,0.0,,,,2491000.0,0.0,,,,0.0,-9063000.0,30876000.0,30876000.0,3713000.0,-0.896,-2.905,2.413,-0.296,,12296000.0,1.0,286304424.0,232824000,232824000.0,0.133,11722000.0,0.0,0.0,0.0,0.05,79000.0
98,AMZN,MRT,1996-12-31,1996-12-31,1996-12-31,2021-07-30,0.0,8271000.0,4677500.0,7140000.0,1131000.0,3.366,0.015,-1335000.0,6394000.0,6394000.0,12287000.0,-6246000.0,1.466,1.432,0.0,0.0,0.0,0.0,0.0,296000.0,0.0,,0.0,-6443000.0,-6147000.0,-0.39,-6147000.0,-6443000.0,-6246000.0,-0.03,-0.03,-0.03,3401000.0,2189000.0,3401000.0,,,,-3345000.0,-0.015,1.0,3459000.0,0.22,0.0,-197000.0,-2993000.0,-1506000.0,571000.0,0.0,0.0,0.0,4870000.0,4870000.0,0.0,,60000.0,0.0,8638000.0,0.0,0.0,8638000.0,-6568000.0,-5233000.0,-2010000.0,0.0,-6246000.0,-6246000.0,-6246000.0,0.0,0.0,-0.397,9902000.0,-6443000.0,2852000.0,0.0,,,,985000.0,0.0,,,,0.0,-6025000.0,15746000.0,15746000.0,2401000.0,-1.335,-2.853,4.278,-0.409,0.0,7501000.0,1.0,,222542000,222542000.0,0.071,8271000.0,0.0,0.0,0.0,0.037,2270000.0
99,AMZN,MRT,1996-09-30,1996-09-30,1996-09-30,2021-07-30,,,,,,,,,,,,,,,,,,,,,,,0.0,,,,,,,,,,,,,,,,,,1.0,,,,,,,,,,,,,,,,,,,,,,,,,,,,,,,,,,,,,,,,,,,,,,,,,,,,,,1.0,,275604000,,,,,,,,
100,AMZN,MRT,1996-06-30,1996-06-30,1996-06-30,2021-07-30,,,,,,,,,,,,,,,,,,,,,,,0.0,,,,,,,,,,,,,,,,,,1.0,,,,,,,,,,,,,,,,,,,,,,,,,,,,,,,,,,,,,,,,,,,,,,,,,,,,,,1.0,,269172000,,,,,,,,
101,AMZN,MRT,1996-03-31,1996-03-31,1996-03-31,2021-07-30,0.0,8271000.0,,7140000.0,1131000.0,,0.013,,6394000.0,6394000.0,,,1.466,1.432,0.0,0.0,0.0,0.0,0.0,,0.0,,0.0,,,,,,,,,,3401000.0,,3401000.0,,,,,,1.0,,,0.0,,-2993000.0,,571000.0,0.0,0.0,0.0,4870000.0,4870000.0,0.0,,,,,,,,,,,,,,,,,,,,2852000.0,,,,,985000.0,,,,,0.0,-6025000.0,,,,,,,,,,1.0,,267012000,,,8271000.0,0.0,,0.0,0.031,2270000.0
102,AMZN,MRT,1995-12-31,1995-12-31,1995-12-31,2021-07-30,0.0,1084000.0,,1027000.0,57000.0,,0.006,-52000.0,996000.0,996000.0,409000.0,-303000.0,9.598,0.11,0.0,0.0,0.0,0.0,0.0,19000.0,0.0,,0.0,-303000.0,-284000.0,-0.556,-284000.0,-303000.0,-303000.0,-0.002,-0.002,-0.002,977000.0,,977000.0,,,,-284000.0,-0.002,1.0,102000.0,0.2,0.0,0.0,-19000.0,,17000.0,0.0,0.0,0.0,107000.0,107000.0,0.0,,944000.0,0.0,1272000.0,-44000.0,0.0,1228000.0,-52000.0,0.0,-232000.0,0.0,-303000.0,-303000.0,-303000.0,0.0,0.0,-0.593,406000.0,-304000.0,99000.0,0.0,,,,57000.0,0.0,,,,0.0,-248000.0,511000.0,511000.0,171000.0,,,,-0.593,0.0,235000.0,1.0,,172728000,172728000.0,0.003,1084000.0,0.0,0.0,0.0,0.006,920000.0
