None,ticker,dimension,calendardate,datekey,reportperiod,lastupdated,accoci,assets,assetsavg,assetsc,assetsnc,assetturnover,bvps,capex,cashneq,cashnequsd,cor,consolinc,currentratio,de,debt,debtc,debtnc,debtusd,deferredrev,depamor,deposits,divyield,dps,ebit,ebitda,ebitdamargin,ebitdausd,ebitusd,ebt,eps,epsdil,epsusd,equity,equityavg,equityusd,ev,evebit,evebitda,fcf,fcfps,fxusd,gp,grossmargin,intangibles,intexp,invcap,invcapavg,inventory,investments,investmentsc,investmentsnc,liabilities,liabilitiesc,liabilitiesnc,marketcap,ncf,ncfbus,ncfcommon,ncfdebt,ncfdiv,ncff,ncfi,ncfinv,ncfo,ncfx,netinc,netinccmn,netinccmnusd,netincdis,netincnci,netmargin,opex,opinc,payables,payoutratio,pb,pe,pe1,ppnenet,prefdivis,price,ps,ps1,receivables,retearn,revenue,revenueusd,rnd,roa,roe,roic,ros,sbcomp,sgna,sharefactor,sharesbas,shareswa,shareswadil,sps,tangibles,taxassets,taxexp,taxliabilities,tbvps,workingcapital
0,SUNEQ,MRY,2014-12-31,2014-12-31,2014-12-31,2021-06-09,-111000000.0,11500000000.0,9331925000.0,2788000000.0,8712000000.0,0.266,0.86,-1813300000.0,1258000000.0,1258000000.0,2262500000.0,-1272400000.0,0.886,42.983,6993000000.0,1078000000.0,5915000000.0,6993000000.0,296000000.0,357400000.0,0.0,0.0,0.0,-806400000.0,-449000000.0,-0.181,-449000000.0,-806400000.0,-1216400000.0,-4.4,-4.4,-4.4,233000000.0,155175000.0,233000000.0,10457946953.0,-13.0,-23.292,-2583300000.0,-9.534,1.0,221900000.0,0.089,659000000.0,410000000.0,13430000000.0,10994675000.0,0.0,149000000.0,0.0,149000000.0,10015000000.0,3146000000.0,6869000000.0,5286546953.0,370200000.0,-719000000.0,15300000.0,2697700000.0,0.0,3801700000.0,-2639800000.0,-46000000.0,-770000000.0,-21700000.0,-1180400000.0,-1180400000.0,-1180400000.0,0.0,-92000000.0,-0.475,758700000.0,-536800000.0,1098000000.0,0.0,22.689,-4.479,-4.434,6476000000.0,0.0,19.51,2.128,2.128,373000000.0,-1348000000.0,2484400000.0,2484400000.0,61700000.0,-0.126,-7.607,-0.073,-0.325,46200000.0,566000000.0,1.0,270966015.0,270966015.0,,9.169,10841000000.0,0.0,-36000000.0,0.0,40.009,-358000000.0
1,SUNEQ,MRY,2013-12-31,2013-12-31,2013-12-31,2021-06-09,-60000000.0,6680500000.0,5371050000.0,2385000000.0,4295500000.0,0.374,0.871,-838900000.0,975400000.0,975400000.0,1862300000.0,-613900000.0,1.262,27.301,3576200000.0,397500000.0,3178700000.0,3576200000.0,244700000.0,268300000.0,140000000.0,0.0,0.0,-369700000.0,-101400000.0,-0.051,-101400000.0,-369700000.0,-558900000.0,-2.46,-2.46,-2.46,232200000.0,375800000.0,232200000.0,5781082474.0,-16.0,-57.013,-1545700000.0,-5.798,1.0,145300000.0,0.072,117100000.0,189200000.0,7274900000.0,6103500000.0,248400000.0,41100000.0,0.0,41100000.0,6339300000.0,1889300000.0,4450000000.0,3479182474.0,19700000.0,-7300000.0,239600000.0,1553500000.0,0.0,1594900000.0,-860900000.0,16500000.0,-706800000.0,-7500000.0,-586700000.0,-586700000.0,-586700000.0,0.0,-27200000.0,-0.292,458900000.0,-313600000.0,867700000.0,0.0,14.984,-5.93,-5.305,3583000000.0,0.0,13.05,1.733,1.733,351500000.0,-168000000.0,2007600000.0,2007600000.0,71100000.0,-0.109,-1.561,-0.061,-0.184,30200000.0,361600000.0,1.0,266604021.0,266604021.0,,7.53,6563400000.0,0.0,27800000.0,0.0,24.619,495700000.0
2,SUNEQ,MRY,2012-12-31,2012-12-31,2012-12-31,2021-06-09,-39800000.0,4745300000.0,4686875000.0,1459400000.0,3285900000.0,0.54,2.491,-513700000.0,695200000.0,695200000.0,2194300000.0,-148700000.0,1.286,7.071,2368300000.0,101200000.0,2267100000.0,2368300000.0,288300000.0,246900000.0,261700000.0,0.0,0.0,49600000.0,296500000.0,0.117,296500000.0,49600000.0,-85700000.0,-0.66,-0.66,-0.66,575300000.0,597125000.0,575300000.0,2314239947.0,47.0,7.805,-777200000.0,-3.365,1.0,335600000.0,0.133,0.0,135300000.0,5283800000.0,4895925000.0,247800000.0,49600000.0,0.0,49600000.0,4067900000.0,1134600000.0,2933300000.0,741339947.0,-32000000.0,0.0,-500000.0,850400000.0,0.0,764800000.0,-531300000.0,-42000000.0,-263500000.0,-2000000.0,-150600000.0,-150600000.0,-150600000.0,0.0,1900000.0,-0.06,278400000.0,57200000.0,477000000.0,0.0,1.289,-4.923,-4.864,2806800000.0,0.0,3.21,0.293,0.293,220400000.0,425300000.0,2529900000.0,2529900000.0,71800000.0,-0.032,-0.252,0.01,0.02,31700000.0,302200000.0,1.0,230947024.0,230947024.0,,10.954,4745300000.0,0.0,64900000.0,0.0,20.547,324800000.0
3,SUNEQ,MRY,2011-12-31,2011-12-31,2011-12-31,2021-06-09,-3900000.0,4881600000.0,5355975000.0,1885900000.0,2995700000.0,0.507,3.21,-1006700000.0,748500000.0,748500000.0,2420600000.0,-1520000000.0,1.312,5.552,1926800000.0,147900000.0,1778900000.0,1926800000.0,250000000.0,227100000.0,349200000.0,0.0,0.0,-1385700000.0,-1158600000.0,-0.427,-1158600000.0,-1385700000.0,-1462900000.0,-6.68,-6.68,-6.68,737900000.0,1922950000.0,737900000.0,1922134626.0,-1.0,-1.659,-1022000000.0,-4.445,1.0,294900000.0,0.109,149200000.0,77200000.0,4473800000.0,4511700000.0,321800000.0,54500000.0,0.0,54500000.0,4096700000.0,1436900000.0,2659800000.0,908034626.0,-121500000.0,-214200000.0,-3600000.0,1351000000.0,0.0,1150700000.0,-1262900000.0,30800000.0,-15300000.0,6000000.0,-1536000000.0,-1536000000.0,-1536000000.0,0.0,16000000.0,-0.566,1595400000.0,-1300500000.0,694600000.0,0.0,1.231,-0.591,-0.59,2766100000.0,0.0,3.94,0.334,0.334,202900000.0,577500000.0,2715500000.0,2715500000.0,87500000.0,-0.287,-0.799,-0.307,-0.51,43900000.0,348800000.0,1.0,230465641.0,229900000.0,229900000.0,11.812,4732400000.0,44800000.0,73100000.0,0.0,20.585,449000000.0
4,SUNEQ,MRY,2010-12-31,2010-12-31,2010-12-31,2021-06-09,34100000.0,4611900000.0,3993325000.0,1737300000.0,2874600000.0,0.561,9.924,-632100000.0,769800000.0,769800000.0,1902100000.0,48000000.0,1.353,1.029,682700000.0,72100000.0,610600000.0,682700000.0,199000000.0,164800000.0,209100000.0,0.0,0.0,10100000.0,174900000.0,0.078,174900000.0,10100000.0,-18900000.0,0.15,0.15,0.15,2251700000.0,2198775000.0,2251700000.0,2507544707.0,248.0,14.337,-284500000.0,-1.254,1.0,337100000.0,0.151,395200000.0,29000000.0,2845500000.0,2637600000.0,214600000.0,110300000.0,0.0,110300000.0,2316300000.0,1284100000.0,1032200000.0,2560844707.0,74600000.0,-73500000.0,-2900000.0,285700000.0,0.0,243200000.0,-521800000.0,184100000.0,347600000.0,5600000.0,34400000.0,34400000.0,34400000.0,0.0,13600000.0,0.015,316000000.0,21100000.0,745500000.0,0.0,1.137,74.443,75.067,2271000000.0,0.0,11.26,1.144,1.141,296000000.0,2113500000.0,2239200000.0,2239200000.0,55600000.0,0.009,0.016,0.004,0.005,51600000.0,267000000.0,1.0,227428482.0,226900000.0,230200000.0,9.869,4216700000.0,139300000.0,-53300000.0,0.0,18.584,453200000.0
5,SUNEQ,MRY,2009-12-31,2009-12-31,2009-12-31,2021-06-09,33000000.0,3566500000.0,3022550000.0,1249600000.0,2316900000.0,0.385,9.686,-253400000.0,691100000.0,691100000.0,1035500000.0,-69800000.0,2.455,0.627,416600000.0,32200000.0,384400000.0,416600000.0,109600000.0,124000000.0,83600000.0,0.0,0.0,-106500000.0,17500000.0,0.015,17500000.0,-106500000.0,-110500000.0,-0.31,-0.31,-0.31,2168600000.0,2102925000.0,2168600000.0,2281607930.0,-21.0,130.378,-220400000.0,-0.984,1.0,128100000.0,0.11,327100000.0,4000000.0,2455800000.0,1843975000.0,140500000.0,383500000.0,85900000.0,297600000.0,1359700000.0,509100000.0,850600000.0,3044907930.0,-355600000.0,-188500000.0,-15200000.0,16500000.0,0.0,-91700000.0,-299800000.0,139900000.0,33000000.0,2900000.0,-68300000.0,-68300000.0,-68300000.0,0.0,-1500000.0,-0.059,255300000.0,-127200000.0,219300000.0,0.0,1.404,-44.581,-43.935,1485900000.0,0.0,13.62,2.617,2.621,173300000.0,2079100000.0,1163600000.0,1163600000.0,40400000.0,-0.023,-0.032,-0.058,-0.092,36500000.0,161900000.0,1.0,223561522.0,223900000.0,223900000.0,5.197,3239400000.0,167800000.0,-42200000.0,28000000.0,14.468,740500000.0
6,SUNEQ,MRY,2008-12-31,2008-12-31,2008-12-31,2021-06-09,-55600000.0,2936700000.0,2941425000.0,1454200000.0,1482500000.0,0.681,9.176,-303600000.0,988300000.0,988300000.0,999700000.0,389600000.0,3.077,0.394,32200000.0,6100000.0,26100000.0,32200000.0,88800000.0,104000000.0,187000000.0,0.0,0.0,584600000.0,688600000.0,0.344,688600000.0,584600000.0,582800000.0,1.71,1.69,1.71,2082000000.0,2057000000.0,2082000000.0,2303176516.0,4.0,3.345,337300000.0,1.487,1.0,1004800000.0,0.501,5700000.0,1800000.0,1502300000.0,1489250000.0,81300000.0,433100000.0,148400000.0,284700000.0,819900000.0,472600000.0,347300000.0,3205176516.0,129000000.0,0.0,-301100000.0,-6000000.0,0.0,-153300000.0,-335400000.0,-31800000.0,640900000.0,-23200000.0,387400000.0,387400000.0,387400000.0,0.0,2200000.0,0.193,151600000.0,853200000.0,162400000.0,0.0,1.539,8.274,8.351,1041200000.0,0.0,14.28,1.599,1.616,197300000.0,2147100000.0,2004500000.0,2004500000.0,40800000.0,0.132,0.188,0.393,0.292,28500000.0,106500000.0,1.0,224452137.0,226900000.0,228600000.0,8.834,2931000000.0,69700000.0,195400000.0,17900000.0,12.918,981600000.0
7,SUNEQ,MRY,2007-12-31,2007-12-31,2007-12-31,2021-06-09,29800000.0,2887200000.0,2417175000.0,1589500000.0,1297700000.0,0.795,9.02,-276400000.0,859300000.0,859300000.0,921300000.0,829600000.0,3.578,0.401,30900000.0,5300000.0,25600000.0,30900000.0,81400000.0,80700000.0,122000000.0,0.0,0.0,1109800000.0,1190500000.0,0.619,1190500000.0,1109800000.0,1108400000.0,3.66,3.56,3.66,2035000000.0,1643150000.0,2035000000.0,19254756895.0,17.0,16.174,640800000.0,2.84,1.0,1000500000.0,0.521,0.0,1400000.0,1614600000.0,1187350000.0,36400000.0,469800000.0,457100000.0,12700000.0,816400000.0,444200000.0,372200000.0,20274156895.0,331800000.0,0.0,-67000000.0,-5200000.0,0.0,76900000.0,-688900000.0,-413200000.0,917200000.0,26600000.0,826200000.0,826200000.0,826200000.0,0.0,3400000.0,0.43,150600000.0,849900000.0,168300000.0,0.0,9.963,24.539,24.178,834000000.0,0.0,88.49,10.55,10.388,197900000.0,1760500000.0,1921800000.0,1921800000.0,39300000.0,0.342,0.503,0.935,0.577,31100000.0,111300000.0,1.0,229112407.0,225600000.0,232300000.0,8.519,2887200000.0,89300000.0,282200000.0,75900000.0,12.798,1145300000.0
8,SUNEQ,MRY,2006-12-31,2006-12-31,2006-12-31,2021-06-09,-7400000.0,1765500000.0,1489368250.0,899500000.0,866000000.0,1.034,5.254,-148400000.0,527500000.0,527500000.0,851600000.0,369300000.0,3.489,0.48,34400000.0,5000000.0,29400000.0,34400000.0,68100000.0,70200000.0,8400000.0,0.0,0.0,586500000.0,656700000.0,0.426,656700000.0,586500000.0,584100000.0,1.66,1.61,1.66,1166900000.0,958189500.0,1166900000.0,8320308031.0,14.0,12.67,379400000.0,1.708,1.0,689000000.0,0.447,0.0,2400000.0,1014600000.0,899359250.0,80200000.0,58000000.0,58000000.0,0.0,560000000.0,257800000.0,302200000.0,8701303031.0,401000000.0,0.0,17100000.0,-18500000.0,0.0,40800000.0,-174200000.0,-29800000.0,527800000.0,6600000.0,369300000.0,369300000.0,369300000.0,0.0,0.0,0.24,130700000.0,558300000.0,125400000.0,0.0,7.457,23.562,23.578,603500000.0,0.0,39.14,5.648,5.643,199000000.0,933800000.0,1540600000.0,1540600000.0,35800000.0,0.248,0.385,0.652,0.381,19000000.0,94900000.0,1.0,222312290.0,222100000.0,229700000.0,6.937,1765500000.0,119500000.0,214800000.0,54300000.0,7.949,641700000.0
9,SUNEQ,MRY,2005-12-31,2005-12-31,2005-12-31,2021-06-09,-35854000.0,1148103000.0,1114121250.0,436278000.0,711825000.0,0.994,3.332,-162700000.0,126494000.0,126494000.0,740900000.0,249400000.0,1.94,0.551,53126000.0,18305000.0,34821000.0,53126000.0,14558000.0,57200000.0,0.0,0.0,0.0,253900000.0,311100000.0,0.281,311100000.0,253900000.0,246600000.0,1.17,1.1,1.17,711337000.0,612808750.0,711337000.0,4671340197.0,18.0,15.016,158300000.0,0.741,1.0,366500000.0,0.331,0.0,7300000.0,849826000.0,895187750.0,119956000.0,27117000.0,27117000.0,0.0,392120000.0,224909000.0,167211000.0,4642399197.0,77000000.0,0.0,14800000.0,-98500000.0,0.0,-94400000.0,-152600000.0,8300000.0,321000000.0,3000000.0,249400000.0,249400000.0,249400000.0,0.0,0.0,0.225,109500000.0,257000000.0,105500000.0,0.0,6.526,18.614,18.949,494927000.0,0.0,22.17,4.192,4.274,125183000.0,557704000.0,1107400000.0,1107400000.0,33200000.0,0.224,0.407,0.284,0.229,2100000.0,76300000.0,1.0,209400054.0,213500000.0,226400000.0,5.187,1148103000.0,165570000.0,-2800000.0,11621000.0,5.378,211369000.0
10,SUNEQ,MRY,2004-12-31,2004-12-31,2004-12-31,2021-06-09,-17389000.0,1028189000.0,914586500.0,408577000.0,619612000.0,1.124,2.132,-145840000.0,49519000.0,49519000.0,658543000.0,226201000.0,1.611,1.217,158728000.0,42646000.0,116082000.0,158728000.0,0.0,44135000.0,1763000.0,0.0,0.0,199594000.0,243729000.0,0.237,243729000.0,199594000.0,186082000.0,1.09,1.02,1.09,442898000.0,330505000.0,442898000.0,2793483226.0,14.0,11.461,112187000.0,0.54,1.0,369415000.0,0.359,0.0,13512000.0,883845000.0,755834000.0,127564000.0,42795000.0,42795000.0,0.0,538812000.0,253553000.0,285259000.0,2754412226.0,-5375000.0,-57226000.0,4826000.0,-64957000.0,0.0,-64896000.0,-194684000.0,8291000.0,258027000.0,-3822000.0,226201000.0,226201000.0,226201000.0,0.0,0.0,0.22,108927000.0,260488000.0,124083000.0,0.0,6.219,12.177,12.156,444670000.0,0.0,13.25,2.679,2.677,158975000.0,308351000.0,1027958000.0,1027958000.0,37975000.0,0.247,0.684,0.264,0.194,2310000.0,71948000.0,1.0,207880168.0,207713837.0,221047946.0,4.949,1028189000.0,119835000.0,-40119000.0,10282000.0,4.95,155024000.0
11,SUNEQ,MRY,2003-12-31,2003-12-31,2003-12-31,2021-06-09,-33338000.0,726752000.0,670460000.0,365345000.0,361407000.0,1.165,0.956,-67196000.0,96859000.0,96859000.0,548344000.0,116617000.0,1.497,2.422,131092000.0,71841000.0,59251000.0,131092000.0,0.0,31049000.0,19261000.0,0.0,0.0,166412000.0,197461000.0,0.253,197461000.0,166412000.0,153481000.0,0.58,0.53,0.58,193623000.0,122407750.0,193623000.0,2046468600.0,12.0,10.364,31540000.0,0.156,1.0,232756000.0,0.298,0.0,12931000.0,516931000.0,505056750.0,109488000.0,57993000.0,33838000.0,24155000.0,469002000.0,244054000.0,224948000.0,1990967600.0,-8776000.0,0.0,101076000.0,-167026000.0,0.0,-68460000.0,-42248000.0,24948000.0,98736000.0,3196000.0,116617000.0,116617000.0,116617000.0,0.0,0.0,0.149,90137000.0,142619000.0,95178000.0,0.0,10.283,17.073,16.586,270367000.0,0.0,9.62,2.549,2.493,103020000.0,82150000.0,781100000.0,781100000.0,32934000.0,0.174,0.953,0.329,0.213,3509000.0,57203000.0,1.0,206961289.0,202439828.0,218719459.0,3.858,726752000.0,20248000.0,36864000.0,3002000.0,3.59,121291000.0
12,SUNEQ,MRY,2002-12-31,2002-12-31,2002-12-31,2021-06-09,-7329000.0,631682000.0,578557500.0,363708000.0,267974000.0,1.188,-0.19,-20920000.0,119651000.0,119651000.0,513722000.0,-5070000.0,1.271,-24.245,284638000.0,123640000.0,160998000.0,284638000.0,0.0,34160000.0,34672000.0,0.0,0.0,84998000.0,119158000.0,0.173,119158000.0,84998000.0,11642000.0,-0.17,-0.17,-0.17,-24680000.0,-39804250.0,-24680000.0,1661794254.0,20.0,13.946,55314000.0,0.426,1.0,173458000.0,0.252,0.0,73356000.0,510596000.0,479297500.0,85106000.0,62815000.0,45995000.0,16820000.0,598366000.0,286073000.0,312293000.0,1480178254.0,44295000.0,0.0,703000.0,-8980000.0,0.0,-10528000.0,-28420000.0,-7500000.0,76234000.0,7009000.0,-5070000.0,-22097000.0,-22097000.0,0.0,0.0,-0.032,108509000.0,64949000.0,68014000.0,0.0,-59.975,-66.985,-44.529,184875000.0,17027000.0,7.57,2.154,1.43,95022000.0,-34467000.0,687180000.0,687180000.0,27423000.0,-0.038,0.555,0.177,0.124,6777000.0,65786000.0,1.0,195532134.0,129810012.0,129810012.0,5.294,631682000.0,33668000.0,16712000.0,14183000.0,4.866,77635000.0
13,SUNEQ,MRY,2001-12-31,2001-11-13,2001-11-13,2021-06-09,,,,,,,,-42748000.0,,,598764000.0,-489025000.0,,,,,,,,169341000.0,,0.0,0.0,-171224000.0,-1883000.0,-0.003,-1883000.0,-171224000.0,-249673000.0,-7.03,-7.03,-7.03,,,,1222672279.0,-7.0,-649.321,-62423000.0,-0.897,1.0,-39757000.0,-0.071,,78449000.0,,,,,,,,,,244341279.0,6173000.0,0.0,0.0,73790000.0,0.0,73790000.0,-45507000.0,-2759000.0,-19675000.0,-2435000.0,-489025000.0,-489025000.0,-489025000.0,0.0,0.0,-0.875,149407000.0,-189164000.0,,0.0,,-0.5,-0.499,,0.0,3.51,0.437,0.437,,,559007000.0,559007000.0,58149000.0,,,,-0.306,0.0,61747000.0,1.0,69612900.0,69612900.0,,8.03,,,239352000.0,,,
14,SUNEQ,MRY,2000-12-31,2000-12-31,2000-12-31,2021-06-09,-46234000.0,1890566000.0,1798715750.0,392905000.0,1497661000.0,0.266,5.265,-21856000.0,94759000.0,94759000.0,448951000.0,-43390000.0,1.16,3.956,1070754000.0,127782000.0,942972000.0,1070754000.0,0.0,0.0,56763000.0,0.0,0.0,8392000.0,8392000.0,0.018,8392000.0,8392000.0,-64531000.0,-0.62,-0.62,-0.62,366419000.0,379505000.0,366419000.0,1685584969.0,201.0,200.856,-78659000.0,-1.13,1.0,29902000.0,0.062,45733000.0,72923000.0,2482203000.0,2349521500.0,114357000.0,51647000.0,0.0,51647000.0,1449734000.0,338625000.0,1111109000.0,674374969.0,5675000.0,10000000.0,958000.0,29954000.0,0.0,74116000.0,-11638000.0,0.0,-56803000.0,0.0,-43390000.0,-43390000.0,-43390000.0,0.0,0.0,-0.091,87861000.0,-57959000.0,88552000.0,0.0,1.84,-15.542,-15.625,1097602000.0,0.0,9.688,1.408,1.408,145970000.0,-342707000.0,478853000.0,478853000.0,41530000.0,-0.024,-0.114,0.004,0.018,0.0,46331000.0,1.0,69612900.0,69596861.0,69596861.0,6.88,1844833000.0,234550000.0,-21141000.0,13735000.0,26.507,54280000.0
15,SUNEQ,MRY,1999-12-31,1999-12-31,1999-12-31,2021-06-09,-22053000.0,1724581000.0,1726762750.0,275920000.0,1448661000.0,0.402,6.955,-44503000.0,28571000.0,28571000.0,703929000.0,-151481000.0,1.455,2.885,891922000.0,22163000.0,869759000.0,891922000.0,0.0,159081000.0,65012000.0,0.0,0.0,-151348000.0,7733000.0,0.011,7733000.0,-151348000.0,-217402000.0,-2.43,-2.43,-2.43,432791000.0,457750250.0,432791000.0,1692194902.0,-11.0,218.828,-147695000.0,-2.374,1.0,-10335000.0,-0.015,47058000.0,66054000.0,2351260000.0,2305377250.0,98419000.0,97254000.0,0.0,97254000.0,1248453000.0,189614000.0,1058839000.0,852060902.0,12403000.0,-2388000.0,197271000.0,-33391000.0,0.0,163880000.0,-46891000.0,0.0,-103192000.0,-1394000.0,-151481000.0,-151481000.0,-151481000.0,0.0,0.0,-0.218,142885000.0,-153220000.0,85704000.0,0.0,1.969,-5.625,-5.041,1090358000.0,0.0,12.25,1.228,1.099,111559000.0,-299317000.0,693594000.0,693594000.0,85019000.0,-0.088,-0.331,-0.066,-0.218,0.0,63613000.0,1.0,69555992.0,62224869.0,62224869.0,11.147,1677523000.0,206044000.0,-65921000.0,0.0,26.959,86306000.0
16,SUNEQ,MRY,1998-12-31,1998-12-31,1998-12-31,2021-06-09,-10581000.0,1773714000.0,1770944250.0,299138000.0,1474576000.0,0.429,9.833,-188880000.0,16168000.0,16168000.0,790745000.0,-316332000.0,1.157,3.324,909807000.0,38644000.0,871163000.0,909807000.0,0.0,155874000.0,76672000.0,0.0,0.0,-359894000.0,-204020000.0,-0.269,-204020000.0,-359894000.0,-405726000.0,-7.8,-7.8,-7.8,399040000.0,513218250.0,399040000.0,1131696336.0,-3.0,-5.547,-222735000.0,-5.489,1.0,-31829000.0,-0.042,48396000.0,45832000.0,2360313000.0,2200982500.0,115927000.0,94610000.0,0.0,94610000.0,1326432000.0,258644000.0,1067788000.0,344311336.0,-13885000.0,-34175000.0,-15692000.0,257534000.0,0.0,241713000.0,-223055000.0,0.0,-33855000.0,1312000.0,-316332000.0,-316332000.0,-316332000.0,0.0,0.0,-0.417,301430000.0,-333259000.0,112581000.0,0.0,0.863,-1.088,-1.09,1188832000.0,0.0,8.5,0.454,0.455,98528000.0,-147836000.0,758916000.0,758916000.0,81591000.0,-0.179,-0.616,-0.164,-0.474,0.0,73515000.0,1.0,40507216.0,40580869.0,40580869.0,18.701,1725318000.0,137940000.0,-89394000.0,0.0,42.516,40494000.0
17,SUNEQ,MRY,1997-12-31,1997-12-31,1997-12-31,2021-06-09,-25721000.0,1794424000.0,1656948000.0,376975000.0,1417449000.0,0.595,17.312,-350904000.0,30053000.0,30053000.0,861914000.0,-4513000.0,1.114,1.424,632514000.0,122476000.0,510038000.0,632514000.0,0.0,126913000.0,75533000.0,0.0,0.0,-16487000.0,110426000.0,0.112,110426000.0,-16487000.0,-1744000.0,-0.11,-0.11,-0.11,715754000.0,732168500.0,715754000.0,,,,-321475000.0,-7.775,1.0,124759000.0,0.126,49772000.0,-14743000.0,2008587000.0,1749157000.0,141447000.0,112573000.0,0.0,112573000.0,1019443000.0,338526000.0,680917000.0,617795251.0,-5043000.0,837000.0,0.0,317280000.0,0.0,317665000.0,-350067000.0,0.0,29429000.0,-2070000.0,-4513000.0,-4513000.0,-4513000.0,0.0,0.0,-0.005,135172000.0,-10413000.0,146172000.0,0.0,0.863,-136.892,-138.636,1200827000.0,0.0,15.25,0.626,0.639,154702000.0,168496000.0,986673000.0,986673000.0,64457000.0,-0.003,-0.006,-0.009,-0.017,0.0,70715000.0,1.0,40511164.0,41345193.0,41345193.0,23.864,1744652000.0,43060000.0,2769000.0,0.0,42.197,38449000.0
18,SUNEQ,MRY,1996-12-31,1996-12-31,1996-12-31,2021-06-09,4353000.0,1519472000.0,,318137000.0,1201335000.0,,18.122,-589165000.0,35096000.0,35096000.0,869315000.0,103388000.0,1.155,0.945,331831000.0,47130000.0,284701000.0,331831000.0,0.0,91660000.0,48174000.0,0.0,0.0,155824000.0,247484000.0,0.221,247484000.0,155824000.0,155330000.0,2.5,2.49,2.5,748583000.0,,748583000.0,,,,-327260000.0,-7.922,1.0,250185000.0,0.223,51148000.0,494000.0,1489727000.0,,100505000.0,107718000.0,0.0,107718000.0,707362000.0,275332000.0,432030000.0,,-42096000.0,42678000.0,-1328000.0,235004000.0,0.0,242279000.0,-546487000.0,0.0,261905000.0,207000.0,103388000.0,103388000.0,103388000.0,0.0,0.0,0.092,123993000.0,126192000.0,156841000.0,0.0,,,9.0,1015145000.0,0.0,22.5,,0.83,129325000.0,173009000.0,1119500000.0,1119500000.0,44313000.0,,,,0.139,0.0,79680000.0,1.0,,41308806.0,41534412.0,27.101,1468324000.0,3882000.0,51942000.0,0.0,35.545,42805000.0
19,SUNEQ,MRY,1995-12-31,1995-12-31,1995-12-31,2021-06-09,,,,,,,,-213296000.0,,,663581000.0,86564000.0,,,,,,,,67241000.0,,0.0,0.0,141303000.0,208544000.0,0.235,208544000.0,141303000.0,130350000.0,2.83,2.81,2.83,,,,,,,-45615000.0,-1.49,1.0,223279000.0,0.252,,10953000.0,,,,,,,,,,,72080000.0,-56345000.0,441194000.0,-167367000.0,-100000000.0,173827000.0,-269641000.0,0.0,167681000.0,213000.0,86564000.0,86564000.0,86564000.0,0.0,0.0,0.098,95119000.0,128160000.0,,0.0,,,11.528,,0.0,32.625,,1.126,,,886860000.0,886860000.0,31226000.0,,,,0.159,0.0,63893000.0,1.0,,30612636.0,30838704.0,28.97,,,43786000.0,,,
0,SUNEQ,MRQ,2015-09-30,2015-09-30,2015-09-30,2021-06-09,-48000000.0,20714000000.0,,5785000000.0,14929000000.0,,4.45,-810000000.0,3722000000.0,3722000000.0,365000000.0,-328000000.0,1.128,11.513,11672000000.0,1905000000.0,9767000000.0,11672000000.0,672000000.0,125000000.0,0.0,0.0,0.0,-105000000.0,20000000.0,0.042,20000000.0,-105000000.0,-319000000.0,-0.91,-0.91,-0.91,1402000000.0,,1402000000.0,10574080720.0,-14.0,-30.368,-1017000000.0,-3.228,1.0,111000000.0,0.233,2001000000.0,214000000.0,21533000000.0,,0.0,156000000.0,0.0,156000000.0,16141000000.0,5130000000.0,11011000000.0,2262080720.0,1099000000.0,9000000.0,-6000000.0,1145000000.0,0.0,2273000000.0,-962000000.0,45000000.0,-207000000.0,-5000000.0,-284000000.0,-284000000.0,-284000000.0,0.0,-44000000.0,-0.597,361000000.0,-250000000.0,1105000000.0,0.0,1.613,-1.948,-1.773,11359000000.0,0.0,7.18,1.213,1.213,448000000.0,-2267000000.0,476000000.0,476000000.0,0.0,,,,,25000000.0,296000000.0,1.0,315053025.0,315053025.0,,1.511,18713000000.0,0.0,-35000000.0,0.0,59.396,655000000.0
1,SUNEQ,MRQ,2015-06-30,2015-06-30,2015-06-30,2021-06-09,-34000000.0,17557000000.0,,3604000000.0,13953000000.0,,2.302,-1164000000.0,2410000000.0,2410000000.0,352000000.0,-256000000.0,0.935,22.546,10722000000.0,1551000000.0,9171000000.0,10722000000.0,678000000.0,122000000.0,0.0,0.0,0.0,-222000000.0,-100000000.0,-0.22,-100000000.0,-222000000.0,-368000000.0,-0.89,-0.89,-0.89,632000000.0,,632000000.0,16161743859.0,-19.0,-36.798,-1785000000.0,-6.502,1.0,103000000.0,0.226,2138000000.0,146000000.0,19875000000.0,,0.0,332000000.0,0.0,332000000.0,14249000000.0,3856000000.0,10393000000.0,8210743859.0,505000000.0,-651000000.0,2000000.0,1956000000.0,0.0,3035000000.0,-1908000000.0,-13000000.0,-621000000.0,0.0,-263000000.0,-263000000.0,-263000000.0,0.0,7000000.0,-0.578,276000000.0,-173000000.0,852000000.0,0.0,12.992,-7.077,-7.121,10464000000.0,0.0,29.91,4.42,4.42,361000000.0,-1983000000.0,455000000.0,455000000.0,0.0,,,,,18000000.0,259000000.0,1.0,274515007.0,274515007.0,,1.657,15419000000.0,0.0,-105000000.0,0.0,56.168,-252000000.0
2,SUNEQ,MRQ,2015-03-31,2015-03-31,2015-03-31,2021-06-09,-22000000.0,13812000000.0,,2415000000.0,11397000000.0,,0.433,-408000000.0,1210000000.0,1210000000.0,289000000.0,-424000000.0,0.65,104.381,9161000000.0,1414000000.0,7747000000.0,9161000000.0,269000000.0,84000000.0,0.0,0.0,0.0,-322000000.0,-238000000.0,-0.737,-238000000.0,-322000000.0,-478000000.0,-1.36,-1.36,-1.36,118000000.0,,118000000.0,12391062888.0,-21.0,-55.765,-716000000.0,-2.629,1.0,34000000.0,0.105,2027000000.0,156000000.0,16018000000.0,,0.0,261000000.0,0.0,261000000.0,12317000000.0,3718000000.0,8599000000.0,6536562888.0,-92000000.0,-1342000000.0,4000000.0,1767000000.0,0.0,1980000000.0,-1762000000.0,-10000000.0,-308000000.0,-3000000.0,-372000000.0,-372000000.0,-372000000.0,0.0,-52000000.0,-1.152,251000000.0,-217000000.0,1050000000.0,0.0,55.395,-6.967,-6.916,8242000000.0,0.0,24.0,3.565,3.565,290000000.0,-1721000000.0,323000000.0,323000000.0,5000000.0,,,,,19000000.0,193000000.0,1.0,272356787.0,272356787.0,,1.186,11785000000.0,0.0,-106000000.0,0.0,43.27,-1303000000.0
3,SUNEQ,MRQ,2014-12-31,2014-12-31,2014-12-31,2021-06-09,-111000000.0,11500000000.0,,2788000000.0,8712000000.0,,0.86,-745000000.0,1258000000.0,1258000000.0,529500000.0,-287500000.0,0.886,42.983,6993000000.0,1078000000.0,5915000000.0,6993000000.0,296000000.0,96500000.0,0.0,0.0,0.0,-126700000.0,-30200000.0,-0.049,-30200000.0,-126700000.0,-264300000.0,-0.89,-0.89,-0.89,233000000.0,,233000000.0,10457946953.0,-13.0,-23.292,-944900000.0,-3.487,1.0,81000000.0,0.133,659000000.0,137600000.0,13430000000.0,,0.0,149000000.0,0.0,149000000.0,10015000000.0,3146000000.0,6869000000.0,5286546953.0,102700000.0,-304300000.0,10700000.0,912100000.0,0.0,1380400000.0,-1067000000.0,-4700000.0,-199900000.0,-10800000.0,-242200000.0,-242200000.0,-242200000.0,0.0,-45300000.0,-0.397,241200000.0,-160200000.0,1098000000.0,0.0,22.689,-4.479,-4.434,6476000000.0,0.0,19.51,2.128,2.128,373000000.0,-1348000000.0,610500000.0,610500000.0,16300000.0,,,,,17800000.0,194400000.0,1.0,270966015.0,270966015.0,,2.253,10841000000.0,0.0,-22100000.0,0.0,40.009,-358000000.0
4,SUNEQ,MRQ,2014-09-30,2014-09-30,2014-09-30,2021-06-09,-49700000.0,10268800000.0,,2625100000.0,7643700000.0,,1.434,-404000000.0,1173100000.0,1173100000.0,428000000.0,-317000000.0,0.921,23.309,6344500000.0,1070700000.0,5273800000.0,6344500000.0,306500000.0,107000000.0,46900000.0,0.0,0.0,-178000000.0,-71000000.0,-0.151,-71000000.0,-178000000.0,-285000000.0,-1.06,-1.06,-1.06,385700000.0,,385700000.0,9144356616.0,-10.0,-15.421,-680000000.0,-2.529,1.0,41000000.0,0.087,769000000.0,107000000.0,11821500000.0,,246600000.0,151000000.0,0.0,151000000.0,8990200000.0,2849700000.0,6140500000.0,5076556616.0,-114000000.0,-159000000.0,-3000000.0,161000000.0,0.0,731000000.0,-557000000.0,6000000.0,-276000000.0,-12000000.0,-283000000.0,-283000000.0,-283000000.0,0.0,-34000000.0,-0.603,168000000.0,-127000000.0,1051500000.0,0.0,13.162,-4.146,-4.043,6352000000.0,0.0,18.88,2.834,2.834,425400000.0,-1106100000.0,469000000.0,469000000.0,0.0,,,,,14000000.0,126000000.0,1.0,268885414.0,268885414.0,,1.744,9499800000.0,0.0,-2000000.0,0.0,35.33,-224600000.0
5,SUNEQ,MRQ,2014-06-30,2014-06-30,2014-06-30,2021-06-09,-4800000.0,8392800000.0,,2639600000.0,5753200000.0,,1.337,-399000000.0,1327100000.0,1327100000.0,426000000.0,-51000000.0,1.222,21.03,5394900000.0,482400000.0,4912500000.0,5394900000.0,245500000.0,92000000.0,59900000.0,0.0,0.0,25000000.0,117000000.0,0.271,117000000.0,25000000.0,-68000000.0,-0.16,-0.16,-0.16,358100000.0,,358100000.0,9196145889.0,-12.0,-18.5,-478000000.0,-1.785,1.0,5000000.0,0.012,0.0,93000000.0,10300400000.0,,219500000.0,41300000.0,0.0,41300000.0,7530700000.0,2160200000.0,5370500000.0,6052545889.0,491000000.0,-242000000.0,3000000.0,1184000000.0,0.0,1271000000.0,-704000000.0,-28000000.0,-79000000.0,3000000.0,-41000000.0,-41000000.0,-41000000.0,-14000000.0,-10000000.0,-0.095,115000000.0,-110000000.0,1030900000.0,0.0,16.902,-5.768,-5.539,5115500000.0,0.0,22.6,3.13,3.13,326300000.0,-822700000.0,431000000.0,431000000.0,0.0,,,,,5000000.0,108000000.0,1.0,267811765.0,267811765.0,,1.609,8392800000.0,0.0,-27000000.0,0.0,31.338,479400000.0
6,SUNEQ,MRQ,2014-03-31,2014-03-31,2014-03-31,2021-06-09,-48600000.0,7166100000.0,,2133700000.0,5032400000.0,,-1.333,-265000000.0,799200000.0,799200000.0,302000000.0,-616000000.0,1.133,-20.788,3942800000.0,451800000.0,3491000000.0,3942800000.0,234100000.0,62000000.0,117200000.0,0.0,0.0,-530000000.0,-468000000.0,-1.376,-468000000.0,-530000000.0,-597000000.0,-2.31,-2.31,-2.31,-356100000.0,,-356100000.0,7633915006.0,-9.0,-12.56,-480000000.0,-1.797,1.0,38000000.0,0.112,0.0,67000000.0,8426800000.0,,215400000.0,32100000.0,0.0,32100000.0,7402600000.0,1882900000.0,5519700000.0,5033115006.0,-110000000.0,-14000000.0,0.0,441000000.0,0.0,419000000.0,-312000000.0,-19000000.0,-215000000.0,-2000000.0,-614000000.0,-614000000.0,-614000000.0,0.0,-2000000.0,-1.806,100000000.0,-62000000.0,818800000.0,0.0,-14.134,-4.529,-4.311,3943900000.0,0.0,18.84,2.643,2.643,312500000.0,-781500000.0,340000000.0,340000000.0,5000000.0,,,,,9000000.0,88000000.0,1.0,267150478.0,267150478.0,,1.273,7166100000.0,0.0,17000000.0,0.0,26.824,250800000.0
7,SUNEQ,MRQ,2013-12-31,2013-12-31,2013-12-31,2021-06-09,-60000000.0,6680500000.0,,2385000000.0,4295500000.0,,0.871,-346800000.0,975400000.0,975400000.0,565400000.0,-304000000.0,1.262,27.301,3576200000.0,397500000.0,3178700000.0,3576200000.0,244700000.0,75900000.0,140000000.0,0.0,0.0,-246900000.0,-171000000.0,-0.31,-171000000.0,-246900000.0,-308800000.0,-1.14,-1.14,-1.14,232200000.0,,232200000.0,5781082474.0,-16.0,-57.013,-746000000.0,-2.798,1.0,-14200000.0,-0.026,117100000.0,61900000.0,7274900000.0,,248400000.0,41100000.0,0.0,41100000.0,6339300000.0,1889300000.0,4450000000.0,3479182474.0,72200000.0,0.0,0.0,992900000.0,0.0,848300000.0,-376400000.0,-5300000.0,-399200000.0,-500000.0,-286400000.0,-286400000.0,-286400000.0,0.0,-17600000.0,-0.52,170200000.0,-184400000.0,867700000.0,0.0,14.984,-5.93,-5.305,3583000000.0,0.0,13.05,1.733,1.733,351500000.0,-168000000.0,551200000.0,551200000.0,17000000.0,,,,,7200000.0,121400000.0,1.0,266604021.0,266604021.0,,2.067,6563400000.0,0.0,-22400000.0,0.0,24.619,495700000.0
8,SUNEQ,MRQ,2013-09-30,2013-09-30,2013-09-30,2021-06-09,-83700000.0,5565000000.0,,1903300000.0,3661700000.0,,2.1,-230600000.0,816400000.0,816400000.0,550900000.0,-112100000.0,1.237,10.229,3118300000.0,281300000.0,2837000000.0,3118300000.0,225400000.0,70600000.0,200200000.0,0.0,0.0,-45700000.0,24900000.0,0.041,24900000.0,-45700000.0,-90900000.0,-0.47,-0.47,-0.47,487000000.0,,487000000.0,3926520491.0,-63.0,18.85,-333200000.0,-1.436,1.0,60600000.0,0.099,0.0,45200000.0,6327700000.0,,207800000.0,0.0,0.0,0.0,4981500000.0,1539200000.0,3442300000.0,1848720491.0,155000000.0,-7300000.0,240200000.0,282600000.0,0.0,508400000.0,-249500000.0,5300000.0,-102600000.0,-1300000.0,-108000000.0,-108000000.0,-108000000.0,0.0,-4100000.0,-0.177,109700000.0,-49100000.0,667500000.0,0.0,3.796,-5.923,-5.818,3393400000.0,0.0,7.97,0.899,0.899,335300000.0,119000000.0,611500000.0,611500000.0,18600000.0,,,,,9100000.0,91100000.0,1.0,231959911.0,231959911.0,,2.636,5565000000.0,0.0,17100000.0,0.0,23.991,364100000.0
9,SUNEQ,MRQ,2013-06-30,2013-06-30,2013-06-30,2021-06-09,-105000000.0,4685500000.0,,1493200000.0,3192300000.0,,1.408,-186000000.0,538200000.0,538200000.0,352100000.0,-96400000.0,1.15,13.044,2616000000.0,256200000.0,2359800000.0,2616000000.0,324300000.0,61000000.0,224400000.0,0.0,0.0,-54700000.0,6300000.0,0.016,6300000.0,-54700000.0,-89300000.0,-0.45,-0.45,-0.45,326500000.0,,326500000.0,3789824293.0,85.0,12.361,-272400000.0,-1.175,1.0,49200000.0,0.123,0.0,34600000.0,5464400000.0,,241600000.0,0.0,0.0,0.0,4258800000.0,1298900000.0,2959900000.0,1893924293.0,-54500000.0,0.0,-400000.0,191900000.0,0.0,187300000.0,-155500000.0,23300000.0,-86400000.0,100000.0,-102900000.0,-102900000.0,-102900000.0,0.0,6500000.0,-0.256,95800000.0,-46600000.0,467300000.0,0.0,5.801,-11.334,-11.041,2934400000.0,0.0,8.17,0.925,0.925,230300000.0,228600000.0,401300000.0,401300000.0,18100000.0,,,,,6700000.0,78800000.0,1.0,231814479.0,231814479.0,,1.731,4685500000.0,0.0,13600000.0,0.0,20.212,194300000.0
10,SUNEQ,MRQ,2013-03-31,2013-03-31,2013-03-31,2021-06-09,-72900000.0,4553200000.0,,1393600000.0,3159600000.0,,1.978,-75500000.0,531300000.0,531300000.0,393900000.0,-101400000.0,1.264,8.777,2427200000.0,133900000.0,2293300000.0,2427200000.0,321900000.0,60800000.0,211800000.0,0.0,0.0,-22400000.0,38400000.0,0.087,38400000.0,-22400000.0,-69900000.0,-0.4,-0.4,-0.4,457500000.0,,457500000.0,2690931404.0,33.0,8.011,-194100000.0,-0.839,1.0,49700000.0,0.112,0.0,47500000.0,5347000000.0,,227600000.0,0.0,0.0,0.0,4015300000.0,1102100000.0,2913200000.0,1017831404.0,-153000000.0,0.0,-200000.0,86100000.0,0.0,50900000.0,-79500000.0,-6800000.0,-118600000.0,-5800000.0,-89400000.0,-89400000.0,-89400000.0,0.0,-12000000.0,-0.202,83200000.0,-33500000.0,402600000.0,0.0,2.225,-7.198,-7.097,2800900000.0,0.0,4.4,0.415,0.415,278500000.0,333700000.0,443600000.0,443600000.0,17400000.0,,,,,7200000.0,70300000.0,1.0,231325319.0,231325319.0,,1.918,4553200000.0,0.0,19500000.0,0.0,19.683,291500000.0
11,SUNEQ,MRQ,2012-12-31,2012-12-31,2012-12-31,2021-06-09,-39800000.0,4745300000.0,,1459400000.0,3285900000.0,,2.491,-220200000.0,695200000.0,695200000.0,492500000.0,-11700000.0,1.286,7.071,2368300000.0,101200000.0,2267100000.0,2368300000.0,288300000.0,78500000.0,261700000.0,0.0,0.0,60200000.0,138700000.0,0.231,138700000.0,60200000.0,25200000.0,-0.05,-0.05,-0.05,575300000.0,,575300000.0,2314239947.0,47.0,7.805,-200300000.0,-0.867,1.0,108200000.0,0.18,0.0,35000000.0,5283800000.0,,247800000.0,49600000.0,0.0,49600000.0,4067900000.0,1134600000.0,2933300000.0,741339947.0,-56000000.0,0.0,-400000.0,119900000.0,0.0,134800000.0,-209000000.0,-9800000.0,19900000.0,-1700000.0,-11800000.0,-11800000.0,-11800000.0,0.0,100000.0,-0.02,40400000.0,67800000.0,477000000.0,0.0,1.289,-4.923,-4.864,2806800000.0,0.0,3.21,0.293,0.293,220400000.0,425300000.0,600700000.0,600700000.0,16000000.0,,,,,9500000.0,67000000.0,1.0,230947024.0,230947024.0,,2.601,4745300000.0,0.0,37000000.0,0.0,20.547,324800000.0
12,SUNEQ,MRQ,2012-09-30,2012-09-30,2012-09-30,2021-06-09,-13400000.0,4693000000.0,,1639300000.0,3053700000.0,,2.543,-59500000.0,740500000.0,740500000.0,514700000.0,38400000.0,1.357,6.879,2313400000.0,147000000.0,2166400000.0,2313400000.0,319900000.0,61500000.0,265700000.0,0.0,0.0,61700000.0,123200000.0,0.205,123200000.0,61700000.0,33700000.0,0.16,0.16,0.16,587200000.0,,587200000.0,2027240818.0,-2.0,-1.834,-56500000.0,-0.245,1.0,86900000.0,0.144,138300000.0,28000000.0,4919600000.0,,246100000.0,48400000.0,0.0,48400000.0,4039500000.0,1208000000.0,2831500000.0,635040818.0,161200000.0,0.0,0.0,355500000.0,0.0,255900000.0,-99400000.0,-13100000.0,3000000.0,1700000.0,37000000.0,37000000.0,37000000.0,0.0,1400000.0,0.062,28000000.0,58900000.0,463900000.0,0.0,1.081,-0.391,-0.39,2691500000.0,0.0,2.75,0.24,0.24,252000000.0,437800000.0,601600000.0,601600000.0,17400000.0,,,,,8100000.0,68900000.0,1.0,230923934.0,230923934.0,,2.605,4554700000.0,30900000.0,-3300000.0,0.0,19.724,431300000.0
13,SUNEQ,MRQ,2012-06-30,2012-06-30,2012-06-30,2021-06-09,-22400000.0,4503400000.0,,1452600000.0,3050800000.0,,2.505,-95000000.0,545500000.0,545500000.0,718000000.0,-75900000.0,1.178,6.679,1937700000.0,133800000.0,1803900000.0,1937700000.0,377100000.0,54000000.0,310200000.0,0.0,0.0,-18400000.0,35600000.0,0.044,35600000.0,-18400000.0,-63000000.0,-0.33,-0.33,-0.33,578200000.0,,578200000.0,2100071117.0,-1.0,-1.63,5300000.0,0.023,1.0,90400000.0,0.112,143500000.0,44600000.0,4518800000.0,,259400000.0,53900000.0,0.0,53900000.0,3862000000.0,1233300000.0,2628700000.0,500871117.0,68000000.0,0.0,0.0,96300000.0,0.0,98600000.0,-127400000.0,-28400000.0,100300000.0,-3500000.0,-77200000.0,-77200000.0,-77200000.0,0.0,1300000.0,-0.095,105700000.0,-15300000.0,419500000.0,0.0,0.866,-0.285,-0.284,2692000000.0,0.0,2.17,0.196,0.196,235200000.0,424200000.0,808400000.0,808400000.0,18300000.0,,,,,6800000.0,86200000.0,1.0,230816183.0,230800000.0,230800000.0,3.503,4359900000.0,35500000.0,14200000.0,0.0,18.89,219300000.0
14,SUNEQ,MRQ,2012-03-31,2012-03-31,2012-03-31,2021-06-09,-8700000.0,4805800000.0,,1783400000.0,3022400000.0,,2.808,-139000000.0,510400000.0,510400000.0,469100000.0,-99500000.0,1.276,6.337,2109600000.0,208100000.0,1901500000.0,2109600000.0,233300000.0,52900000.0,341900000.0,0.0,0.0,-53900000.0,-1000000.0,-0.002,-1000000.0,-53900000.0,-81600000.0,-0.43,-0.43,-0.43,647800000.0,,647800000.0,2049319695.0,-1.0,-1.709,-525700000.0,-2.279,1.0,50100000.0,0.096,145900000.0,27700000.0,4861500000.0,,283200000.0,53400000.0,0.0,53400000.0,4105200000.0,1397600000.0,2707600000.0,871019695.0,-205200000.0,0.0,-100000.0,278700000.0,0.0,275500000.0,-95500000.0,9300000.0,-386700000.0,1500000.0,-98600000.0,-98600000.0,-98600000.0,0.0,-900000.0,-0.19,104300000.0,-54200000.0,586000000.0,0.0,1.345,-0.534,-0.509,2939400000.0,0.0,3.61,0.349,0.333,258400000.0,485500000.0,519200000.0,519200000.0,20100000.0,,,,,7300000.0,83200000.0,1.0,241279694.0,230700000.0,230700000.0,2.251,4659900000.0,37800000.0,17000000.0,0.0,20.199,385800000.0
15,SUNEQ,MRQ,2011-12-31,2011-12-31,2011-12-31,2021-06-09,-3900000.0,4881600000.0,,1885900000.0,2995700000.0,,3.201,-183200000.0,748500000.0,748500000.0,776600000.0,-1484900000.0,1.312,5.552,1926800000.0,147900000.0,1778900000.0,1926800000.0,250000000.0,65400000.0,349200000.0,0.0,0.0,-1328400000.0,-1263000000.0,-1.76,-1263000000.0,-1328400000.0,-1354700000.0,-6.46,-6.46,-6.46,737900000.0,,737900000.0,1922134626.0,-1.0,-1.659,-359800000.0,-1.561,1.0,-58800000.0,-0.082,149200000.0,26300000.0,4473800000.0,,321800000.0,54500000.0,0.0,54500000.0,4096700000.0,1436900000.0,2659800000.0,908034626.0,-200300000.0,-51600000.0,-800000.0,230100000.0,0.0,190100000.0,-212000000.0,-2500000.0,-176600000.0,-1800000.0,-1484400000.0,-1484400000.0,-1484400000.0,0.0,-500000.0,-2.068,1189400000.0,-1248200000.0,694600000.0,0.0,1.231,-0.591,-0.59,2766100000.0,0.0,3.94,0.334,0.334,202900000.0,577500000.0,717800000.0,717800000.0,22400000.0,,,,,12200000.0,78000000.0,1.0,230465641.0,230500000.0,230500000.0,3.114,4732400000.0,44800000.0,129700000.0,0.0,20.531,449000000.0
16,SUNEQ,MRQ,2011-09-30,2011-09-30,2011-09-30,2021-06-09,30500000.0,6285600000.0,,2191700000.0,4093900000.0,,9.761,-325800000.0,919400000.0,919400000.0,457600000.0,-92200000.0,1.354,1.749,1933500000.0,204600000.0,1728900000.0,1933500000.0,337500000.0,57100000.0,53700000.0,0.0,0.0,-116900000.0,-59800000.0,-0.116,-59800000.0,-116900000.0,-137600000.0,-0.41,-0.41,-0.41,2247900000.0,,2247900000.0,1901869114.0,-40.0,11.961,-138100000.0,-0.6,1.0,58600000.0,0.114,584900000.0,20700000.0,5095700000.0,,375400000.0,116800000.0,0.0,116800000.0,3932300000.0,1619100000.0,2313200000.0,1207469114.0,134200000.0,-133900000.0,-100000.0,422000000.0,0.0,404400000.0,-453600000.0,68900000.0,187700000.0,-4300000.0,-94400000.0,-94400000.0,-94400000.0,0.0,2200000.0,-0.183,162400000.0,-103800000.0,801600000.0,0.0,0.537,-30.961,-30.824,3285200000.0,0.0,5.24,0.424,0.424,254000000.0,2061900000.0,516200000.0,516200000.0,22300000.0,,,,,10700000.0,83800000.0,1.0,230433037.0,230300000.0,230300000.0,2.241,5700700000.0,242400000.0,-43200000.0,0.0,24.753,572600000.0
17,SUNEQ,MRQ,2011-06-30,2011-06-30,2011-06-30,2021-06-09,74800000.0,5297400000.0,,1819600000.0,3477800000.0,,10.347,-239700000.0,710000000.0,710000000.0,564500000.0,47800000.0,1.603,1.207,1404400000.0,69700000.0,1334700000.0,1404400000.0,193200000.0,55600000.0,60200000.0,0.0,0.0,69400000.0,125000000.0,0.168,125000000.0,69400000.0,48200000.0,0.21,0.21,0.21,2377800000.0,,2377800000.0,2449422591.0,31.0,9.025,-41000000.0,-0.178,1.0,181100000.0,0.243,455000000.0,21200000.0,4401400000.0,,335400000.0,145200000.0,0.0,145200000.0,2871000000.0,1135400000.0,1735600000.0,1965422591.0,-32200000.0,-28700000.0,-100000.0,94300000.0,0.0,40100000.0,-274900000.0,-14900000.0,198700000.0,3900000.0,47300000.0,47300000.0,47300000.0,0.0,500000.0,0.063,129400000.0,51700000.0,608400000.0,0.0,0.827,26.924,26.656,2644000000.0,0.0,8.53,0.693,0.691,272900000.0,2156300000.0,745600000.0,745600000.0,21800000.0,,,,,11300000.0,94000000.0,1.0,230412965.0,229800000.0,230900000.0,3.245,4842400000.0,236900000.0,900000.0,80200000.0,21.072,684200000.0
18,SUNEQ,MRQ,2011-03-31,2011-03-31,2011-03-31,2021-06-09,83400000.0,4959300000.0,,1859300000.0,3100000000.0,,10.171,-258000000.0,745100000.0,745100000.0,621900000.0,9300000.0,1.926,1.11,1229100000.0,56700000.0,1172400000.0,1229100000.0,217400000.0,49000000.0,106000000.0,0.0,0.0,-9800000.0,39200000.0,0.053,39200000.0,-9800000.0,-18800000.0,-0.02,-0.02,-0.02,2328200000.0,,2328200000.0,2897717704.0,234.0,15.356,-483100000.0,-2.111,1.0,114000000.0,0.155,402100000.0,9000000.0,4075900000.0,,275700000.0,136000000.0,0.0,136000000.0,2584600000.0,965300000.0,1619300000.0,2984817704.0,-23200000.0,0.0,-2600000.0,604600000.0,0.0,516100000.0,-322400000.0,-20700000.0,-225100000.0,8200000.0,-4500000.0,-4500000.0,-4500000.0,0.0,13800000.0,-0.006,114200000.0,-200000.0,516500000.0,0.0,1.282,75.565,76.235,2339900000.0,0.0,12.96,1.176,1.169,401300000.0,2109000000.0,735900000.0,735900000.0,21000000.0,,,,,9700000.0,93000000.0,1.0,230310008.0,228900000.0,228900000.0,3.215,4557200000.0,184600000.0,-14300000.0,65000000.0,19.909,894000000.0
19,SUNEQ,MRQ,2010-12-31,2010-12-31,2010-12-31,2021-06-09,34100000.0,4611900000.0,,1737300000.0,2874600000.0,,9.911,-216600000.0,769800000.0,769800000.0,734100000.0,23300000.0,1.353,1.029,682700000.0,72100000.0,610600000.0,682700000.0,199000000.0,45200000.0,209100000.0,0.0,0.0,9400000.0,54600000.0,0.064,54600000.0,9400000.0,3600000.0,0.05,0.05,0.05,2251700000.0,,2251700000.0,2507544707.0,248.0,14.337,70000000.0,0.308,1.0,116000000.0,0.136,395200000.0,5800000.0,2845500000.0,,214600000.0,110300000.0,0.0,110300000.0,2316300000.0,1284100000.0,1032200000.0,2560844707.0,119200000.0,0.0,-2600000.0,65600000.0,0.0,51300000.0,-222400000.0,-61700000.0,286600000.0,3700000.0,12600000.0,12600000.0,12600000.0,0.0,10700000.0,0.015,92800000.0,23200000.0,745500000.0,0.0,1.137,74.443,75.067,2271000000.0,0.0,11.26,1.144,1.141,296000000.0,2113500000.0,850100000.0,850100000.0,19000000.0,,,,,12500000.0,72800000.0,1.0,227428482.0,227200000.0,237400000.0,3.742,4216700000.0,139300000.0,-9000000.0,0.0,18.559,453200000.0
20,SUNEQ,MRQ,2010-09-30,2010-09-30,2010-09-30,2021-06-09,38600000.0,4203400000.0,,1551000000.0,2652400000.0,,9.848,-162700000.0,657400000.0,657400000.0,418200000.0,18400000.0,1.553,0.859,604100000.0,112000000.0,492100000.0,604100000.0,199000000.0,43500000.0,67300000.0,0.0,0.0,9100000.0,52600000.0,0.105,52600000.0,9100000.0,4000000.0,0.08,0.08,0.08,2233600000.0,,2233600000.0,2462902916.0,-232.0,17.175,-110400000.0,-0.487,1.0,84900000.0,0.169,403500000.0,5100000.0,2747900000.0,,426400000.0,88800000.0,8000000.0,80800000.0,1918500000.0,998700000.0,919800000.0,2710802916.0,-64900000.0,-73500000.0,0.0,132300000.0,0.0,131400000.0,-260200000.0,12900000.0,52300000.0,11600000.0,17600000.0,17600000.0,17600000.0,0.0,800000.0,0.035,75000000.0,9900000.0,543000000.0,0.0,1.214,184.408,198.667,1870400000.0,0.0,11.92,1.553,1.549,251900000.0,2101000000.0,503100000.0,503100000.0,14000000.0,,,,,10100000.0,59400000.0,1.0,227416352.0,226800000.0,227600000.0,2.218,3799900000.0,149800000.0,-13600000.0,19100000.0,16.754,552300000.0
21,SUNEQ,MRQ,2010-06-30,2010-06-30,2010-06-30,2021-06-09,-25800000.0,3592300000.0,,1369800000.0,2222500000.0,,9.444,-161700000.0,707200000.0,707200000.0,371400000.0,15400000.0,2.137,0.655,459300000.0,45900000.0,413400000.0,459300000.0,119200000.0,38600000.0,61100000.0,0.0,0.0,3700000.0,42300000.0,0.094,42300000.0,3700000.0,-2300000.0,0.06,0.06,0.06,2141900000.0,,2141900000.0,2148268460.0,-24.0,40.842,-42900000.0,-0.189,1.0,76900000.0,0.172,329200000.0,6000000.0,2374300000.0,,207500000.0,121600000.0,50900000.0,70700000.0,1402700000.0,640900000.0,761800000.0,2246868460.0,175100000.0,0.0,-300000.0,25500000.0,0.0,20400000.0,42200000.0,224900000.0,118800000.0,-6300000.0,13800000.0,13800000.0,13800000.0,0.0,1600000.0,0.031,73600000.0,3300000.0,280000000.0,0.0,1.049,-33.287,-31.871,1579400000.0,0.0,9.88,1.447,1.443,276700000.0,2083300000.0,448300000.0,448300000.0,11500000.0,,,,,18100000.0,72600000.0,1.0,227415836.0,226800000.0,228000000.0,1.977,3263100000.0,126700000.0,-16100000.0,46100000.0,14.388,728900000.0
22,SUNEQ,MRQ,2010-03-31,2010-03-31,2010-03-31,2021-06-09,31600000.0,3565700000.0,,1310800000.0,2254900000.0,,9.559,-91100000.0,542500000.0,542500000.0,378400000.0,-9100000.0,2.366,0.624,443900000.0,42700000.0,401200000.0,443900000.0,116900000.0,37500000.0,59700000.0,0.0,0.0,-12100000.0,25400000.0,0.058,25400000.0,-12100000.0,-24200000.0,-0.04,-0.04,-0.04,2167900000.0,,2167900000.0,3211076183.0,-31.0,103.25,-201200000.0,-0.887,1.0,59300000.0,0.135,330400000.0,12100000.0,2582700000.0,,188300000.0,381300000.0,171700000.0,209600000.0,1352600000.0,554000000.0,798600000.0,3485576183.0,-154800000.0,0.0,0.0,62300000.0,0.0,40100000.0,-81400000.0,8000000.0,-110100000.0,-3400000.0,-9600000.0,-9600000.0,-9600000.0,0.0,500000.0,-0.022,74600000.0,-15300000.0,230000000.0,0.0,1.608,-43.624,-42.583,1487300000.0,0.0,15.33,2.512,2.506,265800000.0,2069500000.0,437700000.0,437700000.0,11100000.0,,,,,10900000.0,62200000.0,1.0,227369614.0,226800000.0,226800000.0,1.93,3235300000.0,175700000.0,-14600000.0,21300000.0,14.265,756800000.0
23,SUNEQ,MRQ,2009-12-31,2009-12-31,2009-12-31,2021-06-09,33000000.0,3566500000.0,,1249600000.0,2316900000.0,,9.647,-101600000.0,691100000.0,691100000.0,303700000.0,-5700000.0,2.455,0.627,416600000.0,32200000.0,384400000.0,416600000.0,109600000.0,34400000.0,83600000.0,0.0,0.0,-11300000.0,23100000.0,0.065,23100000.0,-11300000.0,-14400000.0,-0.04,-0.04,-0.04,2168600000.0,,2168600000.0,2281607930.0,-21.0,130.378,-82200000.0,-0.366,1.0,53000000.0,0.149,327100000.0,3100000.0,2455800000.0,,140500000.0,383500000.0,85900000.0,297600000.0,1359700000.0,509100000.0,850600000.0,3044907930.0,-159500000.0,-188500000.0,0.0,19700000.0,0.0,16600000.0,-198000000.0,90000000.0,19400000.0,2500000.0,-7100000.0,-7100000.0,-7100000.0,0.0,1400000.0,-0.02,64000000.0,-11000000.0,219300000.0,0.0,1.404,-44.581,-43.935,1485900000.0,0.0,13.62,2.617,2.621,173300000.0,2079100000.0,356700000.0,356700000.0,10600000.0,,,,,9900000.0,52400000.0,1.0,223561522.0,224800000.0,224800000.0,1.587,3239400000.0,167800000.0,-7300000.0,28000000.0,14.41,740500000.0
24,SUNEQ,MRQ,2009-09-30,2009-09-30,2009-09-30,2021-06-09,7200000.0,2879800000.0,,1303900000.0,1575900000.0,,9.364,-53100000.0,792200000.0,792200000.0,289500000.0,-64900000.0,3.542,0.361,28900000.0,5500000.0,23400000.0,28900000.0,101700000.0,32300000.0,83600000.0,0.0,0.0,-70500000.0,-38200000.0,-0.123,-38200000.0,-70500000.0,-70900000.0,-0.29,-0.29,-0.29,2093900000.0,,2093900000.0,2855053745.0,262.0,22.149,-41300000.0,-0.185,1.0,20500000.0,0.066,0.0,400000.0,1748400000.0,,110000000.0,443800000.0,114300000.0,329500000.0,755900000.0,368100000.0,387800000.0,3717653745.0,-97700000.0,0.0,100000.0,0.0,0.0,-9900000.0,-106600000.0,-53500000.0,11800000.0,7000000.0,-64600000.0,-64600000.0,-64600000.0,0.0,-300000.0,-0.208,87200000.0,-66700000.0,151200000.0,0.0,1.775,408.533,332.6,1065400000.0,0.0,16.63,3.016,3.017,188300000.0,2086200000.0,310000000.0,310000000.0,10300000.0,,,,,8400000.0,37200000.0,1.0,223551037.0,223600000.0,223600000.0,1.386,2879800000.0,82400000.0,-6300000.0,6300000.0,12.879,935800000.0
25,SUNEQ,MRQ,2009-06-30,2009-06-30,2009-06-30,2021-06-09,-39900000.0,2844300000.0,,1403300000.0,1441000000.0,,9.41,-45500000.0,889900000.0,889900000.0,248000000.0,-400000.0,3.8,0.339,27300000.0,5200000.0,22100000.0,27300000.0,91500000.0,28900000.0,105900000.0,0.0,0.0,-8100000.0,20800000.0,0.074,20800000.0,-8100000.0,-8300000.0,0.01,0.01,0.01,2103100000.0,,2103100000.0,3112035439.0,10.0,7.479,-29100000.0,-0.13,1.0,34900000.0,0.123,0.0,200000.0,1612400000.0,,108600000.0,367400000.0,134900000.0,232500000.0,712400000.0,369300000.0,343100000.0,3980335439.0,-8500000.0,0.0,400000.0,-3200000.0,0.0,-46700000.0,20200000.0,65700000.0,16400000.0,1600000.0,1400000.0,1400000.0,1400000.0,0.0,-1800000.0,0.005,58000000.0,-23100000.0,141100000.0,0.0,1.893,15.518,15.487,1046300000.0,0.0,17.81,2.71,2.71,172500000.0,2150800000.0,282900000.0,282900000.0,9900000.0,,,,,9000000.0,42500000.0,1.0,223488795.0,223500000.0,224000000.0,1.266,2844300000.0,70300000.0,-9700000.0,23000000.0,12.726,1034000000.0
26,SUNEQ,MRQ,2009-03-31,2009-03-31,2009-03-31,2021-06-09,-86700000.0,2799600000.0,,1333100000.0,1466500000.0,,9.151,-53200000.0,898400000.0,898400000.0,194300000.0,1200000.0,3.584,0.352,30100000.0,5800000.0,24300000.0,30100000.0,92000000.0,28400000.0,150000000.0,0.0,0.0,-16600000.0,11800000.0,0.055,11800000.0,-16600000.0,-16900000.0,0.01,0.01,0.01,2046100000.0,,2046100000.0,2728971518.0,5.0,4.145,-67800000.0,-0.303,1.0,19700000.0,0.092,0.0,300000.0,1559300000.0,,118300000.0,400900000.0,109400000.0,291500000.0,719500000.0,372000000.0,347500000.0,3685071518.0,-89900000.0,0.0,-15700000.0,0.0,0.0,-51700000.0,-15400000.0,37700000.0,-14600000.0,-8200000.0,2000000.0,2000000.0,2000000.0,0.0,-800000.0,0.009,46100000.0,-26400000.0,122400000.0,0.0,1.801,8.546,8.634,1018200000.0,0.0,16.49,2.146,2.147,169100000.0,2149100000.0,214000000.0,214000000.0,9600000.0,,,,,9200000.0,29800000.0,1.0,223473106.0,223600000.0,224000000.0,0.957,2799600000.0,75700000.0,-18900000.0,18100000.0,12.521,961100000.0
27,SUNEQ,MRQ,2008-12-31,2008-12-31,2008-12-31,2021-06-09,-55600000.0,2936700000.0,,1454200000.0,1482500000.0,,9.274,-61300000.0,988300000.0,988300000.0,232700000.0,69200000.0,3.077,0.394,32200000.0,6100000.0,26100000.0,32200000.0,88800000.0,28400000.0,187000000.0,0.0,0.0,106100000.0,134500000.0,0.316,134500000.0,106100000.0,105700000.0,0.32,0.31,0.32,2082000000.0,,2082000000.0,2303176516.0,4.0,3.345,62100000.0,0.277,1.0,193000000.0,0.453,5700000.0,400000.0,1502300000.0,,81300000.0,433100000.0,148400000.0,284700000.0,819900000.0,472600000.0,347300000.0,3205176516.0,56000000.0,0.0,-35400000.0,-3100000.0,0.0,-38500000.0,-21800000.0,39500000.0,123400000.0,-7100000.0,70300000.0,70300000.0,70300000.0,0.0,-1100000.0,0.165,28200000.0,164800000.0,162400000.0,0.0,1.539,8.274,8.351,1041200000.0,0.0,14.28,1.599,1.616,197300000.0,2147100000.0,425700000.0,425700000.0,10200000.0,,,,,-5600000.0,17300000.0,1.0,224452137.0,224500000.0,224400000.0,1.896,2931000000.0,69700000.0,35400000.0,17900000.0,13.056,981600000.0
28,SUNEQ,MRQ,2008-09-30,2008-09-30,2008-09-30,2021-06-09,-30200000.0,2984800000.0,,1428700000.0,1556100000.0,,9.189,-73100000.0,932300000.0,932300000.0,276300000.0,183600000.0,2.731,0.418,30300000.0,5700000.0,24600000.0,30300000.0,89700000.0,27300000.0,209800000.0,0.0,0.0,221700000.0,249000000.0,0.456,249000000.0,221700000.0,220900000.0,0.81,0.8,0.81,2079500000.0,,2079500000.0,5303041562.0,6.0,5.068,42200000.0,0.186,1.0,269700000.0,0.494,0.0,800000.0,1559700000.0,,41100000.0,505100000.0,187300000.0,317800000.0,869400000.0,523100000.0,346300000.0,6383841562.0,-178600000.0,0.0,-129400000.0,0.0,0.0,-39500000.0,-217100000.0,-144000000.0,115300000.0,-37300000.0,182800000.0,182800000.0,182800000.0,0.0,800000.0,0.335,42200000.0,227500000.0,141200000.0,0.0,3.07,9.205,9.235,976400000.0,0.0,28.26,3.019,3.024,239600000.0,2077600000.0,546000000.0,546000000.0,10300000.0,,,,,11900000.0,31500000.0,1.0,225896729.0,226300000.0,227600000.0,2.413,2984800000.0,89800000.0,38100000.0,69300000.0,13.19,905600000.0
29,SUNEQ,MRQ,2008-06-30,2008-06-30,2008-06-30,2021-06-09,45900000.0,2980400000.0,,1678400000.0,1302000000.0,,9.148,-87300000.0,1110900000.0,1110900000.0,248600000.0,177500000.0,3.726,0.41,30100000.0,5600000.0,24500000.0,30100000.0,86100000.0,25500000.0,168000000.0,0.0,0.0,237600000.0,263100000.0,0.495,263100000.0,237600000.0,237300000.0,0.77,0.76,0.77,2088600000.0,,2088600000.0,13070595666.0,14.0,12.57,117700000.0,0.516,1.0,282800000.0,0.532,0.0,300000.0,1449100000.0,,33900000.0,385800000.0,276100000.0,109700000.0,856700000.0,450500000.0,406200000.0,14015295666.0,131200000.0,0.0,-67000000.0,-2900000.0,0.0,-30000000.0,-38600000.0,48700000.0,205000000.0,-5200000.0,176100000.0,176100000.0,176100000.0,0.0,1400000.0,0.331,40300000.0,242500000.0,147700000.0,0.0,6.71,21.165,21.075,950400000.0,0.0,61.54,6.865,6.882,230600000.0,1894800000.0,531400000.0,531400000.0,10000000.0,,,,,9600000.0,27100000.0,1.0,227742861.0,228300000.0,230700000.0,2.328,2980400000.0,100600000.0,61200000.0,42700000.0,13.055,1227900000.0
30,SUNEQ,MRQ,2008-03-31,2008-03-31,2008-03-31,2021-06-09,64900000.0,2863800000.0,,1563500000.0,1300300000.0,,8.656,-81900000.0,979700000.0,979700000.0,242100000.0,-40700000.0,3.304,0.431,35000000.0,6000000.0,29000000.0,35000000.0,85500000.0,22800000.0,163500000.0,0.0,0.0,19200000.0,42000000.0,0.084,42000000.0,19200000.0,18900000.0,-0.18,-0.18,-0.18,1977900000.0,,1977900000.0,15366026398.0,16.0,15.069,115300000.0,0.505,1.0,259300000.0,0.517,0.0,300000.0,1445900000.0,,33200000.0,437300000.0,305600000.0,131700000.0,852200000.0,473200000.0,379000000.0,16194426398.0,120400000.0,0.0,-69300000.0,0.0,0.0,-45300000.0,-57900000.0,24000000.0,197200000.0,26400000.0,-41800000.0,-41800000.0,-41800000.0,0.0,1100000.0,-0.083,40900000.0,218400000.0,159700000.0,0.0,8.188,24.926,24.618,903500000.0,0.0,70.9,8.167,8.171,217300000.0,1718700000.0,501400000.0,501400000.0,10300000.0,,,,,12600000.0,30600000.0,1.0,228412220.0,228500000.0,228500000.0,2.194,2863800000.0,110300000.0,60700000.0,59600000.0,12.533,1090300000.0
31,SUNEQ,MRQ,2007-12-31,2007-12-31,2007-12-31,2021-06-09,29800000.0,2887200000.0,,1589500000.0,1297700000.0,,8.914,-103300000.0,859300000.0,859300000.0,242300000.0,379800000.0,3.578,0.401,30900000.0,5300000.0,25600000.0,30900000.0,81400000.0,20800000.0,122000000.0,0.0,0.0,471500000.0,492300000.0,0.919,492300000.0,471500000.0,471200000.0,1.66,1.62,1.66,2035000000.0,,2035000000.0,19254756895.0,17.0,16.174,135200000.0,0.592,1.0,293600000.0,0.548,0.0,300000.0,1614600000.0,,36400000.0,469800000.0,457100000.0,12700000.0,816400000.0,444200000.0,372200000.0,20274156895.0,-193000000.0,0.0,-45500000.0,-2700000.0,0.0,-37200000.0,-405100000.0,-302000000.0,238500000.0,10800000.0,376400000.0,376400000.0,376400000.0,0.0,3400000.0,0.702,38800000.0,254800000.0,168300000.0,0.0,9.963,24.539,24.178,834000000.0,0.0,88.49,10.55,10.388,197900000.0,1760500000.0,535900000.0,535900000.0,10500000.0,,,,,7400000.0,28300000.0,1.0,229112407.0,228300000.0,232600000.0,2.347,2887200000.0,89300000.0,94800000.0,75900000.0,12.647,1145300000.0
32,SUNEQ,MRQ,2007-09-30,2007-09-30,2007-09-30,2021-06-09,14400000.0,2512800000.0,,1472500000.0,1040300000.0,,7.456,-71300000.0,1052300000.0,1052300000.0,234000000.0,151500000.0,3.541,0.477,32900000.0,5200000.0,27700000.0,32900000.0,81700000.0,20700000.0,130100000.0,0.0,0.0,221700000.0,242400000.0,0.513,242400000.0,221700000.0,221200000.0,0.67,0.65,0.67,1677700000.0,,1677700000.0,12442604045.0,15.0,13.639,195300000.0,0.868,1.0,238800000.0,0.505,0.0,500000.0,1077500000.0,,44600000.0,160200000.0,160200000.0,0.0,800300000.0,415900000.0,384400000.0,13248604045.0,215500000.0,0.0,-35100000.0,0.0,0.0,17400000.0,-81100000.0,-10300000.0,266600000.0,12600000.0,151500000.0,151500000.0,151500000.0,0.0,0.0,0.32,38700000.0,200100000.0,157600000.0,0.0,7.897,22.89,22.814,748700000.0,0.0,58.86,7.334,7.331,188900000.0,1384100000.0,472800000.0,472800000.0,9900000.0,,,,,8500000.0,28800000.0,1.0,225086715.0,225000000.0,232300000.0,2.101,2512800000.0,120800000.0,69700000.0,53000000.0,11.168,1056600000.0
33,SUNEQ,MRQ,2007-06-30,2007-06-30,2007-06-30,2021-06-09,-8600000.0,2229700000.0,,1285500000.0,944200000.0,,6.778,-53900000.0,836800000.0,836800000.0,227100000.0,163600000.0,3.947,0.439,30800000.0,4900000.0,25900000.0,30800000.0,79600000.0,20200000.0,50500000.0,0.0,0.0,222800000.0,243000000.0,0.514,243000000.0,222800000.0,222500000.0,0.73,0.7,0.73,1525100000.0,,1525100000.0,12965923898.0,17.0,15.306,143700000.0,0.639,1.0,245600000.0,0.52,0.0,300000.0,1098000000.0,,59100000.0,158900000.0,158900000.0,0.0,669500000.0,325700000.0,343800000.0,13714623898.0,53400000.0,0.0,3400000.0,-2500000.0,0.0,10700000.0,-157300000.0,-103400000.0,197600000.0,2400000.0,163600000.0,163600000.0,163600000.0,0.0,0.0,0.346,38300000.0,207300000.0,133600000.0,0.0,8.993,26.456,26.345,663400000.0,0.0,61.12,7.874,7.896,203600000.0,1232600000.0,472700000.0,472700000.0,9400000.0,,,,,7800000.0,28900000.0,1.0,224388480.0,225000000.0,232500000.0,2.101,2229700000.0,122300000.0,58900000.0,60100000.0,9.91,959800000.0
34,SUNEQ,MRQ,2007-03-31,2007-03-31,2007-03-31,2021-06-09,-6200000.0,2039000000.0,,1140200000.0,898800000.0,,5.959,-47900000.0,783400000.0,783400000.0,217900000.0,134700000.0,3.445,0.502,34700000.0,5100000.0,29600000.0,34700000.0,79900000.0,19000000.0,50500000.0,0.0,0.0,193800000.0,212800000.0,0.483,212800000.0,193800000.0,193500000.0,0.6,0.58,0.6,1334800000.0,,1334800000.0,13090593403.0,19.0,17.454,166600000.0,0.744,1.0,222500000.0,0.505,0.0,300000.0,959300000.0,,66700000.0,54700000.0,54700000.0,0.0,670500000.0,331000000.0,339500000.0,13583705403.0,255900000.0,0.0,10200000.0,0.0,0.0,86000000.0,-45400000.0,2500000.0,214500000.0,800000.0,134700000.0,134700000.0,134700000.0,0.0,0.0,0.306,34800000.0,187700000.0,121800000.0,0.0,10.177,31.105,30.908,626500000.0,0.0,60.58,8.285,8.277,210400000.0,1069100000.0,440400000.0,440400000.0,9500000.0,,,,,7400000.0,25300000.0,1.0,224227557.0,224000000.0,231600000.0,1.966,2039000000.0,121000000.0,58800000.0,75600000.0,9.103,809200000.0
35,SUNEQ,MRQ,2006-12-31,2006-12-31,2006-12-31,2021-06-09,-7400000.0,1765500000.0,,899500000.0,866000000.0,,5.24,-51600000.0,527500000.0,527500000.0,217300000.0,129000000.0,3.489,0.48,34400000.0,5000000.0,29400000.0,34400000.0,68100000.0,18700000.0,8400000.0,0.0,0.0,195400000.0,214100000.0,0.509,214100000.0,195400000.0,195000000.0,0.58,0.56,0.58,1166900000.0,,1166900000.0,8320308031.0,14.0,12.67,100800000.0,0.453,1.0,203300000.0,0.483,0.0,400000.0,1014600000.0,,80200000.0,58000000.0,58000000.0,0.0,560000000.0,257800000.0,302200000.0,8701303031.0,109100000.0,0.0,10800000.0,-2600000.0,0.0,33800000.0,-80100000.0,-28600000.0,152400000.0,3000000.0,129000000.0,129000000.0,129000000.0,0.0,0.0,0.307,34700000.0,168600000.0,125400000.0,0.0,7.457,23.562,23.578,603500000.0,0.0,39.14,5.648,5.643,199000000.0,933800000.0,420600000.0,420600000.0,8800000.0,,,,,7100000.0,25900000.0,1.0,222312290.0,222700000.0,230000000.0,1.889,1765500000.0,119500000.0,66000000.0,54300000.0,7.928,641700000.0
36,SUNEQ,MRQ,2006-09-30,2006-09-30,2006-09-30,2021-06-09,-22059000.0,1590154000.0,,766226000.0,823928000.0,,4.448,-34000000.0,418394000.0,418394000.0,215400000.0,91100000.0,2.509,0.565,37399000.0,5100000.0,32299000.0,37399000.0,72330000.0,17600000.0,0.0,0.0,0.0,159600000.0,177200000.0,0.434,177200000.0,159600000.0,159400000.0,0.41,0.4,0.41,987958000.0,,987958000.0,7885320332.0,17.0,14.657,106400000.0,0.479,1.0,192600000.0,0.472,0.0,200000.0,903743000.0,,96055000.0,33478000.0,33478000.0,0.0,558380000.0,305416000.0,252964000.0,8133653332.0,132100000.0,0.0,1000000.0,-200000.0,0.0,23000000.0,-32400000.0,-2200000.0,140400000.0,1100000.0,91100000.0,91100000.0,91100000.0,0.0,0.0,0.223,31900000.0,160700000.0,108250000.0,0.0,8.233,27.993,27.962,552748000.0,0.0,36.63,5.714,5.715,186955000.0,798042000.0,408000000.0,408000000.0,9100000.0,,,,,4500000.0,22800000.0,1.0,222048958.0,222100000.0,229700000.0,1.837,1590154000.0,152986000.0,68300000.0,92813000.0,7.16,460810000.0
37,SUNEQ,MRQ,2006-06-30,2006-06-30,2006-06-30,2021-06-09,-23753000.0,1353159000.0,,602668000.0,750491000.0,,3.989,-33100000.0,286331000.0,286331000.0,210100000.0,81900000.0,2.3,0.481,37998000.0,5388000.0,32610000.0,37998000.0,13754000.0,17500000.0,0.0,0.0,0.0,128400000.0,145900000.0,0.394,145900000.0,128400000.0,127600000.0,0.37,0.36,0.37,885450000.0,,885450000.0,7881443025.0,21.0,18.161,81600000.0,0.368,1.0,160400000.0,0.433,0.0,800000.0,842792000.0,,105896000.0,27855000.0,27855000.0,0.0,426325000.0,262034000.0,164291000.0,7852502025.0,76100000.0,0.0,2000000.0,-2700000.0,0.0,-6300000.0,-33500000.0,-400000.0,114700000.0,1200000.0,81900000.0,81900000.0,81900000.0,0.0,0.0,0.221,33100000.0,127300000.0,102042000.0,0.0,8.868,26.081,27.372,537643000.0,0.0,37.5,6.058,6.423,151984000.0,706995000.0,370500000.0,370500000.0,9500000.0,,,,,3800000.0,23600000.0,1.0,209400054.0,222000000.0,229800000.0,1.669,1353159000.0,157970000.0,45700000.0,61193000.0,6.095,340634000.0
38,SUNEQ,MRQ,2006-03-31,2006-03-31,2006-03-31,2021-06-09,-28965000.0,1248660000.0,,518646000.0,730014000.0,,3.574,-29700000.0,210188000.0,210188000.0,208800000.0,67300000.0,2.139,0.518,40305000.0,5355000.0,34950000.0,40305000.0,13754000.0,16400000.0,0.0,0.0,0.0,103100000.0,119500000.0,0.35,119500000.0,103100000.0,102100000.0,0.3,0.29,0.3,792450000.0,,792450000.0,7759990994.0,26.0,21.351,90600000.0,0.409,1.0,132700000.0,0.389,0.0,1000000.0,836302000.0,,112516000.0,26781000.0,26781000.0,0.0,410569000.0,242475000.0,168094000.0,7731049994.0,83700000.0,0.0,3300000.0,-13000000.0,0.0,-9700000.0,-28200000.0,1400000.0,120300000.0,1300000.0,67300000.0,67300000.0,67300000.0,0.0,0.0,0.197,31000000.0,101700000.0,117117000.0,0.0,9.756,29.774,31.025,518263000.0,0.0,36.92,6.454,6.833,140156000.0,625047000.0,341500000.0,341500000.0,8400000.0,,,,,3600000.0,22600000.0,1.0,209400054.0,221700000.0,229100000.0,1.54,1248660000.0,157964000.0,34800000.0,31208000.0,5.632,276171000.0
39,SUNEQ,MRQ,2005-12-31,2005-12-31,2005-12-31,2021-06-09,-35854000.0,1148103000.0,,436278000.0,711825000.0,,3.216,-21139000.0,126494000.0,126494000.0,192787000.0,50260000.0,1.94,0.551,53126000.0,18305000.0,34821000.0,53126000.0,14558000.0,15572000.0,0.0,0.0,0.0,79804000.0,95376000.0,0.314,95376000.0,79804000.0,78055000.0,0.23,0.22,0.23,711337000.0,,711337000.0,4671340197.0,18.0,15.016,85862000.0,0.388,1.0,110675000.0,0.365,0.0,1749000.0,849826000.0,,119956000.0,27117000.0,27117000.0,0.0,392120000.0,224909000.0,167211000.0,4642399197.0,18887000.0,0.0,1927000.0,-79781000.0,0.0,-77824000.0,-10024000.0,9315000.0,107001000.0,-266000.0,50260000.0,50260000.0,50260000.0,0.0,0.0,0.166,29187000.0,81488000.0,105500000.0,0.0,6.526,18.614,18.949,494927000.0,0.0,22.17,4.192,4.274,125183000.0,557704000.0,303462000.0,303462000.0,8391000.0,,,,,1427000.0,20796000.0,1.0,209400054.0,221196374.0,228983801.0,1.372,1148103000.0,165570000.0,27795000.0,11621000.0,5.19,211369000.0
40,SUNEQ,MRQ,2005-09-30,2005-09-30,2005-09-30,2021-06-09,-33614000.0,1160867000.0,,444211000.0,716656000.0,,3.058,-30988000.0,107632000.0,107632000.0,195497000.0,101625000.0,1.923,0.704,134806000.0,28100000.0,106706000.0,134806000.0,17113000.0,14989000.0,0.0,0.0,0.0,58221000.0,73210000.0,0.261,73210000.0,58221000.0,56518000.0,0.47,0.45,0.47,656602000.0,,656602000.0,4801168231.0,26.0,20.031,49317000.0,0.23,1.0,85246000.0,0.304,0.0,1703000.0,957064000.0,,128103000.0,35615000.0,35615000.0,0.0,462068000.0,230977000.0,231091000.0,4772227231.0,42639000.0,0.0,7752000.0,-13127000.0,0.0,-6559000.0,-30983000.0,5000.0,80305000.0,-124000.0,101625000.0,101625000.0,101625000.0,0.0,0.0,0.362,25800000.0,59446000.0,104147000.0,0.0,7.268,17.733,17.945,500644000.0,0.0,22.79,4.45,4.563,134791000.0,507491000.0,280743000.0,280743000.0,7166000.0,,,,,174000.0,18634000.0,1.0,209400054.0,214706291.0,227148309.0,1.308,1160867000.0,164460000.0,-45107000.0,16098000.0,5.407,213234000.0
41,SUNEQ,MRQ,2005-06-30,2005-06-30,2005-06-30,2021-06-09,-28844000.0,1079545000.0,,395212000.0,684333000.0,,2.694,-65171000.0,100997000.0,100997000.0,182952000.0,40477000.0,1.987,0.826,129938000.0,21709000.0,108229000.0,129938000.0,0.0,14599000.0,0.0,0.0,0.0,60764000.0,75363000.0,0.277,75363000.0,60764000.0,58827000.0,0.19,0.18,0.19,563589000.0,,563589000.0,3317939457.0,16.0,12.672,-2775000.0,-0.013,1.0,89304000.0,0.328,0.0,1937000.0,909573000.0,,134851000.0,0.0,0.0,0.0,465694000.0,198913000.0,266781000.0,3297857457.0,-6691000.0,0.0,1254000.0,2492000.0,0.0,-5800000.0,-65214000.0,-43000.0,62396000.0,1927000.0,40477000.0,40477000.0,40477000.0,0.0,0.0,0.149,27323000.0,61981000.0,104578000.0,0.0,5.852,14.515,14.468,503861000.0,0.0,15.77,3.091,3.092,132107000.0,434876000.0,272256000.0,272256000.0,8529000.0,,,,,113000.0,18794000.0,1.0,209122223.0,209206270.0,224681998.0,1.301,1079545000.0,127134000.0,18350000.0,25629000.0,5.16,196299000.0
42,SUNEQ,MRQ,2005-03-31,2005-03-31,2005-03-31,2021-06-09,-21992000.0,1067970000.0,,410339000.0,657631000.0,,2.489,-45402000.0,116319000.0,116319000.0,169664000.0,57038000.0,1.834,0.962,136401000.0,23056000.0,113345000.0,136401000.0,0.0,12040000.0,0.0,0.0,0.0,55111000.0,67151000.0,0.268,67151000.0,55111000.0,53200000.0,0.27,0.25,0.27,519707000.0,,519707000.0,2857771044.0,14.0,11.509,25896000.0,0.124,1.0,81275000.0,0.324,0.0,1911000.0,864288000.0,,135266000.0,0.0,0.0,0.0,500021000.0,223764000.0,276257000.0,2809604044.0,22165000.0,0.0,3867000.0,-8084000.0,0.0,-4217000.0,-46379000.0,-977000.0,71298000.0,1463000.0,57038000.0,57038000.0,57038000.0,0.0,0.0,0.227,27190000.0,54085000.0,133380000.0,0.0,5.406,11.36,11.303,476338000.0,0.0,13.45,2.675,2.675,130534000.0,385509000.0,250939000.0,250939000.0,9114000.0,,,,,386000.0,18076000.0,1.0,208892494.0,208826451.0,223934369.0,1.202,1067970000.0,126766000.0,-3838000.0,21855000.0,5.114,186575000.0
43,SUNEQ,MRQ,2004-12-31,2004-12-31,2004-12-31,2021-06-09,-17389000.0,1028189000.0,,408577000.0,619612000.0,,2.128,-46504000.0,49519000.0,49519000.0,170209000.0,69974000.0,1.611,1.217,158728000.0,42646000.0,116082000.0,158728000.0,0.0,12528000.0,1763000.0,0.0,0.0,11439000.0,23967000.0,0.089,23967000.0,11439000.0,8211000.0,0.34,0.31,0.34,442898000.0,,442898000.0,2793483226.0,14.0,11.461,37380000.0,0.18,1.0,98167000.0,0.366,0.0,3228000.0,883845000.0,,127564000.0,42795000.0,42795000.0,0.0,538812000.0,253553000.0,285259000.0,2754412226.0,-25979000.0,0.0,2381000.0,-52497000.0,0.0,-50116000.0,-57021000.0,-10608000.0,83884000.0,-2726000.0,69974000.0,69974000.0,69974000.0,0.0,0.0,0.261,28535000.0,69632000.0,124083000.0,0.0,6.219,12.177,12.156,444670000.0,0.0,13.25,2.679,2.677,158975000.0,308351000.0,268376000.0,268376000.0,10381000.0,,,,,502000.0,19150000.0,1.0,207880168.0,208102628.0,222157610.0,1.29,1028189000.0,119835000.0,-61763000.0,10282000.0,4.941,155024000.0
44,SUNEQ,MRQ,2004-09-30,2004-09-30,2004-09-30,2021-06-09,-33378000.0,881287000.0,,395076000.0,486211000.0,,1.704,-27584000.0,103308000.0,103308000.0,164537000.0,59720000.0,2.085,1.365,142379000.0,21865000.0,120514000.0,142379000.0,0.0,11442000.0,8231000.0,0.0,0.0,83919000.0,95361000.0,0.346,95361000.0,83919000.0,80511000.0,0.29,0.27,0.29,354051000.0,,354051000.0,1820469208.0,8.0,6.653,41715000.0,0.201,1.0,110746000.0,0.402,0.0,3408000.0,730860000.0,,119777000.0,0.0,0.0,0.0,483203000.0,189498000.0,293705000.0,1762190208.0,3644000.0,0.0,62000.0,-40793000.0,0.0,-40731000.0,-24067000.0,3517000.0,69299000.0,-857000.0,59720000.0,59720000.0,59720000.0,0.0,0.0,0.217,27181000.0,83565000.0,99021000.0,0.0,4.977,9.244,9.217,387276000.0,0.0,8.48,1.827,1.827,151873000.0,238377000.0,275283000.0,275283000.0,9413000.0,,,,,548000.0,17768000.0,1.0,207805449.0,207829540.0,220369530.0,1.325,881287000.0,43558000.0,20791000.0,9231000.0,4.24,205578000.0
45,SUNEQ,MRQ,2004-06-30,2004-06-30,2004-06-30,2021-06-09,-31379000.0,896810000.0,,397355000.0,499455000.0,,1.424,-33360000.0,124286000.0,124286000.0,168380000.0,60601000.0,1.68,1.813,182565000.0,57450000.0,125115000.0,182565000.0,0.0,10244000.0,11205000.0,0.0,0.0,51577000.0,61821000.0,0.242,61821000.0,51577000.0,48020000.0,0.29,0.27,0.29,295727000.0,,295727000.0,2144572040.0,11.0,9.147,40404000.0,0.195,1.0,87159000.0,0.341,0.0,3557000.0,718517000.0,,112560000.0,5208000.0,5208000.0,0.0,536089000.0,236572000.0,299517000.0,2052742040.0,22146000.0,0.0,527000.0,-29498000.0,0.0,-33736000.0,-17978000.0,15382000.0,73764000.0,96000.0,60601000.0,60601000.0,60601000.0,0.0,0.0,0.237,27110000.0,60049000.0,101159000.0,0.0,6.941,12.358,12.35,392712000.0,0.0,9.88,2.319,2.318,138859000.0,178657000.0,255539000.0,255539000.0,9268000.0,,,,,542000.0,17842000.0,1.0,207767413.0,207728191.0,220953006.0,1.23,896810000.0,45577000.0,-12581000.0,6334000.0,4.317,160783000.0
46,SUNEQ,MRQ,2004-03-31,2004-03-31,2004-03-31,2021-06-09,-36097000.0,852060000.0,,414452000.0,437608000.0,,1.107,-38392000.0,122679000.0,122679000.0,155417000.0,35906000.0,1.633,2.424,214509000.0,86901000.0,127608000.0,214509000.0,0.0,9921000.0,14454000.0,0.0,0.0,52659000.0,62580000.0,0.274,62580000.0,52659000.0,49340000.0,0.17,0.16,0.17,229344000.0,,229344000.0,1930710367.0,10.0,8.803,-7312000.0,-0.035,1.0,73343000.0,0.321,0.0,3319000.0,690114000.0,,123049000.0,17938000.0,17938000.0,0.0,555912000.0,253776000.0,302136000.0,1896477367.0,-5186000.0,-57226000.0,1856000.0,57831000.0,0.0,59687000.0,-95618000.0,0.0,31080000.0,-335000.0,35906000.0,35906000.0,35906000.0,0.0,0.0,0.157,26101000.0,47242000.0,91910000.0,0.0,8.269,14.283,14.077,361553000.0,0.0,9.15,2.309,2.308,119245000.0,118056000.0,228760000.0,228760000.0,8913000.0,,,,,718000.0,17188000.0,1.0,207265286.0,207192291.0,222131836.0,1.104,852060000.0,22360000.0,13434000.0,1892000.0,4.112,160676000.0
47,SUNEQ,MRQ,2003-12-31,2003-12-31,2003-12-31,2021-06-09,-33338000.0,726752000.0,,365345000.0,361407000.0,,0.935,-5009000.0,96859000.0,96859000.0,140618000.0,34404000.0,1.497,2.422,131092000.0,71841000.0,59251000.0,131092000.0,0.0,7775000.0,19261000.0,0.0,0.0,46082000.0,53857000.0,0.263,53857000.0,46082000.0,43126000.0,0.17,0.15,0.17,193623000.0,,193623000.0,2046468600.0,12.0,10.364,13280000.0,0.064,1.0,64411000.0,0.314,0.0,2956000.0,516931000.0,,109488000.0,57993000.0,33838000.0,24155000.0,469002000.0,244054000.0,224948000.0,1990967600.0,25734000.0,0.0,578000.0,-11602000.0,0.0,-11024000.0,19939000.0,24948000.0,18289000.0,-1470000.0,34404000.0,34404000.0,34404000.0,0.0,0.0,0.168,24713000.0,39698000.0,95178000.0,0.0,10.283,17.073,16.586,270367000.0,0.0,9.62,2.549,2.493,103020000.0,82150000.0,205029000.0,205029000.0,8608000.0,,,,,605000.0,16105000.0,1.0,206961289.0,207033452.0,222673150.0,0.99,726752000.0,20248000.0,8722000.0,3002000.0,3.51,121291000.0
48,SUNEQ,MRQ,2003-09-30,2003-09-30,2003-09-30,2021-06-09,-14712000.0,693362000.0,,356928000.0,336434000.0,,0.857,-25194000.0,85141000.0,85141000.0,137378000.0,35197000.0,1.47,2.566,140642000.0,80625000.0,60017000.0,140642000.0,0.0,6183000.0,24297000.0,0.0,0.0,50028000.0,56211000.0,0.287,56211000.0,50028000.0,47363000.0,0.17,0.16,0.17,177028000.0,,177028000.0,2304367009.0,14.0,11.758,2050000.0,0.01,1.0,58519000.0,0.299,3761000.0,2665000.0,502261000.0,,97962000.0,62917000.0,40680000.0,22237000.0,454319000.0,242841000.0,211478000.0,2250366009.0,-1622000.0,0.0,3783000.0,-9238000.0,0.0,-5455000.0,-25194000.0,0.0,27244000.0,1783000.0,35197000.0,35197000.0,35197000.0,0.0,0.0,0.18,22019000.0,36500000.0,82642000.0,0.0,12.712,19.079,13.987,253453000.0,0.0,10.91,2.953,2.957,107378000.0,47746000.0,195897000.0,195897000.0,8406000.0,,,,,832000.0,13613000.0,1.0,206266362.0,206517384.0,223771825.0,0.949,689601000.0,18494000.0,12166000.0,10992000.0,3.339,114087000.0
49,SUNEQ,MRQ,2003-06-30,2003-06-30,2003-06-30,2021-06-09,-6556000.0,627056000.0,,340407000.0,286649000.0,,0.608,-21261000.0,86763000.0,86763000.0,136205000.0,27276000.0,1.649,3.659,140764000.0,53350000.0,87414000.0,140764000.0,0.0,8334000.0,29257000.0,0.0,0.0,38342000.0,46676000.0,0.243,46676000.0,38342000.0,35039000.0,0.14,0.13,0.14,121895000.0,,121895000.0,2076102735.0,16.0,12.425,6790000.0,0.034,1.0,55624000.0,0.29,3761000.0,3303000.0,470863000.0,,96177000.0,60401000.0,40853000.0,19548000.0,446036000.0,206433000.0,239603000.0,1920922735.0,-28698000.0,0.0,96135000.0,-134444000.0,0.0,-40819000.0,-21261000.0,0.0,28051000.0,5331000.0,27276000.0,27276000.0,27276000.0,0.0,0.0,0.142,21921000.0,33703000.0,69400000.0,0.0,15.759,51.826,27.222,203315000.0,0.0,9.8,2.539,2.599,98099000.0,12549000.0,191829000.0,191829000.0,8530000.0,,,,,837000.0,13391000.0,1.0,196012524.0,200637931.0,217710967.0,0.956,623295000.0,26090000.0,7763000.0,13317000.0,3.107,133974000.0
50,SUNEQ,MRQ,2003-03-31,2003-03-31,2003-03-31,2021-06-09,-7118000.0,634670000.0,,358546000.0,276124000.0,,-0.015,-15732000.0,115461000.0,115461000.0,134143000.0,19740000.0,1.401,-197.992,270641000.0,100259000.0,170382000.0,270641000.0,0.0,8757000.0,31533000.0,0.0,0.0,31960000.0,40717000.0,0.216,40717000.0,31960000.0,27953000.0,0.1,0.09,0.1,-2915000.0,,-2915000.0,2255240465.0,19.0,14.595,9420000.0,0.048,1.0,54202000.0,0.288,3761000.0,4007000.0,530172000.0,,90638000.0,63221000.0,45338000.0,17883000.0,577147000.0,255917000.0,321230000.0,2202294465.0,-4190000.0,0.0,580000.0,-11742000.0,0.0,-11162000.0,-15732000.0,0.0,25152000.0,-2448000.0,19740000.0,19740000.0,19740000.0,0.0,0.0,0.105,21484000.0,32718000.0,63889000.0,0.0,-755.504,139.677,36.29,191547000.0,0.0,11.25,2.981,2.976,87986000.0,-14727000.0,188345000.0,188345000.0,7390000.0,,,,,1235000.0,14094000.0,1.0,195759508.0,195448914.0,210663215.0,0.964,630909000.0,32146000.0,8213000.0,17918000.0,3.228,102629000.0
51,SUNEQ,MRQ,2002-12-31,2002-12-31,2002-12-31,2021-06-09,-7329000.0,631682000.0,,363708000.0,267974000.0,,-0.19,-9506000.0,119651000.0,119651000.0,131917000.0,35735000.0,1.271,-24.245,284638000.0,123640000.0,160998000.0,284638000.0,0.0,9011000.0,34672000.0,0.0,0.0,43374000.0,52385000.0,0.282,52385000.0,43374000.0,39212000.0,0.37,0.37,0.37,-24680000.0,,-24680000.0,1661794254.0,20.0,13.946,22610000.0,0.174,1.0,54077000.0,0.291,0.0,4162000.0,510596000.0,,85106000.0,62815000.0,45995000.0,16820000.0,598366000.0,286073000.0,312293000.0,1480178254.0,21281000.0,0.0,8000.0,-1428000.0,0.0,-1420000.0,-12597000.0,-3091000.0,32116000.0,3182000.0,35735000.0,35735000.0,35735000.0,0.0,0.0,0.192,21995000.0,32082000.0,68014000.0,0.0,-59.975,-66.985,-44.529,184875000.0,0.0,7.57,2.154,1.43,95022000.0,-34467000.0,185994000.0,185994000.0,7430000.0,,,,,95000.0,14565000.0,1.0,195532134.0,129810012.0,129810012.0,1.433,631682000.0,33668000.0,3477000.0,14183000.0,4.866,77635000.0
52,SUNEQ,MRQ,2002-09-30,2002-09-30,2002-09-30,2021-06-09,-2172000.0,601909000.0,,339560000.0,262349000.0,,-0.302,-4602000.0,98370000.0,98370000.0,137417000.0,-44752000.0,1.225,-10.942,279986000.0,106695000.0,173291000.0,279986000.0,0.0,8442000.0,38259000.0,0.0,0.0,18866000.0,27308000.0,0.144,27308000.0,18866000.0,-39384000.0,-0.25,-0.25,-0.25,-55143000.0,,-55143000.0,806384646.0,,,31892000.0,0.175,1.0,52847000.0,0.278,3761000.0,58250000.0,502489000.0,,81476000.0,56493000.0,38941000.0,17552000.0,603381000.0,277275000.0,326106000.0,649170646.0,21401000.0,0.0,0.0,-3889000.0,0.0,-3889000.0,-6691000.0,-2089000.0,36494000.0,-4513000.0,-44752000.0,-45686000.0,-45686000.0,0.0,0.0,-0.24,31093000.0,21754000.0,60911000.0,0.0,-11.772,,,181928000.0,934000.0,3.32,,,99938000.0,-70202000.0,190264000.0,190264000.0,6725000.0,,,,,6682000.0,16053000.0,1.0,195533327.0,182742775.0,182742775.0,1.041,598148000.0,28978000.0,5368000.0,11626000.0,3.273,62285000.0
53,SUNEQ,MRQ,2002-06-30,2002-06-30,2002-06-30,2021-06-09,-7568000.0,574192000.0,,303494000.0,270698000.0,,-0.555,-4143000.0,76969000.0,76969000.0,129404000.0,14144000.0,1.24,-13.96,234183000.0,89168000.0,145015000.0,234183000.0,0.0,7669000.0,40540000.0,0.0,0.0,26446000.0,34115000.0,0.196,34115000.0,26446000.0,20557000.0,0.09,0.07,0.09,-38824000.0,,-38824000.0,465307434.0,,,10037000.0,0.144,1.0,44867000.0,0.257,3761000.0,5889000.0,482863000.0,,77035000.0,50367000.0,34123000.0,16244000.0,541988000.0,244782000.0,297206000.0,344169434.0,25520000.0,0.0,695000.0,12500000.0,0.0,10944000.0,-7578000.0,-3435000.0,14180000.0,7974000.0,14144000.0,5978000.0,5978000.0,0.0,0.0,0.034,29003000.0,15864000.0,57598000.0,0.0,-8.865,,,187760000.0,8166000.0,4.9,,,97046000.0,-25450000.0,174271000.0,174271000.0,6452000.0,,,,,0.0,17740000.0,1.0,70238660.0,69907428.0,205932933.0,2.493,570431000.0,29882000.0,6413000.0,5306000.0,8.16,58712000.0
54,SUNEQ,MRQ,2002-03-31,2002-03-31,2002-03-31,2021-06-09,1907000.0,506447000.0,,236372000.0,270075000.0,,-0.582,-2669000.0,82137000.0,82137000.0,114984000.0,-10197000.0,1.167,-11.916,203275000.0,70707000.0,132568000.0,203275000.0,0.0,9038000.0,42641000.0,0.0,0.0,-3688000.0,5350000.0,0.039,5350000.0,-3688000.0,-8743000.0,-0.26,-0.26,-0.26,-40570000.0,,-40570000.0,524173110.0,,,-9225000.0,-0.132,1.0,21667000.0,0.159,3761000.0,5055000.0,421242000.0,,62241000.0,15299000.0,0.0,15299000.0,483452000.0,202582000.0,280870000.0,410716110.0,-23907000.0,0.0,0.0,-16163000.0,0.0,-16163000.0,-1554000.0,1115000.0,-6556000.0,366000.0,-10197000.0,-18124000.0,-18124000.0,0.0,0.0,-0.133,26418000.0,-4751000.0,44128000.0,0.0,-10.124,,,185881000.0,7927000.0,5.9,,,73955000.0,-39594000.0,136651000.0,136651000.0,6816000.0,,,,,0.0,17428000.0,1.0,69612900.0,69658319.0,69658319.0,1.962,502686000.0,29837000.0,1454000.0,3531000.0,7.216,33790000.0
55,SUNEQ,MRQ,2001-12-31,2001-12-31,2001-12-31,2021-06-09,835000.0,549334000.0,,264030000.0,285304000.0,,-0.352,,75356000.0,75356000.0,,,1.191,-21.167,220616000.0,75873000.0,144743000.0,220616000.0,0.0,,44743000.0,,0.0,,,,,,,,,,-24496000.0,,-24496000.0,1268853795.0,,,,,1.0,,,3761000.0,,469134000.0,,69947000.0,47384000.0,31803000.0,15581000.0,518500000.0,221699000.0,296801000.0,247125795.0,,,,,,,,,,,,,,,,,,,52079000.0,,-10.088,,,200705000.0,,3.55,,,67420000.0,-29397000.0,,,,,,,,,,1.0,69612900.0,69612900.0,,,545573000.0,30059000.0,,1994000.0,7.837,42331000.0
56,SUNEQ,MRQ,2001-09-30,2001-09-30,2001-09-30,2021-06-09,-47460000.0,1477278000.0,,349536000.0,1127742000.0,,-1.079,-11698000.0,125767000.0,125767000.0,155472000.0,-67442000.0,0.496,-19.82,1147495000.0,552017000.0,595478000.0,1147495000.0,0.0,46590000.0,50991000.0,0.0,0.0,-63241000.0,-16651000.0,-0.138,-16651000.0,-63241000.0,-86143000.0,-0.97,-0.97,-0.97,-75138000.0,,-75138000.0,1051424545.0,-9.0,-11.765,-32466000.0,-0.466,1.0,-34728000.0,-0.288,35791000.0,22902000.0,1758111000.0,,116999000.0,52049000.0,0.0,52049000.0,1489254000.0,705104000.0,784150000.0,73093545.0,29137000.0,0.0,0.0,64045000.0,0.0,64045000.0,-13375000.0,-1677000.0,-20768000.0,-765000.0,-67442000.0,-67442000.0,-67442000.0,0.0,0.0,-0.559,32822000.0,-67550000.0,73875000.0,0.0,-0.973,-0.167,-0.167,984520000.0,0.0,1.05,0.203,0.203,81919000.0,-783038000.0,120744000.0,120744000.0,16640000.0,,,,,0.0,16052000.0,1.0,69612900.0,69612900.0,69612900.0,1.735,1441487000.0,1056000.0,-18701000.0,8457000.0,20.707,-355568000.0
57,SUNEQ,MRQ,2001-06-30,2001-06-30,2001-06-30,2021-06-09,-48474000.0,1504478000.0,,352479000.0,1151999000.0,,-0.125,-14379000.0,94953000.0,94953000.0,173629000.0,-355322000.0,0.849,-166.042,1073284000.0,223142000.0,850142000.0,1073284000.0,0.0,49874000.0,53835000.0,0.0,0.0,-64266000.0,-14392000.0,-0.092,-14392000.0,-64266000.0,-86320000.0,-5.1,-5.1,-5.1,-8710000.0,,-8710000.0,1481313685.0,-39.0,-81.141,-28750000.0,-0.413,1.0,-16772000.0,-0.107,36056000.0,22054000.0,2031783000.0,,127474000.0,52113000.0,0.0,52113000.0,1446230000.0,414970000.0,1031260000.0,532538685.0,-14677000.0,0.0,0.0,19931000.0,0.0,17172000.0,-18936000.0,-4557000.0,-14371000.0,1458000.0,-355322000.0,-355322000.0,-355322000.0,0.0,0.0,-2.265,57028000.0,-73800000.0,72306000.0,0.0,-61.141,-1.426,-1.43,1005836000.0,0.0,7.65,1.153,1.153,108934000.0,-715596000.0,156857000.0,156857000.0,16121000.0,,,,,0.0,18615000.0,1.0,69612900.0,69612900.0,69612900.0,2.253,1468422000.0,0.0,269002000.0,27403000.0,21.094,-62491000.0
58,SUNEQ,MRQ,2001-03-31,2001-03-31,2001-03-31,2021-06-09,-49027000.0,1840267000.0,,394285000.0,1445982000.0,,4.971,-12730000.0,105073000.0,105073000.0,192068000.0,-17567000.0,1.153,4.103,1053848000.0,154568000.0,899280000.0,1053848000.0,0.0,50601000.0,56438000.0,0.0,0.0,-5524000.0,45077000.0,0.205,45077000.0,-5524000.0,-28487000.0,-0.25,-0.25,-0.25,346059000.0,,346059000.0,1459804655.0,64.0,44.314,11605000.0,0.167,1.0,27766000.0,0.126,45401000.0,22963000.0,2401806000.0,,133339000.0,51896000.0,0.0,51896000.0,1419796000.0,341835000.0,1077961000.0,483809655.0,10314000.0,0.0,0.0,3243000.0,0.0,3243000.0,-12730000.0,0.0,24335000.0,-4534000.0,-17567000.0,-17567000.0,-17567000.0,0.0,0.0,-0.08,34361000.0,-6595000.0,80394000.0,0.0,1.398,-14.391,-14.787,1044902000.0,0.0,6.95,0.957,0.957,119343000.0,-360274000.0,219834000.0,219834000.0,15092000.0,,,,,0.0,19269000.0,1.0,69612900.0,69612900.0,69612900.0,3.158,1794866000.0,256366000.0,-10920000.0,21161000.0,25.784,52450000.0
59,SUNEQ,MRQ,2000-12-31,2000-12-31,2000-12-31,2021-06-09,-46234000.0,1890566000.0,,392905000.0,1497661000.0,,5.264,9306000.0,94759000.0,94759000.0,-90373000.0,1740000.0,1.16,3.956,1070754000.0,127782000.0,942972000.0,1070754000.0,0.0,-121754000.0,56763000.0,0.0,0.0,18352000.0,-103402000.0,0.752,-103402000.0,18352000.0,329000.0,0.03,0.03,0.03,366419000.0,,366419000.0,1685584969.0,201.0,200.856,-43146000.0,-0.62,1.0,-47179000.0,0.343,45733000.0,18023000.0,2482203000.0,,114357000.0,51647000.0,0.0,51647000.0,1449734000.0,338625000.0,1111109000.0,674374969.0,76163000.0,-660000.0,0.0,-66052000.0,0.0,-22848000.0,8864000.0,0.0,-52452000.0,1623000.0,1740000.0,1740000.0,1740000.0,0.0,0.0,-0.013,-16661000.0,-30518000.0,88552000.0,0.0,1.84,-15.542,-15.625,1097602000.0,0.0,9.688,1.408,1.408,145970000.0,-342707000.0,-137552000.0,-137552000.0,-12886000.0,,,,,0.0,-3775000.0,1.0,69612900.0,69613016.0,69613016.0,-1.976,1844833000.0,234550000.0,-1411000.0,13735000.0,26.501,54280000.0
60,SUNEQ,MRQ,2000-09-30,2000-09-30,2000-09-30,2021-06-09,-41878000.0,1929079000.0,,416640000.0,1512439000.0,,5.298,-10060000.0,99059000.0,99059000.0,185611000.0,-2281000.0,0.686,4.034,1110269000.0,414574000.0,695695000.0,1110269000.0,0.0,41023000.0,60467000.0,0.0,0.0,13438000.0,54461000.0,0.244,54461000.0,13438000.0,-5648000.0,-0.03,-0.03,-0.03,368792000.0,,368792000.0,1787376338.0,-51.0,13.968,-1817000.0,-0.026,1.0,37189000.0,0.167,46064000.0,19086000.0,2286921000.0,,124829000.0,44393000.0,0.0,44393000.0,1487865000.0,607304000.0,880561000.0,896240338.0,-58462000.0,10660000.0,23000.0,74369000.0,0.0,74392000.0,600000.0,0.0,8243000.0,-721000.0,-2281000.0,-2281000.0,-2281000.0,0.0,0.0,-0.01,34209000.0,2980000.0,72402000.0,0.0,2.43,-12.222,-12.748,1133324000.0,0.0,12.875,1.121,1.121,151065000.0,-344447000.0,222800000.0,222800000.0,16788000.0,,,,,0.0,17421000.0,1.0,69610900.0,69611552.0,69611552.0,3.201,1883015000.0,228697000.0,-3367000.0,10142000.0,27.05,-190664000.0
61,SUNEQ,MRQ,2000-06-30,2000-06-30,2000-06-30,2021-06-09,-29386000.0,1680540000.0,,281597000.0,1398943000.0,,5.51,-10928000.0,16545000.0,16545000.0,174628000.0,-15510000.0,1.291,3.27,907681000.0,50852000.0,856829000.0,907681000.0,0.0,40409000.0,56708000.0,0.0,0.0,-3603000.0,36806000.0,0.184,36806000.0,-3603000.0,-21936000.0,-0.22,-0.22,-0.22,383544000.0,,383544000.0,2133663200.0,-26.0,27.003,-7365000.0,-0.106,1.0,25888000.0,0.129,46396000.0,18333000.0,2307120000.0,,99229000.0,97970000.0,0.0,97970000.0,1254334000.0,218160000.0,1036174000.0,1252996200.0,-6686000.0,0.0,0.0,1152000.0,0.0,1152000.0,-10928000.0,0.0,3563000.0,-473000.0,-15510000.0,-15510000.0,-15510000.0,0.0,0.0,-0.077,35331000.0,-9443000.0,73990000.0,0.0,3.267,-11.96,-12.329,989795000.0,0.0,18.0,1.65,1.65,132105000.0,-342166000.0,200516000.0,200516000.0,18240000.0,,,,,0.0,17091000.0,1.0,69610900.0,69610900.0,69610900.0,2.881,1634144000.0,221127000.0,-6426000.0,3696000.0,23.475,63437000.0
62,SUNEQ,MRQ,2000-03-31,2000-03-31,2000-03-31,2021-06-09,-29175000.0,1694678000.0,,275321000.0,1419357000.0,,5.741,-10174000.0,23231000.0,23231000.0,179085000.0,-27339000.0,1.331,3.137,903898000.0,40848000.0,863050000.0,903898000.0,0.0,40322000.0,60486000.0,0.0,0.0,-19795000.0,20527000.0,0.106,20527000.0,-19795000.0,-37276000.0,-0.39,-0.39,-0.39,399265000.0,,399265000.0,2263185625.0,-19.0,54.825,-26331000.0,-0.379,1.0,14004000.0,0.073,46727000.0,17481000.0,2321842000.0,,96877000.0,96181000.0,0.0,96181000.0,1252677000.0,206776000.0,1045901000.0,1399834625.0,-5340000.0,0.0,935000.0,20485000.0,0.0,21420000.0,-10174000.0,0.0,-16157000.0,-429000.0,-27339000.0,-27339000.0,-27339000.0,0.0,0.0,-0.142,34982000.0,-20978000.0,84814000.0,0.0,3.506,-10.888,-11.058,1048295000.0,0.0,20.125,1.926,1.926,121867000.0,-326656000.0,193089000.0,193089000.0,19388000.0,,,,,0.0,15594000.0,1.0,69557000.0,69551754.0,69551754.0,2.776,1647951000.0,216106000.0,-9937000.0,0.0,23.694,68545000.0
63,SUNEQ,MRQ,1999-12-31,1999-12-31,1999-12-31,2021-06-09,-22053000.0,1724581000.0,,275920000.0,1448661000.0,,6.217,-9108000.0,28571000.0,28571000.0,182445000.0,-28198000.0,1.455,2.885,891922000.0,22163000.0,869759000.0,891922000.0,0.0,41376000.0,65012000.0,0.0,0.0,-25208000.0,16168000.0,0.088,16168000.0,-25208000.0,-42208000.0,-0.37,-0.37,-0.37,432791000.0,,432791000.0,1692194902.0,-11.0,218.828,-20585000.0,-0.296,1.0,525000.0,0.003,47058000.0,17000000.0,2351260000.0,,98419000.0,97254000.0,0.0,97254000.0,1248453000.0,189614000.0,1058839000.0,852060902.0,7915000.0,0.0,0.0,29477000.0,0.0,29477000.0,-9108000.0,0.0,-11477000.0,-977000.0,-28198000.0,-28198000.0,-28198000.0,0.0,0.0,-0.154,31461000.0,-30936000.0,85704000.0,0.0,1.969,-5.625,-5.041,1090358000.0,0.0,12.25,1.228,1.099,111559000.0,-299317000.0,182970000.0,182970000.0,23729000.0,,,,,0.0,13479000.0,1.0,69555992.0,69614622.0,69614622.0,2.628,1677523000.0,206044000.0,-14010000.0,0.0,24.097,86306000.0
64,SUNEQ,MRQ,1999-09-30,1999-09-30,1999-09-30,2021-06-09,-20320000.0,1741012000.0,,273303000.0,1467709000.0,,6.664,-15127000.0,20656000.0,20656000.0,177859000.0,-33717000.0,1.278,2.661,860790000.0,27114000.0,833676000.0,860790000.0,0.0,37919000.0,71376000.0,0.0,0.0,-32403000.0,5516000.0,0.03,5516000.0,-32403000.0,-48302000.0,-0.48,-0.48,-0.48,463289000.0,,463289000.0,1735157390.0,-8.0,-33.171,-33837000.0,-0.487,1.0,4922000.0,0.027,47390000.0,15899000.0,2319909000.0,,107181000.0,95791000.0,0.0,95791000.0,1232864000.0,213847000.0,1019017000.0,956103390.0,-11010000.0,10000.0,320000.0,20910000.0,0.0,21230000.0,-15117000.0,0.0,-18710000.0,1587000.0,-33717000.0,-33717000.0,-33717000.0,0.0,0.0,-0.184,36685000.0,-31763000.0,75326000.0,0.0,2.064,-4.899,-3.403,1123585000.0,0.0,13.75,1.439,1.439,111477000.0,-271119000.0,182781000.0,182781000.0,20723000.0,,,,,0.0,15962000.0,1.0,69534792.0,69521389.0,69521389.0,2.629,1693622000.0,189704000.0,-14585000.0,0.0,24.361,59456000.0
65,SUNEQ,MRQ,1999-06-30,1999-06-30,1999-06-30,2021-06-09,-28101000.0,1714446000.0,,273624000.0,1440822000.0,,7.031,-13017000.0,31666000.0,31666000.0,170009000.0,-39312000.0,1.335,2.412,810720000.0,27162000.0,783558000.0,810720000.0,0.0,38962000.0,72809000.0,0.0,0.0,-39893000.0,-931000.0,-0.006,-931000.0,-39893000.0,-55589000.0,-0.58,-0.58,-0.58,488905000.0,,488905000.0,1684685278.0,-7.0,-19.444,-42451000.0,-0.611,1.0,-1966000.0,-0.012,47721000.0,15696000.0,2240775000.0,,107796000.0,98433000.0,0.0,98433000.0,1179293000.0,205004000.0,974289000.0,847455278.0,15681000.0,364000.0,91101000.0,-31517000.0,0.0,59584000.0,-12653000.0,0.0,-29434000.0,-1816000.0,-39312000.0,-39312000.0,-39312000.0,0.0,0.0,-0.234,37003000.0,-38969000.0,72653000.0,0.0,1.733,-3.743,-2.362,1106903000.0,0.0,12.188,1.305,1.305,92619000.0,-237402000.0,168043000.0,168043000.0,19710000.0,,,,,0.0,17293000.0,1.0,69534792.0,69534792.0,,2.417,1666725000.0,175463000.0,-16277000.0,0.0,23.97,68620000.0
66,SUNEQ,MRQ,1999-03-31,1999-03-31,1999-03-31,2021-06-09,-19201000.0,1727012000.0,,263823000.0,1463189000.0,,7.978,-7251000.0,15985000.0,15985000.0,173616000.0,-50254000.0,1.277,2.767,853215000.0,18523000.0,834692000.0,853215000.0,0.0,40824000.0,75012000.0,0.0,0.0,-53844000.0,-13020000.0,-0.081,-13020000.0,-53844000.0,-71303000.0,-1.19,-1.19,-1.19,446016000.0,,446016000.0,1201123903.0,-3.0,-5.401,-50822000.0,-0.909,1.0,-13816000.0,-0.086,48052000.0,17459000.0,2309565000.0,,111096000.0,102074000.0,0.0,102074000.0,1233941000.0,206625000.0,1027316000.0,307484903.0,-183000.0,-2762000.0,105850000.0,-52261000.0,0.0,53589000.0,-10013000.0,0.0,-43571000.0,-188000.0,-50254000.0,-50254000.0,-50254000.0,0.0,0.0,-0.314,37736000.0,-51552000.0,83091000.0,0.0,0.689,-0.916,-0.667,1145679000.0,0.0,5.5,0.45,0.45,93182000.0,-198090000.0,159800000.0,159800000.0,20857000.0,,,,,0.0,16879000.0,1.0,55906346.0,55906346.0,,2.858,1678960000.0,158661000.0,-21049000.0,0.0,30.032,57198000.0
67,SUNEQ,MRQ,1998-12-31,1998-12-31,1998-12-31,2021-06-09,-10581000.0,1773714000.0,,299138000.0,1474576000.0,,9.875,-45768000.0,16168000.0,16168000.0,177525000.0,-71899000.0,1.157,3.324,909807000.0,38644000.0,871163000.0,909807000.0,0.0,35645000.0,76672000.0,0.0,0.0,-79520000.0,-43875000.0,-0.285,-43875000.0,-79520000.0,-96157000.0,-1.79,-1.79,-1.79,399040000.0,,399040000.0,1131696336.0,-3.0,-5.547,-60877000.0,-1.506,1.0,-23690000.0,-0.154,48396000.0,16637000.0,2360313000.0,,115927000.0,94610000.0,0.0,94610000.0,1326432000.0,258644000.0,1067788000.0,344311336.0,-17361000.0,-22428000.0,0.0,65395000.0,0.0,65266000.0,-68547000.0,0.0,-15109000.0,1029000.0,-71899000.0,-71899000.0,-71899000.0,0.0,0.0,-0.467,49981000.0,-73671000.0,112581000.0,0.0,0.863,-1.088,-1.09,1188832000.0,0.0,8.5,0.454,0.455,98528000.0,-147836000.0,153835000.0,153835000.0,23261000.0,,,,,0.0,19850000.0,1.0,40507216.0,40410547.0,40410547.0,3.807,1725318000.0,137940000.0,-24258000.0,0.0,42.695,40494000.0
68,SUNEQ,MRQ,1998-09-30,1998-09-30,1998-09-30,2021-06-09,-10226000.0,1759778000.0,,340613000.0,1419165000.0,,11.634,-38216000.0,33529000.0,33529000.0,195780000.0,-64950000.0,1.056,2.627,820914000.0,102486000.0,718428000.0,820914000.0,0.0,41845000.0,62260000.0,0.0,0.0,-70661000.0,-28816000.0,-0.172,-28816000.0,-70661000.0,-82592000.0,-1.6,-1.6,-1.6,471283000.0,,471283000.0,883790492.0,-3.0,-5.959,-19549000.0,-0.483,1.0,-28095000.0,-0.168,48740000.0,11931000.0,2175907000.0,,123183000.0,93085000.0,0.0,93085000.0,1238275000.0,322516000.0,915759000.0,121533492.0,16752000.0,0.0,0.0,35176000.0,0.0,35176000.0,-37467000.0,0.0,18667000.0,376000.0,-64950000.0,-64950000.0,-64950000.0,0.0,0.0,-0.387,36858000.0,-64953000.0,99840000.0,0.0,0.258,-0.489,-0.491,1162021000.0,0.0,3.0,0.141,0.141,115957000.0,-75937000.0,167685000.0,167685000.0,20563000.0,,,,,0.0,16295000.0,1.0,40511164.0,40507810.0,40507810.0,4.14,1711038000.0,40465000.0,-17642000.0,0.0,42.24,18097000.0
69,SUNEQ,MRQ,1998-06-30,1998-06-30,1998-06-30,2021-06-09,-30708000.0,1751988000.0,,329992000.0,1421996000.0,,12.73,-58482000.0,16777000.0,16777000.0,205965000.0,-148645000.0,0.994,2.289,779034000.0,109154000.0,669880000.0,779034000.0,0.0,39936000.0,68122000.0,0.0,0.0,-176594000.0,-136658000.0,-0.676,-136658000.0,-176594000.0,-185580000.0,-3.67,-3.67,-3.67,515698000.0,,515698000.0,1109463326.0,-5.0,-13.478,-81212000.0,-2.005,1.0,-3812000.0,-0.019,49084000.0,8986000.0,2133043000.0,,134971000.0,105839000.0,0.0,105839000.0,1180263000.0,332118000.0,848145000.0,420303326.0,-201000.0,-550000.0,0.0,82136000.0,0.0,82136000.0,-59430000.0,0.0,-22730000.0,-177000.0,-148645000.0,-148645000.0,-148645000.0,0.0,0.0,-0.735,168032000.0,-171844000.0,93018000.0,0.0,0.815,-2.268,-2.275,1154887000.0,0.0,10.375,0.44,0.44,132602000.0,-10987000.0,202153000.0,202153000.0,17664000.0,,,,,0.0,18940000.0,1.0,40511164.0,40511164.0,40511164.0,4.99,1702904000.0,7634000.0,-36935000.0,0.0,42.035,-2126000.0
70,SUNEQ,MRQ,1998-03-31,1998-03-31,1998-03-31,2021-06-09,-28146000.0,1798297000.0,,362785000.0,1435512000.0,,16.305,-46414000.0,16978000.0,16978000.0,211475000.0,-30838000.0,1.196,1.61,706138000.0,108508000.0,597630000.0,706138000.0,0.0,38448000.0,68122000.0,0.0,0.0,-33119000.0,5329000.0,0.023,5329000.0,-33119000.0,-41397000.0,-0.75,-0.75,-0.75,666852000.0,,666852000.0,1245575728.0,-27.0,13.359,-61097000.0,-1.494,1.0,23768000.0,0.101,49428000.0,8278000.0,2134667000.0,,146828000.0,112699000.0,0.0,112699000.0,1073498000.0,303362000.0,770136000.0,643114728.0,-13075000.0,-11197000.0,-15692000.0,74827000.0,0.0,59135000.0,-57611000.0,0.0,-14683000.0,84000.0,-30838000.0,-30838000.0,-30838000.0,0.0,0.0,-0.131,46559000.0,-22791000.0,108674000.0,0.0,0.964,-19.815,-20.095,1204238000.0,0.0,15.875,0.643,0.649,150239000.0,137658000.0,235243000.0,235243000.0,20103000.0,,,,,0.0,18430000.0,1.0,40511164.0,40898246.0,40898246.0,5.752,1748869000.0,8845000.0,-10559000.0,0.0,42.761,59423000.0
71,SUNEQ,MRQ,1997-12-31,1997-12-31,1997-12-31,2021-06-09,-25721000.0,1794424000.0,,376975000.0,1417449000.0,,17.385,-94054000.0,30053000.0,30053000.0,228895000.0,-3872000.0,1.114,1.424,632514000.0,122476000.0,510038000.0,632514000.0,0.0,36370000.0,75533000.0,0.0,0.0,-24530000.0,11840000.0,0.046,11840000.0,-24530000.0,-3266000.0,-0.09,-0.09,-0.09,715754000.0,,715754000.0,,,,-58168000.0,-1.413,1.0,29688000.0,0.115,49772000.0,-21264000.0,2008587000.0,,141447000.0,112573000.0,0.0,112573000.0,1019443000.0,338526000.0,680917000.0,617795251.0,13979000.0,-6426000.0,-334000.0,80944000.0,0.0,80995000.0,-101271000.0,0.0,35886000.0,-1631000.0,-3872000.0,-3872000.0,-3872000.0,0.0,0.0,-0.015,36783000.0,-7095000.0,146172000.0,0.0,0.863,-136.892,-138.636,1200827000.0,0.0,15.25,0.626,0.639,154702000.0,168496000.0,258583000.0,258583000.0,18040000.0,,,,,0.0,18743000.0,1.0,40511164.0,41169885.0,41169885.0,6.281,1744652000.0,43060000.0,606000.0,0.0,42.377,38449000.0
72,SUNEQ,MRQ,1997-09-30,1997-09-30,1997-09-30,2021-06-09,,,,,,,,-94029000.0,,,223856000.0,-1965000.0,,,,,,,,33955000.0,,0.0,0.0,3215000.0,37170000.0,0.143,37170000.0,3215000.0,-2050000.0,-0.05,-0.05,-0.05,,,,,,,-97578000.0,-2.359,1.0,36170000.0,0.139,,5265000.0,,,,,,,,,,,-7795000.0,-3999000.0,178000.0,93848000.0,0.0,94026000.0,-98046000.0,0.0,-3549000.0,-226000.0,-1965000.0,-1965000.0,-1965000.0,0.0,0.0,-0.008,34354000.0,1816000.0,,0.0,,,,,0.0,30.0,,,,,260026000.0,260026000.0,17241000.0,,,,,0.0,17113000.0,1.0,,41360861.0,41360861.0,6.287,,,-85000.0,,,
73,SUNEQ,MRQ,1997-06-30,1997-06-30,1997-06-30,2021-06-09,,,,,,,,-64600000.0,,,214948000.0,4219000.0,,,,,,,,30166000.0,,0.0,0.0,8732000.0,38898000.0,0.158,38898000.0,8732000.0,7476000.0,0.1,0.1,0.1,,,,,,,-57262000.0,-1.385,1.0,30832000.0,0.125,,1256000.0,,,,,,,,,,,742000.0,0.0,156000.0,55688000.0,0.0,55844000.0,-62762000.0,0.0,7338000.0,322000.0,4219000.0,4219000.0,4219000.0,0.0,0.0,0.017,32647000.0,-1815000.0,,0.0,,,,,0.0,32.75,,,,,245780000.0,245780000.0,15769000.0,,,,,0.0,16878000.0,1.0,,41338426.0,41524290.0,5.946,,,3257000.0,,,
74,SUNEQ,MRQ,1997-03-31,1997-03-31,1997-03-31,2021-06-09,,,,,,,,-98221000.0,,,194215000.0,-2895000.0,,,,,,,,26422000.0,,0.0,0.0,-3904000.0,22518000.0,0.101,22518000.0,-3904000.0,-3904000.0,-0.07,-0.07,-0.07,,,,,,,-108467000.0,-2.624,1.0,28069000.0,0.126,,0.0,,,,,,,,,,,-11969000.0,11262000.0,0.0,86800000.0,0.0,86800000.0,-87988000.0,0.0,-10246000.0,-535000.0,-2895000.0,-2895000.0,-2895000.0,0.0,0.0,-0.013,31388000.0,-3319000.0,,0.0,,,,,0.0,23.875,,,,,222284000.0,222284000.0,13407000.0,,,,,0.0,17981000.0,1.0,,41336126.0,41336126.0,5.377,,,-1009000.0,,,
75,SUNEQ,MRQ,1996-12-31,1996-12-31,1996-12-31,2021-06-09,4353000.0,1519472000.0,,318137000.0,1201335000.0,,18.122,,35096000.0,35096000.0,,,1.155,0.945,331831000.0,47130000.0,284701000.0,331831000.0,0.0,,48174000.0,0.0,0.0,,,,,,,,,,748583000.0,,748583000.0,,,,,,1.0,,,51148000.0,,1489727000.0,,100505000.0,107718000.0,0.0,107718000.0,707362000.0,275332000.0,432030000.0,,,,,,,,,,,,,,,,,,,,156841000.0,,,,9.0,1015145000.0,,22.5,,0.83,129325000.0,173009000.0,,,,,,,,,,1.0,,41308806.0,,,1468324000.0,3882000.0,,0.0,35.545,42805000.0
0,SUNEQ,MRT,2015-09-30,2015-09-30,2015-09-30,2021-06-09,-48000000.0,20714000000.0,15895750000.0,5785000000.0,14929000000.0,0.117,4.45,-3127000000.0,3722000000.0,3722000000.0,1535500000.0,-1295500000.0,1.128,11.513,11672000000.0,1905000000.0,9767000000.0,11672000000.0,672000000.0,427500000.0,0.0,0.0,0.0,-775700000.0,-348200000.0,-0.187,-348200000.0,-775700000.0,-1429300000.0,-4.05,-4.05,-4.05,1402000000.0,596250000.0,1402000000.0,10574080720.0,-14.0,-30.368,-4462900000.0,-14.166,1.0,329000000.0,0.176,2001000000.0,653600000.0,21533000000.0,17714000000.0,0.0,156000000.0,0.0,156000000.0,16141000000.0,5130000000.0,11011000000.0,2262080720.0,1614700000.0,-2288300000.0,10700000.0,5780100000.0,0.0,8668400000.0,-5699000000.0,17300000.0,-1335900000.0,-18800000.0,-1161200000.0,-1161200000.0,-1161200000.0,0.0,-134300000.0,-0.623,1129200000.0,-800200000.0,1105000000.0,0.0,1.613,-1.948,-1.773,11359000000.0,0.0,7.18,1.213,1.213,448000000.0,-2267000000.0,1864500000.0,1864500000.0,21300000.0,-0.073,-1.948,-0.044,-0.416,79800000.0,942400000.0,1.0,315053025.0,315053025.0,,5.918,18713000000.0,0.0,-268100000.0,0.0,59.396,655000000.0
1,SUNEQ,MRT,2015-06-30,2015-06-30,2015-06-30,2021-06-09,-34000000.0,17557000000.0,13284450000.0,3604000000.0,13953000000.0,0.14,2.302,-2721000000.0,2410000000.0,2410000000.0,1598500000.0,-1284500000.0,0.935,22.546,10722000000.0,1551000000.0,9171000000.0,10722000000.0,678000000.0,409500000.0,0.0,0.0,0.0,-848700000.0,-439200000.0,-0.236,-439200000.0,-848700000.0,-1395300000.0,-4.2,-4.2,-4.2,632000000.0,342175000.0,632000000.0,16161743859.0,-19.0,-36.798,-4125900000.0,-15.03,1.0,259000000.0,0.139,2138000000.0,546600000.0,19875000000.0,15286125000.0,0.0,332000000.0,0.0,332000000.0,14249000000.0,3856000000.0,10393000000.0,8210743859.0,401700000.0,-2456300000.0,13700000.0,4796100000.0,0.0,7126400000.0,-5294000000.0,-21700000.0,-1404900000.0,-25800000.0,-1160200000.0,-1160200000.0,-1160200000.0,0.0,-124300000.0,-0.625,936200000.0,-677200000.0,852000000.0,0.0,12.992,-7.077,-7.121,10464000000.0,0.0,29.91,4.42,4.42,361000000.0,-1983000000.0,1857500000.0,1857500000.0,21300000.0,-0.087,-3.391,-0.056,-0.457,68800000.0,772400000.0,1.0,274515007.0,274515007.0,,6.766,15419000000.0,0.0,-235100000.0,0.0,56.168,-252000000.0
2,SUNEQ,MRT,2015-03-31,2015-03-31,2015-03-31,2021-06-09,-22000000.0,13812000000.0,10993400000.0,2415000000.0,11397000000.0,0.167,0.433,-1956000000.0,1210000000.0,1210000000.0,1672500000.0,-1079500000.0,0.65,104.381,9161000000.0,1414000000.0,7747000000.0,9161000000.0,269000000.0,379500000.0,0.0,0.0,0.0,-601700000.0,-222200000.0,-0.121,-222200000.0,-601700000.0,-1095300000.0,-3.47,-3.47,-3.47,118000000.0,273700000.0,118000000.0,12391062888.0,-21.0,-55.765,-2818900000.0,-10.35,1.0,161000000.0,0.088,2027000000.0,493600000.0,16018000000.0,12892475000.0,0.0,261000000.0,0.0,261000000.0,12317000000.0,3718000000.0,8599000000.0,6536562888.0,387700000.0,-2047300000.0,14700000.0,4024100000.0,0.0,5362400000.0,-4090000000.0,-36700000.0,-862900000.0,-22800000.0,-938200000.0,-938200000.0,-938200000.0,-14000000.0,-141300000.0,-0.512,775200000.0,-614200000.0,1050000000.0,0.0,55.395,-6.967,-6.916,8242000000.0,0.0,24.0,3.565,3.565,290000000.0,-1721000000.0,1833500000.0,1833500000.0,21300000.0,-0.085,-3.428,-0.047,-0.328,55800000.0,621400000.0,1.0,272356787.0,272356787.0,,6.732,11785000000.0,0.0,-157100000.0,0.0,43.27,-1303000000.0
3,SUNEQ,MRT,2014-12-31,2014-12-31,2014-12-31,2021-06-09,-111000000.0,11500000000.0,9331925000.0,2788000000.0,8712000000.0,0.266,0.86,-1813300000.0,1258000000.0,1258000000.0,2262500000.0,-1272400000.0,0.886,42.983,6993000000.0,1078000000.0,5915000000.0,6993000000.0,296000000.0,357400000.0,0.0,0.0,0.0,-806400000.0,-449000000.0,-0.181,-449000000.0,-806400000.0,-1216400000.0,-4.4,-4.4,-4.4,233000000.0,155175000.0,233000000.0,10457946953.0,-13.0,-23.292,-2583300000.0,-9.534,1.0,221900000.0,0.089,659000000.0,410000000.0,13430000000.0,10994675000.0,0.0,149000000.0,0.0,149000000.0,10015000000.0,3146000000.0,6869000000.0,5286546953.0,370200000.0,-719000000.0,15300000.0,2697700000.0,0.0,3801700000.0,-2639800000.0,-46000000.0,-770000000.0,-21700000.0,-1180400000.0,-1180400000.0,-1180400000.0,0.0,-92000000.0,-0.475,758700000.0,-536800000.0,1098000000.0,0.0,22.689,-4.479,-4.434,6476000000.0,0.0,19.51,2.128,2.128,373000000.0,-1348000000.0,2484400000.0,2484400000.0,61700000.0,-0.126,-7.607,-0.073,-0.325,46200000.0,566000000.0,1.0,270966015.0,270966015.0,,9.169,10841000000.0,0.0,-36000000.0,0.0,40.009,-358000000.0
4,SUNEQ,MRT,2014-09-30,2014-09-30,2014-09-30,2021-06-09,-49700000.0,10268800000.0,8127050000.0,2625100000.0,7643700000.0,0.22,1.434,-1414800000.0,1173100000.0,1173100000.0,1721400000.0,-1288000000.0,0.921,23.309,6344500000.0,1070700000.0,5273800000.0,6344500000.0,306500000.0,336900000.0,46900000.0,0.0,0.0,-929900000.0,-593000000.0,-0.331,-593000000.0,-929900000.0,-1258800000.0,-4.67,-4.67,-4.67,385700000.0,154975000.0,385700000.0,9144356616.0,-10.0,-15.421,-2384000000.0,-8.866,1.0,69800000.0,0.039,769000000.0,328900000.0,11821500000.0,9455900000.0,246600000.0,151000000.0,0.0,151000000.0,8990200000.0,2849700000.0,6140500000.0,5076556616.0,339200000.0,-415000000.0,0.0,2778900000.0,0.0,3269300000.0,-1949400000.0,-46300000.0,-969200000.0,-11500000.0,-1224400000.0,-1224400000.0,-1224400000.0,-14000000.0,-63600000.0,-0.684,553200000.0,-483400000.0,1051500000.0,0.0,13.162,-4.146,-4.043,6352000000.0,0.0,18.88,2.834,2.834,425400000.0,-1106100000.0,1791200000.0,1791200000.0,22000000.0,-0.151,-7.901,-0.098,-0.519,35200000.0,443400000.0,1.0,268885414.0,268885414.0,,6.662,9499800000.0,0.0,-34400000.0,0.0,35.33,-224600000.0
5,SUNEQ,MRT,2014-06-30,2014-06-30,2014-06-30,2021-06-09,-4800000.0,8392800000.0,6951100000.0,2639600000.0,5753200000.0,0.278,1.337,-1241400000.0,1327100000.0,1327100000.0,1844300000.0,-1083100000.0,1.222,21.03,5394900000.0,482400000.0,4912500000.0,5394900000.0,245500000.0,300500000.0,59900000.0,0.0,0.0,-797600000.0,-497100000.0,-0.257,-497100000.0,-797600000.0,-1064700000.0,-4.08,-4.08,-4.08,358100000.0,180300000.0,358100000.0,9196145889.0,-12.0,-18.5,-2037200000.0,-7.607,1.0,89400000.0,0.046,0.0,267100000.0,10300400000.0,8082450000.0,219500000.0,41300000.0,0.0,41300000.0,7530700000.0,2160200000.0,5370500000.0,6052545889.0,608200000.0,-263300000.0,243200000.0,2900500000.0,0.0,3046700000.0,-1641900000.0,-47000000.0,-795800000.0,-800000.0,-1049400000.0,-1049400000.0,-1049400000.0,-14000000.0,-33700000.0,-0.543,494900000.0,-405500000.0,1030900000.0,0.0,16.902,-5.768,-5.539,5115500000.0,0.0,22.6,3.13,3.13,326300000.0,-822700000.0,1933700000.0,1933700000.0,40600000.0,-0.151,-5.82,-0.099,-0.412,30300000.0,408500000.0,1.0,267811765.0,267811765.0,,7.22,8392800000.0,0.0,-15300000.0,0.0,31.338,479400000.0
6,SUNEQ,MRT,2014-03-31,2014-03-31,2014-03-31,2021-06-09,-48600000.0,7166100000.0,6024275000.0,2133700000.0,5032400000.0,0.316,-1.333,-1028400000.0,799200000.0,799200000.0,1770400000.0,-1128500000.0,1.133,-20.788,3942800000.0,451800000.0,3491000000.0,3942800000.0,234100000.0,269500000.0,117200000.0,0.0,0.0,-877300000.0,-607800000.0,-0.319,-607800000.0,-877300000.0,-1086000000.0,-4.37,-4.37,-4.37,-356100000.0,172400000.0,-356100000.0,7633915006.0,-9.0,-12.56,-1831600000.0,-6.856,1.0,133600000.0,0.07,0.0,208700000.0,8426800000.0,6873450000.0,215400000.0,32100000.0,0.0,32100000.0,7402600000.0,1882900000.0,5519700000.0,5033115006.0,62700000.0,-21300000.0,239800000.0,1908400000.0,0.0,1963000000.0,-1093400000.0,4300000.0,-803200000.0,-3700000.0,-1111300000.0,-1111300000.0,-1111300000.0,0.0,-17200000.0,-0.584,475700000.0,-342100000.0,818800000.0,0.0,-14.134,-4.529,-4.311,3943900000.0,0.0,18.84,2.643,2.643,312500000.0,-781500000.0,1904000000.0,1904000000.0,58700000.0,-0.184,-6.446,-0.128,-0.461,32000000.0,379300000.0,1.0,267150478.0,267150478.0,,7.127,7166100000.0,0.0,25300000.0,0.0,26.824,250800000.0
7,SUNEQ,MRT,2013-12-31,2013-12-31,2013-12-31,2021-06-09,-60000000.0,6680500000.0,5371050000.0,2385000000.0,4295500000.0,0.374,0.871,-838900000.0,975400000.0,975400000.0,1862300000.0,-613900000.0,1.262,27.301,3576200000.0,397500000.0,3178700000.0,3576200000.0,244700000.0,268300000.0,140000000.0,0.0,0.0,-369700000.0,-101400000.0,-0.051,-101400000.0,-369700000.0,-558900000.0,-2.46,-2.46,-2.46,232200000.0,375800000.0,232200000.0,5781082474.0,-16.0,-57.013,-1545700000.0,-5.798,1.0,145300000.0,0.072,117100000.0,189200000.0,7274900000.0,6103500000.0,248400000.0,41100000.0,0.0,41100000.0,6339300000.0,1889300000.0,4450000000.0,3479182474.0,19700000.0,-7300000.0,239600000.0,1553500000.0,0.0,1594900000.0,-860900000.0,16500000.0,-706800000.0,-7500000.0,-586700000.0,-586700000.0,-586700000.0,0.0,-27200000.0,-0.292,458900000.0,-313600000.0,867700000.0,0.0,14.984,-5.93,-5.305,3583000000.0,0.0,13.05,1.733,1.733,351500000.0,-168000000.0,2007600000.0,2007600000.0,71100000.0,-0.109,-1.561,-0.061,-0.184,30200000.0,361600000.0,1.0,266604021.0,266604021.0,,7.53,6563400000.0,0.0,27800000.0,0.0,24.619,495700000.0
8,SUNEQ,MRT,2013-09-30,2013-09-30,2013-09-30,2021-06-09,-83700000.0,5565000000.0,4887250000.0,1903300000.0,3661700000.0,0.421,2.1,-712300000.0,816400000.0,816400000.0,1789400000.0,-321600000.0,1.237,10.229,3118300000.0,281300000.0,2837000000.0,3118300000.0,225400000.0,270900000.0,200200000.0,0.0,0.0,-62600000.0,208300000.0,0.101,208300000.0,-62600000.0,-224900000.0,-1.37,-1.37,-1.37,487000000.0,461575000.0,487000000.0,3926520491.0,-63.0,18.85,-1000000000.0,-4.311,1.0,267700000.0,0.13,0.0,162300000.0,6327700000.0,5605725000.0,207800000.0,0.0,0.0,0.0,4981500000.0,1539200000.0,3442300000.0,1848720491.0,-108500000.0,-7300000.0,239200000.0,680500000.0,0.0,881400000.0,-693500000.0,12000000.0,-287700000.0,-8700000.0,-312100000.0,-312100000.0,-312100000.0,0.0,-9500000.0,-0.152,329100000.0,-61400000.0,667500000.0,0.0,3.796,-5.923,-5.818,3393400000.0,0.0,7.97,0.899,0.899,335300000.0,119000000.0,2057100000.0,2057100000.0,70100000.0,-0.064,-0.676,-0.011,-0.03,32500000.0,307200000.0,1.0,231959911.0,231959911.0,,8.868,5565000000.0,0.0,87200000.0,0.0,23.991,364100000.0
9,SUNEQ,MRT,2013-06-30,2013-06-30,2013-06-30,2021-06-09,-105000000.0,4685500000.0,4669250000.0,1493200000.0,3192300000.0,0.438,1.408,-541200000.0,538200000.0,538200000.0,1753200000.0,-171100000.0,1.15,13.044,2616000000.0,256200000.0,2359800000.0,2616000000.0,324300000.0,261800000.0,224400000.0,0.0,0.0,44800000.0,306600000.0,0.15,306600000.0,44800000.0,-100300000.0,-0.74,-0.74,-0.74,326500000.0,486625000.0,326500000.0,3789824293.0,85.0,12.361,-723300000.0,-3.12,1.0,294000000.0,0.144,0.0,145100000.0,5464400000.0,5253700000.0,241600000.0,0.0,0.0,0.0,4258800000.0,1298900000.0,2959900000.0,1893924293.0,-102300000.0,0.0,-1000000.0,753400000.0,0.0,628900000.0,-543400000.0,-6400000.0,-182100000.0,-5700000.0,-167100000.0,-167100000.0,-167100000.0,0.0,-4000000.0,-0.082,247400000.0,46600000.0,467300000.0,0.0,5.801,-11.334,-11.041,2934400000.0,0.0,8.17,0.925,0.925,230300000.0,228600000.0,2047200000.0,2047200000.0,68900000.0,-0.036,-0.343,0.009,0.022,31500000.0,285000000.0,1.0,231814479.0,231814479.0,,8.831,4685500000.0,0.0,66800000.0,0.0,20.212,194300000.0
10,SUNEQ,MRT,2013-03-31,2013-03-31,2013-03-31,2021-06-09,-72900000.0,4553200000.0,4623725000.0,1393600000.0,3159600000.0,0.531,1.978,-450200000.0,531300000.0,531300000.0,2119100000.0,-150600000.0,1.264,8.777,2427200000.0,133900000.0,2293300000.0,2427200000.0,321900000.0,254800000.0,211800000.0,0.0,0.0,81100000.0,335900000.0,0.137,335900000.0,81100000.0,-74000000.0,-0.62,-0.62,-0.62,457500000.0,549550000.0,457500000.0,2690931404.0,33.0,8.011,-445600000.0,-1.926,1.0,335200000.0,0.137,0.0,155100000.0,5347000000.0,5017300000.0,227600000.0,0.0,0.0,0.0,4015300000.0,1102100000.0,2913200000.0,1017831404.0,20200000.0,0.0,-600000.0,657800000.0,0.0,540200000.0,-515300000.0,-58100000.0,4600000.0,-9300000.0,-141400000.0,-141400000.0,-141400000.0,0.0,-9200000.0,-0.058,257300000.0,77900000.0,402600000.0,0.0,2.225,-7.198,-7.097,2800900000.0,0.0,4.4,0.415,0.415,278500000.0,333700000.0,2454300000.0,2454300000.0,69100000.0,-0.031,-0.257,0.016,0.033,31600000.0,292400000.0,1.0,231325319.0,231325319.0,,10.61,4553200000.0,0.0,67400000.0,0.0,19.683,291500000.0
11,SUNEQ,MRT,2012-12-31,2012-12-31,2012-12-31,2021-06-09,-39800000.0,4745300000.0,4686875000.0,1459400000.0,3285900000.0,0.54,2.491,-513700000.0,695200000.0,695200000.0,2194300000.0,-148700000.0,1.286,7.071,2368300000.0,101200000.0,2267100000.0,2368300000.0,288300000.0,246900000.0,261700000.0,0.0,0.0,49600000.0,296500000.0,0.117,296500000.0,49600000.0,-85700000.0,-0.66,-0.66,-0.66,575300000.0,597125000.0,575300000.0,2314239947.0,47.0,7.805,-777200000.0,-3.365,1.0,335600000.0,0.133,0.0,135300000.0,5283800000.0,4895925000.0,247800000.0,49600000.0,0.0,49600000.0,4067900000.0,1134600000.0,2933300000.0,741339947.0,-32000000.0,0.0,-500000.0,850400000.0,0.0,764800000.0,-531300000.0,-42000000.0,-263500000.0,-2000000.0,-150600000.0,-150600000.0,-150600000.0,0.0,1900000.0,-0.06,278400000.0,57200000.0,477000000.0,0.0,1.289,-4.923,-4.864,2806800000.0,0.0,3.21,0.293,0.293,220400000.0,425300000.0,2529900000.0,2529900000.0,71800000.0,-0.032,-0.252,0.01,0.02,31700000.0,302200000.0,1.0,230947024.0,230947024.0,,10.954,4745300000.0,0.0,64900000.0,0.0,20.547,324800000.0
12,SUNEQ,MRT,2012-09-30,2012-09-30,2012-09-30,2021-06-09,-13400000.0,4693000000.0,4720950000.0,1639300000.0,3053700000.0,0.561,2.543,-476700000.0,740500000.0,740500000.0,2478400000.0,-1621900000.0,1.357,6.879,2313400000.0,147000000.0,2166400000.0,2313400000.0,319900000.0,233800000.0,265700000.0,0.0,0.0,-1339000000.0,-1105200000.0,-0.418,-1105200000.0,-1339000000.0,-1465600000.0,-7.06,-7.06,-7.06,587200000.0,637775000.0,587200000.0,2027240818.0,-2.0,-1.834,-936700000.0,-4.056,1.0,168600000.0,0.064,138300000.0,126600000.0,4919600000.0,4693425000.0,246100000.0,48400000.0,0.0,48400000.0,4039500000.0,1208000000.0,2831500000.0,635040818.0,-176300000.0,-51600000.0,-900000.0,960600000.0,0.0,820100000.0,-534300000.0,-34700000.0,-460000000.0,-2100000.0,-1623200000.0,-1623200000.0,-1623200000.0,0.0,1300000.0,-0.613,1427400000.0,-1258800000.0,463900000.0,0.0,1.081,-0.391,-0.39,2691500000.0,0.0,2.75,0.24,0.24,252000000.0,437800000.0,2647000000.0,2647000000.0,78200000.0,-0.344,-2.545,-0.285,-0.506,34400000.0,316300000.0,1.0,230923934.0,230923934.0,,11.463,4554700000.0,30900000.0,157600000.0,0.0,19.724,431300000.0
13,SUNEQ,MRT,2012-06-30,2012-06-30,2012-06-30,2021-06-09,-22400000.0,4503400000.0,5119100000.0,1452600000.0,3050800000.0,0.5,2.505,-743000000.0,545500000.0,545500000.0,2421300000.0,-1752500000.0,1.178,6.679,1937700000.0,133800000.0,1803900000.0,1937700000.0,377100000.0,229400000.0,310200000.0,0.0,0.0,-1517600000.0,-1288200000.0,-0.503,-1288200000.0,-1517600000.0,-1636900000.0,-7.63,-7.63,-7.63,578200000.0,1052950000.0,578200000.0,2100071117.0,-1.0,-1.63,-1018300000.0,-4.412,1.0,140300000.0,0.055,143500000.0,119300000.0,4518800000.0,4737450000.0,259400000.0,53900000.0,0.0,53900000.0,3862000000.0,1233300000.0,2628700000.0,500871117.0,-203300000.0,-185500000.0,-1000000.0,1027100000.0,0.0,968600000.0,-888500000.0,47300000.0,-275300000.0,-8100000.0,-1754600000.0,-1754600000.0,-1754600000.0,0.0,2100000.0,-0.685,1561800000.0,-1421500000.0,419500000.0,0.0,0.866,-0.285,-0.284,2692000000.0,0.0,2.17,0.196,0.196,235200000.0,424200000.0,2561600000.0,2561600000.0,83100000.0,-0.343,-1.666,-0.32,-0.592,37000000.0,331200000.0,1.0,230816183.0,230800000.0,230800000.0,11.099,4359900000.0,35500000.0,117700000.0,0.0,18.89,219300000.0
14,SUNEQ,MRT,2012-03-31,2012-03-31,2012-03-31,2021-06-09,-8700000.0,4805800000.0,5317600000.0,1783400000.0,3022400000.0,0.47,2.808,-887700000.0,510400000.0,510400000.0,2267800000.0,-1628800000.0,1.276,6.337,2109600000.0,208100000.0,1901500000.0,2109600000.0,233300000.0,231000000.0,341900000.0,0.0,0.0,-1429800000.0,-1198800000.0,-0.48,-1198800000.0,-1429800000.0,-1525700000.0,-7.09,-7.09,-7.09,647800000.0,1502850000.0,647800000.0,2049319695.0,-1.0,-1.709,-1064600000.0,-4.615,1.0,231000000.0,0.092,145900000.0,95900000.0,4861500000.0,4708100000.0,283200000.0,53400000.0,0.0,53400000.0,4105200000.0,1397600000.0,2707600000.0,871019695.0,-303500000.0,-214200000.0,-1100000.0,1025100000.0,0.0,910100000.0,-1036000000.0,60800000.0,-176900000.0,-700000.0,-1630100000.0,-1630100000.0,-1630100000.0,0.0,1300000.0,-0.652,1585500000.0,-1354500000.0,586000000.0,0.0,1.345,-0.534,-0.509,2939400000.0,0.0,3.61,0.349,0.333,258400000.0,485500000.0,2498800000.0,2498800000.0,86600000.0,-0.307,-1.085,-0.304,-0.572,41500000.0,339000000.0,1.0,241279694.0,230700000.0,230700000.0,10.831,4659900000.0,37800000.0,104400000.0,0.0,20.199,385800000.0
15,SUNEQ,MRT,2011-12-31,2011-12-31,2011-12-31,2021-06-09,-3900000.0,4881600000.0,5355975000.0,1885900000.0,2995700000.0,0.507,3.21,-1006700000.0,748500000.0,748500000.0,2420600000.0,-1520000000.0,1.312,5.552,1926800000.0,147900000.0,1778900000.0,1926800000.0,250000000.0,227100000.0,349200000.0,0.0,0.0,-1385700000.0,-1158600000.0,-0.427,-1158600000.0,-1385700000.0,-1462900000.0,-6.68,-6.68,-6.68,737900000.0,1922950000.0,737900000.0,1922134626.0,-1.0,-1.659,-1022000000.0,-4.445,1.0,294900000.0,0.109,149200000.0,77200000.0,4473800000.0,4511700000.0,321800000.0,54500000.0,0.0,54500000.0,4096700000.0,1436900000.0,2659800000.0,908034626.0,-121500000.0,-214200000.0,-3600000.0,1351000000.0,0.0,1150700000.0,-1262900000.0,30800000.0,-15300000.0,6000000.0,-1536000000.0,-1536000000.0,-1536000000.0,0.0,16000000.0,-0.566,1595400000.0,-1300500000.0,694600000.0,0.0,1.231,-0.591,-0.59,2766100000.0,0.0,3.94,0.334,0.334,202900000.0,577500000.0,2715500000.0,2715500000.0,87500000.0,-0.287,-0.799,-0.307,-0.51,43900000.0,348800000.0,1.0,230465641.0,229900000.0,229900000.0,11.812,4732400000.0,44800000.0,73100000.0,0.0,20.585,449000000.0
16,SUNEQ,MRT,2011-09-30,2011-09-30,2011-09-30,2021-06-09,30500000.0,6285600000.0,5288550000.0,2191700000.0,4093900000.0,0.538,9.761,-1040100000.0,919400000.0,919400000.0,2378100000.0,-11800000.0,1.354,1.749,1933500000.0,204600000.0,1728900000.0,1933500000.0,337500000.0,206900000.0,53700000.0,0.0,0.0,-47900000.0,159000000.0,0.056,159000000.0,-47900000.0,-104600000.0,-0.17,-0.17,-0.17,2247900000.0,2301400000.0,2247900000.0,1901869114.0,-40.0,11.961,-592200000.0,-2.571,1.0,469700000.0,0.165,584900000.0,56700000.0,5095700000.0,4104625000.0,375400000.0,116800000.0,0.0,116800000.0,3932300000.0,1619100000.0,2313200000.0,1207469114.0,198000000.0,-162600000.0,-5400000.0,1186500000.0,0.0,1011900000.0,-1273300000.0,-28400000.0,447900000.0,11500000.0,-39000000.0,-39000000.0,-39000000.0,0.0,27200000.0,-0.014,498800000.0,-29100000.0,801600000.0,0.0,0.537,-30.961,-30.824,3285200000.0,0.0,5.24,0.424,0.424,254000000.0,2061900000.0,2847800000.0,2847800000.0,84100000.0,-0.007,-0.017,-0.012,-0.017,44200000.0,343600000.0,1.0,230433037.0,230300000.0,230300000.0,12.366,5700700000.0,242400000.0,-65600000.0,0.0,24.753,572600000.0
17,SUNEQ,MRT,2011-06-30,2011-06-30,2011-06-30,2021-06-09,74800000.0,5297400000.0,4768000000.0,1819600000.0,3477800000.0,0.595,10.347,-877000000.0,710000000.0,710000000.0,2338700000.0,98800000.0,1.603,1.207,1404400000.0,69700000.0,1334700000.0,1404400000.0,193200000.0,193300000.0,60200000.0,0.0,0.0,78100000.0,271400000.0,0.096,271400000.0,78100000.0,37000000.0,0.32,0.32,0.32,2377800000.0,2297825000.0,2377800000.0,2449422591.0,31.0,9.025,-564500000.0,-2.456,1.0,496000000.0,0.175,455000000.0,41100000.0,4401400000.0,3517675000.0,335400000.0,145200000.0,0.0,145200000.0,2871000000.0,1135400000.0,1735600000.0,1965422591.0,-1100000.0,-102200000.0,-5300000.0,896800000.0,0.0,738900000.0,-1079900000.0,-84400000.0,312500000.0,27400000.0,73000000.0,73000000.0,73000000.0,0.0,25800000.0,0.026,411400000.0,84600000.0,608400000.0,0.0,0.827,26.924,26.656,2644000000.0,0.0,8.53,0.693,0.691,272900000.0,2156300000.0,2834700000.0,2834700000.0,75800000.0,0.015,0.032,0.022,0.028,43600000.0,319200000.0,1.0,230412965.0,229800000.0,230900000.0,12.336,4842400000.0,236900000.0,-36000000.0,80200000.0,21.072,684200000.0
18,SUNEQ,MRT,2011-03-31,2011-03-31,2011-03-31,2021-06-09,83400000.0,4959300000.0,4341725000.0,1859300000.0,3100000000.0,0.584,10.171,-799000000.0,745100000.0,745100000.0,2145600000.0,66400000.0,1.926,1.11,1229100000.0,56700000.0,1172400000.0,1229100000.0,217400000.0,176300000.0,106000000.0,0.0,0.0,12400000.0,188700000.0,0.074,188700000.0,12400000.0,-13500000.0,0.17,0.17,0.17,2328200000.0,2238850000.0,2328200000.0,2897717704.0,234.0,15.356,-566400000.0,-2.474,1.0,391800000.0,0.154,402100000.0,25900000.0,4075900000.0,3010900000.0,275700000.0,136000000.0,0.0,136000000.0,2584600000.0,965300000.0,1619300000.0,2984817704.0,206200000.0,-73500000.0,-5500000.0,828000000.0,0.0,719200000.0,-762800000.0,155400000.0,232600000.0,17200000.0,39500000.0,39500000.0,39500000.0,0.0,26900000.0,0.016,355600000.0,36200000.0,516500000.0,0.0,1.282,75.565,76.235,2339900000.0,0.0,12.96,1.176,1.169,401300000.0,2109000000.0,2537400000.0,2537400000.0,65500000.0,0.009,0.018,0.004,0.005,50400000.0,297800000.0,1.0,230310008.0,228900000.0,228900000.0,11.085,4557200000.0,184600000.0,-53000000.0,65000000.0,19.909,894000000.0
19,SUNEQ,MRT,2010-12-31,2010-12-31,2010-12-31,2021-06-09,34100000.0,4611900000.0,3993325000.0,1737300000.0,2874600000.0,0.561,9.924,-632100000.0,769800000.0,769800000.0,1902100000.0,48000000.0,1.353,1.029,682700000.0,72100000.0,610600000.0,682700000.0,199000000.0,164800000.0,209100000.0,0.0,0.0,10100000.0,174900000.0,0.078,174900000.0,10100000.0,-18900000.0,0.15,0.15,0.15,2251700000.0,2198775000.0,2251700000.0,2507544707.0,248.0,14.337,-284500000.0,-1.254,1.0,337100000.0,0.151,395200000.0,29000000.0,2845500000.0,2637600000.0,214600000.0,110300000.0,0.0,110300000.0,2316300000.0,1284100000.0,1032200000.0,2560844707.0,74600000.0,-73500000.0,-2900000.0,285700000.0,0.0,243200000.0,-521800000.0,184100000.0,347600000.0,5600000.0,34400000.0,34400000.0,34400000.0,0.0,13600000.0,0.015,316000000.0,21100000.0,745500000.0,0.0,1.137,74.443,75.067,2271000000.0,0.0,11.26,1.144,1.141,296000000.0,2113500000.0,2239200000.0,2239200000.0,55600000.0,0.009,0.016,0.004,0.005,51600000.0,267000000.0,1.0,227428482.0,226900000.0,230200000.0,9.869,4216700000.0,139300000.0,-53300000.0,0.0,18.584,453200000.0
20,SUNEQ,MRT,2010-09-30,2010-09-30,2010-09-30,2021-06-09,38600000.0,4203400000.0,3731975000.0,1551000000.0,2652400000.0,0.468,9.848,-517100000.0,657400000.0,657400000.0,1471700000.0,19000000.0,1.553,0.859,604100000.0,112000000.0,492100000.0,604100000.0,199000000.0,154000000.0,67300000.0,0.0,0.0,-10600000.0,143400000.0,0.082,143400000.0,-10600000.0,-36900000.0,0.06,0.06,0.06,2233600000.0,2178000000.0,2233600000.0,2462902916.0,-232.0,17.175,-436700000.0,-1.925,1.0,274100000.0,0.157,403500000.0,26300000.0,2747900000.0,2540175000.0,426400000.0,88800000.0,8000000.0,80800000.0,1918500000.0,998700000.0,919800000.0,2710802916.0,-204100000.0,-262000000.0,-300000.0,239800000.0,0.0,208500000.0,-497400000.0,335800000.0,80400000.0,4400000.0,14700000.0,14700000.0,14700000.0,0.0,4300000.0,0.008,287200000.0,-13100000.0,543000000.0,0.0,1.214,184.408,198.667,1870400000.0,0.0,11.92,1.553,1.549,251900000.0,2101000000.0,1745800000.0,1745800000.0,47200000.0,0.004,0.007,-0.004,-0.006,49000000.0,246600000.0,1.0,227416352.0,226800000.0,227600000.0,7.698,3799900000.0,149800000.0,-51600000.0,19100000.0,16.754,552300000.0
21,SUNEQ,MRT,2010-06-30,2010-06-30,2010-06-30,2021-06-09,-25800000.0,3592300000.0,3401075000.0,1369800000.0,2222500000.0,0.457,9.444,-407500000.0,707200000.0,707200000.0,1343000000.0,-64300000.0,2.137,0.655,459300000.0,45900000.0,413400000.0,459300000.0,119200000.0,142800000.0,61100000.0,0.0,0.0,-90200000.0,52600000.0,0.034,52600000.0,-90200000.0,-111800000.0,-0.31,-0.31,-0.31,2141900000.0,2143075000.0,2141900000.0,2148268460.0,-24.0,40.842,-367600000.0,-1.621,1.0,209700000.0,0.135,329200000.0,21600000.0,2374300000.0,2290300000.0,207500000.0,121600000.0,50900000.0,70700000.0,1402700000.0,640900000.0,761800000.0,2246868460.0,-236900000.0,-188500000.0,-200000.0,107500000.0,0.0,67200000.0,-343800000.0,269400000.0,39900000.0,-200000.0,-67500000.0,-67500000.0,-67500000.0,0.0,3200000.0,-0.043,299400000.0,-89700000.0,280000000.0,0.0,1.049,-33.287,-31.871,1579400000.0,0.0,9.88,1.447,1.443,276700000.0,2083300000.0,1552700000.0,1552700000.0,43500000.0,-0.02,-0.031,-0.039,-0.058,47300000.0,224400000.0,1.0,227415836.0,226800000.0,228000000.0,6.846,3263100000.0,126700000.0,-44300000.0,46100000.0,14.388,728900000.0
22,SUNEQ,MRT,2010-03-31,2010-03-31,2010-03-31,2021-06-09,31600000.0,3565700000.0,3214075000.0,1310800000.0,2254900000.0,0.432,9.559,-291300000.0,542500000.0,542500000.0,1219600000.0,-80100000.0,2.366,0.624,443900000.0,42700000.0,401200000.0,443900000.0,116900000.0,133100000.0,59700000.0,0.0,0.0,-102000000.0,31100000.0,0.022,31100000.0,-102000000.0,-117800000.0,-0.36,-0.36,-0.36,2167900000.0,2133375000.0,2167900000.0,3211076183.0,-31.0,103.25,-353800000.0,-1.56,1.0,167700000.0,0.121,330400000.0,15800000.0,2582700000.0,2099825000.0,188300000.0,381300000.0,171700000.0,209600000.0,1352600000.0,554000000.0,798600000.0,3485576183.0,-420500000.0,-188500000.0,500000.0,78800000.0,0.0,100000.0,-365800000.0,110200000.0,-62500000.0,7700000.0,-79900000.0,-79900000.0,-79900000.0,0.0,-200000.0,-0.058,283800000.0,-116100000.0,230000000.0,0.0,1.608,-43.624,-42.583,1487300000.0,0.0,15.33,2.512,2.506,265800000.0,2069500000.0,1387300000.0,1387300000.0,41900000.0,-0.025,-0.037,-0.049,-0.074,38200000.0,194300000.0,1.0,227369614.0,226800000.0,226800000.0,6.117,3235300000.0,175700000.0,-37900000.0,21300000.0,14.265,756800000.0
23,SUNEQ,MRT,2009-12-31,2009-12-31,2009-12-31,2021-06-09,33000000.0,3566500000.0,3022550000.0,1249600000.0,2316900000.0,0.385,9.686,-253400000.0,691100000.0,691100000.0,1035500000.0,-69800000.0,2.455,0.627,416600000.0,32200000.0,384400000.0,416600000.0,109600000.0,124000000.0,83600000.0,0.0,0.0,-106500000.0,17500000.0,0.015,17500000.0,-106500000.0,-110500000.0,-0.31,-0.31,-0.31,2168600000.0,2102925000.0,2168600000.0,2281607930.0,-21.0,130.378,-220400000.0,-0.984,1.0,128100000.0,0.11,327100000.0,4000000.0,2455800000.0,1843975000.0,140500000.0,383500000.0,85900000.0,297600000.0,1359700000.0,509100000.0,850600000.0,3044907930.0,-355600000.0,-188500000.0,-15200000.0,16500000.0,0.0,-91700000.0,-299800000.0,139900000.0,33000000.0,2900000.0,-68300000.0,-68300000.0,-68300000.0,0.0,-1500000.0,-0.059,255300000.0,-127200000.0,219300000.0,0.0,1.404,-44.581,-43.935,1485900000.0,0.0,13.62,2.617,2.621,173300000.0,2079100000.0,1163600000.0,1163600000.0,40400000.0,-0.023,-0.032,-0.058,-0.092,36500000.0,161900000.0,1.0,223561522.0,223900000.0,223900000.0,5.197,3239400000.0,167800000.0,-42200000.0,28000000.0,14.468,740500000.0
24,SUNEQ,MRT,2009-09-30,2009-09-30,2009-09-30,2021-06-09,7200000.0,2879800000.0,2865100000.0,1303900000.0,1575900000.0,0.43,9.364,-213100000.0,792200000.0,792200000.0,964500000.0,5100000.0,3.542,0.361,28900000.0,5500000.0,23400000.0,28900000.0,101700000.0,118000000.0,83600000.0,0.0,0.0,10900000.0,128900000.0,0.105,128900000.0,10900000.0,9600000.0,0.05,0.04,0.05,2093900000.0,2081275000.0,2093900000.0,2855053745.0,262.0,22.149,-76100000.0,-0.34,1.0,268100000.0,0.218,0.0,1300000.0,1748400000.0,1605600000.0,110000000.0,443800000.0,114300000.0,329500000.0,755900000.0,368100000.0,387800000.0,3717653745.0,-140100000.0,0.0,-50600000.0,-6300000.0,0.0,-146800000.0,-123600000.0,89400000.0,137000000.0,-6700000.0,9100000.0,9100000.0,9100000.0,0.0,-4000000.0,0.007,219500000.0,48600000.0,151200000.0,0.0,1.775,408.533,332.6,1065400000.0,0.0,16.63,3.016,3.017,188300000.0,2086200000.0,1232600000.0,1232600000.0,40000000.0,0.003,0.004,0.007,0.009,21000000.0,126800000.0,1.0,223551037.0,223600000.0,223600000.0,5.513,2879800000.0,82400000.0,500000.0,6300000.0,12.879,935800000.0
25,SUNEQ,MRT,2009-06-30,2009-06-30,2009-06-30,2021-06-09,-39900000.0,2844300000.0,2891350000.0,1403300000.0,1441000000.0,0.508,9.41,-233100000.0,889900000.0,889900000.0,951300000.0,253600000.0,3.8,0.339,27300000.0,5200000.0,22100000.0,27300000.0,91500000.0,113000000.0,105900000.0,0.0,0.0,303100000.0,416100000.0,0.283,416100000.0,303100000.0,301400000.0,1.15,1.13,1.15,2103100000.0,2077675000.0,2103100000.0,3112035439.0,10.0,7.479,7400000.0,0.033,1.0,517300000.0,0.352,0.0,1700000.0,1612400000.0,1558425000.0,108600000.0,367400000.0,134900000.0,232500000.0,712400000.0,369300000.0,343100000.0,3980335439.0,-221000000.0,0.0,-180100000.0,-6300000.0,0.0,-176400000.0,-234100000.0,-1100000.0,240500000.0,-51000000.0,256500000.0,256500000.0,256500000.0,0.0,-2900000.0,0.175,174500000.0,342800000.0,141100000.0,0.0,1.893,15.518,15.487,1046300000.0,0.0,17.81,2.71,2.71,172500000.0,2150800000.0,1468600000.0,1468600000.0,40000000.0,0.089,0.123,0.194,0.206,24500000.0,121100000.0,1.0,223488795.0,223500000.0,224000000.0,6.571,2844300000.0,70300000.0,44900000.0,23000000.0,12.726,1034000000.0
26,SUNEQ,MRT,2009-03-31,2009-03-31,2009-03-31,2021-06-09,-86700000.0,2799600000.0,2925375000.0,1333100000.0,1466500000.0,0.587,9.151,-274900000.0,898400000.0,898400000.0,951900000.0,431500000.0,3.584,0.352,30100000.0,5800000.0,24300000.0,30100000.0,92000000.0,109600000.0,150000000.0,0.0,0.0,548800000.0,658400000.0,0.383,658400000.0,548800000.0,547000000.0,1.91,1.88,1.91,2046100000.0,2074050000.0,2046100000.0,2728971518.0,5.0,4.145,154200000.0,0.69,1.0,765200000.0,0.446,0.0,1800000.0,1559300000.0,1517600000.0,118300000.0,400900000.0,109400000.0,291500000.0,719500000.0,372000000.0,347500000.0,3685071518.0,-81300000.0,0.0,-247500000.0,-6000000.0,0.0,-159700000.0,-292900000.0,-18100000.0,429100000.0,-57800000.0,431200000.0,431200000.0,431200000.0,0.0,300000.0,0.251,156800000.0,608400000.0,122400000.0,0.0,1.801,8.546,8.634,1018200000.0,0.0,16.49,2.146,2.147,169100000.0,2149100000.0,1717100000.0,1717100000.0,40100000.0,0.147,0.208,0.362,0.32,25100000.0,105700000.0,1.0,223473106.0,223600000.0,224000000.0,7.679,2799600000.0,75700000.0,115800000.0,18100000.0,12.521,961100000.0
27,SUNEQ,MRT,2008-12-31,2008-12-31,2008-12-31,2021-06-09,-55600000.0,2936700000.0,2941425000.0,1454200000.0,1482500000.0,0.681,9.176,-303600000.0,988300000.0,988300000.0,999700000.0,389600000.0,3.077,0.394,32200000.0,6100000.0,26100000.0,32200000.0,88800000.0,104000000.0,187000000.0,0.0,0.0,584600000.0,688600000.0,0.344,688600000.0,584600000.0,582800000.0,1.71,1.69,1.71,2082000000.0,2057000000.0,2082000000.0,2303176516.0,4.0,3.345,337300000.0,1.487,1.0,1004800000.0,0.501,5700000.0,1800000.0,1502300000.0,1489250000.0,81300000.0,433100000.0,148400000.0,284700000.0,819900000.0,472600000.0,347300000.0,3205176516.0,129000000.0,0.0,-301100000.0,-6000000.0,0.0,-153300000.0,-335400000.0,-31800000.0,640900000.0,-23200000.0,387400000.0,387400000.0,387400000.0,0.0,2200000.0,0.193,151600000.0,853200000.0,162400000.0,0.0,1.539,8.274,8.351,1041200000.0,0.0,14.28,1.599,1.616,197300000.0,2147100000.0,2004500000.0,2004500000.0,40800000.0,0.132,0.188,0.393,0.292,28500000.0,106500000.0,1.0,224452137.0,226900000.0,228600000.0,8.834,2931000000.0,69700000.0,195400000.0,17900000.0,12.918,981600000.0
28,SUNEQ,MRT,2008-09-30,2008-09-30,2008-09-30,2021-06-09,-30200000.0,2984800000.0,2929050000.0,1428700000.0,1556100000.0,0.722,9.189,-345600000.0,932300000.0,932300000.0,1009300000.0,700200000.0,2.731,0.418,30300000.0,5700000.0,24600000.0,30300000.0,89700000.0,96400000.0,209800000.0,0.0,0.0,950000000.0,1046400000.0,0.495,1046400000.0,950000000.0,948300000.0,3.06,3.0,3.06,2079500000.0,2045250000.0,2079500000.0,5303041562.0,6.0,5.068,410400000.0,1.814,1.0,1105400000.0,0.523,0.0,1700000.0,1559700000.0,1517325000.0,41100000.0,505100000.0,187300000.0,317800000.0,869400000.0,523100000.0,346300000.0,6383841562.0,-120000000.0,0.0,-311200000.0,-5600000.0,0.0,-152000000.0,-718700000.0,-373300000.0,756000000.0,-5300000.0,693500000.0,693500000.0,693500000.0,0.0,6700000.0,0.328,162200000.0,943200000.0,141200000.0,0.0,3.07,9.205,9.235,976400000.0,0.0,28.26,3.019,3.024,239600000.0,2077600000.0,2114700000.0,2114700000.0,41100000.0,0.237,0.339,0.626,0.449,41500000.0,117500000.0,1.0,225896729.0,226300000.0,227600000.0,9.345,2984800000.0,89800000.0,254800000.0,69300000.0,13.19,905600000.0
29,SUNEQ,MRT,2008-06-30,2008-06-30,2008-06-30,2021-06-09,45900000.0,2980400000.0,2811050000.0,1678400000.0,1302000000.0,0.726,9.148,-343800000.0,1110900000.0,1110900000.0,967000000.0,668100000.0,3.726,0.41,30100000.0,5600000.0,24500000.0,30100000.0,86100000.0,89800000.0,168000000.0,0.0,0.0,950000000.0,1039800000.0,0.509,1039800000.0,950000000.0,948600000.0,2.92,2.85,2.92,2088600000.0,1944800000.0,2088600000.0,13070595666.0,14.0,12.57,563500000.0,2.468,1.0,1074500000.0,0.526,0.0,1400000.0,1449100000.0,1396775000.0,33900000.0,385800000.0,276100000.0,109700000.0,856700000.0,450500000.0,406200000.0,14015295666.0,274100000.0,0.0,-216900000.0,-5600000.0,0.0,-95100000.0,-582700000.0,-239600000.0,907300000.0,44600000.0,662200000.0,662200000.0,662200000.0,0.0,5900000.0,0.324,158700000.0,915800000.0,147700000.0,0.0,6.71,21.165,21.075,950400000.0,0.0,61.54,6.865,6.882,230600000.0,1894800000.0,2041500000.0,2041500000.0,40700000.0,0.236,0.34,0.68,0.465,38100000.0,114800000.0,1.0,227742861.0,228300000.0,230700000.0,8.942,2980400000.0,100600000.0,286400000.0,42700000.0,13.055,1227900000.0
30,SUNEQ,MRT,2008-03-31,2008-03-31,2008-03-31,2021-06-09,64900000.0,2863800000.0,2623375000.0,1563500000.0,1300300000.0,0.756,8.656,-310400000.0,979700000.0,979700000.0,945500000.0,654200000.0,3.304,0.431,35000000.0,6000000.0,29000000.0,35000000.0,85500000.0,84500000.0,163500000.0,0.0,0.0,935200000.0,1019700000.0,0.514,1019700000.0,935200000.0,933800000.0,2.88,2.79,2.88,1977900000.0,1803925000.0,1977900000.0,15366026398.0,16.0,15.069,589500000.0,2.58,1.0,1037300000.0,0.523,0.0,1400000.0,1445900000.0,1309000000.0,33200000.0,437300000.0,305600000.0,131700000.0,852200000.0,473200000.0,379000000.0,16194426398.0,196300000.0,0.0,-146500000.0,-5200000.0,0.0,-54400000.0,-701400000.0,-391700000.0,899900000.0,52200000.0,649700000.0,649700000.0,649700000.0,0.0,4500000.0,0.328,156700000.0,880600000.0,159700000.0,0.0,8.188,24.926,24.618,903500000.0,0.0,70.9,8.167,8.171,217300000.0,1718700000.0,1982800000.0,1982800000.0,40100000.0,0.248,0.36,0.714,0.472,36300000.0,116600000.0,1.0,228412220.0,228500000.0,228500000.0,8.677,2863800000.0,110300000.0,284100000.0,59600000.0,12.533,1090300000.0
31,SUNEQ,MRT,2007-12-31,2007-12-31,2007-12-31,2021-06-09,29800000.0,2887200000.0,2417175000.0,1589500000.0,1297700000.0,0.795,9.02,-276400000.0,859300000.0,859300000.0,921300000.0,829600000.0,3.578,0.401,30900000.0,5300000.0,25600000.0,30900000.0,81400000.0,80700000.0,122000000.0,0.0,0.0,1109800000.0,1190500000.0,0.619,1190500000.0,1109800000.0,1108400000.0,3.66,3.56,3.66,2035000000.0,1643150000.0,2035000000.0,19254756895.0,17.0,16.174,640800000.0,2.84,1.0,1000500000.0,0.521,0.0,1400000.0,1614600000.0,1187350000.0,36400000.0,469800000.0,457100000.0,12700000.0,816400000.0,444200000.0,372200000.0,20274156895.0,331800000.0,0.0,-67000000.0,-5200000.0,0.0,76900000.0,-688900000.0,-413200000.0,917200000.0,26600000.0,826200000.0,826200000.0,826200000.0,0.0,3400000.0,0.43,150600000.0,849900000.0,168300000.0,0.0,9.963,24.539,24.178,834000000.0,0.0,88.49,10.55,10.388,197900000.0,1760500000.0,1921800000.0,1921800000.0,39300000.0,0.342,0.503,0.935,0.577,31100000.0,111300000.0,1.0,229112407.0,225600000.0,232300000.0,8.519,2887200000.0,89300000.0,282200000.0,75900000.0,12.798,1145300000.0
32,SUNEQ,MRT,2007-09-30,2007-09-30,2007-09-30,2021-06-09,14400000.0,2512800000.0,2136750000.0,1472500000.0,1040300000.0,0.845,7.456,-224700000.0,1052300000.0,1052300000.0,896300000.0,578800000.0,3.541,0.477,32900000.0,5200000.0,27700000.0,32900000.0,81700000.0,78600000.0,130100000.0,0.0,0.0,833700000.0,912300000.0,0.505,912300000.0,833700000.0,832200000.0,2.58,2.49,2.58,1677700000.0,1426125000.0,1677700000.0,12442604045.0,15.0,13.639,606400000.0,2.695,1.0,910200000.0,0.504,0.0,1500000.0,1077500000.0,1037350000.0,44600000.0,160200000.0,160200000.0,0.0,800300000.0,415900000.0,384400000.0,13248604045.0,633900000.0,0.0,-10700000.0,-5100000.0,0.0,147900000.0,-363900000.0,-139800000.0,831100000.0,18800000.0,578800000.0,578800000.0,578800000.0,0.0,0.0,0.32,146500000.0,763700000.0,157600000.0,0.0,7.897,22.89,22.814,748700000.0,0.0,58.86,7.334,7.331,188900000.0,1384100000.0,1806500000.0,1806500000.0,37600000.0,0.271,0.406,0.804,0.462,30800000.0,108900000.0,1.0,225086715.0,225000000.0,232300000.0,8.029,2512800000.0,120800000.0,253400000.0,53000000.0,11.168,1056600000.0
33,SUNEQ,MRT,2007-06-30,2007-06-30,2007-06-30,2021-06-09,-8600000.0,2229700000.0,1906088500.0,1285500000.0,944200000.0,0.914,6.778,-187400000.0,836800000.0,836800000.0,877700000.0,518400000.0,3.947,0.439,30800000.0,4900000.0,25900000.0,30800000.0,79600000.0,75500000.0,50500000.0,0.0,0.0,771600000.0,847100000.0,0.486,847100000.0,771600000.0,770400000.0,2.32,2.24,2.32,1525100000.0,1253689500.0,1525100000.0,12965923898.0,17.0,15.306,517500000.0,2.3,1.0,864000000.0,0.496,0.0,1200000.0,1098000000.0,993910750.0,59100000.0,158900000.0,158900000.0,0.0,669500000.0,325700000.0,343800000.0,13714623898.0,550500000.0,0.0,25400000.0,-5300000.0,0.0,153500000.0,-315200000.0,-131700000.0,704900000.0,7300000.0,518400000.0,518400000.0,518400000.0,0.0,0.0,0.298,139700000.0,724300000.0,133600000.0,0.0,8.993,26.456,26.345,663400000.0,0.0,61.12,7.874,7.896,203600000.0,1232600000.0,1741700000.0,1741700000.0,36800000.0,0.272,0.413,0.776,0.443,26800000.0,102900000.0,1.0,224388480.0,225000000.0,232500000.0,7.741,2229700000.0,122300000.0,252000000.0,60100000.0,9.91,959800000.0
34,SUNEQ,MRT,2007-03-31,2007-03-31,2007-03-31,2021-06-09,-6200000.0,2039000000.0,1686953250.0,1140200000.0,898800000.0,0.972,5.959,-166600000.0,783400000.0,783400000.0,860700000.0,436700000.0,3.445,0.502,34700000.0,5100000.0,29600000.0,34700000.0,79900000.0,72800000.0,50500000.0,0.0,0.0,677200000.0,750000000.0,0.457,750000000.0,677200000.0,675500000.0,1.96,1.9,1.96,1334800000.0,1093777000.0,1334800000.0,13090593403.0,19.0,17.454,455400000.0,2.033,1.0,778800000.0,0.475,0.0,1700000.0,959300000.0,930108750.0,66700000.0,54700000.0,54700000.0,0.0,670500000.0,331000000.0,339500000.0,13583705403.0,573200000.0,0.0,24000000.0,-5500000.0,0.0,136500000.0,-191400000.0,-28700000.0,622000000.0,6100000.0,436700000.0,436700000.0,436700000.0,0.0,0.0,0.266,134500000.0,644300000.0,121800000.0,0.0,10.177,31.105,30.908,626500000.0,0.0,60.58,8.285,8.277,210400000.0,1069100000.0,1639500000.0,1639500000.0,36900000.0,0.259,0.399,0.728,0.413,22800000.0,97600000.0,1.0,224227557.0,224000000.0,231600000.0,7.319,2039000000.0,121000000.0,238800000.0,75600000.0,9.103,809200000.0
35,SUNEQ,MRT,2006-12-31,2006-12-31,2006-12-31,2021-06-09,-7400000.0,1765500000.0,1489368250.0,899500000.0,866000000.0,1.034,5.254,-148400000.0,527500000.0,527500000.0,851600000.0,369300000.0,3.489,0.48,34400000.0,5000000.0,29400000.0,34400000.0,68100000.0,70200000.0,8400000.0,0.0,0.0,586500000.0,656700000.0,0.426,656700000.0,586500000.0,584100000.0,1.66,1.61,1.66,1166900000.0,958189500.0,1166900000.0,8320308031.0,14.0,12.67,379400000.0,1.708,1.0,689000000.0,0.447,0.0,2400000.0,1014600000.0,899359250.0,80200000.0,58000000.0,58000000.0,0.0,560000000.0,257800000.0,302200000.0,8701303031.0,401000000.0,0.0,17100000.0,-18500000.0,0.0,40800000.0,-174200000.0,-29800000.0,527800000.0,6600000.0,369300000.0,369300000.0,369300000.0,0.0,0.0,0.24,130700000.0,558300000.0,125400000.0,0.0,7.457,23.562,23.578,603500000.0,0.0,39.14,5.648,5.643,199000000.0,933800000.0,1540600000.0,1540600000.0,35800000.0,0.248,0.385,0.652,0.381,19000000.0,94900000.0,1.0,222312290.0,222100000.0,229700000.0,6.937,1765500000.0,119500000.0,214800000.0,54300000.0,7.949,641700000.0
36,SUNEQ,MRT,2006-09-30,2006-09-30,2006-09-30,2021-06-09,-22059000.0,1590154000.0,1335019000.0,766226000.0,823928000.0,1.066,4.448,-117939000.0,418394000.0,418394000.0,827087000.0,290560000.0,2.509,0.565,37399000.0,5100000.0,32299000.0,37399000.0,72330000.0,67072000.0,0.0,0.0,0.0,470904000.0,537976000.0,0.378,537976000.0,470904000.0,467155000.0,1.31,1.27,1.31,987958000.0,844298750.0,987958000.0,7885320332.0,17.0,14.657,364462000.0,1.641,1.0,596375000.0,0.419,0.0,3749000.0,903743000.0,858165750.0,96055000.0,33478000.0,33478000.0,0.0,558380000.0,305416000.0,252964000.0,8133653332.0,310787000.0,0.0,8227000.0,-95681000.0,0.0,-70824000.0,-104124000.0,8115000.0,482401000.0,3334000.0,290560000.0,290560000.0,290560000.0,0.0,0.0,0.204,125187000.0,471188000.0,108250000.0,0.0,8.233,27.993,27.962,552748000.0,0.0,36.63,5.714,5.715,186955000.0,798042000.0,1423462000.0,1423462000.0,35391000.0,0.218,0.344,0.549,0.331,13327000.0,89796000.0,1.0,222048958.0,222100000.0,229700000.0,6.409,1590154000.0,152986000.0,176595000.0,92813000.0,7.16,460810000.0
37,SUNEQ,MRT,2006-06-30,2006-06-30,2006-06-30,2021-06-09,-23753000.0,1353159000.0,1227697250.0,602668000.0,750491000.0,1.056,3.989,-114927000.0,286331000.0,286331000.0,807184000.0,301085000.0,2.3,0.481,37998000.0,5388000.0,32610000.0,37998000.0,13754000.0,64461000.0,0.0,0.0,0.0,369525000.0,433986000.0,0.335,433986000.0,369525000.0,364273000.0,1.37,1.32,1.37,885450000.0,761459750.0,885450000.0,7881443025.0,21.0,18.161,307379000.0,1.385,1.0,489021000.0,0.377,0.0,5252000.0,842792000.0,871496000.0,105896000.0,27855000.0,27855000.0,0.0,426325000.0,262034000.0,164291000.0,7852502025.0,221326000.0,0.0,14979000.0,-108608000.0,0.0,-100383000.0,-102707000.0,10320000.0,422306000.0,2110000.0,301085000.0,301085000.0,301085000.0,0.0,0.0,0.232,119087000.0,369934000.0,102042000.0,0.0,8.868,26.081,27.372,537643000.0,0.0,37.5,6.058,6.423,151984000.0,706995000.0,1296205000.0,1296205000.0,33457000.0,0.245,0.395,0.424,0.285,9001000.0,85630000.0,1.0,209400054.0,222000000.0,229800000.0,5.839,1353159000.0,157970000.0,63188000.0,61193000.0,6.095,340634000.0
38,SUNEQ,MRT,2006-03-31,2006-03-31,2006-03-31,2021-06-09,-28965000.0,1248660000.0,1159293750.0,518646000.0,730014000.0,1.033,3.574,-146998000.0,210188000.0,210188000.0,780036000.0,259662000.0,2.139,0.518,40305000.0,5355000.0,34950000.0,40305000.0,13754000.0,61560000.0,0.0,0.0,0.0,301889000.0,363449000.0,0.303,363449000.0,301889000.0,295500000.0,1.19,1.14,1.19,792450000.0,680994500.0,792450000.0,7759990994.0,26.0,21.351,223004000.0,1.006,1.0,417925000.0,0.349,0.0,6389000.0,836302000.0,888191250.0,112516000.0,26781000.0,26781000.0,0.0,410569000.0,242475000.0,168094000.0,7731049994.0,138535000.0,0.0,14233000.0,-103416000.0,0.0,-99883000.0,-134421000.0,10677000.0,370002000.0,2837000.0,259662000.0,259662000.0,259662000.0,0.0,0.0,0.217,113310000.0,304615000.0,117117000.0,0.0,9.756,29.774,31.025,518263000.0,0.0,36.92,6.454,6.833,140156000.0,625047000.0,1197961000.0,1197961000.0,32486000.0,0.224,0.381,0.34,0.252,5314000.0,80824000.0,1.0,209400054.0,221700000.0,229100000.0,5.404,1248660000.0,157964000.0,35838000.0,31208000.0,5.632,276171000.0
39,SUNEQ,MRT,2005-12-31,2005-12-31,2005-12-31,2021-06-09,-35854000.0,1148103000.0,1114121250.0,436278000.0,711825000.0,0.994,3.332,-162700000.0,126494000.0,126494000.0,740900000.0,249400000.0,1.94,0.551,53126000.0,18305000.0,34821000.0,53126000.0,14558000.0,57200000.0,0.0,0.0,0.0,253900000.0,311100000.0,0.281,311100000.0,253900000.0,246600000.0,1.17,1.1,1.17,711337000.0,612808750.0,711337000.0,4671340197.0,18.0,15.016,158300000.0,0.741,1.0,366500000.0,0.331,0.0,7300000.0,849826000.0,895187750.0,119956000.0,27117000.0,27117000.0,0.0,392120000.0,224909000.0,167211000.0,4642399197.0,77000000.0,0.0,14800000.0,-98500000.0,0.0,-94400000.0,-152600000.0,8300000.0,321000000.0,3000000.0,249400000.0,249400000.0,249400000.0,0.0,0.0,0.225,109500000.0,257000000.0,105500000.0,0.0,6.526,18.614,18.949,494927000.0,0.0,22.17,4.192,4.274,125183000.0,557704000.0,1107400000.0,1107400000.0,33200000.0,0.224,0.407,0.284,0.229,2100000.0,76300000.0,1.0,209400054.0,213500000.0,226400000.0,5.187,1148103000.0,165570000.0,-2800000.0,11621000.0,5.378,211369000.0
40,SUNEQ,MRT,2005-09-30,2005-09-30,2005-09-30,2021-06-09,-33614000.0,1160867000.0,1084142750.0,444211000.0,716656000.0,0.989,3.058,-188065000.0,107632000.0,107632000.0,718322000.0,269114000.0,1.923,0.704,134806000.0,28100000.0,106706000.0,134806000.0,17113000.0,54156000.0,0.0,0.0,0.0,185535000.0,239691000.0,0.224,239691000.0,185535000.0,176756000.0,1.27,1.19,1.27,656602000.0,545699000.0,656602000.0,4801168231.0,26.0,20.031,109818000.0,0.511,1.0,353992000.0,0.33,0.0,8779000.0,957064000.0,903692500.0,128103000.0,35615000.0,35615000.0,0.0,462068000.0,230977000.0,231091000.0,4772227231.0,32134000.0,0.0,15254000.0,-71216000.0,0.0,-66692000.0,-199597000.0,-11623000.0,297883000.0,540000.0,269114000.0,269114000.0,269114000.0,0.0,0.0,0.251,108848000.0,245144000.0,104147000.0,0.0,7.268,17.733,17.945,500644000.0,0.0,22.79,4.45,4.563,134791000.0,507491000.0,1072314000.0,1072314000.0,35190000.0,0.248,0.493,0.205,0.173,1175000.0,74654000.0,1.0,209400054.0,214706291.0,227148309.0,4.994,1160867000.0,164460000.0,-92358000.0,16098000.0,5.407,213234000.0
41,SUNEQ,MRT,2005-06-30,2005-06-30,2005-06-30,2021-06-09,-28844000.0,1079545000.0,1014247750.0,395212000.0,684333000.0,1.052,2.694,-184661000.0,100997000.0,100997000.0,687362000.0,227209000.0,1.987,0.826,129938000.0,21709000.0,108229000.0,129938000.0,0.0,50609000.0,0.0,0.0,0.0,211233000.0,261842000.0,0.245,261842000.0,211233000.0,200749000.0,1.09,1.01,1.09,563589000.0,470061250.0,563589000.0,3317939457.0,16.0,12.672,102216000.0,0.489,1.0,379492000.0,0.356,0.0,10484000.0,909573000.0,847141500.0,134851000.0,0.0,0.0,0.0,465694000.0,198913000.0,266781000.0,3297857457.0,-6861000.0,0.0,7564000.0,-98882000.0,0.0,-100864000.0,-192681000.0,-8111000.0,286877000.0,-193000.0,227209000.0,227209000.0,227209000.0,0.0,0.0,0.213,110229000.0,269263000.0,104578000.0,0.0,5.852,14.515,14.468,503861000.0,0.0,15.77,3.091,3.092,132107000.0,434876000.0,1066854000.0,1066854000.0,37437000.0,0.224,0.483,0.249,0.198,1549000.0,73788000.0,1.0,209122223.0,209206270.0,224681998.0,5.1,1079545000.0,127134000.0,-26460000.0,25629000.0,5.16,196299000.0
42,SUNEQ,MRT,2005-03-31,2005-03-31,2005-03-31,2021-06-09,-21992000.0,1067970000.0,968564000.0,410339000.0,657631000.0,1.084,2.489,-152850000.0,116319000.0,116319000.0,672790000.0,247333000.0,1.834,0.962,136401000.0,23056000.0,113345000.0,136401000.0,0.0,46254000.0,0.0,0.0,0.0,202046000.0,248300000.0,0.236,248300000.0,202046000.0,189942000.0,1.19,1.1,1.19,519707000.0,403095750.0,519707000.0,2857771044.0,14.0,11.509,145395000.0,0.696,1.0,377347000.0,0.359,0.0,12104000.0,864288000.0,799377500.0,135266000.0,0.0,0.0,0.0,500021000.0,223764000.0,276257000.0,2809604044.0,21976000.0,0.0,6837000.0,-130872000.0,0.0,-128800000.0,-145445000.0,7314000.0,298245000.0,-2024000.0,247333000.0,247333000.0,247333000.0,0.0,0.0,0.236,110016000.0,267331000.0,133380000.0,0.0,5.406,11.36,11.303,476338000.0,0.0,13.45,2.675,2.675,130534000.0,385509000.0,1050137000.0,1050137000.0,38176000.0,0.255,0.614,0.253,0.192,1978000.0,72836000.0,1.0,208892494.0,208826451.0,223934369.0,5.029,1067970000.0,126766000.0,-57391000.0,21855000.0,5.114,186575000.0
43,SUNEQ,MRT,2004-12-31,2004-12-31,2004-12-31,2021-06-09,-17389000.0,1028189000.0,914586500.0,408577000.0,619612000.0,1.124,2.132,-145840000.0,49519000.0,49519000.0,658543000.0,226201000.0,1.611,1.217,158728000.0,42646000.0,116082000.0,158728000.0,0.0,44135000.0,1763000.0,0.0,0.0,199594000.0,243729000.0,0.237,243729000.0,199594000.0,186082000.0,1.09,1.02,1.09,442898000.0,330505000.0,442898000.0,2793483226.0,14.0,11.461,112187000.0,0.54,1.0,369415000.0,0.359,0.0,13512000.0,883845000.0,755834000.0,127564000.0,42795000.0,42795000.0,0.0,538812000.0,253553000.0,285259000.0,2754412226.0,-5375000.0,-57226000.0,4826000.0,-64957000.0,0.0,-64896000.0,-194684000.0,8291000.0,258027000.0,-3822000.0,226201000.0,226201000.0,226201000.0,0.0,0.0,0.22,108927000.0,260488000.0,124083000.0,0.0,6.219,12.177,12.156,444670000.0,0.0,13.25,2.679,2.677,158975000.0,308351000.0,1027958000.0,1027958000.0,37975000.0,0.247,0.684,0.264,0.194,2310000.0,71948000.0,1.0,207880168.0,207713837.0,221047946.0,4.949,1028189000.0,119835000.0,-40119000.0,10282000.0,4.95,155024000.0
44,SUNEQ,MRT,2004-09-30,2004-09-30,2004-09-30,2021-06-09,-33378000.0,881287000.0,839227250.0,395076000.0,486211000.0,1.149,1.704,-104345000.0,103308000.0,103308000.0,628952000.0,190631000.0,2.085,1.365,142379000.0,21865000.0,120514000.0,142379000.0,0.0,39382000.0,8231000.0,0.0,0.0,234237000.0,273619000.0,0.284,273619000.0,234237000.0,220997000.0,0.92,0.85,0.92,354051000.0,268186250.0,354051000.0,1820469208.0,8.0,6.653,88087000.0,0.424,1.0,335659000.0,0.348,0.0,13240000.0,730860000.0,664105500.0,119777000.0,0.0,0.0,0.0,483203000.0,189498000.0,293705000.0,1762190208.0,46338000.0,-57226000.0,3023000.0,-24062000.0,0.0,-25804000.0,-117724000.0,43847000.0,192432000.0,-2566000.0,190631000.0,190631000.0,190631000.0,0.0,0.0,0.198,105105000.0,230554000.0,99021000.0,0.0,4.977,9.244,9.217,387276000.0,0.0,8.48,1.827,1.827,151873000.0,238377000.0,964611000.0,964611000.0,36202000.0,0.227,0.711,0.353,0.243,2413000.0,68903000.0,1.0,207805449.0,207829540.0,220369530.0,4.641,881287000.0,43558000.0,30366000.0,9231000.0,4.24,205578000.0
45,SUNEQ,MRT,2004-06-30,2004-06-30,2004-06-30,2021-06-09,-31379000.0,896810000.0,792246000.0,397355000.0,499455000.0,1.117,1.424,-101955000.0,124286000.0,124286000.0,601793000.0,166108000.0,1.68,1.813,182565000.0,57450000.0,125115000.0,182565000.0,0.0,34123000.0,11205000.0,0.0,0.0,200346000.0,234469000.0,0.265,234469000.0,200346000.0,187849000.0,0.8,0.74,0.8,295727000.0,223930500.0,295727000.0,2144572040.0,11.0,9.147,48422000.0,0.233,1.0,283432000.0,0.32,0.0,12497000.0,718517000.0,606955750.0,112560000.0,5208000.0,5208000.0,0.0,536089000.0,236572000.0,299517000.0,2052742040.0,41072000.0,-57226000.0,6744000.0,7493000.0,0.0,9472000.0,-118851000.0,40330000.0,150377000.0,74000.0,166108000.0,166108000.0,166108000.0,0.0,0.0,0.188,99943000.0,183489000.0,101159000.0,0.0,6.941,12.358,12.35,392712000.0,0.0,9.88,2.319,2.318,138859000.0,178657000.0,885225000.0,885225000.0,35195000.0,0.21,0.742,0.33,0.226,2697000.0,64748000.0,1.0,207767413.0,207728191.0,220953006.0,4.261,896810000.0,45577000.0,21741000.0,6334000.0,4.317,160783000.0
46,SUNEQ,MRT,2004-03-31,2004-03-31,2004-03-31,2021-06-09,-36097000.0,852060000.0,724807500.0,414452000.0,437608000.0,1.133,1.107,-89856000.0,122679000.0,122679000.0,569618000.0,132783000.0,1.633,2.424,214509000.0,86901000.0,127608000.0,214509000.0,0.0,32213000.0,14454000.0,0.0,0.0,187111000.0,219324000.0,0.267,219324000.0,187111000.0,174868000.0,0.65,0.6,0.65,229344000.0,180472500.0,229344000.0,1930710367.0,10.0,8.803,14808000.0,0.071,1.0,251897000.0,0.307,0.0,12243000.0,690114000.0,545042250.0,123049000.0,17938000.0,17938000.0,0.0,555912000.0,253776000.0,302136000.0,1896477367.0,-9772000.0,-57226000.0,102352000.0,-97453000.0,0.0,2389000.0,-122134000.0,24948000.0,104664000.0,5309000.0,132783000.0,132783000.0,132783000.0,0.0,0.0,0.162,94754000.0,157143000.0,91910000.0,0.0,8.269,14.283,14.077,361553000.0,0.0,9.15,2.309,2.308,119245000.0,118056000.0,821515000.0,821515000.0,34457000.0,0.183,0.736,0.343,0.228,2992000.0,60297000.0,1.0,207265286.0,207192291.0,222131836.0,3.965,852060000.0,22360000.0,42085000.0,1892000.0,4.112,160676000.0
47,SUNEQ,MRT,2003-12-31,2003-12-31,2003-12-31,2021-06-09,-33338000.0,726752000.0,670460000.0,365345000.0,361407000.0,1.165,0.956,-67196000.0,96859000.0,96859000.0,548344000.0,116617000.0,1.497,2.422,131092000.0,71841000.0,59251000.0,131092000.0,0.0,31049000.0,19261000.0,0.0,0.0,166412000.0,197461000.0,0.253,197461000.0,166412000.0,153481000.0,0.58,0.53,0.58,193623000.0,122407750.0,193623000.0,2046468600.0,12.0,10.364,31540000.0,0.156,1.0,232756000.0,0.298,0.0,12931000.0,516931000.0,505056750.0,109488000.0,57993000.0,33838000.0,24155000.0,469002000.0,244054000.0,224948000.0,1990967600.0,-8776000.0,0.0,101076000.0,-167026000.0,0.0,-68460000.0,-42248000.0,24948000.0,98736000.0,3196000.0,116617000.0,116617000.0,116617000.0,0.0,0.0,0.149,90137000.0,142619000.0,95178000.0,0.0,10.283,17.073,16.586,270367000.0,0.0,9.62,2.549,2.493,103020000.0,82150000.0,781100000.0,781100000.0,32934000.0,0.174,0.953,0.329,0.213,3509000.0,57203000.0,1.0,206961289.0,202439828.0,218719459.0,3.858,726752000.0,20248000.0,36864000.0,3002000.0,3.59,121291000.0
48,SUNEQ,MRT,2003-09-30,2003-09-30,2003-09-30,2021-06-09,-14712000.0,693362000.0,646692500.0,356928000.0,336434000.0,1.178,0.857,-71693000.0,85141000.0,85141000.0,539643000.0,117948000.0,1.47,2.566,140642000.0,80625000.0,60017000.0,140642000.0,0.0,32285000.0,24297000.0,0.0,0.0,163704000.0,195989000.0,0.257,195989000.0,163704000.0,149567000.0,0.78,0.75,0.78,177028000.0,67832000.0,177028000.0,2304367009.0,14.0,11.758,40870000.0,0.198,1.0,222422000.0,0.292,3761000.0,14137000.0,502261000.0,503473000.0,97962000.0,62917000.0,40680000.0,22237000.0,454319000.0,242841000.0,211478000.0,2250366009.0,-13229000.0,0.0,100506000.0,-156852000.0,0.0,-58856000.0,-74784000.0,-3091000.0,112563000.0,7848000.0,117948000.0,117948000.0,117948000.0,0.0,0.0,0.155,87419000.0,135003000.0,82642000.0,0.0,12.712,19.079,13.987,253453000.0,0.0,10.91,2.953,2.957,107378000.0,47746000.0,762065000.0,762065000.0,31756000.0,0.182,1.739,0.325,0.215,2999000.0,55663000.0,1.0,206266362.0,206517384.0,223771825.0,3.69,689601000.0,18494000.0,31619000.0,10992000.0,3.339,114087000.0
49,SUNEQ,MRT,2003-06-30,2003-06-30,2003-06-30,2021-06-09,-6556000.0,627056000.0,623829250.0,340407000.0,286649000.0,1.213,0.608,-51101000.0,86763000.0,86763000.0,539682000.0,37999000.0,1.649,3.659,140764000.0,53350000.0,87414000.0,140764000.0,0.0,34544000.0,29257000.0,0.0,0.0,132542000.0,167086000.0,0.221,167086000.0,132542000.0,62820000.0,0.36,0.34,0.36,121895000.0,9789250.0,121895000.0,2076102735.0,16.0,12.425,70712000.0,0.352,1.0,216750000.0,0.287,3761000.0,69722000.0,470863000.0,503530000.0,96177000.0,60401000.0,40853000.0,19548000.0,446036000.0,206433000.0,239603000.0,1920922735.0,9794000.0,0.0,96723000.0,-151503000.0,0.0,-57290000.0,-56281000.0,-5180000.0,121813000.0,1552000.0,37999000.0,37065000.0,37065000.0,0.0,0.0,0.049,96493000.0,120257000.0,69400000.0,0.0,15.759,51.826,27.222,203315000.0,934000.0,9.8,2.539,2.599,98099000.0,12549000.0,756432000.0,756432000.0,30075000.0,0.059,3.786,0.263,0.175,8849000.0,58103000.0,1.0,196012524.0,200637931.0,217710967.0,3.77,623295000.0,26090000.0,24821000.0,13317000.0,3.107,133974000.0
50,SUNEQ,MRT,2003-03-31,2003-03-31,2003-03-31,2021-06-09,-7118000.0,634670000.0,610613250.0,358546000.0,276124000.0,1.21,-0.015,-33983000.0,115461000.0,115461000.0,532881000.0,24867000.0,1.401,-197.992,270641000.0,100259000.0,170382000.0,270641000.0,0.0,33879000.0,31533000.0,0.0,0.0,120646000.0,154525000.0,0.209,154525000.0,120646000.0,48338000.0,0.31,0.28,0.31,-2915000.0,-30390500.0,-2915000.0,2255240465.0,19.0,14.595,73959000.0,0.378,1.0,205993000.0,0.279,3761000.0,72308000.0,530172000.0,506530000.0,90638000.0,63221000.0,45338000.0,17883000.0,577147000.0,255917000.0,321230000.0,2202294465.0,64012000.0,0.0,1283000.0,-4559000.0,0.0,-5527000.0,-42598000.0,-8615000.0,107942000.0,4195000.0,24867000.0,15767000.0,15767000.0,0.0,0.0,0.021,103575000.0,102418000.0,63889000.0,0.0,-755.504,139.677,36.29,191547000.0,9100000.0,11.25,2.981,2.976,87986000.0,-14727000.0,738874000.0,738874000.0,27997000.0,0.026,-0.519,0.238,0.163,8012000.0,62452000.0,1.0,195759508.0,195448914.0,210663215.0,3.78,630909000.0,32146000.0,23471000.0,17918000.0,3.228,102629000.0
51,SUNEQ,MRT,2002-12-31,2002-12-31,2002-12-31,2021-06-09,-7329000.0,631682000.0,578557500.0,363708000.0,267974000.0,1.188,-0.19,-20920000.0,119651000.0,119651000.0,513722000.0,-5070000.0,1.271,-24.245,284638000.0,123640000.0,160998000.0,284638000.0,0.0,34160000.0,34672000.0,0.0,0.0,84998000.0,119158000.0,0.173,119158000.0,84998000.0,11642000.0,-0.17,-0.17,-0.17,-24680000.0,-39804250.0,-24680000.0,1661794254.0,20.0,13.946,55314000.0,0.426,1.0,173458000.0,0.252,0.0,73356000.0,510596000.0,479297500.0,85106000.0,62815000.0,45995000.0,16820000.0,598366000.0,286073000.0,312293000.0,1480178254.0,44295000.0,0.0,703000.0,-8980000.0,0.0,-10528000.0,-28420000.0,-7500000.0,76234000.0,7009000.0,-5070000.0,-22097000.0,-22097000.0,0.0,0.0,-0.032,108509000.0,64949000.0,68014000.0,0.0,-59.975,-66.985,-44.529,184875000.0,17027000.0,7.57,2.154,1.43,95022000.0,-34467000.0,687180000.0,687180000.0,27423000.0,-0.038,0.555,0.177,0.124,6777000.0,65786000.0,1.0,195532134.0,129810012.0,129810012.0,5.294,631682000.0,33668000.0,16712000.0,14183000.0,4.866,77635000.0
52,SUNEQ,MRT,2002-09-30,2002-09-30,2002-09-30,2021-06-09,-2172000.0,601909000.0,557970500.0,339560000.0,262349000.0,,-0.302,,98370000.0,98370000.0,,,1.225,-10.942,279986000.0,106695000.0,173291000.0,279986000.0,0.0,,38259000.0,0.0,0.0,,,,,,,,,,-55143000.0,-39758250.0,-55143000.0,806384646.0,,,,,1.0,,,3761000.0,,502489000.0,468932000.0,81476000.0,56493000.0,38941000.0,17552000.0,603381000.0,277275000.0,326106000.0,649170646.0,,,,,,,,,,,,,,,,,,,60911000.0,,-11.772,,,181928000.0,,3.32,,,99938000.0,-70202000.0,,,,,,,,,,1.0,195533327.0,182742775.0,,,598148000.0,28978000.0,,11626000.0,3.273,62285000.0
53,SUNEQ,MRT,2002-06-30,2002-06-30,2002-06-30,2021-06-09,-7568000.0,574192000.0,776812750.0,303494000.0,270698000.0,,-0.555,,76969000.0,76969000.0,,,1.24,-13.96,234183000.0,89168000.0,145015000.0,234183000.0,0.0,,40540000.0,0.0,0.0,,,,,,,,,,-38824000.0,-44757000.0,-38824000.0,465307434.0,,,,,1.0,,,3761000.0,,482863000.0,782837500.0,77035000.0,50367000.0,34123000.0,16244000.0,541988000.0,244782000.0,297206000.0,344169434.0,,,,,,,,,,,,,,,,,,,57598000.0,,-8.865,,,187760000.0,,4.9,,,97046000.0,-25450000.0,,,,,,,,,,1.0,70238660.0,69907428.0,,,570431000.0,29882000.0,,5306000.0,8.16,58712000.0
54,SUNEQ,MRT,2002-03-31,2002-03-31,2002-03-31,2021-06-09,1907000.0,506447000.0,1009384250.0,236372000.0,270075000.0,,-0.582,,82137000.0,82137000.0,,,1.167,-11.916,203275000.0,70707000.0,132568000.0,203275000.0,0.0,,42641000.0,0.0,0.0,,,,,,,,,,-40570000.0,-37228500.0,-40570000.0,524173110.0,,,,,1.0,,,3761000.0,,421242000.0,1170067500.0,62241000.0,15299000.0,0.0,15299000.0,483452000.0,202582000.0,280870000.0,410716110.0,,,,,,,,,,,,,,,,,,,44128000.0,,-10.124,,,185881000.0,,5.9,,,73955000.0,-39594000.0,,,,,,,,,,1.0,69612900.0,69658319.0,,,502686000.0,29837000.0,,3531000.0,7.216,33790000.0
55,SUNEQ,MRT,2001-12-31,2001-12-31,2001-12-31,2021-06-09,835000.0,549334000.0,,264030000.0,285304000.0,,,,75356000.0,75356000.0,,,1.191,-21.167,220616000.0,75873000.0,144743000.0,220616000.0,0.0,,44743000.0,,,,,,,,,,,,-24496000.0,,-24496000.0,1268853795.0,,,,,1.0,,,3761000.0,,469134000.0,,69947000.0,47384000.0,31803000.0,15581000.0,518500000.0,221699000.0,296801000.0,247125795.0,,,,,,,,,,,,,,,,,,,52079000.0,,-10.088,,,200705000.0,,3.55,,,67420000.0,-29397000.0,,,,,,,,,,1.0,69612900.0,,,,545573000.0,30059000.0,,1994000.0,,42331000.0
56,SUNEQ,MRT,2001-12-31,2001-11-13,2001-11-13,2021-06-09,,,,,,,,-42748000.0,,,598764000.0,-489025000.0,,,,,,,,169341000.0,,0.0,0.0,-171224000.0,-1883000.0,-0.003,-1883000.0,-171224000.0,-249673000.0,-7.03,-7.03,-7.03,,,,1222672279.0,-7.0,-649.321,-62423000.0,-0.897,1.0,-39757000.0,-0.071,,78449000.0,,,,,,,,,,244341279.0,6173000.0,0.0,0.0,73790000.0,0.0,73790000.0,-45507000.0,-2759000.0,-19675000.0,-2435000.0,-489025000.0,-489025000.0,-489025000.0,0.0,0.0,-0.875,149407000.0,-189164000.0,,0.0,,-0.5,-0.499,,0.0,3.51,0.437,0.437,,,559007000.0,559007000.0,58149000.0,,,,-0.306,0.0,61747000.0,1.0,69612900.0,69612900.0,,8.03,,,239352000.0,,,
57,SUNEQ,MRT,2001-09-30,2001-09-30,2001-09-30,2021-06-09,-47460000.0,1477278000.0,1678147250.0,349536000.0,1127742000.0,0.214,-1.079,-29501000.0,125767000.0,125767000.0,430796000.0,-438591000.0,0.496,-19.82,1147495000.0,552017000.0,595478000.0,1147495000.0,0.0,25311000.0,50991000.0,0.0,0.0,-114679000.0,-89368000.0,-0.248,-89368000.0,-114679000.0,-200621000.0,-6.29,-6.29,-6.29,-75138000.0,157157500.0,-75138000.0,1051424545.0,-9.0,-11.765,-92757000.0,-1.332,1.0,-70913000.0,-0.197,35791000.0,85942000.0,1758111000.0,2168475750.0,116999000.0,52049000.0,0.0,52049000.0,1489254000.0,705104000.0,784150000.0,73093545.0,100937000.0,-660000.0,0.0,21167000.0,0.0,61612000.0,-36177000.0,-6234000.0,-63256000.0,-2218000.0,-438591000.0,-438591000.0,-438591000.0,0.0,0.0,-1.219,107550000.0,-178463000.0,73875000.0,0.0,-0.973,-0.167,-0.167,984520000.0,0.0,1.05,0.203,0.203,81919000.0,-783038000.0,359883000.0,359883000.0,34967000.0,-0.261,-2.791,-0.053,-0.319,0.0,50161000.0,1.0,69612900.0,69612900.0,69612900.0,5.17,1441487000.0,1056000.0,237970000.0,8457000.0,20.707,-355568000.0
58,SUNEQ,MRT,2001-06-30,2001-06-30,2001-06-30,2021-06-09,-48474000.0,1504478000.0,1791097500.0,352479000.0,1151999000.0,0.258,-0.125,-27863000.0,94953000.0,94953000.0,460935000.0,-373430000.0,0.849,-166.042,1073284000.0,223142000.0,850142000.0,1073284000.0,0.0,19744000.0,53835000.0,0.0,0.0,-38000000.0,-18256000.0,-0.04,-18256000.0,-38000000.0,-120126000.0,-5.35,-5.35,-5.35,-8710000.0,268140000.0,-8710000.0,1481313685.0,-39.0,-81.141,-62108000.0,-0.892,1.0,1004000.0,0.002,36056000.0,82126000.0,2031783000.0,2300678250.0,127474000.0,52113000.0,0.0,52113000.0,1446230000.0,414970000.0,1031260000.0,532538685.0,13338000.0,10000000.0,23000.0,31491000.0,0.0,71959000.0,-22202000.0,-4557000.0,-34245000.0,-2174000.0,-373430000.0,-373430000.0,-373430000.0,0.0,0.0,-0.808,108937000.0,-107933000.0,72306000.0,0.0,-61.141,-1.426,-1.43,1005836000.0,0.0,7.65,1.153,1.153,108934000.0,-715596000.0,461939000.0,461939000.0,35115000.0,-0.208,-1.393,-0.017,-0.082,0.0,51530000.0,1.0,69612900.0,69612900.0,69612900.0,6.636,1468422000.0,0.0,253304000.0,27403000.0,21.094,-62491000.0
59,SUNEQ,MRT,2001-03-31,2001-03-31,2001-03-31,2021-06-09,-49027000.0,1840267000.0,1835113000.0,394285000.0,1445982000.0,0.276,4.971,-24412000.0,105073000.0,105073000.0,461934000.0,-33618000.0,1.153,4.103,1053848000.0,154568000.0,899280000.0,1053848000.0,0.0,10279000.0,56438000.0,0.0,0.0,22663000.0,32942000.0,0.065,32942000.0,22663000.0,-55742000.0,-0.47,-0.47,-0.47,346059000.0,366203500.0,346059000.0,1459804655.0,64.0,44.314,-40723000.0,-0.585,1.0,43664000.0,0.086,45401000.0,78405000.0,2401806000.0,2369512500.0,133339000.0,51896000.0,0.0,51896000.0,1419796000.0,341835000.0,1077961000.0,483809655.0,21329000.0,10000000.0,23000.0,12712000.0,0.0,55939000.0,-14194000.0,0.0,-16311000.0,-4105000.0,-33618000.0,-33618000.0,-33618000.0,0.0,0.0,-0.066,87240000.0,-43576000.0,80394000.0,0.0,1.398,-14.391,-14.787,1044902000.0,0.0,6.95,0.957,0.957,119343000.0,-360274000.0,505598000.0,505598000.0,37234000.0,-0.018,-0.092,0.01,0.045,0.0,50006000.0,1.0,69612900.0,69612900.0,69612900.0,7.263,1794866000.0,256366000.0,-22124000.0,21161000.0,25.784,52450000.0
60,SUNEQ,MRT,2000-12-31,2000-12-31,2000-12-31,2021-06-09,-46234000.0,1890566000.0,1798715750.0,392905000.0,1497661000.0,0.266,5.265,-21856000.0,94759000.0,94759000.0,448951000.0,-43390000.0,1.16,3.956,1070754000.0,127782000.0,942972000.0,1070754000.0,0.0,0.0,56763000.0,0.0,0.0,8392000.0,8392000.0,0.018,8392000.0,8392000.0,-64531000.0,-0.62,-0.62,-0.62,366419000.0,379505000.0,366419000.0,1685584969.0,201.0,200.856,-78659000.0,-1.13,1.0,29902000.0,0.062,45733000.0,72923000.0,2482203000.0,2349521500.0,114357000.0,51647000.0,0.0,51647000.0,1449734000.0,338625000.0,1111109000.0,674374969.0,5675000.0,10000000.0,958000.0,29954000.0,0.0,74116000.0,-11638000.0,0.0,-56803000.0,0.0,-43390000.0,-43390000.0,-43390000.0,0.0,0.0,-0.091,87861000.0,-57959000.0,88552000.0,0.0,1.84,-15.542,-15.625,1097602000.0,0.0,9.688,1.408,1.408,145970000.0,-342707000.0,478853000.0,478853000.0,41530000.0,-0.024,-0.114,0.004,0.018,0.0,46331000.0,1.0,69612900.0,69596861.0,69596861.0,6.88,1844833000.0,234550000.0,-21141000.0,13735000.0,26.507,54280000.0
61,SUNEQ,MRT,2000-09-30,2000-09-30,2000-09-30,2021-06-09,-41878000.0,1929079000.0,1757219500.0,416640000.0,1512439000.0,0.455,5.298,-40270000.0,99059000.0,99059000.0,721769000.0,-73328000.0,0.686,4.034,1110269000.0,414574000.0,695695000.0,1110269000.0,0.0,163130000.0,60467000.0,0.0,0.0,-35168000.0,127962000.0,0.16,127962000.0,-35168000.0,-107068000.0,-1.01,-1.01,-1.01,368792000.0,396098000.0,368792000.0,1787376338.0,-51.0,13.968,-56098000.0,-0.806,1.0,77606000.0,0.097,46064000.0,71900000.0,2286921000.0,2316785750.0,124829000.0,44393000.0,0.0,44393000.0,1487865000.0,607304000.0,880561000.0,896240338.0,-62573000.0,10660000.0,958000.0,125483000.0,0.0,126441000.0,-29610000.0,0.0,-15828000.0,-2600000.0,-73328000.0,-73328000.0,-73328000.0,0.0,0.0,-0.092,135983000.0,-58377000.0,72402000.0,0.0,2.43,-12.222,-12.748,1133324000.0,0.0,12.875,1.121,1.121,151065000.0,-344447000.0,799375000.0,799375000.0,78145000.0,-0.042,-0.185,-0.015,-0.044,0.0,63585000.0,1.0,69610900.0,69611552.0,69611552.0,11.483,1883015000.0,228697000.0,-33740000.0,10142000.0,27.05,-190664000.0
62,SUNEQ,MRT,2000-06-30,2000-06-30,2000-06-30,2021-06-09,-29386000.0,1680540000.0,1710202750.0,281597000.0,1398943000.0,0.444,5.51,-45337000.0,16545000.0,16545000.0,714017000.0,-104764000.0,1.291,3.27,907681000.0,50852000.0,856829000.0,907681000.0,0.0,160026000.0,56708000.0,0.0,0.0,-81009000.0,79017000.0,0.104,79017000.0,-81009000.0,-149722000.0,-1.46,-1.46,-1.46,383544000.0,419722250.0,383544000.0,2133663200.0,-26.0,27.003,-88118000.0,-1.266,1.0,45339000.0,0.06,46396000.0,68713000.0,2307120000.0,2325032750.0,99229000.0,97970000.0,0.0,97970000.0,1254334000.0,218160000.0,1036174000.0,1252996200.0,-15121000.0,10000.0,1255000.0,72024000.0,0.0,73279000.0,-45327000.0,0.0,-42781000.0,-292000.0,-104764000.0,-104764000.0,-104764000.0,0.0,0.0,-0.138,138459000.0,-93120000.0,73990000.0,0.0,3.267,-11.96,-12.329,989795000.0,0.0,18.0,1.65,1.65,132105000.0,-342166000.0,759356000.0,759356000.0,82080000.0,-0.061,-0.25,-0.035,-0.107,0.0,62126000.0,1.0,69610900.0,69610900.0,69610900.0,10.909,1634144000.0,221127000.0,-44958000.0,3696000.0,23.475,63437000.0
63,SUNEQ,MRT,2000-03-31,2000-03-31,2000-03-31,2021-06-09,-29175000.0,1694678000.0,1718679250.0,275321000.0,1419357000.0,0.423,5.741,-47426000.0,23231000.0,23231000.0,709398000.0,-128566000.0,1.331,3.137,903898000.0,40848000.0,863050000.0,903898000.0,0.0,158579000.0,60486000.0,0.0,0.0,-117299000.0,41280000.0,0.057,41280000.0,-117299000.0,-183375000.0,-1.82,-1.82,-1.82,399265000.0,446062500.0,399265000.0,2263185625.0,-19.0,54.825,-123204000.0,-1.771,1.0,17485000.0,0.024,46727000.0,66076000.0,2321842000.0,2308446500.0,96877000.0,96181000.0,0.0,96181000.0,1252677000.0,206776000.0,1045901000.0,1399834625.0,7246000.0,374000.0,92356000.0,39355000.0,0.0,131711000.0,-47052000.0,0.0,-75778000.0,-1635000.0,-128566000.0,-128566000.0,-128566000.0,0.0,0.0,-0.177,140131000.0,-122646000.0,84814000.0,0.0,3.506,-10.888,-11.058,1048295000.0,0.0,20.125,1.926,1.926,121867000.0,-326656000.0,726883000.0,726883000.0,83550000.0,-0.075,-0.288,-0.051,-0.161,0.0,62328000.0,1.0,69557000.0,69551754.0,,10.451,1647951000.0,216106000.0,-54809000.0,0.0,23.694,68545000.0
64,SUNEQ,MRT,1999-12-31,1999-12-31,1999-12-31,2021-06-09,-22053000.0,1724581000.0,1726762750.0,275920000.0,1448661000.0,0.402,6.955,-44503000.0,28571000.0,28571000.0,703929000.0,-151481000.0,1.455,2.885,891922000.0,22163000.0,869759000.0,891922000.0,0.0,159081000.0,65012000.0,0.0,0.0,-151348000.0,7733000.0,0.011,7733000.0,-151348000.0,-217402000.0,-2.43,-2.43,-2.43,432791000.0,457750250.0,432791000.0,1692194902.0,-11.0,218.828,-147695000.0,-2.374,1.0,-10335000.0,-0.015,47058000.0,66054000.0,2351260000.0,2305377250.0,98419000.0,97254000.0,0.0,97254000.0,1248453000.0,189614000.0,1058839000.0,852060902.0,12403000.0,-2388000.0,197271000.0,-33391000.0,0.0,163880000.0,-46891000.0,0.0,-103192000.0,-1394000.0,-151481000.0,-151481000.0,-151481000.0,0.0,0.0,-0.218,142885000.0,-153220000.0,85704000.0,0.0,1.969,-5.625,-5.041,1090358000.0,0.0,12.25,1.228,1.099,111559000.0,-299317000.0,693594000.0,693594000.0,85019000.0,-0.088,-0.331,-0.066,-0.218,0.0,63613000.0,1.0,69555992.0,62224869.0,62224869.0,11.147,1677523000.0,206044000.0,-65921000.0,0.0,26.959,86306000.0
65,SUNEQ,MRT,1999-09-30,1999-09-30,1999-09-30,2021-06-09,-20320000.0,1741012000.0,1739046000.0,273303000.0,1467709000.0,0.382,6.664,-81163000.0,20656000.0,20656000.0,699009000.0,-195182000.0,1.278,2.661,860790000.0,27114000.0,833676000.0,860790000.0,0.0,153350000.0,71376000.0,0.0,0.0,-205660000.0,-52310000.0,-0.079,-52310000.0,-205660000.0,-271351000.0,-4.04,-4.04,-4.04,463289000.0,449312500.0,463289000.0,1735157390.0,-8.0,-33.171,-187987000.0,-2.704,1.0,-34550000.0,-0.052,47390000.0,65691000.0,2319909000.0,2307640500.0,107181000.0,95791000.0,0.0,95791000.0,1232864000.0,213847000.0,1019017000.0,956103390.0,-12873000.0,-24816000.0,197271000.0,2527000.0,0.0,199669000.0,-106330000.0,0.0,-106824000.0,612000.0,-195182000.0,-195182000.0,-195182000.0,0.0,0.0,-0.294,161405000.0,-195955000.0,75326000.0,0.0,2.064,-4.899,-3.403,1123585000.0,0.0,13.75,1.439,1.439,111477000.0,-271119000.0,664459000.0,664459000.0,84551000.0,-0.112,-0.434,-0.089,-0.31,0.0,69984000.0,1.0,69534792.0,69521389.0,,9.558,1693622000.0,189704000.0,-76169000.0,0.0,24.361,59456000.0
66,SUNEQ,MRT,1999-06-30,1999-06-30,1999-06-30,2021-06-09,-28101000.0,1714446000.0,1743737500.0,273624000.0,1440822000.0,0.372,7.031,-104252000.0,31666000.0,31666000.0,716930000.0,-226415000.0,1.335,2.412,810720000.0,27162000.0,783558000.0,810720000.0,0.0,157276000.0,72809000.0,0.0,0.0,-243918000.0,-86642000.0,-0.133,-86642000.0,-243918000.0,-305641000.0,-5.16,-5.16,-5.16,488905000.0,451311000.0,488905000.0,1684685278.0,-7.0,-19.444,-173699000.0,-2.498,1.0,-67567000.0,-0.104,47721000.0,61723000.0,2240775000.0,2271640000.0,107796000.0,98433000.0,0.0,98433000.0,1179293000.0,205004000.0,974289000.0,847455278.0,14889000.0,-24826000.0,196951000.0,16793000.0,0.0,213615000.0,-128680000.0,0.0,-69447000.0,-599000.0,-226415000.0,-226415000.0,-226415000.0,0.0,0.0,-0.349,161578000.0,-229145000.0,72653000.0,0.0,1.733,-3.743,-2.362,1106903000.0,0.0,12.188,1.305,1.305,92619000.0,-237402000.0,649363000.0,649363000.0,84391000.0,-0.13,-0.502,-0.107,-0.376,0.0,70317000.0,1.0,69534792.0,69534792.0,,9.339,1666725000.0,175463000.0,-79226000.0,0.0,23.97,68620000.0
67,SUNEQ,MRT,1999-03-31,1999-03-31,1999-03-31,2021-06-09,-19201000.0,1727012000.0,1753123000.0,263823000.0,1463189000.0,0.39,7.978,-149717000.0,15985000.0,15985000.0,752886000.0,-335748000.0,1.277,2.767,853215000.0,18523000.0,834692000.0,853215000.0,0.0,158250000.0,75012000.0,0.0,0.0,-380619000.0,-222369000.0,-0.325,-222369000.0,-380619000.0,-435632000.0,-8.25,-8.25,-8.25,446016000.0,458009250.0,446016000.0,1201123903.0,-3.0,-5.401,-212460000.0,-3.8,1.0,-69413000.0,-0.102,48052000.0,55013000.0,2309565000.0,2244707000.0,111096000.0,102074000.0,0.0,102074000.0,1233941000.0,206625000.0,1027316000.0,307484903.0,-993000.0,-25740000.0,105850000.0,130446000.0,0.0,236167000.0,-175457000.0,0.0,-62743000.0,1040000.0,-335748000.0,-335748000.0,-335748000.0,0.0,0.0,-0.491,292607000.0,-362020000.0,83091000.0,0.0,0.689,-0.916,-0.667,1145679000.0,0.0,5.5,0.45,0.45,93182000.0,-198090000.0,683473000.0,683473000.0,82345000.0,-0.192,-0.733,-0.17,-0.557,0.0,71964000.0,1.0,55906346.0,55906346.0,,12.225,1678960000.0,158661000.0,-99884000.0,0.0,30.032,57198000.0
68,SUNEQ,MRT,1998-12-31,1998-12-31,1998-12-31,2021-06-09,-10581000.0,1773714000.0,1770944250.0,299138000.0,1474576000.0,0.429,9.833,-188880000.0,16168000.0,16168000.0,790745000.0,-316332000.0,1.157,3.324,909807000.0,38644000.0,871163000.0,909807000.0,0.0,155874000.0,76672000.0,0.0,0.0,-359894000.0,-204020000.0,-0.269,-204020000.0,-359894000.0,-405726000.0,-7.8,-7.8,-7.8,399040000.0,513218250.0,399040000.0,1131696336.0,-3.0,-5.547,-222735000.0,-5.489,1.0,-31829000.0,-0.042,48396000.0,45832000.0,2360313000.0,2200982500.0,115927000.0,94610000.0,0.0,94610000.0,1326432000.0,258644000.0,1067788000.0,344311336.0,-13885000.0,-34175000.0,-15692000.0,257534000.0,0.0,241713000.0,-223055000.0,0.0,-33855000.0,1312000.0,-316332000.0,-316332000.0,-316332000.0,0.0,0.0,-0.417,301430000.0,-333259000.0,112581000.0,0.0,0.863,-1.088,-1.09,1188832000.0,0.0,8.5,0.454,0.455,98528000.0,-147836000.0,758916000.0,758916000.0,81591000.0,-0.179,-0.616,-0.164,-0.474,0.0,73515000.0,1.0,40507216.0,40580869.0,40580869.0,18.701,1725318000.0,137940000.0,-89394000.0,0.0,42.516,40494000.0
69,SUNEQ,MRT,1998-09-30,1998-09-30,1998-09-30,2021-06-09,-10226000.0,1759778000.0,1776121750.0,340613000.0,1419165000.0,0.486,11.634,-237166000.0,33529000.0,33529000.0,842115000.0,-248305000.0,1.056,2.627,820914000.0,102486000.0,718428000.0,820914000.0,0.0,156599000.0,62260000.0,0.0,0.0,-304904000.0,-148305000.0,-0.172,-148305000.0,-304904000.0,-312835000.0,-6.11,-6.11,-6.11,471283000.0,592396750.0,471283000.0,883790492.0,-3.0,-5.959,-220026000.0,-5.432,1.0,21549000.0,0.025,48740000.0,7931000.0,2175907000.0,2113051000.0,123183000.0,93085000.0,0.0,93085000.0,1238275000.0,322516000.0,915759000.0,121533492.0,17455000.0,-18173000.0,-16026000.0,273083000.0,0.0,257442000.0,-255779000.0,0.0,17140000.0,-1348000.0,-248305000.0,-248305000.0,-248305000.0,0.0,0.0,-0.288,288232000.0,-266683000.0,99840000.0,0.0,0.258,-0.489,-0.491,1162021000.0,0.0,3.0,0.141,0.141,115957000.0,-75937000.0,863664000.0,863664000.0,76370000.0,-0.14,-0.419,-0.144,-0.353,0.0,72408000.0,1.0,40511164.0,40507810.0,40507810.0,21.321,1711038000.0,40465000.0,-64530000.0,0.0,42.24,18097000.0
70,SUNEQ,MRT,1998-06-30,1998-06-30,1998-06-30,2021-06-09,-30708000.0,1751988000.0,,329992000.0,1421996000.0,,12.73,-292979000.0,16777000.0,16777000.0,870191000.0,-185320000.0,0.994,2.289,779034000.0,109154000.0,669880000.0,779034000.0,0.0,148709000.0,68122000.0,0.0,0.0,-231028000.0,-82319000.0,-0.086,-82319000.0,-231028000.0,-232293000.0,-4.56,-4.56,-4.56,515698000.0,,515698000.0,1109463326.0,-5.0,-13.478,-298055000.0,-7.357,1.0,85814000.0,0.09,49084000.0,1265000.0,2133043000.0,,134971000.0,105839000.0,0.0,105839000.0,1180263000.0,332118000.0,848145000.0,420303326.0,-7092000.0,-22172000.0,-15848000.0,331755000.0,0.0,316292000.0,-316358000.0,0.0,-5076000.0,-1950000.0,-185320000.0,-185320000.0,-185320000.0,0.0,0.0,-0.194,285728000.0,-199914000.0,93018000.0,0.0,0.815,-2.268,-2.275,1154887000.0,0.0,10.375,0.44,0.44,132602000.0,-10987000.0,956005000.0,956005000.0,73048000.0,,,,-0.242,0.0,73226000.0,1.0,40511164.0,40511164.0,40511164.0,23.599,1702904000.0,7634000.0,-46973000.0,0.0,42.035,-2126000.0
71,SUNEQ,MRT,1998-03-31,1998-03-31,1998-03-31,2021-06-09,-28146000.0,1798297000.0,,362785000.0,1435512000.0,,16.305,-299097000.0,16978000.0,16978000.0,879174000.0,-32456000.0,1.196,1.61,706138000.0,108508000.0,597630000.0,706138000.0,0.0,138939000.0,68122000.0,0.0,0.0,-45702000.0,93237000.0,0.093,93237000.0,-45702000.0,-39237000.0,-0.79,-0.79,-0.79,666852000.0,,666852000.0,1245575728.0,-27.0,13.359,-274105000.0,-6.702,1.0,120458000.0,0.121,49428000.0,-6465000.0,2134667000.0,,146828000.0,112699000.0,0.0,112699000.0,1073498000.0,303362000.0,770136000.0,643114728.0,-6149000.0,-21622000.0,-15692000.0,305307000.0,0.0,290000000.0,-319690000.0,0.0,24992000.0,-1451000.0,-32456000.0,-32456000.0,-32456000.0,0.0,0.0,-0.032,150343000.0,-29885000.0,108674000.0,0.0,0.964,-19.815,-20.095,1204238000.0,0.0,15.875,0.643,0.649,150239000.0,137658000.0,999632000.0,999632000.0,71153000.0,,,,-0.046,0.0,71164000.0,1.0,40511164.0,40898246.0,40898246.0,24.442,1748869000.0,8845000.0,-6781000.0,0.0,42.761,59423000.0
72,SUNEQ,MRT,1997-12-31,1997-12-31,1997-12-31,2021-06-09,-25721000.0,1794424000.0,1656948000.0,376975000.0,1417449000.0,0.595,17.312,-350904000.0,30053000.0,30053000.0,861914000.0,-4513000.0,1.114,1.424,632514000.0,122476000.0,510038000.0,632514000.0,0.0,126913000.0,75533000.0,0.0,0.0,-16487000.0,110426000.0,0.112,110426000.0,-16487000.0,-1744000.0,-0.11,-0.11,-0.11,715754000.0,732168500.0,715754000.0,,,,-321475000.0,-7.775,1.0,124759000.0,0.126,49772000.0,-14743000.0,2008587000.0,1749157000.0,141447000.0,112573000.0,0.0,112573000.0,1019443000.0,338526000.0,680917000.0,617795251.0,-5043000.0,837000.0,0.0,317280000.0,0.0,317665000.0,-350067000.0,0.0,29429000.0,-2070000.0,-4513000.0,-4513000.0,-4513000.0,0.0,0.0,-0.005,135172000.0,-10413000.0,146172000.0,0.0,0.863,-136.892,-138.636,1200827000.0,0.0,15.25,0.626,0.639,154702000.0,168496000.0,986673000.0,986673000.0,64457000.0,-0.003,-0.006,-0.009,-0.017,0.0,70715000.0,1.0,40511164.0,41345193.0,41345193.0,23.864,1744652000.0,43060000.0,2769000.0,0.0,42.197,38449000.0
73,SUNEQ,MRT,1997-09-30,1997-09-30,1997-09-30,2021-06-09,,,,,,,,,,,,,,,,,,,,,,0.0,0.0,,,,,,,,,,,,,,,,,,1.0,,,,,,,,,,,,,,,,,,,,,,,,,,,,,,,,,,,,,,,,30.0,,,,,,,,,,,,,,1.0,,41360861.0,,,,,,,,
74,SUNEQ,MRT,1997-06-30,1997-06-30,1997-06-30,2021-06-09,,,,,,,,,,,,,,,,,,,,,,0.0,0.0,,,,,,,,,,,,,,,,,,1.0,,,,,,,,,,,,,,,,,,,,,,,,,,,,,,,,,,,,,,,,32.75,,,,,,,,,,,,,,1.0,,41338426.0,,,,,,,,
75,SUNEQ,MRT,1997-03-31,1997-03-31,1997-03-31,2021-06-09,,,,,,,,,,,,,,,,,,,,,,0.0,0.0,,,,,,,,,,,,,,,,,,1.0,,,,,,,,,,,,,,,,,,,,,,,,,,,,,,,,,,,,,,,,23.875,,,,,,,,,,,,,,1.0,,41336126.0,,,,,,,,
76,SUNEQ,MRT,1996-12-31,1996-12-31,1996-12-31,2021-06-09,4353000.0,1519472000.0,,318137000.0,1201335000.0,,18.122,-589165000.0,35096000.0,35096000.0,869315000.0,103388000.0,1.155,0.945,331831000.0,47130000.0,284701000.0,331831000.0,0.0,91660000.0,48174000.0,0.0,0.0,155824000.0,247484000.0,0.221,247484000.0,155824000.0,155330000.0,2.5,2.49,2.5,748583000.0,,748583000.0,,,,-327260000.0,-7.922,1.0,250185000.0,0.223,51148000.0,494000.0,1489727000.0,,100505000.0,107718000.0,0.0,107718000.0,707362000.0,275332000.0,432030000.0,,-42096000.0,42678000.0,-1328000.0,235004000.0,0.0,242279000.0,-546487000.0,0.0,261905000.0,207000.0,103388000.0,103388000.0,103388000.0,0.0,0.0,0.092,123993000.0,126192000.0,156841000.0,0.0,,,9.0,1015145000.0,0.0,22.5,,0.83,129325000.0,173009000.0,1119500000.0,1119500000.0,44313000.0,,,,0.139,0.0,79680000.0,1.0,,41308806.0,41534412.0,27.101,1468324000.0,3882000.0,51942000.0,0.0,35.545,42805000.0
77,SUNEQ,MRT,1995-12-31,1995-12-31,1995-12-31,2021-06-09,,,,,,,,-213296000.0,,,663581000.0,86564000.0,,,,,,,,67241000.0,,0.0,0.0,141303000.0,208544000.0,0.235,208544000.0,141303000.0,130350000.0,2.83,2.81,2.83,,,,,,,-45615000.0,-1.49,1.0,223279000.0,0.252,,10953000.0,,,,,,,,,,,72080000.0,-56345000.0,441194000.0,-167367000.0,-100000000.0,173827000.0,-269641000.0,0.0,167681000.0,213000.0,86564000.0,86564000.0,86564000.0,0.0,0.0,0.098,95119000.0,128160000.0,,0.0,,,11.528,,0.0,32.625,,1.126,,,886860000.0,886860000.0,31226000.0,,,,0.159,0.0,63893000.0,1.0,,30612636.0,30838704.0,28.97,,,43786000.0,,,
