None,ticker,dimension,calendardate,datekey,reportperiod,lastupdated,accoci,assets,assetsavg,assetsc,assetsnc,assetturnover,bvps,capex,cashneq,cashnequsd,cor,consolinc,currentratio,de,debt,debtc,debtnc,debtusd,deferredrev,depamor,deposits,divyield,dps,ebit,ebitda,ebitdamargin,ebitdausd,ebitusd,ebt,eps,epsdil,epsusd,equity,equityavg,equityusd,ev,evebit,evebitda,fcf,fcfps,fxusd,gp,grossmargin,intangibles,intexp,invcap,invcapavg,inventory,investments,investmentsc,investmentsnc,liabilities,liabilitiesc,liabilitiesnc,marketcap,ncf,ncfbus,ncfcommon,ncfdebt,ncfdiv,ncff,ncfi,ncfinv,ncfo,ncfx,netinc,netinccmn,netinccmnusd,netincdis,netincnci,netmargin,opex,opinc,payables,payoutratio,pb,pe,pe1,ppnenet,prefdivis,price,ps,ps1,receivables,retearn,revenue,revenueusd,rnd,roa,roe,roic,ros,sbcomp,sgna,sharefactor,sharesbas,shareswa,shareswadil,sps,tangibles,taxassets,taxexp,taxliabilities,tbvps,workingcapital
0,AIG,MRY,2020-12-31,2020-12-31,2020-12-31,2021-09-07,13511000000.0,586481000000.0,560894000000.0,,,0.078,76.339,0.0,2827000000.0,2827000000.0,28428000000.0,-5829000000.0,,7.825,37534000000.0,,,37534000000.0,18660000000.0,4120000000.0,160251000000.0,0.034,1.28,-5947000000.0,-1827000000.0,-0.042,-1827000000.0,-5947000000.0,-7404000000.0,-6.88,-6.88,-6.88,66362000000.0,63219250000.0,66362000000.0,67663364289.0,-11.0,-37.035,1038000000.0,1.194,1.0,15308000000.0,0.35,0.0,1457000000.0,621188000000.0,595468250000.0,0.0,360668000000.0,,,519282000000.0,,,32617364289.0,-57000000.0,2173000000.0,-500000000.0,1618000000.0,-1103000000.0,5058000000.0,-6202000000.0,-8755000000.0,1038000000.0,49000000.0,-5944000000.0,-5973000000.0,-5973000000.0,-4000000.0,115000000.0,-0.137,21132000000.0,-5824000000.0,0.0,-0.186,0.492,-5.461,-5.503,0.0,29000000.0,37.86,0.746,0.753,11333000000.0,15504000000.0,43736000000.0,43736000000.0,0.0,-0.011,-0.094,-0.01,-0.136,0.0,12607000000.0,1.0,861525734.0,869309458,869309458.0,50.311,586481000000.0,12624000000.0,-1460000000.0,0.0,674.652,
1,AIG,MRY,2019-12-31,2019-12-31,2019-12-31,2021-09-07,4982000000.0,525064000000.0,521344250000.0,,,0.095,74.907,0.0,2856000000.0,2856000000.0,29234000000.0,4169000000.0,,6.968,35350000000.0,,,35350000000.0,18269000000.0,5006000000.0,151869000000.0,0.025,1.28,5931000000.0,10937000000.0,0.22,10937000000.0,5931000000.0,4514000000.0,3.79,3.74,3.79,65675000000.0,64151000000.0,65675000000.0,76555615936.0,13.0,7.0,-1807000000.0,-2.061,1.0,20512000000.0,0.412,0.0,1417000000.0,557558000000.0,554084750000.0,0.0,337615000000.0,,,457637000000.0,,,44654615936.0,-8000000.0,2000000.0,0.0,679000000.0,-1114000000.0,7258000000.0,-5475000000.0,-7819000000.0,-1807000000.0,16000000.0,3348000000.0,3326000000.0,3326000000.0,-48000000.0,821000000.0,0.067,13776000000.0,6736000000.0,0.0,0.338,0.68,13.426,13.544,0.0,22000000.0,51.33,0.898,0.905,10274000000.0,23084000000.0,49746000000.0,49746000000.0,0.0,0.006,0.052,0.011,0.119,0.0,13701000000.0,1.0,869951606.0,876750264,889511946.0,56.739,525064000000.0,13146000000.0,1166000000.0,0.0,598.875,
2,AIG,MRY,2018-12-31,2018-12-31,2018-12-31,2021-09-07,-1413000000.0,491984000000.0,498204000000.0,,,0.095,62.734,0.0,2873000000.0,2873000000.0,31166000000.0,61000000.0,,7.712,34540000000.0,,,34540000000.0,19248000000.0,5362000000.0,142262000000.0,0.032,1.28,1457000000.0,6819000000.0,0.144,6819000000.0,1457000000.0,148000000.0,-0.01,-0.01,-0.01,56361000000.0,59731250000.0,56361000000.0,66716996203.0,46.0,9.784,-394000000.0,-0.439,1.0,16223000000.0,0.342,0.0,1309000000.0,523651000000.0,529875250000.0,0.0,314209000000.0,,,434675000000.0,,,34863996203.0,621000000.0,-5707000000.0,-1739000000.0,1062000000.0,-1138000000.0,1249000000.0,-223000000.0,3758000000.0,-394000000.0,-11000000.0,-6000000.0,-6000000.0,-6000000.0,42000000.0,67000000.0,0.0,14650000000.0,1573000000.0,0.0,-128.0,0.619,-5810.666,-3941.0,0.0,0.0,39.41,0.736,0.747,11011000000.0,20884000000.0,47389000000.0,47389000000.0,0.0,0.0,0.0,0.003,0.031,0.0,14688000000.0,1.0,884648470.0,898405537,910141242.0,52.748,491984000000.0,15221000000.0,154000000.0,0.0,547.619,
3,AIG,MRY,2017-12-31,2017-12-31,2017-12-31,2021-09-07,5465000000.0,498301000000.0,500324500000.0,,,0.099,70.034,0.0,2362000000.0,2362000000.0,33564000000.0,-6056000000.0,,6.638,31640000000.0,,,31640000000.0,19030000000.0,3874000000.0,135602000000.0,0.021,1.28,2610000000.0,6484000000.0,0.131,6484000000.0,2610000000.0,1442000000.0,-6.54,-6.54,-6.54,65171000000.0,71360000000.0,65171000000.0,82165999324.0,31.0,12.672,-7818000000.0,-8.401,1.0,15956000000.0,0.322,0.0,1168000000.0,527579000000.0,529326500000.0,0.0,322292000000.0,,,432593000000.0,,,53559999324.0,497000000.0,792000000.0,-6275000000.0,-342000000.0,-1172000000.0,-5697000000.0,14041000000.0,11353000000.0,-7818000000.0,-29000000.0,-6084000000.0,-6084000000.0,-6084000000.0,-4000000.0,28000000.0,-0.123,13327000000.0,2629000000.0,0.0,-0.196,0.822,-8.803,-9.11,0.0,0.0,59.58,1.082,1.12,10248000000.0,21457000000.0,49520000000.0,49520000000.0,0.0,-0.012,-0.085,0.005,0.053,0.0,13395000000.0,1.0,898959371.0,930561286,930561286.0,53.215,498301000000.0,14033000000.0,7526000000.0,0.0,535.484,
4,AIG,MRY,2016-12-31,2016-12-31,2016-12-31,2021-09-07,3230000000.0,498264000000.0,506489500000.0,,,0.103,69.93,0.0,1868000000.0,1868000000.0,36142000000.0,-349000000.0,,5.523,30912000000.0,,,30912000000.0,19634000000.0,4090000000.0,132216000000.0,0.02,1.28,596000000.0,4686000000.0,0.089,4686000000.0,596000000.0,-664000000.0,-0.78,-0.78,-0.78,76300000000.0,85856750000.0,76300000000.0,96861194622.0,163.0,20.67,3502000000.0,3.21,1.0,16225000000.0,0.31,0.0,1260000000.0,527308000000.0,536694750000.0,0.0,328175000000.0,,,421406000000.0,,,67082194622.0,-24000000.0,2809000000.0,-11460000000.0,1872000000.0,-1372000000.0,-6833000000.0,3252000000.0,-3563000000.0,3502000000.0,55000000.0,-849000000.0,-849000000.0,-849000000.0,90000000.0,500000000.0,-0.016,14965000000.0,1260000000.0,0.0,-1.641,0.879,-79.013,-83.731,0.0,0.0,65.31,1.281,1.361,10465000000.0,28711000000.0,52367000000.0,52367000000.0,0.0,-0.002,-0.01,0.001,0.011,0.0,15510000000.0,1.0,1027135119.0,1091085131,1091085131.0,47.995,498264000000.0,21332000000.0,185000000.0,0.0,456.668,
5,AIG,MRY,2015-12-31,2015-12-31,2015-12-31,2021-09-07,2537000000.0,496842000000.0,507378750000.0,,,0.115,68.977,0.0,1629000000.0,1629000000.0,35076000000.0,2222000000.0,,4.535,29249000000.0,,,29249000000.0,21318000000.0,4629000000.0,127588000000.0,0.013,0.81,4536000000.0,9165000000.0,0.157,9165000000.0,4536000000.0,3255000000.0,1.69,1.65,1.69,89658000000.0,100223500000.0,89658000000.0,105807665369.0,23.0,11.545,2877000000.0,2.213,1.0,23251000000.0,0.399,0.0,1281000000.0,524462000000.0,536221000000.0,0.0,338354000000.0,,,406632000000.0,,,76657665369.0,-129000000.0,0.0,-10691000000.0,-2938000000.0,-1028000000.0,-11429000000.0,8462000000.0,4085000000.0,2877000000.0,-39000000.0,2196000000.0,2196000000.0,2196000000.0,0.0,26000000.0,0.038,17933000000.0,5318000000.0,0.0,0.479,0.855,34.908,36.669,0.0,0.0,61.97,1.314,1.381,11451000000.0,30943000000.0,58327000000.0,58327000000.0,0.0,0.004,0.022,0.008,0.078,0.0,17922000000.0,1.0,1237012512.0,1299825350,1334464883.0,44.873,496842000000.0,20394000000.0,1059000000.0,0.0,382.238,
6,AIG,MRY,2014-12-31,2014-12-31,2014-12-31,2021-09-07,10617000000.0,515581000000.0,529747750000.0,,,0.122,74.861,0.0,1758000000.0,1758000000.0,32049000000.0,7524000000.0,,3.82,31217000000.0,,,31217000000.0,21324000000.0,4448000000.0,124613000000.0,0.009,0.5,12174000000.0,16622000000.0,0.258,16622000000.0,12174000000.0,10456000000.0,5.27,5.2,5.27,106898000000.0,106868250000.0,106898000000.0,112699089547.0,9.0,6.78,5007000000.0,3.506,1.0,32357000000.0,0.502,0.0,1718000000.0,545040000000.0,564086250000.0,0.0,355766000000.0,,,408309000000.0,,,78409089547.0,-571000000.0,2348000000.0,-4902000000.0,-9473000000.0,-712000000.0,-19788000000.0,14284000000.0,14600000000.0,5007000000.0,-74000000.0,7529000000.0,7529000000.0,7529000000.0,50000000.0,-5000000.0,0.117,17856000000.0,14501000000.0,0.0,0.095,0.733,10.414,10.628,0.0,0.0,56.01,1.217,1.242,12031000000.0,29775000000.0,64406000000.0,64406000000.0,0.0,0.014,0.07,0.022,0.189,0.0,20053000000.0,1.0,1399912329.0,1427959799,1447553652.0,45.104,515581000000.0,19339000000.0,2927000000.0,0.0,361.061,
7,AIG,MRY,2013-12-31,2013-12-31,2013-12-31,2021-09-07,6360000000.0,541329000000.0,542097750000.0,,,0.127,68.154,0.0,2241000000.0,2241000000.0,33395000000.0,9092000000.0,,4.382,41693000000.0,,,41693000000.0,21953000000.0,4713000000.0,122016000000.0,0.004,0.2,11587000000.0,16300000000.0,0.237,16300000000.0,11587000000.0,9445000000.0,6.16,6.13,6.16,100470000000.0,99061500000.0,100470000000.0,115336284077.0,10.0,7.076,5865000000.0,3.979,1.0,35479000000.0,0.515,0.0,2142000000.0,580781000000.0,583226750000.0,0.0,358093000000.0,,,440218000000.0,,,75163284077.0,1114000000.0,0.0,-597000000.0,-8962000000.0,-294000000.0,-11758000000.0,7099000000.0,7849000000.0,5865000000.0,-92000000.0,9085000000.0,9085000000.0,9085000000.0,-84000000.0,7000000.0,0.132,23318000000.0,12161000000.0,0.0,0.032,0.748,8.273,8.287,0.0,0.0,51.05,1.091,1.093,12939000000.0,22965000000.0,68874000000.0,68874000000.0,0.0,0.017,0.092,0.02,0.168,0.0,23270000000.0,1.0,1472346407.0,1474171690,1481206797.0,46.72,541329000000.0,21925000000.0,360000000.0,0.0,367.209,
8,AIG,MRY,2012-12-31,2012-12-31,2012-12-31,2021-09-07,12574000000.0,548633000000.0,552285500000.0,,,0.129,58.086,0.0,1151000000.0,1151000000.0,36376000000.0,3700000000.0,,4.588,48500000000.0,,,48500000000.0,22537000000.0,7349000000.0,122980000000.0,0.0,0.0,4949000000.0,12298000000.0,0.173,12298000000.0,4949000000.0,2630000000.0,2.04,2.04,2.04,98002000000.0,101957000000.0,98002000000.0,124253548744.0,25.0,10.104,3676000000.0,2.179,1.0,34838000000.0,0.489,0.0,2319000000.0,595982000000.0,619019250000.0,0.0,379495000000.0,,,449630000000.0,,,52113548744.0,-260000000.0,0.0,-13000000000.0,-2489000000.0,0.0,-20564000000.0,16612000000.0,4120000000.0,3676000000.0,16000000.0,3438000000.0,3438000000.0,3438000000.0,-1000000.0,262000000.0,0.048,29596000000.0,5242000000.0,0.0,0.0,0.532,15.158,17.304,0.0,0.0,35.3,0.732,0.836,13989000000.0,14176000000.0,71214000000.0,71214000000.0,0.0,0.006,0.034,0.008,0.069,0.0,22860000000.0,1.0,1476304497.0,1687197038,1687226641.0,42.208,548633000000.0,17466000000.0,-808000000.0,0.0,325.174,
9,AIG,MRY,2011-12-31,2011-12-31,2011-12-31,2021-09-07,6481000000.0,553054000000.0,581339000000.0,,,0.112,56.429,0.0,1474000000.0,1474000000.0,37955000000.0,21330000000.0,,4.354,75253000000.0,,,75253000000.0,23465000000.0,7372000000.0,126898000000.0,0.357,8.275,3302000000.0,10674000000.0,0.164,10674000000.0,3302000000.0,858000000.0,11.01,11.01,11.01,101538000000.0,91319000000.0,101538000000.0,119909003853.0,36.0,11.234,-81000000.0,-0.045,1.0,27150000000.0,0.417,0.0,2444000000.0,626833000000.0,658054500000.0,0.0,379398000000.0,,,442138000000.0,,,44062003853.0,-530000000.0,587000000.0,4985000000.0,-51102000000.0,0.0,-36926000000.0,36448000000.0,2605000000.0,-81000000.0,29000000.0,20622000000.0,19810000000.0,19810000000.0,-2467000000.0,708000000.0,0.304,22699000000.0,4451000000.0,0.0,0.752,0.434,2.224,2.107,35539000000.0,812000000.0,23.2,0.677,0.641,14721000000.0,10774000000.0,65105000000.0,65105000000.0,0.0,0.034,0.217,0.005,0.051,0.0,22625000000.0,1.0,1899224304.0,1799385757,1799458497.0,36.182,553054000000.0,19615000000.0,-19764000000.0,0.0,307.357,
10,AIG,MRY,2010-12-31,2010-12-31,2010-12-31,2021-09-07,7624000000.0,683443000000.0,817409000000.0,,,0.089,624.655,0.0,1558000000.0,1558000000.0,45879000000.0,12285000000.0,,6.678,106461000000.0,,,106461000000.0,23803000000.0,5977000000.0,121373000000.0,0.0,0.0,23793000000.0,29770000000.0,0.409,29770000000.0,23793000000.0,17051000000.0,14.98,14.98,14.98,85319000000.0,79158000000.0,85319000000.0,124071949801.0,5.0,4.168,16597000000.0,121.513,1.0,26950000000.0,0.37,0.0,6742000000.0,788346000000.0,940382250000.0,0.0,377819000000.0,,,569770000000.0,,,7786949801.0,-2537000000.0,21760000000.0,0.0,-7922000000.0,0.0,-9261000000.0,-9912000000.0,-8243000000.0,16597000000.0,39000000.0,10058000000.0,2046000000.0,2046000000.0,969000000.0,2227000000.0,0.028,-143000000.0,27093000000.0,0.0,0.0,0.091,3.806,3.846,38510000000.0,8012000000.0,57.62,0.107,0.108,15713000000.0,-3466000000.0,72829000000.0,72829000000.0,0.0,0.003,0.026,0.025,0.327,0.0,19423000000.0,1.0,135143176.0,136585844,136649280.0,533.21,683443000000.0,0.0,6993000000.0,2369000000.0,5003.762,
11,AIG,MRY,2009-12-31,2009-12-31,2009-12-31,2021-09-07,5693000000.0,847585000000.0,835524750000.0,,,0.09,515.973,0.0,4400000000.0,4400000000.0,50015000000.0,-12313000000.0,,10.721,146007000000.0,,,146007000000.0,21363000000.0,12074000000.0,221769000000.0,0.0,0.0,1920000000.0,13994000000.0,0.185,13994000000.0,1920000000.0,-12438000000.0,-90.48,-90.48,-90.48,69824000000.0,61563250000.0,69824000000.0,176212529222.0,92.0,12.592,18584000000.0,137.329,1.0,25432000000.0,0.337,6195000000.0,14358000000.0,982997000000.0,999170000000.0,0.0,536747000000.0,,,748550000000.0,,,4035529222.0,-4102000000.0,5278000000.0,0.0,-20971000000.0,0.0,-28997000000.0,5778000000.0,9163000000.0,18584000000.0,533000000.0,-10949000000.0,-12244000000.0,-12244000000.0,-505000000.0,-1364000000.0,-0.162,25381000000.0,51000000.0,0.0,0.0,0.058,-0.33,-0.331,48233000000.0,1295000000.0,29.98,0.053,0.054,36876000000.0,-11491000000.0,75447000000.0,75447000000.0,0.0,-0.015,-0.199,0.002,0.025,0.0,24110000000.0,1.0,134607379.0,135324896,135324896.0,557.525,841390000000.0,4108000000.0,-1489000000.0,0.0,6217.555,
12,AIG,MRY,2008-12-31,2008-12-31,2008-12-31,2021-09-07,-6328000000.0,860418000000.0,995904250000.0,,,-0.007,400.185,-1023000000.0,8642000000.0,8642000000.0,51036000000.0,-100387000000.0,,15.134,201158000000.0,,,201158000000.0,25735000000.0,12875000000.0,231198000000.0,0.395,12.4,-93259000000.0,-80384000000.0,11.752,-80384000000.0,-93259000000.0,-108972000000.0,-756.85,-756.85,-756.85,52710000000.0,70420750000.0,52710000000.0,221176203151.0,-2.0,-2.751,-1145000000.0,-8.693,1.0,-57876000000.0,8.461,6952000000.0,15713000000.0,1045982000000.0,1181843750000.0,0.0,562568000000.0,,,797692000000.0,,,4223203151.0,6358000000.0,-5000000000.0,6343000000.0,16054000000.0,-1628000000.0,-81468000000.0,47176000000.0,26439000000.0,-122000000.0,38000000.0,-99289000000.0,-99689000000.0,-99689000000.0,7041000000.0,-1098000000.0,14.574,29440000000.0,-87316000000.0,2879000000.0,-0.016,0.08,-0.042,-0.041,48961000000.0,400000000.0,31.4,-0.617,-0.605,52037000000.0,-12368000000.0,-6840000000.0,-6840000000.0,0.0,-0.1,-1.416,-0.079,13.634,0.0,28669000000.0,1.0,134496916.0,131714245,131714245.0,-51.931,853466000000.0,11734000000.0,-9683000000.0,0.0,6479.679,
13,AIG,MRY,2007-12-31,2007-12-31,2007-12-31,2021-09-07,4643000000.0,1048361000000.0,1038519750000.0,,,0.1,741.34,-850000000.0,2284000000.0,2284000000.0,62452000000.0,7488000000.0,,9.943,189089000000.0,,,189089000000.0,27703000000.0,15245000000.0,263362000000.0,0.013,14.6,12218000000.0,27463000000.0,0.265,27463000000.0,12218000000.0,7467000000.0,47.98,47.73,47.98,95801000000.0,101813250000.0,95801000000.0,336034683620.0,28.0,12.236,31942000000.0,247.178,1.0,41180000000.0,0.397,9414000000.0,4751000000.0,1225752000000.0,1207546500000.0,0.0,756250000000.0,,,952560000000.0,,,147862683620.0,694000000.0,0.0,-6000000000.0,23134000000.0,-1881000000.0,70186000000.0,-67241000000.0,-19836000000.0,32792000000.0,50000000.0,6200000000.0,6200000000.0,6200000000.0,-621000000.0,1288000000.0,0.06,28295000000.0,12885000000.0,88410000000.0,0.304,1.543,23.849,24.302,47502000000.0,0.0,1166.0,1.427,1.454,50301000000.0,89029000000.0,103632000000.0,103632000000.0,0.0,0.006,0.061,0.01,0.118,0.0,28295000000.0,1.0,126811907.0,129226796,129901035.0,801.939,1038947000000.0,0.0,1267000000.0,3823000000.0,8039.718,
14,AIG,MRY,2006-12-31,2006-12-31,2006-12-31,2021-09-07,9110000000.0,979410000000.0,925355500000.0,,,0.123,779.732,-6409000000.0,1590000000.0,1590000000.0,60287000000.0,14048000000.0,,8.631,172432000000.0,,,172432000000.0,26271000000.0,3564000000.0,253513000000.0,0.009,12.6,24242000000.0,27806000000.0,0.245,27806000000.0,24242000000.0,20585000000.0,107.8,107.2,107.8,101677000000.0,93482500000.0,101677000000.0,327515022267.0,14.0,11.779,-157000000.0,-1.204,1.0,53100000000.0,0.468,8628000000.0,3657000000.0,1141624000000.0,1055770000000.0,0.0,700958000000.0,,,877542000000.0,,,186296022267.0,-307000000.0,0.0,143000000.0,37499000000.0,-1638000000.0,120482000000.0,-66914000000.0,-35588000000.0,6252000000.0,114000000.0,14048000000.0,14048000000.0,14048000000.0,0.0,0.0,0.124,27756000000.0,25344000000.0,76372000000.0,0.117,1.832,13.261,13.295,44256000000.0,0.0,1433.2,1.643,1.648,51679000000.0,84996000000.0,113387000000.0,113387000000.0,0.0,0.015,0.15,0.023,0.214,0.0,27756000000.0,1.0,129986061.0,130400000,131150000.0,869.532,970782000000.0,0.0,6537000000.0,9546000000.0,7444.647,
15,AIG,MRY,2005-12-31,2005-12-31,2005-12-31,2021-09-07,6967000000.0,853051000000.0,839523000000.0,,,0.13,664.744,-6561000000.0,1897000000.0,1897000000.0,64100000000.0,10477000000.0,,8.881,119505000000.0,,,119505000000.0,24243000000.0,2200000000.0,231904000000.0,0.008,11.0,14735000000.0,16935000000.0,0.156,16935000000.0,14735000000.0,14735000000.0,80.6,79.8,80.6,86317000000.0,86455000000.0,86317000000.0,289019321900.0,20.0,17.066,16852000000.0,129.781,1.0,44681000000.0,0.411,8093000000.0,0.0,962566000000.0,947212500000.0,0.0,601073000000.0,,,766548000000.0,,,177098321900.0,-112000000.0,0.0,-94000000.0,14957000000.0,-1421000000.0,76194000000.0,-61459000000.0,-30226000000.0,23413000000.0,-163000000.0,10477000000.0,10477000000.0,10477000000.0,0.0,0.0,0.096,29468000000.0,15213000000.0,60409000000.0,0.136,2.052,16.904,16.931,39886000000.0,0.0,1364.6,1.628,1.629,43328000000.0,72330000000.0,108781000000.0,108781000000.0,0.0,0.012,0.121,0.016,0.135,0.0,29468000000.0,1.0,129780391.0,129850000,131350000.0,837.744,844958000000.0,0.0,4258000000.0,6288000000.0,6507.185,
16,AIG,MRY,2004-12-31,2004-12-31,2004-12-31,2021-09-07,9444000000.0,801145000000.0,756593750000.0,,,0.129,611.458,-4284000000.0,2009000000.0,2009000000.0,58212000000.0,9839000000.0,,9.053,118991000000.0,,,118991000000.0,0.0,2035000000.0,220722000000.0,0.004,5.6,14246000000.0,16281000000.0,0.167,16281000000.0,14246000000.0,14246000000.0,75.4,74.6,75.4,79673000000.0,76402500000.0,79673000000.0,278652165684.0,20.0,17.115,25130000000.0,192.863,1.0,39454000000.0,0.404,8556000000.0,0.0,909571000000.0,854005750000.0,0.0,512233000000.0,,,721273000000.0,,,171042165684.0,1087000000.0,0.0,-925000000.0,10588000000.0,-730000000.0,128434000000.0,-92596000000.0,-74851000000.0,29414000000.0,52000000.0,9839000000.0,9839000000.0,9839000000.0,0.0,0.0,0.101,24609000000.0,14845000000.0,49972000000.0,0.074,2.147,17.384,17.419,38322000000.0,0.0,1313.4,1.751,1.752,39196000000.0,63468000000.0,97666000000.0,97666000000.0,0.0,0.013,0.129,0.017,0.146,0.0,24609000000.0,1.0,130228541.0,130300000,131850000.0,749.547,792589000000.0,138000000.0,4407000000.0,6588000000.0,6082.801,
17,AIG,MRY,2003-12-31,2003-12-31,2003-12-31,2021-09-07,7337000000.0,675602000000.0,633919750000.0,,,0.125,530.498,-4248000000.0,922000000.0,922000000.0,46034000000.0,8108000000.0,,8.756,96560000000.0,,,96560000000.0,0.0,1861000000.0,175455000000.0,0.01,12.94,11664000000.0,13525000000.0,0.17,13525000000.0,11664000000.0,11664000000.0,62.0,61.4,62.0,69230000000.0,67003000000.0,69230000000.0,259861639140.0,22.0,19.213,28993000000.0,222.169,1.0,33387000000.0,0.42,7619000000.0,0.0,763621000000.0,715585250000.0,0.0,451846000000.0,,,606180000000.0,,,172854639140.0,-243000000.0,-1836000000.0,-133000000.0,6083000000.0,-584000000.0,66140000000.0,-66904000000.0,-48764000000.0,33241000000.0,350000000.0,8108000000.0,8108000000.0,8108000000.0,0.0,0.0,0.102,21480000000.0,11907000000.0,30195000000.0,0.209,2.497,21.319,21.381,35836000000.0,0.0,1325.6,2.176,2.178,31329000000.0,54384000000.0,79421000000.0,79421000000.0,0.0,0.013,0.121,0.016,0.147,0.0,21480000000.0,1.0,130397284.0,130500000,131850000.0,608.59,667983000000.0,0.0,3556000000.0,4518000000.0,5118.644,
18,AIG,MRY,2002-12-31,2002-12-31,2002-12-31,2021-09-07,691000000.0,561229000000.0,535118500000.0,,,0.124,452.55,-5064000000.0,1165000000.0,1165000000.0,40005000000.0,5729000000.0,,8.459,81047000000.0,,,81047000000.0,0.0,1686000000.0,145147000000.0,0.003,3.56,7648000000.0,9334000000.0,0.141,9334000000.0,7648000000.0,7648000000.0,44.0,43.4,44.0,59103000000.0,56381000000.0,59103000000.0,228716217973.0,30.0,24.504,13144000000.0,100.643,1.0,26166000000.0,0.395,6079000000.0,0.0,635032000000.0,607407500000.0,0.0,367071000000.0,,,499973000000.0,,,150907217973.0,0.0,-479000000.0,-566000000.0,8168000000.0,-467000000.0,42092000000.0,-61744000000.0,-41044000000.0,18208000000.0,0.0,5729000000.0,5729000000.0,5729000000.0,0.0,0.0,0.087,18358000000.0,7808000000.0,23694000000.0,0.081,2.553,26.341,26.295,32249000000.0,0.0,1157.0,2.281,2.284,28945000000.0,52270000000.0,66171000000.0,66171000000.0,0.0,0.011,0.102,0.013,0.116,0.0,18358000000.0,1.0,130429748.0,130600000,132150000.0,506.669,555150000000.0,0.0,1919000000.0,5082000000.0,4250.766,
19,AIG,MRY,2001-12-31,2001-12-31,2001-12-31,2021-09-07,-1725000000.0,493061000000.0,403931750000.0,,,0.153,397.94,-4195000000.0,698000000.0,698000000.0,35054000000.0,5363000000.0,,8.412,77549000000.0,,,77549000000.0,0.0,1437000000.0,121692000000.0,0.003,4.0,7702000000.0,9139000000.0,0.148,9139000000.0,7702000000.0,7702000000.0,41.0,40.4,41.0,52150000000.0,46835750000.0,52150000000.0,284888813782.0,37.0,31.173,4606000000.0,35.147,1.0,26712000000.0,0.432,6102000000.0,0.0,563810000000.0,469591500000.0,0.0,310669000000.0,,,438709000000.0,,,207430813782.0,176000000.0,-924000000.0,-803000000.0,8594000000.0,-743000000.0,46224000000.0,-31298000000.0,-19112000000.0,8801000000.0,0.0,5363000000.0,5363000000.0,5363000000.0,0.0,0.0,0.087,18573000000.0,8139000000.0,10574000000.0,0.098,3.978,38.678,38.732,27543000000.0,0.0,1588.0,3.358,3.369,26367000000.0,47218000000.0,61766000000.0,61766000000.0,0.0,0.013,0.115,0.016,0.125,0.0,16556000000.0,1.0,130623938.0,131050000,132500000.0,471.316,486959000000.0,0.0,2339000000.0,3286000000.0,3715.826,
20,AIG,MRY,2000-12-31,2000-12-31,2000-12-31,2021-09-07,-2440000000.0,426671000000.0,320637500000.0,,,0.176,363.936,-2719000000.0,522000000.0,522000000.0,30864000000.0,6639000000.0,,7.922,65631000000.0,,,65631000000.0,0.0,1243000000.0,101222000000.0,0.001,2.813,9610000000.0,10853000000.0,0.193,10853000000.0,9610000000.0,9610000000.0,51.0,50.4,51.0,47439000000.0,38163250000.0,47439000000.0,274698053688.0,29.0,25.311,6362000000.0,48.807,1.0,25474000000.0,0.452,0.0,0.0,491780000000.0,369068250000.0,0.0,256736000000.0,,,375818000000.0,,,228221053688.0,96000000.0,62000000.0,-1258000000.0,3664000000.0,-776000000.0,23686000000.0,-20828000000.0,-10371000000.0,9081000000.0,0.0,6639000000.0,6639000000.0,6639000000.0,0.0,0.0,0.118,15451000000.0,10023000000.0,0.0,0.055,4.811,34.376,38.651,23451000000.0,0.0,1971.2,4.051,4.561,23963000000.0,42598000000.0,56338000000.0,56338000000.0,0.0,0.021,0.174,0.026,0.171,0.0,15136000000.0,1.0,115777726.0,130350000,131900000.0,432.206,426671000000.0,0.0,2971000000.0,3221000000.0,3273.272,
21,AIG,MRY,1999-12-31,1999-12-31,1999-12-31,2021-09-07,-2103000000.0,268238000000.0,257528250000.0,,,0.168,255.121,-1666000000.0,132000000.0,132000000.0,27600000000.0,6186000000.0,,7.027,39100000000.0,,,39100000000.0,0.0,1130000000.0,44724000000.0,0.002,2.528,9019000000.0,10149000000.0,0.235,10149000000.0,9019000000.0,9019000000.0,47.4,46.8,47.4,33306000000.0,32111250000.0,33306000000.0,207175932851.0,23.0,20.413,10977000000.0,84.083,1.0,15593000000.0,0.361,0.0,0.0,307206000000.0,295479000000.0,0.0,160963000000.0,,,234037000000.0,,,167364932851.0,-218000000.0,15000000.0,-456000000.0,2974000000.0,-709000000.0,27388000000.0,-26555000000.0,-19411000000.0,12643000000.0,0.0,6186000000.0,6186000000.0,6186000000.0,0.0,0.0,0.143,7902000000.0,7691000000.0,0.0,0.053,5.025,27.055,30.408,20267000000.0,0.0,1441.333,3.875,4.356,12236000000.0,31040000000.0,43193000000.0,43193000000.0,0.0,0.024,0.193,0.031,0.209,0.0,7902000000.0,1.0,116118131.0,130550000,132500000.0,330.854,268238000000.0,0.0,2833000000.0,889000000.0,2054.676,
22,AIG,MRY,1998-12-31,1998-12-31,1998-12-31,2021-09-07,-10000000.0,233676000000.0,190771473750.0,,,0.167,264.469,-2473000000.0,303000000.0,303000000.0,20899000000.0,4282000000.0,,6.728,36383000000.0,,,36383000000.0,0.0,952000000.0,35606000000.0,0.002,2.261,6067000000.0,7019000000.0,0.22,7019000000.0,6067000000.0,6067000000.0,37.4,36.6,37.4,30123000000.0,26662381250.0,30123000000.0,134370061919.0,22.0,19.144,4966000000.0,43.6,1.0,11016000000.0,0.345,0.0,0.0,269756000000.0,223190694250.0,0.0,141723000000.0,,,202658000000.0,,,101457576919.0,216000000.0,-516000000.0,-41000000.0,4197000000.0,-324000000.0,17968000000.0,-16207000000.0,-7609000000.0,7439000000.0,0.0,4282000000.0,4282000000.0,4282000000.0,0.0,0.0,0.134,5715000000.0,5301000000.0,0.0,0.06,3.368,23.694,27.559,19068000000.0,0.0,1030.72,3.179,3.678,11679000000.0,27110000000.0,31915000000.0,31915000000.0,0.0,0.022,0.161,0.027,0.19,0.0,5715000000.0,1.0,98433694.0,113900000,116550000.0,280.202,233676000000.0,0.0,1785000000.0,1471000000.0,2051.589,
23,AIG,MRY,1997-12-31,1997-12-31,1997-12-31,2021-09-07,172000000.0,163971000000.0,157491944500.0,,,0.183,212.21,-1204000000.0,87000000.0,87000000.0,19126000000.0,3711000000.0,,5.815,27967000000.0,,,27967000000.0,0.0,885000000.0,11295000000.0,0.003,2.015,5236000000.0,6121000000.0,0.212,6121000000.0,5236000000.0,5236000000.0,32.667,32.0,32.667,24001000000.0,23313029250.0,24001000000.0,101291129320.0,19.0,16.548,2229000000.0,19.708,1.0,9745000000.0,0.338,0.0,0.0,191851000000.0,183973829250.0,0.0,98815000000.0,,,139570000000.0,,,76322468320.0,28000000.0,-40000000.0,106000000.0,13000000.0,-267000000.0,7994000000.0,-7402000000.0,-3094000000.0,3433000000.0,0.0,3711000000.0,3711000000.0,3711000000.0,0.0,0.0,0.129,5225000000.0,4520000000.0,0.0,0.062,3.18,20.567,23.684,16780000000.0,0.0,773.689,2.644,3.031,10283000000.0,22921000000.0,28871000000.0,28871000000.0,0.0,0.024,0.159,0.028,0.181,0.0,5225000000.0,1.0,98647492.0,113100000,115650000.0,255.27,163971000000.0,0.0,1525000000.0,1056000000.0,1449.788,
24,AIG,MRY,1996-12-31,1996-12-31,1996-12-31,2021-09-07,885100000.0,148431002000.0,141283700000.0,,,0.179,221.829,-1891000000.0,58740000.0,58740000.0,17100000000.0,2897000000.0,,5.715,26559937000.0,,,26559937000.0,0.0,806000000.0,11009783000.0,0.004,2.157,4013000000.0,4819000000.0,0.19,4819000000.0,4013000000.0,4013000000.0,29.12,29.013,29.12,22044224000.0,20935663500.0,22044224000.0,,,,7684000000.0,77.323,1.0,8200000000.0,0.324,0.0,0.0,174932199000.0,164432785500.0,0.0,86226913000.0,,,125986778000.0,,,50822624611.0,-29000000.0,-39000000.0,-471000000.0,4706000000.0,-174000000.0,9702000000.0,-14455000000.0,-10769000000.0,9575000000.0,0.0,2897000000.0,2897000000.0,2897000000.0,0.0,0.0,0.115,4670000000.0,3530000000.0,0.0,0.074,2.305,17.543,17.623,15931422000.0,0.0,513.185,2.009,2.016,9617061000.0,20420881000.0,25300000000.0,25300000000.0,0.0,0.021,0.138,0.024,0.159,0.0,4670000000.0,1.0,99033694.0,99375000,99750000.0,254.591,148431002000.0,0.0,1116000000.0,788681000.0,1493.645,
25,AIG,MRY,1995-12-31,1995-12-31,1995-12-31,2021-09-07,938992000.0,134136398000.0,,,,,198.293,-2121205000.0,88371000.0,88371000.0,15747869000.0,2510383000.0,,5.745,19885345000.0,,,19885345000.0,0.0,734560000.0,10538424000.0,0.003,1.533,3465883000.0,4200443000.0,0.18,4200443000.0,3465883000.0,3465883000.0,25.102,25.031,25.102,19827103000.0,,19827103000.0,,,,4572420000.0,45.729,1.0,7609269000.0,0.326,0.0,0.0,153933372000.0,,0.0,75027618000.0,,,113909295000.0,,,,12134000.0,-53552000.0,2873000.0,1201684000.0,-153572000.0,9074990000.0,-11218986000.0,-7804920000.0,6693625000.0,0.0,2510383000.0,2510383000.0,2510383000.0,0.0,0.0,0.107,4486378000.0,3122891000.0,0.0,0.061,,,17.469,14264071000.0,0.0,438.519,,1.877,9410185000.0,17697739000.0,23357138000.0,23357138000.0,0.0,,,,0.148,0.0,4486378000.0,1.0,,99989016,100337625.0,233.597,134136398000.0,0.0,955500000.0,877257000.0,1341.511,
26,AIG,MRY,1994-12-31,1994-12-31,1994-12-31,2021-09-07,,,,,,,,-2460529000.0,,,13788162000.0,2175515000.0,,,,,,,,581930000.0,,0.004,1.359,2951979000.0,3533909000.0,0.174,3533909000.0,2951979000.0,2951979000.0,21.713,,21.713,,,,,,,2928266000.0,29.233,1.0,6545703000.0,0.322,,0.0,,,,,,,,,,,-81244000.0,-79596000.0,-163955000.0,3023396000.0,-136116000.0,7338504000.0,-9139291000.0,-5302914000.0,5388795000.0,0.0,2175515000.0,2175515000.0,2175515000.0,0.0,0.0,0.107,3958123000.0,2587580000.0,,0.063,,,14.265,,0.0,309.728,,1.526,,,20333865000.0,20333865000.0,0.0,,,,0.145,0.0,3958123000.0,1.0,,100169789,,202.994,,,776464000.0,,,
0,AIG,MRQ,2021-06-30,2021-06-30,2021-06-30,2021-09-07,10209000000.0,598250000000.0,,,,,76.58,0.0,2760000000.0,2760000000.0,6956000000.0,150000000.0,,8.041,35727000000.0,,,35727000000.0,21487000000.0,947000000.0,161112000000.0,0.027,0.32,434000000.0,1381000000.0,0.129,1381000000.0,434000000.0,96000000.0,0.11,0.11,0.11,66083000000.0,,66083000000.0,73699494797.0,12.0,7.456,2170000000.0,2.515,1.0,3725000000.0,0.349,0.0,338000000.0,631217000000.0,,0.0,359539000000.0,,,531342000000.0,,,40847494797.0,-183000000.0,0.0,-230000000.0,90000000.0,-274000000.0,814000000.0,-3150000000.0,-3485000000.0,2170000000.0,-17000000.0,99000000.0,91000000.0,91000000.0,0.0,51000000.0,0.009,3134000000.0,591000000.0,0.0,2.909,0.618,9.77,9.917,0.0,8000000.0,47.6,0.907,0.912,14303000000.0,18935000000.0,10681000000.0,10681000000.0,0.0,,,,,0.0,3133000000.0,1.0,858140647.0,862930931,872877303.0,12.378,598250000000.0,12628000000.0,-3000000.0,0.0,693.277,
1,AIG,MRQ,2021-03-31,2021-03-31,2021-03-31,2021-09-07,6466000000.0,584390000000.0,,,,,72.202,0.0,2796000000.0,2796000000.0,6007000000.0,3930000000.0,,8.309,35648000000.0,,,35648000000.0,21012000000.0,1423000000.0,157741000000.0,0.028,0.32,5016000000.0,6439000000.0,0.445,6439000000.0,5016000000.0,4674000000.0,4.45,4.41,4.45,62679000000.0,,62679000000.0,74668976814.0,-19.0,-272.515,640000000.0,0.737,1.0,8447000000.0,0.584,0.0,342000000.0,617242000000.0,,0.0,348457000000.0,,,520830000000.0,,,39961976814.0,14000000.0,0.0,-362000000.0,-1893000000.0,-276000000.0,-2114000000.0,1505000000.0,2957000000.0,640000000.0,-17000000.0,3876000000.0,3869000000.0,3869000000.0,0.0,54000000.0,0.268,3385000000.0,5062000000.0,0.0,0.072,0.638,-10.391,-10.361,0.0,7000000.0,46.21,0.913,0.917,13808000000.0,19121000000.0,14454000000.0,14454000000.0,0.0,,,,,0.0,3392000000.0,1.0,864790669.0,868105069,876269924.0,16.65,584390000000.0,13690000000.0,798000000.0,0.0,673.179,
2,AIG,MRQ,2020-12-31,2020-12-31,2020-12-31,2021-09-07,13511000000.0,586481000000.0,,,,,76.423,0.0,2827000000.0,2827000000.0,6953000000.0,-16000000.0,,7.825,37534000000.0,,,37534000000.0,18660000000.0,897000000.0,160251000000.0,0.034,0.32,-237000000.0,660000000.0,0.068,660000000.0,-237000000.0,-595000000.0,-0.08,-0.08,-0.08,66362000000.0,,66362000000.0,67663364289.0,-11.0,-37.035,-1194000000.0,-1.375,1.0,2723000000.0,0.281,0.0,358000000.0,621188000000.0,,0.0,360668000000.0,,,519282000000.0,,,32617364289.0,-377000000.0,54000000.0,0.0,-758000000.0,-276000000.0,1776000000.0,-981000000.0,2298000000.0,-1194000000.0,22000000.0,-53000000.0,-60000000.0,-60000000.0,0.0,37000000.0,-0.006,2926000000.0,-203000000.0,0.0,-4.0,0.492,-5.461,-5.503,0.0,7000000.0,37.86,0.746,0.753,11333000000.0,15504000000.0,9676000000.0,9676000000.0,0.0,,,,,0.0,3053000000.0,1.0,861525734.0,868354054,868354054.0,11.143,586481000000.0,12624000000.0,-542000000.0,0.0,675.394,
3,AIG,MRQ,2020-09-30,2020-09-30,2020-09-30,2021-09-07,10978000000.0,577230000000.0,,,,,73.882,0.0,3191000000.0,3191000000.0,6754000000.0,299000000.0,,7.996,38237000000.0,,,38237000000.0,20093000000.0,663000000.0,158205000000.0,0.046,0.32,741000000.0,1404000000.0,0.137,1404000000.0,741000000.0,362000000.0,0.32,0.32,0.32,64108000000.0,,64108000000.0,59587275267.0,-14.0,311.975,907000000.0,1.045,1.0,3467000000.0,0.339,0.0,379000000.0,612276000000.0,,0.0,356404000000.0,,,512623000000.0,,,23715275267.0,-245000000.0,0.0,0.0,-1256000000.0,-276000000.0,1142000000.0,-2318000000.0,-1235000000.0,907000000.0,24000000.0,288000000.0,281000000.0,281000000.0,-5000000.0,11000000.0,0.027,2722000000.0,745000000.0,0.0,1.0,0.37,-4.752,-4.755,0.0,7000000.0,27.53,0.517,0.521,11827000000.0,15838000000.0,10221000000.0,10221000000.0,0.0,,,,,0.0,2698000000.0,1.0,861433900.0,867713308,873130950.0,11.779,577230000000.0,12958000000.0,74000000.0,0.0,665.231,
4,AIG,MRQ,2020-06-30,2020-06-30,2020-06-30,2021-09-07,9169000000.0,569388000000.0,,,,,71.783,0.0,3408000000.0,3408000000.0,7439000000.0,-7766000000.0,,8.14,39280000000.0,,,39280000000.0,20103000000.0,682000000.0,155852000000.0,0.041,0.32,-9459000000.0,-8777000000.0,-0.934,-8777000000.0,-9459000000.0,-9824000000.0,-9.15,-9.15,-9.15,62234000000.0,,62234000000.0,59527042436.0,-16.0,47.47,347000000.0,0.4,1.0,1957000000.0,0.208,0.0,365000000.0,605260000000.0,,0.0,350151000000.0,,,506570000000.0,,,26855042436.0,542000000.0,2119000000.0,0.0,2543000000.0,-275000000.0,2472000000.0,-2270000000.0,-3023000000.0,347000000.0,-7000000.0,-7928000000.0,-7936000000.0,-7936000000.0,1000000.0,162000000.0,-0.845,11253000000.0,-9296000000.0,0.0,-0.035,0.432,-5.808,-5.806,0.0,8000000.0,31.18,0.553,0.557,12829000000.0,15847000000.0,9396000000.0,9396000000.0,0.0,,,,,0.0,2841000000.0,1.0,861290649.0,866968305,866968305.0,10.838,569388000000.0,13294000000.0,-1896000000.0,0.0,656.758,
5,AIG,MRQ,2020-03-31,2020-03-31,2020-03-31,2021-09-07,-994000000.0,510477000000.0,,,,,68.831,0.0,2738000000.0,2738000000.0,7282000000.0,1654000000.0,,7.456,35410000000.0,,,35410000000.0,20128000000.0,1878000000.0,154067000000.0,0.053,0.32,3008000000.0,4886000000.0,0.338,4886000000.0,3008000000.0,2653000000.0,1.99,1.98,1.99,60173000000.0,,60173000000.0,53674484058.0,7.0,4.034,-586000000.0,-0.67,1.0,7161000000.0,0.496,0.0,355000000.0,543149000000.0,,0.0,332336000000.0,,,448634000000.0,,,21180484058.0,23000000.0,0.0,-500000000.0,1089000000.0,-276000000.0,1232000000.0,-633000000.0,-6795000000.0,-586000000.0,10000000.0,1749000000.0,1742000000.0,1742000000.0,0.0,-95000000.0,0.121,4231000000.0,2930000000.0,0.0,0.161,0.352,4.798,4.812,0.0,7000000.0,24.25,0.409,0.41,12072000000.0,24062000000.0,14443000000.0,14443000000.0,0.0,,,,,0.0,4015000000.0,1.0,873422023.0,874213630,878866213.0,16.521,510477000000.0,13975000000.0,904000000.0,0.0,583.927,
6,AIG,MRQ,2019-12-31,2019-12-31,2019-12-31,2021-09-07,4982000000.0,525064000000.0,,,,,74.782,0.0,2856000000.0,2856000000.0,6988000000.0,869000000.0,,6.968,35350000000.0,,,35350000000.0,18269000000.0,1173000000.0,151869000000.0,0.025,0.32,1505000000.0,2678000000.0,0.227,2678000000.0,1505000000.0,1145000000.0,1.05,1.03,1.05,65675000000.0,,65675000000.0,76555615936.0,13.0,7.0,-1018000000.0,-1.159,1.0,4827000000.0,0.409,0.0,360000000.0,557558000000.0,,0.0,337615000000.0,,,457637000000.0,,,44654615936.0,-420000000.0,0.0,0.0,536000000.0,-279000000.0,1303000000.0,-682000000.0,488000000.0,-1018000000.0,-23000000.0,929000000.0,922000000.0,922000000.0,-49000000.0,-60000000.0,0.078,3412000000.0,1415000000.0,0.0,0.305,0.68,13.426,13.544,0.0,7000000.0,51.33,0.898,0.905,10274000000.0,23084000000.0,11815000000.0,11815000000.0,0.0,,,,,0.0,3341000000.0,1.0,869951606.0,878213940,896384436.0,13.453,525064000000.0,13146000000.0,216000000.0,0.0,597.877,
7,AIG,MRQ,2019-09-30,2019-09-30,2019-09-30,2021-09-07,5615000000.0,525122000000.0,,,,,74.803,0.0,3361000000.0,3361000000.0,7858000000.0,973000000.0,,6.976,35262000000.0,,,35262000000.0,19959000000.0,1176000000.0,151964000000.0,0.023,0.32,1291000000.0,2467000000.0,0.191,2467000000.0,1291000000.0,943000000.0,0.74,0.72,0.74,65603000000.0,,65603000000.0,81809892421.0,20.0,8.652,483000000.0,0.551,1.0,5056000000.0,0.392,0.0,348000000.0,557023000000.0,,0.0,340993000000.0,,,457677000000.0,,,48453892421.0,585000000.0,2000000.0,0.0,-1146000000.0,-278000000.0,737000000.0,-646000000.0,-2663000000.0,483000000.0,11000000.0,656000000.0,648000000.0,648000000.0,0.0,317000000.0,0.05,3448000000.0,1608000000.0,0.0,0.432,0.739,27.191,27.039,0.0,8000000.0,55.7,0.96,0.967,11786000000.0,22439000000.0,12914000000.0,12914000000.0,0.0,,,,,0.0,3439000000.0,1.0,869908302.0,877009495,895814410.0,14.725,525122000000.0,13054000000.0,287000000.0,0.0,598.764,
8,AIG,MRQ,2019-06-30,2019-06-30,2019-06-30,2021-09-07,4991000000.0,522269000000.0,,,,,73.642,0.0,2935000000.0,2935000000.0,6769000000.0,1390000000.0,,7.068,36291000000.0,,,36291000000.0,20621000000.0,1358000000.0,148521000000.0,0.024,0.32,1915000000.0,3273000000.0,0.261,3273000000.0,1915000000.0,1555000000.0,1.26,1.24,1.26,64539000000.0,,64539000000.0,79551470956.0,52.0,11.737,-296000000.0,-0.338,1.0,5792000000.0,0.461,0.0,360000000.0,555625000000.0,,0.0,334928000000.0,,,456164000000.0,,,46340470956.0,6000000.0,0.0,0.0,429000000.0,-279000000.0,2454000000.0,-2168000000.0,-3097000000.0,-296000000.0,16000000.0,1109000000.0,1102000000.0,1102000000.0,1000000.0,281000000.0,0.088,3580000000.0,2212000000.0,0.0,0.254,0.718,-370.724,-592.0,0.0,7000000.0,53.28,0.945,0.952,12614000000.0,22077000000.0,12561000000.0,12561000000.0,0.0,,,,,0.0,3579000000.0,1.0,869753584.0,876382884,888325042.0,14.333,522269000000.0,13337000000.0,446000000.0,0.0,595.937,
9,AIG,MRQ,2019-03-31,2019-03-31,2019-03-31,2021-09-07,2128000000.0,512922000000.0,,,,,69.44,0.0,2565000000.0,2565000000.0,7619000000.0,937000000.0,,7.417,35776000000.0,,,35776000000.0,20812000000.0,1299000000.0,145380000000.0,0.03,0.32,1220000000.0,2519000000.0,0.202,2519000000.0,1220000000.0,871000000.0,0.75,0.75,0.75,60787000000.0,,60787000000.0,69107081542.0,58.0,10.691,-976000000.0,-1.115,1.0,4837000000.0,0.388,0.0,349000000.0,546133000000.0,,0.0,324863000000.0,,,450829000000.0,,,37440081542.0,-179000000.0,0.0,0.0,860000000.0,-278000000.0,2764000000.0,-1979000000.0,-2547000000.0,-976000000.0,12000000.0,654000000.0,654000000.0,654000000.0,0.0,283000000.0,0.053,3336000000.0,1501000000.0,0.0,0.427,0.616,-129.104,-138.903,0.0,0.0,43.06,0.778,0.783,12655000000.0,21259000000.0,12456000000.0,12456000000.0,0.0,,,,,0.0,3342000000.0,1.0,869486334.0,875383084,877512244.0,14.229,512922000000.0,14545000000.0,217000000.0,0.0,585.94,
10,AIG,MRQ,2018-12-31,2018-12-31,2018-12-31,2021-09-07,-1413000000.0,491984000000.0,,,,,63.514,0.0,2873000000.0,2873000000.0,8898000000.0,-560000000.0,,7.712,34540000000.0,,,34540000000.0,19248000000.0,1549000000.0,142262000000.0,0.032,0.32,-352000000.0,1197000000.0,0.095,1197000000.0,-352000000.0,-759000000.0,-0.69,-0.68,-0.69,56361000000.0,,56361000000.0,66716996203.0,46.0,9.784,-356000000.0,-0.401,1.0,3662000000.0,0.292,0.0,407000000.0,523651000000.0,,0.0,314209000000.0,,,434675000000.0,,,34863996203.0,235000000.0,-665000000.0,-745000000.0,-209000000.0,-280000000.0,-84000000.0,694000000.0,278000000.0,-356000000.0,-19000000.0,-622000000.0,-622000000.0,-622000000.0,2000000.0,62000000.0,-0.05,3953000000.0,-291000000.0,0.0,-0.464,0.619,-5810.666,-3941.0,0.0,0.0,39.41,0.736,0.747,11011000000.0,20884000000.0,12560000000.0,12560000000.0,0.0,,,,,0.0,3956000000.0,1.0,884648470.0,887377483,890110161.0,14.154,491984000000.0,15221000000.0,-137000000.0,0.0,554.425,
11,AIG,MRQ,2018-09-30,2018-09-30,2018-09-30,2021-09-07,-536000000.0,504860000000.0,,,,,65.442,0.0,2741000000.0,2741000000.0,9245000000.0,-1259000000.0,,7.607,34594000000.0,,,34594000000.0,20829000000.0,1029000000.0,140491000000.0,0.024,0.32,-1240000000.0,-211000000.0,-0.018,-211000000.0,-1240000000.0,-1566000000.0,-1.41,-1.41,-1.41,58586000000.0,,58586000000.0,78949879362.0,26.0,10.042,302000000.0,0.337,1.0,2241000000.0,0.195,0.0,326000000.0,536713000000.0,,0.0,316063000000.0,,,445683000000.0,,,47300879362.0,743000000.0,-5052000000.0,-348000000.0,-274000000.0,-283000000.0,-90000000.0,553000000.0,5424000000.0,302000000.0,-22000000.0,-1259000000.0,-1259000000.0,-1259000000.0,39000000.0,0.0,-0.11,3441000000.0,-1200000000.0,0.0,-0.227,0.807,-7.826,-8.203,0.0,0.0,53.24,0.997,1.004,12238000000.0,21749000000.0,11486000000.0,11486000000.0,0.0,,,,,0.0,3443000000.0,1.0,888446269.0,895237359,895237359.0,12.83,504860000000.0,15088000000.0,-307000000.0,0.0,563.94,
12,AIG,MRQ,2018-06-30,2018-06-30,2018-06-30,2021-09-07,230000000.0,496829000000.0,,,,,67.742,0.0,2135000000.0,2135000000.0,6440000000.0,931000000.0,,7.11,33784000000.0,,,33784000000.0,19676000000.0,1402000000.0,138964000000.0,0.024,0.32,1557000000.0,2959000000.0,0.254,2959000000.0,1557000000.0,1258000000.0,1.04,1.02,1.04,61186000000.0,,61186000000.0,79111172118.0,47.0,12.484,598000000.0,0.662,1.0,5191000000.0,0.446,0.0,299000000.0,528478000000.0,,0.0,319758000000.0,,,435032000000.0,,,47595172118.0,9000000.0,4000000.0,-348000000.0,-167000000.0,-286000000.0,-1063000000.0,502000000.0,-395000000.0,598000000.0,-28000000.0,937000000.0,937000000.0,937000000.0,0.0,-6000000.0,0.081,3635000000.0,1556000000.0,0.0,0.308,0.778,-7.295,-7.585,0.0,0.0,53.02,0.997,1.003,10860000000.0,23318000000.0,11631000000.0,11631000000.0,0.0,,,,,0.0,3660000000.0,1.0,897683367.0,903215488,916572481.0,12.877,496829000000.0,14753000000.0,321000000.0,0.0,550.067,
13,AIG,MRQ,2018-03-31,2018-03-31,2018-03-31,2021-09-07,2220000000.0,499143000000.0,,,,,69.158,0.0,2103000000.0,2103000000.0,6583000000.0,949000000.0,,6.94,33619000000.0,,,33619000000.0,20038000000.0,1382000000.0,138153000000.0,0.024,0.32,1492000000.0,2874000000.0,0.245,2874000000.0,1492000000.0,1215000000.0,1.03,1.01,1.03,62792000000.0,,62792000000.0,78390356939.0,37.0,12.351,-938000000.0,-1.033,1.0,5129000000.0,0.438,0.0,277000000.0,530659000000.0,,0.0,322375000000.0,,,435786000000.0,,,49112356939.0,-366000000.0,6000000.0,-298000000.0,1712000000.0,-289000000.0,2486000000.0,-1972000000.0,-1549000000.0,-938000000.0,58000000.0,938000000.0,938000000.0,938000000.0,1000000.0,11000000.0,0.08,3621000000.0,1508000000.0,0.0,0.311,0.782,-7.757,-7.991,0.0,0.0,54.42,1.011,1.017,11107000000.0,22671000000.0,11712000000.0,11712000000.0,0.0,,,,,0.0,3629000000.0,1.0,902468889.0,907951597,925266577.0,12.899,499143000000.0,14558000000.0,277000000.0,0.0,549.746,
14,AIG,MRQ,2017-12-31,2017-12-31,2017-12-31,2021-09-07,5465000000.0,498301000000.0,,,,,71.786,0.0,2362000000.0,2362000000.0,8228000000.0,-6672000000.0,,6.638,31640000000.0,,,31640000000.0,19030000000.0,1068000000.0,135602000000.0,0.021,0.32,1172000000.0,2240000000.0,0.177,2240000000.0,1172000000.0,884000000.0,-7.15,-7.14,-7.15,65171000000.0,,65171000000.0,82165999324.0,31.0,12.672,1044000000.0,1.15,1.0,4407000000.0,0.349,0.0,288000000.0,527579000000.0,,0.0,322292000000.0,,,432593000000.0,,,53559999324.0,32000000.0,187000000.0,0.0,4000000.0,-288000000.0,-571000000.0,-434000000.0,-2311000000.0,1044000000.0,-7000000.0,-6660000000.0,-6660000000.0,-6660000000.0,3000000.0,-12000000.0,-0.527,3245000000.0,1162000000.0,0.0,-0.045,0.822,-8.803,-9.11,0.0,0.0,59.58,1.082,1.12,10248000000.0,21457000000.0,12635000000.0,12635000000.0,0.0,,,,,0.0,3486000000.0,1.0,898959371.0,907852648,838357306.0,13.917,498301000000.0,14033000000.0,7544000000.0,0.0,548.879,
15,AIG,MRQ,2017-09-30,2017-09-30,2017-09-30,2021-09-07,5939000000.0,503073000000.0,,,,,79.752,0.0,2433000000.0,2433000000.0,11189000000.0,-1713000000.0,,5.934,31039000000.0,,,31039000000.0,20135000000.0,804000000.0,134514000000.0,0.021,0.32,-2540000000.0,-1736000000.0,-0.148,-1736000000.0,-2540000000.0,-2830000000.0,-1.91,-1.91,-1.91,72468000000.0,,72468000000.0,84755074757.0,-37.0,47.112,174000000.0,0.191,1.0,562000000.0,0.048,0.0,290000000.0,531679000000.0,,0.0,321123000000.0,,,430061000000.0,,,55460074757.0,-172000000.0,67000000.0,-275000000.0,-961000000.0,-287000000.0,-99000000.0,-250000000.0,-403000000.0,174000000.0,3000000.0,-1739000000.0,-1739000000.0,-1739000000.0,1000000.0,26000000.0,-0.148,3074000000.0,-2512000000.0,0.0,-0.168,0.765,-22.499,-27.529,0.0,0.0,61.39,1.112,1.118,11156000000.0,28389000000.0,11751000000.0,11751000000.0,0.0,,,,,0.0,3061000000.0,1.0,903405681.0,908667044,908667044.0,12.932,503073000000.0,20954000000.0,-1091000000.0,0.0,553.638,
16,AIG,MRQ,2017-06-30,2017-06-30,2017-06-30,2021-09-07,4962000000.0,499762000000.0,,,,,79.646,0.0,2517000000.0,2517000000.0,7190000000.0,1118000000.0,,5.77,31812000000.0,,,31812000000.0,19992000000.0,990000000.0,133295000000.0,0.02,0.32,1979000000.0,2969000000.0,0.237,2969000000.0,1979000000.0,1687000000.0,1.22,1.19,1.22,73732000000.0,,73732000000.0,86708272567.0,64.0,16.758,1300000000.0,1.404,1.0,5312000000.0,0.425,0.0,292000000.0,529057000000.0,,0.0,320746000000.0,,,425438000000.0,,,57879272567.0,604000000.0,514000000.0,-2415000000.0,1066000000.0,-290000000.0,-979000000.0,226000000.0,328000000.0,1300000000.0,57000000.0,1130000000.0,1130000000.0,1130000000.0,-8000000.0,-12000000.0,0.09,3357000000.0,1955000000.0,0.0,0.262,0.785,-219.24,568.364,0.0,0.0,62.52,1.135,1.135,10921000000.0,30420000000.0,12502000000.0,12502000000.0,0.0,,,,,0.0,3297000000.0,1.0,925772114.0,925751084,948248771.0,13.505,499762000000.0,20171000000.0,557000000.0,0.0,539.845,
17,AIG,MRQ,2017-03-31,2017-03-31,2017-03-31,2021-09-07,3781000000.0,500162000000.0,,,,,75.521,0.0,1918000000.0,1918000000.0,6957000000.0,1211000000.0,,5.745,30747000000.0,,,30747000000.0,19840000000.0,1012000000.0,132639000000.0,0.021,0.32,1999000000.0,3011000000.0,0.238,3011000000.0,1999000000.0,1701000000.0,1.21,1.18,1.21,74069000000.0,,74069000000.0,90197932049.0,36.0,14.017,-10336000000.0,-10.539,1.0,5675000000.0,0.449,0.0,298000000.0,528991000000.0,,0.0,315505000000.0,,,425495000000.0,,,61153932049.0,33000000.0,24000000.0,-3585000000.0,-451000000.0,-307000000.0,-4048000000.0,14499000000.0,13739000000.0,-10336000000.0,-82000000.0,1185000000.0,1185000000.0,1185000000.0,0.0,26000000.0,0.094,3651000000.0,2024000000.0,0.0,0.264,0.826,117.83,102.344,0.0,0.0,62.43,1.149,1.151,11130000000.0,29591000000.0,12632000000.0,12632000000.0,0.0,,,,,0.0,3551000000.0,1.0,979560020.0,980777243,1005315030.0,12.88,500162000000.0,20881000000.0,516000000.0,0.0,509.965,
18,AIG,MRQ,2016-12-31,2016-12-31,2016-12-31,2021-09-07,3230000000.0,498264000000.0,,,,,74.556,0.0,1868000000.0,1868000000.0,12596000000.0,-2506000000.0,,5.523,30912000000.0,,,30912000000.0,19634000000.0,1276000000.0,132216000000.0,0.02,0.32,-3721000000.0,-2445000000.0,-0.188,-2445000000.0,-3721000000.0,-4026000000.0,-2.75,-2.7,-2.75,76300000000.0,,76300000000.0,96861194622.0,163.0,20.67,1749000000.0,1.709,1.0,414000000.0,0.032,0.0,305000000.0,527308000000.0,,0.0,328175000000.0,,,421406000000.0,,,67082194622.0,-893000000.0,2809000000.0,-2954000000.0,-1875000000.0,-321000000.0,-5536000000.0,2927000000.0,116000000.0,1749000000.0,-33000000.0,-3041000000.0,-3041000000.0,-3041000000.0,36000000.0,535000000.0,-0.234,3566000000.0,-3152000000.0,0.0,-0.116,0.879,-79.013,-83.731,0.0,0.0,65.31,1.281,1.361,10465000000.0,28711000000.0,13010000000.0,13010000000.0,0.0,,,,,0.0,3760000000.0,1.0,1027135119.0,1023387890,936239903.0,12.713,498264000000.0,21332000000.0,-985000000.0,0.0,486.877,
19,AIG,MRQ,2016-09-30,2016-09-30,2016-09-30,2021-09-07,9057000000.0,514568000000.0,,,,,82.762,0.0,2498000000.0,2498000000.0,8376000000.0,436000000.0,,4.798,32277000000.0,,,32277000000.0,21047000000.0,544000000.0,132808000000.0,0.021,0.32,1095000000.0,1639000000.0,0.128,1639000000.0,1095000000.0,766000000.0,0.43,0.42,0.43,88663000000.0,,88663000000.0,95077961077.0,56.0,16.864,1182000000.0,1.103,1.0,4478000000.0,0.348,0.0,329000000.0,544347000000.0,,0.0,346368000000.0,,,425403000000.0,,,63532961077.0,714000000.0,0.0,-2258000000.0,-22000000.0,-338000000.0,-1107000000.0,589000000.0,11000000.0,1182000000.0,50000000.0,462000000.0,462000000.0,462000000.0,-3000000.0,-26000000.0,0.036,3426000000.0,1052000000.0,0.0,0.744,0.717,181.006,94.19,0.0,0.0,59.34,1.194,1.195,11606000000.0,32077000000.0,12854000000.0,12854000000.0,0.0,,,,,0.0,3554000000.0,1.0,1070659944.0,1071295892,1102400770.0,11.999,514568000000.0,18412000000.0,304000000.0,0.0,480.323,
20,AIG,MRQ,2016-06-30,2016-06-30,2016-06-30,2021-09-07,8259000000.0,510349000000.0,,,,,80.771,0.0,1784000000.0,1784000000.0,7833000000.0,1924000000.0,,4.667,33329000000.0,,,33329000000.0,22165000000.0,1073000000.0,131936000000.0,0.023,0.32,3157000000.0,4230000000.0,0.287,4230000000.0,3157000000.0,2837000000.0,1.72,1.68,1.72,89946000000.0,,89946000000.0,89638622420.0,118.0,17.087,1539000000.0,1.382,1.0,6891000000.0,0.468,0.0,320000000.0,541894000000.0,,0.0,350667000000.0,,,419812000000.0,,,59185622420.0,285000000.0,0.0,-2762000000.0,1438000000.0,-350000000.0,-643000000.0,-649000000.0,-2647000000.0,1539000000.0,38000000.0,1913000000.0,1913000000.0,1913000000.0,10000000.0,11000000.0,0.13,3706000000.0,3185000000.0,0.0,0.186,0.658,-173.057,2644.5,0.0,0.0,52.89,1.113,1.108,12078000000.0,31951000000.0,14724000000.0,14724000000.0,0.0,,,,,0.0,3931000000.0,1.0,1119032377.0,1113587927,1140045973.0,13.222,510349000000.0,18542000000.0,924000000.0,0.0,458.293,
21,AIG,MRQ,2016-03-31,2016-03-31,2016-03-31,2021-09-07,5525000000.0,502777000000.0,,,,,76.536,0.0,1499000000.0,1499000000.0,7337000000.0,-203000000.0,,4.674,31952000000.0,,,31952000000.0,22060000000.0,1197000000.0,130007000000.0,0.019,0.32,65000000.0,1262000000.0,0.107,1262000000.0,65000000.0,-241000000.0,-0.16,-0.16,-0.16,88518000000.0,,88518000000.0,89848678237.0,182.0,17.642,-968000000.0,-0.837,1.0,4442000000.0,0.377,0.0,306000000.0,533230000000.0,,0.0,342846000000.0,,,413696000000.0,,,62127678237.0,-130000000.0,0.0,-3486000000.0,2331000000.0,-363000000.0,453000000.0,385000000.0,-1043000000.0,-968000000.0,0.0,-183000000.0,-183000000.0,-183000000.0,47000000.0,-20000000.0,-0.016,4267000000.0,175000000.0,0.0,-2.0,0.702,-136.544,-154.429,0.0,0.0,54.05,1.148,1.155,12414000000.0,30396000000.0,11779000000.0,11779000000.0,0.0,,,,,0.0,4265000000.0,1.0,1149448256.0,1156548459,1156548459.0,10.185,502777000000.0,20116000000.0,-58000000.0,0.0,434.722,
22,AIG,MRQ,2015-12-31,2015-12-31,2015-12-31,2021-09-07,2537000000.0,496842000000.0,,,,,73.126,0.0,1629000000.0,1629000000.0,11731000000.0,-1849000000.0,,4.535,29249000000.0,,,29249000000.0,21318000000.0,1127000000.0,127588000000.0,0.013,0.28,-2620000000.0,-1493000000.0,-0.108,-1493000000.0,-2620000000.0,-2924000000.0,-1.36,-1.32,-1.36,89658000000.0,,89658000000.0,105807665369.0,23.0,11.545,643000000.0,0.524,1.0,2100000000.0,0.152,0.0,304000000.0,524462000000.0,,0.0,338354000000.0,,,406632000000.0,,,76657665369.0,60000000.0,0.0,-3218000000.0,-1044000000.0,-341000000.0,-2365000000.0,1782000000.0,2447000000.0,643000000.0,0.0,-1841000000.0,-1841000000.0,-1841000000.0,0.0,-8000000.0,-0.133,4728000000.0,-2628000000.0,0.0,-0.206,0.855,34.908,36.669,0.0,0.0,61.97,1.314,1.381,11451000000.0,30943000000.0,13831000000.0,13831000000.0,0.0,,,,,0.0,4727000000.0,1.0,1237012512.0,1226077493,1266533180.0,11.281,496842000000.0,20394000000.0,-1083000000.0,0.0,405.229,
23,AIG,MRQ,2015-09-30,2015-09-30,2015-09-30,2021-09-07,6557000000.0,501985000000.0,,,,,77.399,0.0,1569000000.0,1569000000.0,7817000000.0,-197000000.0,,4.064,30719000000.0,,,30719000000.0,22686000000.0,1092000000.0,126641000000.0,0.012,0.28,155000000.0,1247000000.0,0.097,1247000000.0,155000000.0,-166000000.0,-0.18,-0.18,-0.18,98999000000.0,,98999000000.0,101941654794.0,12.0,7.993,1741000000.0,1.361,1.0,5005000000.0,0.39,0.0,321000000.0,531135000000.0,,0.0,346401000000.0,,,402366000000.0,,,73518654794.0,-368000000.0,0.0,-3730000000.0,-967000000.0,-352000000.0,-3498000000.0,1394000000.0,783000000.0,1741000000.0,-5000000.0,-231000000.0,-231000000.0,-231000000.0,17000000.0,34000000.0,-0.018,4453000000.0,552000000.0,0.0,-1.556,0.743,15.669,16.328,0.0,0.0,56.82,1.227,1.213,12078000000.0,33122000000.0,12822000000.0,12822000000.0,0.0,,,,,0.0,4450000000.0,1.0,1293886920.0,1279072748,1279072748.0,10.024,501985000000.0,19511000000.0,65000000.0,0.0,392.46,
24,AIG,MRQ,2015-06-30,2015-06-30,2015-06-30,2021-09-07,7620000000.0,509987000000.0,,,,,78.439,0.0,1937000000.0,1937000000.0,8042000000.0,1791000000.0,,3.888,30360000000.0,,,30360000000.0,22786000000.0,1184000000.0,124480000000.0,0.008,0.125,2893000000.0,4077000000.0,0.26,4077000000.0,2893000000.0,2577000000.0,1.35,1.32,1.35,104258000000.0,,104258000000.0,112606505854.0,10.0,7.048,105000000.0,0.079,1.0,7657000000.0,0.488,0.0,316000000.0,538410000000.0,,0.0,349835000000.0,,,405345000000.0,,,82430505854.0,114000000.0,0.0,-2345000000.0,-1619000000.0,-165000000.0,-4962000000.0,4972000000.0,55000000.0,105000000.0,-1000000.0,1800000000.0,1800000000.0,1800000000.0,-16000000.0,-9000000.0,0.115,4447000000.0,3210000000.0,0.0,0.093,0.791,11.585,11.888,0.0,0.0,61.82,1.292,1.288,13258000000.0,33707000000.0,15699000000.0,15699000000.0,0.0,,,,,0.0,4446000000.0,1.0,1333395436.0,1329157366,1365390431.0,11.811,509987000000.0,18665000000.0,777000000.0,0.0,383.692,
25,AIG,MRQ,2015-03-31,2015-03-31,2015-03-31,2021-09-07,10657000000.0,520701000000.0,,,,,79.05,0.0,1823000000.0,1823000000.0,7486000000.0,2477000000.0,,3.819,31999000000.0,,,31999000000.0,22437000000.0,1226000000.0,124935000000.0,0.009,0.125,4108000000.0,5334000000.0,0.334,5334000000.0,4108000000.0,3768000000.0,1.81,1.78,1.81,107979000000.0,,107979000000.0,104654762577.0,8.0,5.772,388000000.0,0.284,1.0,8489000000.0,0.531,0.0,340000000.0,550877000000.0,,0.0,358434000000.0,,,412334000000.0,,,75195762577.0,65000000.0,0.0,-1398000000.0,692000000.0,-170000000.0,-604000000.0,314000000.0,800000000.0,388000000.0,-33000000.0,2468000000.0,2468000000.0,2468000000.0,-1000000.0,9000000.0,0.154,4305000000.0,4184000000.0,0.0,0.069,0.696,8.965,9.162,0.0,0.0,54.79,1.171,1.165,13450000000.0,32073000000.0,15975000000.0,15975000000.0,0.0,,,,,0.0,4299000000.0,1.0,1372435893.0,1365951690,1386263549.0,11.695,520701000000.0,18010000000.0,1300000000.0,0.0,381.2,
26,AIG,MRQ,2014-12-31,2014-12-31,2014-12-31,2021-09-07,10617000000.0,515581000000.0,,,,,76.828,0.0,1758000000.0,1758000000.0,8478000000.0,675000000.0,,3.82,31217000000.0,,,31217000000.0,21324000000.0,1076000000.0,124613000000.0,0.009,0.125,1020000000.0,2096000000.0,0.136,2096000000.0,1020000000.0,674000000.0,0.5,0.49,0.5,106898000000.0,,106898000000.0,112699089547.0,9.0,6.78,650000000.0,0.467,1.0,6932000000.0,0.45,0.0,346000000.0,545040000000.0,,0.0,355766000000.0,,,408309000000.0,,,78409089547.0,-175000000.0,0.0,-1499000000.0,-3739000000.0,-173000000.0,-10187000000.0,9417000000.0,10955000000.0,650000000.0,-55000000.0,655000000.0,655000000.0,655000000.0,35000000.0,20000000.0,0.043,4589000000.0,2343000000.0,0.0,0.25,0.733,10.414,10.628,0.0,0.0,56.01,1.217,1.242,12031000000.0,29775000000.0,15410000000.0,15410000000.0,0.0,,,,,0.0,4590000000.0,1.0,1399912329.0,1391392874,1411764909.0,11.075,515581000000.0,19339000000.0,19000000.0,0.0,370.55,
27,AIG,MRQ,2014-09-30,2014-09-30,2014-09-30,2021-09-07,11331000000.0,527190000000.0,,,,,76.506,0.0,1933000000.0,1933000000.0,8085000000.0,2201000000.0,,3.852,36223000000.0,,,36223000000.0,23695000000.0,1029000000.0,123744000000.0,0.009,0.125,3442000000.0,4471000000.0,0.268,4471000000.0,3442000000.0,3012000000.0,1.54,1.52,1.54,108581000000.0,,108581000000.0,113667268008.0,8.0,6.191,2716000000.0,1.914,1.0,8612000000.0,0.516,0.0,430000000.0,561480000000.0,,0.0,368022000000.0,,,418207000000.0,,,77080268008.0,106000000.0,0.0,-1554000000.0,-2735000000.0,-178000000.0,-3799000000.0,1205000000.0,1027000000.0,2716000000.0,-16000000.0,2192000000.0,2192000000.0,2192000000.0,-2000000.0,9000000.0,0.131,4421000000.0,4191000000.0,0.0,0.081,0.71,8.708,8.841,0.0,0.0,54.02,1.158,1.152,13236000000.0,29300000000.0,16697000000.0,16697000000.0,0.0,,,,,0.0,4439000000.0,1.0,1426883895.0,1419239774,1442067842.0,11.765,527190000000.0,19606000000.0,820000000.0,0.0,371.459,
28,AIG,MRQ,2014-06-30,2014-06-30,2014-06-30,2021-09-07,11511000000.0,529109000000.0,,,,,74.987,0.0,1827000000.0,1827000000.0,7734000000.0,3036000000.0,,3.888,38414000000.0,,,38414000000.0,23694000000.0,1222000000.0,123354000000.0,0.008,0.125,5010000000.0,6232000000.0,0.386,6232000000.0,5010000000.0,4547000000.0,2.13,2.1,2.13,108161000000.0,,108161000000.0,115976097726.0,10.0,6.96,878000000.0,0.609,1.0,8402000000.0,0.521,0.0,463000000.0,565696000000.0,,0.0,371593000000.0,,,420528000000.0,,,78958097726.0,-748000000.0,2348000000.0,-982000000.0,-1301000000.0,-179000000.0,-1513000000.0,-121000000.0,-3133000000.0,878000000.0,8000000.0,3073000000.0,3073000000.0,3073000000.0,-30000000.0,-37000000.0,0.19,3425000000.0,4977000000.0,0.0,0.059,0.73,8.942,9.036,0.0,0.0,54.58,1.2,1.197,14077000000.0,27286000000.0,16136000000.0,16136000000.0,0.0,,,,,0.0,5599000000.0,1.0,1446648914.0,1442397111,1464676330.0,11.187,529109000000.0,19912000000.0,1474000000.0,0.0,366.826,
29,AIG,MRQ,2014-03-31,2014-03-31,2014-03-31,2021-09-07,9085000000.0,547111000000.0,,,,,71.155,0.0,2490000000.0,2490000000.0,7752000000.0,1612000000.0,,4.263,39508000000.0,,,39508000000.0,23383000000.0,1121000000.0,122839000000.0,0.006,0.125,2702000000.0,3823000000.0,0.237,3823000000.0,2702000000.0,2223000000.0,1.1,1.09,1.1,103833000000.0,,103833000000.0,112670022726.0,10.0,7.307,763000000.0,0.523,1.0,8411000000.0,0.52,0.0,479000000.0,584129000000.0,,0.0,359136000000.0,,,442691000000.0,,,73218022726.0,246000000.0,0.0,-867000000.0,-1698000000.0,-182000000.0,-4289000000.0,3783000000.0,5751000000.0,763000000.0,-11000000.0,1609000000.0,1609000000.0,1609000000.0,47000000.0,3000000.0,0.1,5421000000.0,2990000000.0,0.0,0.114,0.705,8.626,8.682,0.0,0.0,50.01,1.076,1.072,14269000000.0,24393000000.0,16163000000.0,16163000000.0,0.0,,,,,0.0,5425000000.0,1.0,1464067641.0,1459249393,1472510813.0,11.076,547111000000.0,21631000000.0,614000000.0,0.0,374.926,
30,AIG,MRQ,2013-12-31,2013-12-31,2013-12-31,2021-09-07,6360000000.0,541329000000.0,,,,,68.409,0.0,2241000000.0,2241000000.0,8248000000.0,1973000000.0,,4.382,41693000000.0,,,41693000000.0,21953000000.0,1155000000.0,122016000000.0,0.004,0.1,2680000000.0,3835000000.0,0.219,3835000000.0,2680000000.0,2166000000.0,1.34,1.33,1.34,100470000000.0,,100470000000.0,115336284077.0,10.0,7.076,1917000000.0,1.305,1.0,9294000000.0,0.53,0.0,514000000.0,580781000000.0,,0.0,358093000000.0,,,440218000000.0,,,75163284077.0,199000000.0,0.0,-405000000.0,-1240000000.0,-147000000.0,-2286000000.0,581000000.0,600000000.0,1917000000.0,-13000000.0,1978000000.0,1978000000.0,1978000000.0,-11000000.0,-5000000.0,0.113,6438000000.0,2856000000.0,0.0,0.075,0.748,8.273,8.287,0.0,0.0,51.05,1.091,1.093,12939000000.0,22965000000.0,17542000000.0,17542000000.0,0.0,,,,,0.0,6437000000.0,1.0,1472346407.0,1468665658,1480594569.0,11.944,541329000000.0,21925000000.0,188000000.0,0.0,368.586,
31,AIG,MRQ,2013-09-30,2013-09-30,2013-09-30,2021-09-07,6509000000.0,540744000000.0,,,,,66.976,0.0,2058000000.0,2058000000.0,8340000000.0,2130000000.0,,4.466,42231000000.0,,,42231000000.0,23606000000.0,1058000000.0,121441000000.0,0.002,0.1,1716000000.0,2774000000.0,0.174,2774000000.0,1716000000.0,1200000000.0,1.47,1.46,1.47,98793000000.0,,98793000000.0,112646944705.0,33.0,10.947,2274000000.0,1.542,1.0,7604000000.0,0.477,0.0,516000000.0,580917000000.0,,0.0,360025000000.0,,,441229000000.0,,,71794944705.0,295000000.0,0.0,-192000000.0,-1741000000.0,-147000000.0,-2417000000.0,447000000.0,1660000000.0,2274000000.0,-9000000.0,2170000000.0,2170000000.0,2170000000.0,18000000.0,-40000000.0,0.136,5829000000.0,1775000000.0,0.0,0.068,0.727,22.799,18.42,0.0,0.0,48.63,0.996,0.995,13715000000.0,21136000000.0,15944000000.0,15944000000.0,0.0,,,,,0.0,5829000000.0,1.0,1476350909.0,1475053126,1485322858.0,10.809,540744000000.0,21671000000.0,-970000000.0,0.0,366.593,
32,AIG,MRQ,2013-06-30,2013-06-30,2013-06-30,2021-09-07,7039000000.0,537438000000.0,,,,,66.009,0.0,1762000000.0,1762000000.0,9062000000.0,2758000000.0,,4.506,42614000000.0,,,42614000000.0,23578000000.0,1297000000.0,121439000000.0,0.0,0.0,3691000000.0,4988000000.0,0.271,4988000000.0,3691000000.0,3156000000.0,1.85,1.84,1.85,97463000000.0,,97463000000.0,110031628876.0,23.0,9.042,1823000000.0,1.235,1.0,9364000000.0,0.508,0.0,535000000.0,578290000000.0,,0.0,361012000000.0,,,439203000000.0,,,65992628876.0,559000000.0,0.0,0.0,-3039000000.0,0.0,-3337000000.0,2107000000.0,1607000000.0,1823000000.0,-34000000.0,2731000000.0,2731000000.0,2731000000.0,-18000000.0,27000000.0,0.148,5626000000.0,3738000000.0,0.0,0.0,0.677,23.278,19.435,0.0,0.0,44.7,0.905,0.906,14203000000.0,19113000000.0,18426000000.0,18426000000.0,0.0,,,,,0.0,5579000000.0,1.0,1476345165.0,1476512720,1482246618.0,12.479,537438000000.0,20044000000.0,425000000.0,0.0,363.991,
33,AIG,MRQ,2013-03-31,2013-03-31,2013-03-31,2021-09-07,11839000000.0,548880000000.0,,,,,67.404,0.0,1227000000.0,1227000000.0,7745000000.0,2231000000.0,,4.505,45266000000.0,,,45266000000.0,24200000000.0,1203000000.0,121856000000.0,0.0,0.0,3500000000.0,4703000000.0,0.277,4703000000.0,3500000000.0,2923000000.0,1.49,1.49,1.49,99520000000.0,,99520000000.0,104659838402.0,29.0,9.574,-149000000.0,-0.101,1.0,9217000000.0,0.543,0.0,577000000.0,592919000000.0,,0.0,372989000000.0,,,448309000000.0,,,57310838402.0,61000000.0,0.0,0.0,-2942000000.0,0.0,-3718000000.0,3964000000.0,3982000000.0,-149000000.0,-36000000.0,2206000000.0,2206000000.0,2206000000.0,-73000000.0,25000000.0,0.13,5425000000.0,3792000000.0,0.0,0.0,0.576,23.527,21.809,0.0,0.0,38.82,0.811,0.811,15310000000.0,16382000000.0,16962000000.0,16962000000.0,0.0,,,,,0.0,5425000000.0,1.0,1476322473.0,1476471097,1476678931.0,11.488,548880000000.0,17741000000.0,717000000.0,0.0,371.751,
34,AIG,MRQ,2012-12-31,2012-12-31,2012-12-31,2021-09-07,12574000000.0,548633000000.0,,,,,66.446,0.0,1151000000.0,1151000000.0,10161000000.0,-3949000000.0,,4.588,48500000000.0,,,48500000000.0,22537000000.0,3330000000.0,122980000000.0,0.0,0.0,-5505000000.0,-2175000000.0,-0.105,-2175000000.0,-5505000000.0,-6090000000.0,-2.17,-2.17,-2.17,98002000000.0,,98002000000.0,124253548744.0,25.0,10.104,837000000.0,0.567,1.0,10613000000.0,0.511,0.0,585000000.0,595982000000.0,,0.0,379495000000.0,,,449630000000.0,,,52113548744.0,-394000000.0,0.0,0.0,-822000000.0,0.0,1290000000.0,-2546000000.0,-5164000000.0,837000000.0,25000000.0,-3958000000.0,-3958000000.0,-3958000000.0,279000000.0,9000000.0,-0.191,15807000000.0,-5194000000.0,0.0,0.0,0.532,15.158,17.304,0.0,0.0,35.3,0.732,0.836,13989000000.0,14176000000.0,20774000000.0,20774000000.0,0.0,,,,,0.0,9071000000.0,1.0,1476304497.0,1474920341,1474954102.0,14.085,548633000000.0,17466000000.0,-2132000000.0,0.0,371.975,
35,AIG,MRQ,2012-09-30,2012-09-30,2012-09-30,2021-09-07,10887000000.0,550723000000.0,,,,,61.898,0.0,1608000000.0,1608000000.0,9191000000.0,1861000000.0,,4.408,73748000000.0,,,73748000000.0,24418000000.0,1461000000.0,127478000000.0,0.0,0.0,3192000000.0,4653000000.0,0.278,4653000000.0,3192000000.0,2590000000.0,1.13,1.13,1.13,101666000000.0,,101666000000.0,129341847756.0,10.0,6.985,1207000000.0,0.735,1.0,7531000000.0,0.45,0.0,602000000.0,622863000000.0,,0.0,378639000000.0,,,448150000000.0,,,56676847756.0,376000000.0,0.0,-8000000000.0,-441000000.0,0.0,-9133000000.0,8287000000.0,687000000.0,1207000000.0,15000000.0,1856000000.0,1856000000.0,1856000000.0,-37000000.0,5000000.0,0.111,4371000000.0,3160000000.0,0.0,0.0,0.557,1.963,2.033,34932000000.0,0.0,32.79,0.825,0.784,14564000000.0,18170000000.0,16722000000.0,16722000000.0,0.0,,,,,0.0,4371000000.0,1.0,1728479651.0,1642472814,1642502251.0,10.181,550723000000.0,14119000000.0,734000000.0,0.0,335.301,
36,AIG,MRQ,2012-06-30,2012-06-30,2012-06-30,2021-09-07,7791000000.0,555383000000.0,,,,,59.606,0.0,1232000000.0,1232000000.0,8843000000.0,2339000000.0,,4.295,73897000000.0,,,73897000000.0,24458000000.0,1343000000.0,126954000000.0,0.0,0.0,2408000000.0,3751000000.0,0.231,3751000000.0,2408000000.0,1841000000.0,1.33,1.33,1.33,104709000000.0,,104709000000.0,132350923219.0,23.0,10.837,1538000000.0,0.876,1.0,7378000000.0,0.455,0.0,567000000.0,628048000000.0,,0.0,381188000000.0,,,449742000000.0,,,57569923219.0,-83000000.0,0.0,-2000000000.0,-1462000000.0,0.0,-2489000000.0,890000000.0,5555000000.0,1538000000.0,-22000000.0,2332000000.0,2332000000.0,2332000000.0,-179000000.0,7000000.0,0.144,5133000000.0,2245000000.0,0.0,0.0,0.55,2.5,2.488,35095000000.0,0.0,32.09,0.89,0.871,14550000000.0,16314000000.0,16221000000.0,16221000000.0,0.0,,,,,0.0,5133000000.0,1.0,1794014435.0,1756689067,1756714475.0,9.234,555383000000.0,16195000000.0,-491000000.0,0.0,316.153,
37,AIG,MRQ,2012-03-31,2012-03-31,2012-03-31,2021-09-07,6873000000.0,554403000000.0,,,,,55.145,0.0,1315000000.0,1315000000.0,8181000000.0,3449000000.0,,4.349,76096000000.0,,,76096000000.0,25034000000.0,1215000000.0,126376000000.0,0.0,0.0,4854000000.0,6069000000.0,0.347,6069000000.0,4854000000.0,4289000000.0,1.71,1.71,1.71,103451000000.0,,103451000000.0,132259369161.0,22.0,10.385,94000000.0,0.05,1.0,9316000000.0,0.532,0.0,565000000.0,629184000000.0,,0.0,375730000000.0,,,449938000000.0,,,58480369161.0,-159000000.0,0.0,-3000000000.0,236000000.0,0.0,-10232000000.0,9981000000.0,3042000000.0,94000000.0,-2000000.0,3208000000.0,3208000000.0,3208000000.0,-64000000.0,241000000.0,0.183,4285000000.0,5031000000.0,0.0,0.0,0.565,2.595,2.453,35452000000.0,0.0,30.83,0.897,0.888,15648000000.0,13982000000.0,17497000000.0,17497000000.0,0.0,,,,,0.0,4285000000.0,1.0,1896865688.0,1875972970,1876002775.0,9.327,554403000000.0,15955000000.0,1081000000.0,0.0,295.528,
38,AIG,MRQ,2011-12-31,2011-12-31,2011-12-31,2021-09-07,6481000000.0,553054000000.0,,,,,53.446,0.0,1474000000.0,1474000000.0,9211000000.0,21602000000.0,,4.354,75253000000.0,,,75253000000.0,23465000000.0,1754000000.0,126898000000.0,0.357,0.0,2291000000.0,4045000000.0,0.221,4045000000.0,2291000000.0,2902000000.0,11.96,11.96,11.96,101538000000.0,,101538000000.0,119909003853.0,36.0,11.234,1120000000.0,0.59,1.0,9056000000.0,0.496,0.0,-611000000.0,626833000000.0,,0.0,379398000000.0,,,442138000000.0,,,44062003853.0,-68000000.0,0.0,-70000000.0,-1401000000.0,0.0,-1482000000.0,302000000.0,-6755000000.0,1120000000.0,-8000000.0,21479000000.0,21479000000.0,21479000000.0,-140000000.0,123000000.0,1.176,7266000000.0,1790000000.0,0.0,0.0,0.434,2.224,2.107,35539000000.0,0.0,23.2,0.677,0.641,14721000000.0,10774000000.0,18267000000.0,18267000000.0,0.0,,,,,0.0,7192000000.0,1.0,1899224304.0,1899825691,1900116651.0,9.615,553054000000.0,19615000000.0,-18577000000.0,0.0,291.108,
39,AIG,MRQ,2011-09-30,2011-09-30,2011-09-30,2021-09-07,5829000000.0,544257000000.0,,,,,45.291,0.0,1542000000.0,1542000000.0,9479000000.0,-3826000000.0,,5.208,77389000000.0,,,77389000000.0,25951000000.0,2033000000.0,125955000000.0,0.377,0.0,-3685000000.0,-1652000000.0,-0.13,-1652000000.0,-3685000000.0,-4655000000.0,-2.1,-2.1,-2.1,86031000000.0,,86031000000.0,118531498570.0,6.0,4.716,2336000000.0,1.23,1.0,3240000000.0,0.255,0.0,970000000.0,620104000000.0,,0.0,382094000000.0,,,448047000000.0,,,41660498570.0,-1061000000.0,0.0,723000000.0,-1700000000.0,0.0,-1730000000.0,-1675000000.0,-1210000000.0,2336000000.0,8000000.0,-3990000000.0,-3990000000.0,-3990000000.0,221000000.0,164000000.0,-0.314,6540000000.0,-3300000000.0,0.0,0.0,0.484,11.059,1.141,35758000000.0,0.0,21.95,0.658,0.658,15590000000.0,-5466000000.0,12719000000.0,12719000000.0,0.0,,,,,0.0,6540000000.0,1.0,1897972600.0,1899500628,1899500628.0,6.696,544257000000.0,0.0,-665000000.0,1612000000.0,286.526,
40,AIG,MRQ,2011-06-30,2011-06-30,2011-06-30,2021-09-07,9093000000.0,616798000000.0,,,,,50.46,0.0,2590000000.0,2590000000.0,9200000000.0,2053000000.0,,5.52,79461000000.0,,,79461000000.0,26196000000.0,1733000000.0,123504000000.0,0.282,0.0,2541000000.0,4274000000.0,0.256,4274000000.0,2541000000.0,1540000000.0,1.0,1.0,1.0,92681000000.0,,92681000000.0,133045638899.0,5.0,4.47,1775000000.0,0.966,1.0,7480000000.0,0.448,0.0,1001000000.0,693669000000.0,,0.0,378764000000.0,,,511593000000.0,,,52680638899.0,756000000.0,587000000.0,3609000000.0,-3236000000.0,0.0,771000000.0,-1796000000.0,61000000.0,1775000000.0,6000000.0,1836000000.0,1836000000.0,1836000000.0,37000000.0,217000000.0,0.11,4606000000.0,2874000000.0,0.0,0.0,0.568,10.054,10.434,37688000000.0,0.0,29.32,0.752,0.768,16629000000.0,-1357000000.0,16680000000.0,16680000000.0,0.0,,,,,0.0,4606000000.0,1.0,1796747575.0,1836713069,1836771513.0,9.081,616798000000.0,0.0,-296000000.0,1337000000.0,335.816,
41,AIG,MRQ,2011-03-31,2011-03-31,2011-03-31,2021-09-07,6896000000.0,611247000000.0,,,,,54.583,0.0,1801000000.0,1801000000.0,10065000000.0,1501000000.0,,6.043,82166000000.0,,,82166000000.0,26337000000.0,1852000000.0,122775000000.0,0.235,8.275,2132000000.0,3984000000.0,0.228,3984000000.0,2132000000.0,1071000000.0,0.31,0.31,0.31,85026000000.0,,85026000000.0,170601000580.0,7.0,6.125,-5312000000.0,-3.41,1.0,7374000000.0,0.423,0.0,1061000000.0,691612000000.0,,0.0,376120000000.0,,,513800000000.0,,,63094000580.0,-157000000.0,0.0,723000000.0,-44765000000.0,0.0,-34485000000.0,39617000000.0,10509000000.0,-5312000000.0,23000000.0,1297000000.0,485000000.0,485000000.0,-2585000000.0,204000000.0,0.028,4310000000.0,3064000000.0,0.0,26.694,0.742,84.35,-1.979,38100000000.0,812000000.0,35.14,0.88,0.763,17509000000.0,-3202000000.0,17439000000.0,17439000000.0,0.0,,,,,0.0,4310000000.0,1.0,1795503716.0,1557748353,1557748353.0,11.195,611247000000.0,0.0,-226000000.0,1908000000.0,392.391,
42,AIG,MRQ,2010-12-31,2010-12-31,2010-12-31,2021-09-07,7624000000.0,683443000000.0,,,,,613.898,0.0,1558000000.0,1558000000.0,15132000000.0,13982000000.0,,6.678,106461000000.0,,,106461000000.0,23803000000.0,-1814000000.0,121373000000.0,0.0,0.0,20344000000.0,18530000000.0,1.123,18530000000.0,20344000000.0,19397000000.0,20.03,20.03,20.03,85319000000.0,,85319000000.0,124071949801.0,5.0,4.168,1482000000.0,10.663,1.0,1373000000.0,0.083,0.0,947000000.0,788346000000.0,,0.0,377819000000.0,,,569770000000.0,,,7786949801.0,-1349000000.0,19857000000.0,0.0,2343000000.0,0.0,-489000000.0,-2385000000.0,-8895000000.0,1482000000.0,43000000.0,13448000000.0,5436000000.0,5436000000.0,-3132000000.0,534000000.0,0.329,-16477000000.0,17850000000.0,0.0,0.0,0.091,3.806,3.846,38510000000.0,8012000000.0,57.62,0.107,0.108,15713000000.0,-3466000000.0,16505000000.0,16505000000.0,0.0,,,,,0.0,2963000000.0,1.0,135143176.0,138979217,139031136.0,118.759,683443000000.0,0.0,5949000000.0,2369000000.0,4917.591,
43,AIG,MRQ,2010-09-30,2010-09-30,2010-09-30,2021-09-07,18000000000.0,871965000000.0,,,,,594.955,0.0,1668000000.0,1668000000.0,11175000000.0,-2013000000.0,,9.416,117953000000.0,,,117953000000.0,24633000000.0,2696000000.0,136481000000.0,0.0,0.0,279000000.0,2975000000.0,0.153,2975000000.0,279000000.0,-2031000000.0,-18.53,-18.53,-18.53,80842000000.0,,80842000000.0,141468440011.0,62.0,10.873,5344000000.0,39.329,1.0,8280000000.0,0.426,1447000000.0,2310000000.0,986803000000.0,,0.0,436115000000.0,,,761225000000.0,,,5283440011.0,-273000000.0,230000000.0,0.0,-5184000000.0,0.0,-4245000000.0,-1460000000.0,1316000000.0,5344000000.0,88000000.0,-2517000000.0,-2517000000.0,-2517000000.0,1833000000.0,504000000.0,-0.129,5664000000.0,2616000000.0,0.0,0.0,0.065,-0.386,-0.387,43112000000.0,0.0,39.1,0.07,0.071,18297000000.0,-14486000000.0,19455000000.0,19455000000.0,0.0,,,,,0.0,5668000000.0,1.0,135126343.0,135879125,135879125.0,143.179,870518000000.0,53000000.0,486000000.0,0.0,6406.562,
44,AIG,MRQ,2010-06-30,2010-06-30,2010-06-30,2021-09-07,9829000000.0,850531000000.0,,,,,555.69,0.0,2840000000.0,2840000000.0,9870000000.0,-2115000000.0,,9.883,139025000000.0,,,139025000000.0,24831000000.0,2282000000.0,157708000000.0,0.0,0.0,83000000.0,2365000000.0,0.129,2365000000.0,83000000.0,-1651000000.0,-19.57,-19.57,-19.57,75470000000.0,,75470000000.0,145823832187.0,35.0,10.034,6576000000.0,48.42,1.0,8444000000.0,0.461,2640000000.0,1734000000.0,984076000000.0,,0.0,461167000000.0,,,745884000000.0,,,4651832187.0,714000000.0,201000000.0,0.0,-5029000000.0,0.0,-4261000000.0,-1551000000.0,2051000000.0,6576000000.0,-50000000.0,-2656000000.0,-2656000000.0,-2656000000.0,2611000000.0,541000000.0,-0.145,5209000000.0,3235000000.0,0.0,0.0,0.062,-0.42,-0.421,44581000000.0,0.0,34.44,0.062,0.062,36191000000.0,-12120000000.0,18314000000.0,18314000000.0,0.0,,,,,0.0,5407000000.0,1.0,135070621.0,135813034,135813034.0,134.847,847891000000.0,3999000000.0,1005000000.0,0.0,6243.075,
45,AIG,MRQ,2010-03-31,2010-03-31,2010-03-31,2021-09-07,7053000000.0,863697000000.0,,,,,552.865,0.0,2133000000.0,2133000000.0,9702000000.0,2431000000.0,,10.134,143305000000.0,,,143305000000.0,26350000000.0,2813000000.0,143962000000.0,0.0,0.0,3087000000.0,5900000000.0,0.318,5900000000.0,3087000000.0,1336000000.0,2.66,2.66,2.66,75001000000.0,,75001000000.0,146213383643.0,18.0,7.366,3195000000.0,23.552,1.0,8853000000.0,0.477,2565000000.0,1751000000.0,1002304000000.0,,0.0,386877000000.0,,,760038000000.0,,,4606383643.0,-1629000000.0,1472000000.0,0.0,-52000000.0,0.0,-266000000.0,-4516000000.0,-2715000000.0,3195000000.0,-42000000.0,1783000000.0,359000000.0,359000000.0,-343000000.0,648000000.0,0.019,5461000000.0,3392000000.0,0.0,0.0,0.061,-0.568,-0.57,46517000000.0,1424000000.0,34.14,0.057,0.057,37630000000.0,-9871000000.0,18555000000.0,18555000000.0,0.0,,,,,0.0,5385000000.0,1.0,134926293.0,135658680,135724939.0,136.777,861132000000.0,6805000000.0,-447000000.0,0.0,6347.784,
46,AIG,MRQ,2009-12-31,2009-12-31,2009-12-31,2021-09-07,5693000000.0,847585000000.0,,,,,515.418,270000000.0,4400000000.0,4400000000.0,13415000000.0,-9010000000.0,,10.721,146007000000.0,,,146007000000.0,21363000000.0,2945000000.0,221769000000.0,0.0,0.0,-1174000000.0,1771000000.0,0.095,1771000000.0,-1174000000.0,-8852000000.0,-65.56,-65.56,-65.56,69824000000.0,,69824000000.0,176212529222.0,92.0,12.592,6880000000.0,50.786,1.0,5246000000.0,0.281,6195000000.0,7678000000.0,982997000000.0,,0.0,536747000000.0,,,748550000000.0,,,4035529222.0,-417000000.0,620000000.0,0.0,-3829000000.0,0.0,21009000000.0,-3371000000.0,-3174000000.0,6610000000.0,338000000.0,-8873000000.0,-8873000000.0,-8873000000.0,506000000.0,-137000000.0,-0.475,6051000000.0,-805000000.0,0.0,0.0,0.058,-0.33,-0.331,48233000000.0,0.0,29.98,0.053,0.054,36876000000.0,-11491000000.0,18661000000.0,18661000000.0,0.0,,,,,0.0,6880000000.0,1.0,134607379.0,135470549,135470549.0,137.749,841390000000.0,4108000000.0,21000000.0,0.0,6210.87,
47,AIG,MRQ,2009-09-30,2009-09-30,2009-09-30,2021-09-07,925000000.0,844344000000.0,,,,,537.438,-55000000.0,4957000000.0,4957000000.0,11340000000.0,-15000000.0,,10.544,177134000000.0,,,177134000000.0,23126000000.0,2357000000.0,223449000000.0,0.0,0.0,2140000000.0,4497000000.0,0.229,4497000000.0,2140000000.0,47000000.0,0.68,0.68,0.68,72712000000.0,,72712000000.0,184260138935.0,-4.0,-6.616,3883000000.0,28.7,1.0,8264000000.0,0.422,5847000000.0,2093000000.0,1010674000000.0,,0.0,569682000000.0,,,766649000000.0,,,5936138935.0,-845000000.0,1803000000.0,0.0,-7398000000.0,0.0,-13124000000.0,1615000000.0,241000000.0,3938000000.0,164000000.0,455000000.0,92000000.0,92000000.0,-94000000.0,-470000000.0,0.005,6688000000.0,1576000000.0,1741000000.0,0.0,0.082,-0.089,-0.087,48926000000.0,363000000.0,44.11,0.392,0.394,40588000000.0,-2618000000.0,19604000000.0,19604000000.0,0.0,,,,,0.0,5549000000.0,1.0,134575809.0,135293841,135456372.0,144.899,838497000000.0,4966000000.0,-408000000.0,0.0,6197.599,
48,AIG,MRQ,2009-06-30,2009-06-30,2009-06-30,2021-09-07,-11286000000.0,830412000000.0,,,,,428.424,-114000000.0,5802000000.0,5802000000.0,13570000000.0,1845000000.0,,13.237,184126000000.0,,,184126000000.0,23371000000.0,3722000000.0,221120000000.0,0.19,0.0,3960000000.0,7682000000.0,0.321,7682000000.0,3960000000.0,1407000000.0,2.3,2.3,2.3,57958000000.0,,57958000000.0,190873338087.0,-3.0,-3.345,4152000000.0,30.692,1.0,10352000000.0,0.433,6439000000.0,2553000000.0,1002297000000.0,,0.0,548471000000.0,,,767207000000.0,,,3121338087.0,1773000000.0,2151000000.0,0.0,-7934000000.0,0.0,-17594000000.0,6102000000.0,8093000000.0,4266000000.0,202000000.0,1822000000.0,311000000.0,311000000.0,-1259000000.0,23000000.0,0.013,7628000000.0,2724000000.0,2313000000.0,0.0,0.054,-0.034,-0.034,49676000000.0,1511000000.0,23.2,-0.875,-0.88,43541000000.0,-3073000000.0,23922000000.0,23922000000.0,0.0,,,,,0.0,6736000000.0,1.0,134540435.0,135281740,135336440.0,176.831,823973000000.0,11136000000.0,-415000000.0,0.0,6090.792,
49,AIG,MRQ,2009-03-31,2009-03-31,2009-03-31,2021-09-07,-8860000000.0,819758000000.0,,,,,338.322,-101000000.0,4029000000.0,4029000000.0,11353000000.0,-5133000000.0,,16.73,191781000000.0,,,191781000000.0,24691000000.0,3050000000.0,222623000000.0,0.42,0.0,-3069000000.0,-19000000.0,-0.001,-19000000.0,-3069000000.0,-5656000000.0,-39.67,-39.67,-39.67,45759000000.0,,45759000000.0,195206747320.0,-2.0,-2.741,3669000000.0,27.127,1.0,1962000000.0,0.147,6798000000.0,2587000000.0,1000712000000.0,,0.0,538610000000.0,,,765536000000.0,,,2690747320.0,-4613000000.0,704000000.0,0.0,-1810000000.0,0.0,-19288000000.0,1432000000.0,4003000000.0,3770000000.0,-171000000.0,-4353000000.0,-5365000000.0,-5365000000.0,-80000000.0,-780000000.0,-0.403,5891000000.0,-3929000000.0,2093000000.0,0.0,0.059,-0.028,-0.027,49175000000.0,1012000000.0,20.0,-0.356,-0.358,46849000000.0,-16706000000.0,13315000000.0,13315000000.0,0.0,,,,,0.0,5815000000.0,1.0,134537366.0,135252869,135252869.0,98.445,812960000000.0,14812000000.0,-1303000000.0,0.0,6010.667,
50,AIG,MRQ,2008-12-31,2008-12-31,2008-12-31,2021-09-07,-6328000000.0,860418000000.0,,,,,390.852,2781000000.0,8642000000.0,8642000000.0,-485000000.0,-62556000000.0,,15.134,201158000000.0,,,201158000000.0,25735000000.0,10148000000.0,231198000000.0,0.395,0.0,-50157000000.0,-40009000000.0,0.959,-40009000000.0,-50157000000.0,-60968000000.0,-468.86,-468.86,-468.86,52710000000.0,,52710000000.0,221176203151.0,-2.0,-2.751,1771000000.0,13.132,1.0,-41217000000.0,0.988,6952000000.0,10811000000.0,1045982000000.0,,0.0,562568000000.0,,,797692000000.0,,,4223203151.0,-9928000000.0,-5000000000.0,-16000000.0,-34913000000.0,1000000.0,-128146000000.0,55122000000.0,33851000000.0,-1010000000.0,33000000.0,-61659000000.0,-62059000000.0,-62059000000.0,7041000000.0,-897000000.0,1.488,2796000000.0,-44013000000.0,2879000000.0,0.0,0.08,-0.042,-0.041,48961000000.0,400000000.0,31.4,-0.617,-0.605,52037000000.0,-12368000000.0,-41702000000.0,-41702000000.0,0.0,,,,,0.0,2025000000.0,1.0,134496916.0,134859394,134859394.0,-309.226,853466000000.0,11734000000.0,691000000.0,0.0,6328.562,
51,AIG,MRQ,2008-09-30,2008-09-30,2008-09-30,2021-09-07,-9480000000.0,1022237000000.0,,,,,526.614,-563000000.0,18570000000.0,18570000000.0,17189000000.0,-24705000000.0,,13.359,235523000000.0,,,235523000000.0,28448000000.0,928000000.0,265738000000.0,0.246,4.4,-25651000000.0,-24723000000.0,-27.531,-24723000000.0,-25651000000.0,-27948000000.0,-181.02,-181.02,-181.02,71182000000.0,,71182000000.0,198210816301.0,-4.0,-5.555,-15803000000.0,-116.913,1.0,-16291000000.0,-18.141,10334000000.0,2297000000.0,1228856000000.0,,0.0,673272000000.0,,,950955000000.0,,,8953816301.0,16341000000.0,0.0,5000000.0,49997000000.0,-593000000.0,34854000000.0,14194000000.0,5823000000.0,-15240000000.0,-40000000.0,-24468000000.0,-24468000000.0,-24468000000.0,0.0,-237000000.0,-27.247,9597000000.0,-25888000000.0,45894000000.0,-0.024,0.126,-0.209,-0.205,49291000000.0,0.0,66.6,0.191,0.192,56313000000.0,49291000000.0,898000000.0,898000000.0,0.0,,,,,0.0,9597000000.0,1.0,134441686.0,135169101,135169101.0,6.644,1011903000000.0,14833000000.0,-3480000000.0,0.0,7486.201,
52,AIG,MRQ,2008-06-30,2008-06-30,2008-06-30,2021-09-07,-3903000000.0,1049876000000.0,,,,,599.53,-1744000000.0,2229000000.0,2229000000.0,18450000000.0,-5399000000.0,,12.443,191486000000.0,,,191486000000.0,28738000000.0,914000000.0,271576000000.0,0.03,4.0,-7381000000.0,-6467000000.0,-0.324,-6467000000.0,-7381000000.0,-8714000000.0,-41.13,-41.13,-41.13,78088000000.0,,78088000000.0,249100935198.0,-13.0,-65.518,6085000000.0,46.718,1.0,1483000000.0,0.074,10661000000.0,1333000000.0,1228472000000.0,,0.0,745190000000.0,,,971688000000.0,,,65939935198.0,-260000000.0,0.0,7340000000.0,8207000000.0,-538000000.0,35402000000.0,-25777000000.0,-20620000000.0,7829000000.0,-13000000.0,-5357000000.0,-5357000000.0,-5357000000.0,0.0,-42000000.0,-0.269,8906000000.0,-7423000000.0,76678000000.0,-0.097,0.844,-4.29,-4.427,49579000000.0,0.0,529.2,0.87,0.909,55655000000.0,73743000000.0,19933000000.0,19933000000.0,0.0,,,,,0.0,8906000000.0,1.0,124603052.0,130248736,130248736.0,153.038,1039215000000.0,8211000000.0,-3357000000.0,0.0,7978.695,
53,AIG,MRQ,2008-03-31,2008-03-31,2008-03-31,2021-09-07,-1271000000.0,1051086000000.0,,,,,630.562,-1497000000.0,2489000000.0,2489000000.0,15882000000.0,-7727000000.0,,12.186,185650000000.0,,,185650000000.0,28889000000.0,885000000.0,266926000000.0,0.018,4.0,-10070000000.0,-9185000000.0,-0.655,-9185000000.0,-10070000000.0,-11342000000.0,-61.8,-61.8,-61.8,79703000000.0,,79703000000.0,295896065346.0,-50.0,31.462,6802000000.0,53.813,1.0,-1851000000.0,-0.132,10182000000.0,1272000000.0,1224065000000.0,,0.0,737035000000.0,,,971283000000.0,,,109091065346.0,205000000.0,0.0,-986000000.0,-7237000000.0,-498000000.0,-23578000000.0,3637000000.0,7385000000.0,8299000000.0,58000000.0,-7805000000.0,-7805000000.0,-7805000000.0,0.0,78000000.0,-0.556,8141000000.0,-9992000000.0,87269000000.0,-0.065,1.369,-19.022,-18.961,48467000000.0,0.0,865.0,1.254,1.256,61934000000.0,79732000000.0,14031000000.0,14031000000.0,0.0,,,,,0.0,8141000000.0,1.0,126116839.0,126400000,126400000.0,111.005,1040904000000.0,2762000000.0,-3537000000.0,0.0,8235.0,
54,AIG,MRQ,2007-12-31,2007-12-31,2007-12-31,2021-09-07,4643000000.0,1048361000000.0,,,,,751.338,3984000000.0,2284000000.0,2284000000.0,14490000000.0,-4004000000.0,,9.943,189089000000.0,,,189089000000.0,27703000000.0,12261000000.0,263362000000.0,0.013,4.0,-7567000000.0,4694000000.0,0.391,4694000000.0,-7567000000.0,-8893000000.0,-40.62,-40.27,-40.62,95801000000.0,,95801000000.0,336034683620.0,28.0,12.236,9227000000.0,72.365,1.0,-2489000000.0,-0.207,9414000000.0,1326000000.0,1225752000000.0,,0.0,756250000000.0,,,952560000000.0,,,147862683620.0,35000000.0,0.0,-1188000000.0,-1788000000.0,-509000000.0,-7742000000.0,-1379000000.0,1513000000.0,5243000000.0,42000000.0,-5292000000.0,-5292000000.0,-5292000000.0,-621000000.0,1288000000.0,-0.441,5430000000.0,-7919000000.0,88410000000.0,-0.098,1.543,23.849,24.302,47502000000.0,0.0,1166.0,1.427,1.454,50301000000.0,89029000000.0,12001000000.0,12001000000.0,0.0,,,,,0.0,5430000000.0,1.0,126811907.0,127507184,128254140.0,94.12,1038947000000.0,0.0,-3601000000.0,3823000000.0,8148.145,
55,AIG,MRQ,2007-09-30,2007-09-30,2007-09-30,2021-09-07,6194000000.0,1072105000000.0,,,,,807.974,-513000000.0,2249000000.0,2249000000.0,15595000000.0,3085000000.0,,9.301,190421000000.0,,,190421000000.0,27909000000.0,1376000000.0,258846000000.0,0.01,4.0,5780000000.0,7156000000.0,0.24,7156000000.0,5780000000.0,4548000000.0,24.0,23.8,24.0,104067000000.0,,104067000000.0,347019935536.0,13.0,11.207,9605000000.0,74.573,1.0,14241000000.0,0.477,8909000000.0,1232000000.0,1251368000000.0,,0.0,765529000000.0,,,967938000000.0,,,173480935536.0,614000000.0,0.0,-976000000.0,8000000000.0,-513000000.0,32034000000.0,-25548000000.0,-9847000000.0,10118000000.0,27000000.0,3085000000.0,3085000000.0,3085000000.0,0.0,0.0,0.103,8130000000.0,6111000000.0,98497000000.0,0.167,1.667,11.619,11.786,47897000000.0,0.0,1353.0,1.426,1.433,55387000000.0,94830000000.0,29836000000.0,29836000000.0,0.0,,,,,0.0,8130000000.0,1.0,128219465.0,128800000,129450000.0,231.646,1063196000000.0,0.0,1463000000.0,9288000000.0,8254.627,
56,AIG,MRQ,2007-06-30,2007-06-30,2007-06-30,2021-09-07,8187000000.0,1033866000000.0,,,,,801.922,-2172000000.0,1635000000.0,1635000000.0,16221000000.0,4277000000.0,,8.909,175174000000.0,,,175174000000.0,28019000000.0,784000000.0,251816000000.0,0.009,3.3,5956000000.0,6740000000.0,0.216,6740000000.0,5956000000.0,5956000000.0,32.8,32.8,32.8,104330000000.0,,104330000000.0,344865418441.0,13.0,11.277,5329000000.0,40.961,1.0,14929000000.0,0.479,8590000000.0,0.0,1198815000000.0,,0.0,732488000000.0,,,929436000000.0,,,181674418441.0,-67000000.0,0.0,-872000000.0,8492000000.0,-429000000.0,29462000000.0,-22290000000.0,-6850000000.0,7501000000.0,-9000000.0,4277000000.0,4277000000.0,4277000000.0,0.0,0.0,0.137,8601000000.0,6328000000.0,90543000000.0,0.101,1.741,11.305,11.369,47292000000.0,0.0,1400.6,1.501,1.505,57312000000.0,92251000000.0,31150000000.0,31150000000.0,0.0,,,,,0.0,8601000000.0,1.0,129711851.0,130100000,130650000.0,239.431,1025276000000.0,0.0,1679000000.0,8996000000.0,7880.676,
57,AIG,MRQ,2007-03-31,2007-03-31,2007-03-31,2021-09-07,9854000000.0,999747000000.0,,,,,789.089,-2149000000.0,1702000000.0,1702000000.0,16146000000.0,4130000000.0,,8.7,164893000000.0,,,164893000000.0,27135000000.0,824000000.0,250546000000.0,0.01,3.3,5856000000.0,6680000000.0,0.218,6680000000.0,5856000000.0,5856000000.0,31.6,31.6,31.6,103055000000.0,,103055000000.0,334381454701.0,13.0,11.412,7781000000.0,59.579,1.0,14499000000.0,0.473,8687000000.0,0.0,1154251000000.0,,0.0,714804000000.0,,,896592000000.0,,,174878454701.0,112000000.0,0.0,-2964000000.0,8430000000.0,-430000000.0,16432000000.0,-18024000000.0,-4652000000.0,9930000000.0,-10000000.0,4130000000.0,4130000000.0,4130000000.0,0.0,0.0,0.135,8327000000.0,6172000000.0,83459000000.0,0.104,1.697,11.672,11.69,46243000000.0,0.0,1344.4,1.498,1.504,53122000000.0,88493000000.0,30645000000.0,30645000000.0,0.0,,,,,0.0,8327000000.0,1.0,130079184.0,130600000,131050000.0,234.648,991060000000.0,0.0,1726000000.0,10992000000.0,7588.515,
58,AIG,MRQ,2006-12-31,2006-12-31,2006-12-31,2021-09-07,9110000000.0,979410000000.0,,,,,778.836,-1309000000.0,1590000000.0,1590000000.0,16169000000.0,3439000000.0,,8.631,172432000000.0,,,172432000000.0,26271000000.0,1821000000.0,253513000000.0,0.009,3.3,8567000000.0,10388000000.0,0.346,10388000000.0,8567000000.0,4910000000.0,26.4,26.4,26.4,101677000000.0,,101677000000.0,327515022267.0,14.0,11.779,906000000.0,6.94,1.0,13839000000.0,0.461,8628000000.0,3657000000.0,1141624000000.0,,0.0,700958000000.0,,,877542000000.0,,,186296022267.0,165000000.0,0.0,56000000.0,10789000000.0,-429000000.0,25330000000.0,-14770000000.0,-1428000000.0,2215000000.0,55000000.0,3439000000.0,3439000000.0,3439000000.0,0.0,0.0,0.115,4830000000.0,9009000000.0,76372000000.0,0.125,1.832,13.261,13.295,44256000000.0,0.0,1433.2,1.643,1.648,51679000000.0,84996000000.0,30008000000.0,30008000000.0,0.0,,,,,0.0,4830000000.0,1.0,129986061.0,130550000,130850000.0,229.858,970782000000.0,0.0,1471000000.0,9546000000.0,7436.093,
59,AIG,MRQ,2006-09-30,2006-09-30,2006-09-30,2021-09-07,6744000000.0,941544000000.0,,,,,737.66,-797000000.0,1425000000.0,1425000000.0,14963000000.0,4224000000.0,,8.79,142644000000.0,,,142644000000.0,26068000000.0,606000000.0,241155000000.0,0.009,3.3,6167000000.0,6773000000.0,0.232,6773000000.0,6167000000.0,6167000000.0,32.4,32.2,32.4,96154000000.0,,96154000000.0,295903064408.0,19.0,16.019,-2025000000.0,-15.535,1.0,14284000000.0,0.488,8576000000.0,0.0,1074187000000.0,,0.0,591376000000.0,,,845201000000.0,,,172194064408.0,-715000000.0,0.0,28000000.0,11887000000.0,-429000000.0,37430000000.0,-18214000000.0,-12514000000.0,-1228000000.0,12000000.0,4224000000.0,4224000000.0,4224000000.0,0.0,0.0,0.144,7983000000.0,6301000000.0,72264000000.0,0.102,1.791,15.579,15.627,48601000000.0,0.0,1325.2,1.556,1.561,46174000000.0,81987000000.0,29247000000.0,29247000000.0,0.0,,,,,0.0,7983000000.0,1.0,129938171.0,130350000,131300000.0,224.373,932968000000.0,0.0,1943000000.0,8497000000.0,7157.407,
60,AIG,MRQ,2006-06-30,2006-06-30,2006-06-30,2021-09-07,2201000000.0,900670000000.0,,,,,673.131,-2317000000.0,2140000000.0,2140000000.0,14066000000.0,3190000000.0,,9.267,125849000000.0,,,125849000000.0,26113000000.0,583000000.0,238407000000.0,0.01,3.0,4878000000.0,5461000000.0,0.203,5461000000.0,4878000000.0,4878000000.0,24.6,24.2,24.6,87709000000.0,,87709000000.0,273105552540.0,22.0,18.62,-900000000.0,-6.907,1.0,12788000000.0,0.476,8425000000.0,0.0,1015954000000.0,,0.0,556958000000.0,,,812768000000.0,,,153380552540.0,892000000.0,0.0,27000000.0,8005000000.0,-390000000.0,30548000000.0,-15823000000.0,-8869000000.0,1417000000.0,24000000.0,3190000000.0,3190000000.0,3190000000.0,0.0,0.0,0.119,7547000000.0,5241000000.0,69754000000.0,0.122,1.749,17.889,17.948,47722000000.0,0.0,1181.0,1.423,1.427,45751000000.0,78192000000.0,26854000000.0,26854000000.0,0.0,,,,,0.0,7547000000.0,1.0,129873457.0,130300000,131250000.0,206.094,892245000000.0,0.0,1688000000.0,5101000000.0,6847.621,
61,AIG,MRQ,2006-03-31,2006-03-31,2006-03-31,2021-09-07,5709000000.0,879798000000.0,,,,,678.618,-1986000000.0,1248000000.0,1248000000.0,15089000000.0,3195000000.0,,8.951,120973000000.0,,,120973000000.0,0.0,554000000.0,235429000000.0,0.009,3.0,4630000000.0,5184000000.0,0.19,5184000000.0,4630000000.0,4630000000.0,24.4,24.4,24.4,88390000000.0,,88390000000.0,289242887220.0,21.0,17.979,1862000000.0,14.296,1.0,12189000000.0,0.447,8208000000.0,0.0,991315000000.0,,0.0,550173000000.0,,,791219000000.0,,,171634887220.0,-649000000.0,0.0,32000000.0,6818000000.0,-390000000.0,27174000000.0,-18107000000.0,-12777000000.0,3848000000.0,23000000.0,3195000000.0,3195000000.0,3195000000.0,0.0,0.0,0.117,7396000000.0,4793000000.0,63959000000.0,0.123,1.942,17.384,17.438,45639000000.0,0.0,1321.8,1.577,1.582,45220000000.0,75433000000.0,27278000000.0,27278000000.0,0.0,,,,,0.0,7396000000.0,1.0,129849362.0,130250000,131200000.0,209.428,871590000000.0,0.0,1435000000.0,6615000000.0,6691.67,
62,AIG,MRQ,2005-12-31,2005-12-31,2005-12-31,2021-09-07,6967000000.0,853051000000.0,,,,,664.744,-1455000000.0,1897000000.0,1897000000.0,18443000000.0,444000000.0,,8.881,119505000000.0,,,119505000000.0,24243000000.0,889000000.0,231904000000.0,0.008,3.0,165000000.0,1054000000.0,0.039,1054000000.0,165000000.0,165000000.0,3.4,3.4,3.4,86317000000.0,,86317000000.0,289019321900.0,20.0,17.066,1768000000.0,13.616,1.0,8825000000.0,0.324,8093000000.0,0.0,962566000000.0,,0.0,601073000000.0,,,766548000000.0,,,177098321900.0,-211000000.0,0.0,32000000.0,-5669000000.0,-390000000.0,11042000000.0,-8882000000.0,6997000000.0,3223000000.0,-73000000.0,444000000.0,444000000.0,444000000.0,0.0,0.0,0.016,8509000000.0,316000000.0,60409000000.0,0.882,2.052,16.904,16.931,39886000000.0,0.0,1364.6,1.628,1.629,43328000000.0,72330000000.0,27268000000.0,27268000000.0,0.0,,,,,0.0,8509000000.0,1.0,129780391.0,129850000,131800000.0,209.996,844958000000.0,0.0,-279000000.0,6288000000.0,6507.185,
63,AIG,MRQ,2005-09-30,2005-09-30,2005-09-30,2021-09-07,9175000000.0,843397000000.0,,,,,687.578,-1106000000.0,2108000000.0,2108000000.0,16501000000.0,1745000000.0,,8.444,114029000000.0,,,114029000000.0,0.0,475000000.0,231496000000.0,0.008,3.0,2493000000.0,2968000000.0,0.112,2968000000.0,2493000000.0,2493000000.0,13.4,13.2,13.4,89282000000.0,,89282000000.0,268966146762.0,16.0,14.518,5395000000.0,41.548,1.0,9907000000.0,0.375,8354000000.0,0.0,946964000000.0,,0.0,591610000000.0,,,753922000000.0,,,160791146762.0,370000000.0,3000000.0,6000000.0,15713000000.0,-390000000.0,20958000000.0,-17347000000.0,-13553000000.0,6501000000.0,737000000.0,1745000000.0,1745000000.0,1745000000.0,0.0,0.0,0.066,7360000000.0,2547000000.0,58430000000.0,0.224,1.801,13.883,13.924,42376000000.0,0.0,1239.2,1.508,1.509,42878000000.0,73246000000.0,26408000000.0,26408000000.0,0.0,,,,,0.0,7360000000.0,1.0,129753992.0,129850000,131200000.0,203.373,835043000000.0,0.0,748000000.0,8551000000.0,6430.828,
64,AIG,MRQ,2005-06-30,2005-06-30,2005-06-30,2021-09-07,10869000000.0,831167000000.0,,,,,682.689,-1900000000.0,1738000000.0,1738000000.0,14283000000.0,4489000000.0,,8.378,112511000000.0,,,112511000000.0,0.0,310000000.0,229773000000.0,0.007,2.5,6572000000.0,6882000000.0,0.247,6882000000.0,6572000000.0,6572000000.0,34.6,34.2,34.6,88613000000.0,,88613000000.0,271152098559.0,15.0,13.543,12223000000.0,94.168,1.0,13620000000.0,0.488,8378000000.0,0.0,933562000000.0,,0.0,528615000000.0,,,742358000000.0,,,150764098559.0,-623000000.0,-7000000.0,3000000.0,-513000000.0,-316000000.0,2272000000.0,-15112000000.0,-9038000000.0,14123000000.0,-770000000.0,4489000000.0,4489000000.0,4489000000.0,0.0,0.0,0.161,6919000000.0,6701000000.0,57128000000.0,0.072,1.701,12.04,12.054,41915000000.0,0.0,1162.0,1.429,1.43,42569000000.0,70985000000.0,27903000000.0,27903000000.0,0.0,,,,,0.0,6919000000.0,1.0,129745352.0,129800000,131150000.0,214.969,822789000000.0,772000000.0,2083000000.0,9259000000.0,6338.898,
65,AIG,MRQ,2005-03-31,2005-03-31,2005-03-31,2021-09-07,8125000000.0,830477000000.0,,,,,628.479,-2100000000.0,2361000000.0,2361000000.0,14873000000.0,3799000000.0,,9.174,126174000000.0,,,126174000000.0,0.0,526000000.0,230302000000.0,0.006,2.5,5505000000.0,6031000000.0,0.222,6031000000.0,5505000000.0,5505000000.0,29.2,29.0,29.2,81608000000.0,,81608000000.0,251929269081.0,16.0,13.847,-2534000000.0,-19.515,1.0,12329000000.0,0.453,8532000000.0,0.0,945758000000.0,,0.0,536024000000.0,,,748671000000.0,,,144319269081.0,352000000.0,4000000.0,-135000000.0,5426000000.0,-325000000.0,41922000000.0,-20118000000.0,-14632000000.0,-434000000.0,-57000000.0,3799000000.0,3799000000.0,3799000000.0,0.0,0.0,0.14,6680000000.0,5649000000.0,52693000000.0,0.086,1.768,12.987,12.946,40086000000.0,0.0,1108.2,1.42,1.416,41151000000.0,66813000000.0,27202000000.0,27202000000.0,0.0,,,,,0.0,6680000000.0,1.0,130228541.0,129850000,131200000.0,209.488,821945000000.0,0.0,1706000000.0,6703000000.0,6329.958,
66,AIG,MRQ,2004-12-31,2004-12-31,2004-12-31,2021-09-07,9444000000.0,801145000000.0,,,,,612.869,-1570000000.0,2009000000.0,2009000000.0,15939000000.0,1549000000.0,,9.053,118991000000.0,,,118991000000.0,0.0,524000000.0,220722000000.0,0.004,1.5,2121000000.0,2645000000.0,0.105,2645000000.0,2121000000.0,2121000000.0,11.8,11.8,11.8,79673000000.0,,79673000000.0,278652165684.0,20.0,17.115,8233000000.0,63.331,1.0,9149000000.0,0.365,8556000000.0,0.0,909571000000.0,,0.0,512233000000.0,,,721273000000.0,,,171042165684.0,-63000000.0,-3000000.0,-547000000.0,1140000000.0,-195000000.0,58380000000.0,-38921000000.0,-32855000000.0,9803000000.0,-135000000.0,1549000000.0,1549000000.0,1549000000.0,0.0,0.0,0.062,6890000000.0,2259000000.0,49972000000.0,0.127,2.147,17.384,17.419,38322000000.0,0.0,1313.4,1.751,1.752,39196000000.0,63468000000.0,25088000000.0,25088000000.0,0.0,,,,,0.0,6890000000.0,1.0,130228541.0,130000000,131550000.0,192.985,792589000000.0,138000000.0,572000000.0,6588000000.0,6096.838,
67,AIG,MRQ,2004-09-30,2004-09-30,2004-09-30,2021-09-07,4700000000.0,776420000000.0,,,,,605.549,-472000000.0,2072000000.0,2072000000.0,15166000000.0,2685000000.0,,8.838,109682000000.0,,,109682000000.0,0.0,514000000.0,212107000000.0,0.004,1.5,3949000000.0,4463000000.0,0.177,4463000000.0,3949000000.0,3949000000.0,20.8,20.4,20.8,78903000000.0,,78903000000.0,276753979153.0,19.0,17.085,5194000000.0,39.862,1.0,10114000000.0,0.4,8407000000.0,0.0,875623000000.0,,0.0,541995000000.0,,,697324000000.0,,,177140979153.0,39000000.0,4000000.0,-88000000.0,3617000000.0,-196000000.0,24768000000.0,-18238000000.0,-15541000000.0,5666000000.0,187000000.0,2685000000.0,2685000000.0,2685000000.0,0.0,0.0,0.106,6023000000.0,4091000000.0,53803000000.0,0.072,2.245,18.068,18.082,38179000000.0,0.0,1359.8,1.907,1.907,38465000000.0,68456000000.0,25280000000.0,25280000000.0,0.0,,,,,0.0,6023000000.0,1.0,130269877.0,130300000,131900000.0,194.014,768013000000.0,0.0,1264000000.0,9273000000.0,5894.19,
68,AIG,MRQ,2004-06-30,2004-06-30,2004-06-30,2021-09-07,3859000000.0,729732000000.0,,,,,546.702,-1437000000.0,2033000000.0,2033000000.0,13480000000.0,3080000000.0,,9.233,103671000000.0,,,103671000000.0,0.0,511000000.0,204773000000.0,0.004,1.3,4544000000.0,5055000000.0,0.21,5055000000.0,4544000000.0,4544000000.0,23.8,23.4,23.8,71290000000.0,,71290000000.0,279858303233.0,20.0,17.917,2443000000.0,18.735,1.0,10609000000.0,0.44,8164000000.0,0.0,823206000000.0,,0.0,506171000000.0,,,658250000000.0,,,185914303233.0,113000000.0,5000000.0,-238000000.0,2890000000.0,-169000000.0,34918000000.0,-21049000000.0,-16923000000.0,3880000000.0,-177000000.0,3080000000.0,3080000000.0,3080000000.0,0.0,0.0,0.128,5960000000.0,4649000000.0,46893000000.0,0.055,2.608,19.661,19.691,37890000000.0,0.0,1425.6,2.115,2.115,35342000000.0,60259000000.0,24089000000.0,24089000000.0,0.0,,,,,0.0,5960000000.0,1.0,130411268.0,130400000,132000000.0,184.732,721568000000.0,0.0,1464000000.0,4009000000.0,5533.497,
69,AIG,MRQ,2004-03-31,2004-03-31,2004-03-31,2021-09-07,10588000000.0,719078000000.0,,,,,580.414,-735000000.0,1920000000.0,1920000000.0,13590000000.0,2498000000.0,,8.491,98179000000.0,,,98179000000.0,0.0,486000000.0,196952000000.0,0.003,1.3,3628000000.0,4114000000.0,0.177,4114000000.0,3628000000.0,3628000000.0,19.0,18.8,19.0,75744000000.0,,75744000000.0,277314415327.0,24.0,20.245,7271000000.0,55.716,1.0,9632000000.0,0.415,7714000000.0,0.0,807623000000.0,,0.0,498826000000.0,,,643141000000.0,,,186148415327.0,998000000.0,-6000000.0,-52000000.0,3387000000.0,-170000000.0,44696000000.0,-29658000000.0,-24902000000.0,8006000000.0,302000000.0,2498000000.0,2498000000.0,2498000000.0,0.0,0.0,0.108,5790000000.0,3842000000.0,40695000000.0,0.068,2.458,22.506,22.579,36767000000.0,0.0,1427.0,2.242,2.243,33057000000.0,57779000000.0,23222000000.0,23222000000.0,0.0,,,,,0.0,5790000000.0,1.0,130447383.0,130500000,132100000.0,177.946,711364000000.0,0.0,1130000000.0,7640000000.0,5451.065,
70,AIG,MRQ,2003-12-31,2003-12-31,2003-12-31,2021-09-07,7337000000.0,675602000000.0,,,,,530.498,-743000000.0,922000000.0,922000000.0,12045000000.0,1541000000.0,,8.756,96560000000.0,,,96560000000.0,0.0,475000000.0,175455000000.0,0.01,1.3,2092000000.0,2567000000.0,0.126,2567000000.0,2092000000.0,2092000000.0,11.6,11.4,11.6,69230000000.0,,69230000000.0,259861639140.0,22.0,19.213,11941000000.0,91.502,1.0,8252000000.0,0.407,7619000000.0,0.0,763621000000.0,,0.0,451846000000.0,,,606180000000.0,,,172854639140.0,-27000000.0,36000000.0,-1000000.0,635000000.0,-169000000.0,27562000000.0,-26818000000.0,-23916000000.0,12684000000.0,350000000.0,1541000000.0,1541000000.0,1541000000.0,0.0,0.0,0.076,6203000000.0,2049000000.0,30195000000.0,0.112,2.497,21.319,21.381,35836000000.0,0.0,1325.6,2.176,2.178,31329000000.0,54384000000.0,20297000000.0,20297000000.0,0.0,,,,,0.0,6203000000.0,1.0,130397284.0,130500000,133200000.0,155.533,667983000000.0,0.0,551000000.0,4518000000.0,5118.644,
71,AIG,MRQ,2003-09-30,2003-09-30,2003-09-30,2021-09-07,3711000000.0,647656000000.0,,,,,522.375,-41000000.0,949000000.0,949000000.0,11523000000.0,2337000000.0,,8.498,87956000000.0,,,87956000000.0,0.0,478000000.0,170046000000.0,0.011,1.3,3406000000.0,3884000000.0,0.191,3884000000.0,3406000000.0,3406000000.0,18.0,17.8,18.0,68170000000.0,,68170000000.0,237072259042.0,31.0,24.887,7864000000.0,60.261,1.0,8783000000.0,0.433,7855000000.0,0.0,726808000000.0,,0.0,428088000000.0,,,579300000000.0,,,150532259042.0,114000000.0,-2093000000.0,-79000000.0,230000000.0,-170000000.0,13502000000.0,-14107000000.0,-7901000000.0,7905000000.0,0.0,2337000000.0,2337000000.0,2337000000.0,0.0,0.0,0.115,5279000000.0,3504000000.0,27128000000.0,0.072,2.208,25.675,25.531,35213000000.0,0.0,1154.0,2.036,2.037,31904000000.0,58422000000.0,20306000000.0,20306000000.0,0.0,,,,,0.0,5279000000.0,1.0,130443899.0,130500000,131400000.0,155.602,639801000000.0,0.0,1069000000.0,6885000000.0,4902.69,
72,AIG,MRQ,2003-06-30,2003-06-30,2003-06-30,2021-09-07,5997000000.0,620612000000.0,,,,,523.793,-1707000000.0,835000000.0,835000000.0,11208000000.0,1895000000.0,,8.053,87375000000.0,,,87375000000.0,0.0,460000000.0,153349000000.0,0.011,0.94,2673000000.0,3133000000.0,0.163,3133000000.0,2673000000.0,2673000000.0,14.6,14.4,14.6,68355000000.0,,68355000000.0,229206395018.0,33.0,26.303,951000000.0,7.287,1.0,7997000000.0,0.416,6139000000.0,0.0,701013000000.0,,0.0,411475000000.0,,,550475000000.0,,,143931395018.0,175000000.0,-64000000.0,11000000.0,3169000000.0,-122000000.0,12372000000.0,-9065000000.0,-7684000000.0,2658000000.0,0.0,1895000000.0,1895000000.0,1895000000.0,0.0,0.0,0.099,5261000000.0,2736000000.0,25305000000.0,0.064,2.106,26.813,26.786,35206000000.0,0.0,1103.6,2.034,2.035,31730000000.0,56255000000.0,19205000000.0,19205000000.0,0.0,,,,,0.0,5261000000.0,1.0,130419894.0,130500000,131850000.0,147.165,614473000000.0,0.0,778000000.0,8476000000.0,4708.605,
73,AIG,MRQ,2003-03-31,2003-03-31,2003-03-31,2021-09-07,2073000000.0,591809000000.0,,,,,477.065,-1757000000.0,660000000.0,660000000.0,10942000000.0,1525000000.0,,8.477,85935000000.0,,,85935000000.0,0.0,446000000.0,149866000000.0,0.012,9.4,2145000000.0,2591000000.0,0.142,2591000000.0,2145000000.0,2145000000.0,11.6,11.6,11.6,62257000000.0,,62257000000.0,208937910486.0,30.0,24.113,6163000000.0,47.226,1.0,7250000000.0,0.399,6185000000.0,0.0,670899000000.0,,0.0,393116000000.0,,,527770000000.0,,,129055910486.0,-505000000.0,285000000.0,-64000000.0,2351000000.0,-123000000.0,13440000000.0,-15161000000.0,-8504000000.0,7920000000.0,0.0,1525000000.0,1525000000.0,1525000000.0,0.0,0.0,0.084,5044000000.0,2206000000.0,25924000000.0,0.81,2.073,24.47,24.48,33639000000.0,0.0,989.0,1.892,1.892,30227000000.0,54101000000.0,18192000000.0,18192000000.0,0.0,,,,,0.0,5044000000.0,1.0,130491315.0,130500000,131850000.0,139.402,585624000000.0,0.0,620000000.0,6151000000.0,4487.54,
74,AIG,MRQ,2002-12-31,2002-12-31,2002-12-31,2021-09-07,691000000.0,561229000000.0,,,,,453.07,-1096000000.0,1165000000.0,1165000000.0,11275000000.0,106000000.0,,8.459,81047000000.0,,,81047000000.0,0.0,474000000.0,145147000000.0,0.003,0.94,-556000000.0,-82000000.0,-0.005,-82000000.0,-556000000.0,-556000000.0,1.0,0.8,1.0,59103000000.0,,59103000000.0,228716217973.0,30.0,24.504,6149000000.0,47.137,1.0,4947000000.0,0.305,6079000000.0,0.0,635032000000.0,,0.0,367071000000.0,,,499973000000.0,,,150907217973.0,0.0,-319000000.0,21000000.0,3139000000.0,-123000000.0,19886000000.0,-28770000000.0,-22134000000.0,7245000000.0,0.0,106000000.0,106000000.0,106000000.0,0.0,0.0,0.007,5594000000.0,-647000000.0,23694000000.0,0.94,2.553,26.341,26.295,32249000000.0,0.0,1157.0,2.281,2.284,28945000000.0,52270000000.0,16222000000.0,16222000000.0,0.0,,,,,0.0,5594000000.0,1.0,130429748.0,130450000,133350000.0,124.354,555150000000.0,0.0,-662000000.0,5082000000.0,4255.654,
75,AIG,MRQ,2002-09-30,2002-09-30,2002-09-30,2021-09-07,176000000.0,547295000000.0,,,,,450.444,-629000000.0,893000000.0,893000000.0,9945000000.0,1842000000.0,,8.274,78702000000.0,,,78702000000.0,0.0,413000000.0,141237000000.0,0.004,0.94,2659000000.0,3072000000.0,0.179,3072000000.0,2659000000.0,2659000000.0,14.0,14.0,14.0,58783000000.0,,58783000000.0,221713859784.0,20.0,17.813,3961000000.0,30.352,1.0,7205000000.0,0.42,6009000000.0,0.0,619095000000.0,,0.0,358736000000.0,,,486368000000.0,,,142804859784.0,163000000.0,-162000000.0,-160000000.0,1096000000.0,-123000000.0,6341000000.0,-10768000000.0,-6173000000.0,4590000000.0,0.0,1842000000.0,1842000000.0,1842000000.0,0.0,0.0,0.107,4476000000.0,2729000000.0,0.0,0.067,2.429,19.069,19.059,30768000000.0,0.0,1094.0,2.158,2.157,26542000000.0,52497000000.0,17150000000.0,17150000000.0,0.0,,,,,0.0,4476000000.0,1.0,130534607.0,130500000,131700000.0,131.418,541286000000.0,0.0,817000000.0,5321000000.0,4147.785,
76,AIG,MRQ,2002-06-30,2002-06-30,2002-06-30,2021-09-07,-2064000000.0,524394000000.0,,,,,420.689,-1635000000.0,730000000.0,730000000.0,9618000000.0,1801000000.0,,8.502,79639000000.0,,,79639000000.0,0.0,411000000.0,135131000000.0,0.003,0.84,2673000000.0,3084000000.0,0.185,3084000000.0,2673000000.0,2673000000.0,13.8,13.6,13.8,54963000000.0,,54963000000.0,255220293771.0,29.0,24.752,-192000000.0,-1.47,1.0,7044000000.0,0.423,6205000000.0,0.0,597098000000.0,,0.0,335540000000.0,,,467287000000.0,,,178278293771.0,-418000000.0,-18000000.0,-178000000.0,2084000000.0,-111000000.0,8509000000.0,-10370000000.0,-4637000000.0,1443000000.0,0.0,1801000000.0,1801000000.0,1801000000.0,0.0,0.0,0.108,4277000000.0,2767000000.0,0.0,0.061,3.244,29.842,29.795,30500000000.0,0.0,1364.6,2.759,2.759,27046000000.0,50779000000.0,16662000000.0,16662000000.0,0.0,,,,,0.0,4277000000.0,1.0,130645093.0,130650000,132000000.0,127.532,518189000000.0,0.0,872000000.0,3648000000.0,3966.238,
77,AIG,MRQ,2002-03-31,2002-03-31,2002-03-31,2021-09-07,-2828000000.0,507556000000.0,,,,,402.868,-1704000000.0,1148000000.0,1148000000.0,9167000000.0,1980000000.0,,8.595,78090000000.0,,,78090000000.0,0.0,388000000.0,128671000000.0,0.003,0.84,2872000000.0,3260000000.0,0.202,3260000000.0,2872000000.0,2872000000.0,15.2,15.0,15.2,52675000000.0,,52675000000.0,265922217963.0,34.0,28.215,3226000000.0,24.673,1.0,6970000000.0,0.432,6093000000.0,0.0,578405000000.0,,0.0,320159000000.0,,,452718000000.0,,,188464217963.0,450000000.0,20000000.0,-249000000.0,1849000000.0,-110000000.0,7356000000.0,-11836000000.0,-8100000000.0,4930000000.0,0.0,1980000000.0,1980000000.0,1980000000.0,0.0,0.0,0.123,4011000000.0,2959000000.0,0.0,0.055,3.578,34.341,34.352,28933000000.0,0.0,1442.8,3.095,3.098,26407000000.0,49088000000.0,16137000000.0,16137000000.0,0.0,,,,,0.0,4011000000.0,1.0,130623938.0,130750000,132050000.0,123.419,501463000000.0,0.0,892000000.0,3400000000.0,3835.281,
78,AIG,MRQ,2001-12-31,2001-12-31,2001-12-31,2021-09-07,-1725000000.0,493061000000.0,,,,,398.396,-899000000.0,698000000.0,698000000.0,9226000000.0,1866000000.0,,8.412,77549000000.0,,,77549000000.0,0.0,361000000.0,121692000000.0,0.003,1.68,2670000000.0,3031000000.0,0.187,3031000000.0,2670000000.0,2670000000.0,14.4,14.0,14.4,52150000000.0,,52150000000.0,284888813782.0,37.0,31.173,-228000000.0,-1.742,1.0,7012000000.0,0.432,6102000000.0,0.0,563810000000.0,,0.0,310669000000.0,,,438709000000.0,,,207430813782.0,213000000.0,-762000000.0,73000000.0,-986000000.0,-111000000.0,24809000000.0,-1716000000.0,1065000000.0,671000000.0,0.0,1866000000.0,1866000000.0,1866000000.0,0.0,0.0,0.115,4295000000.0,2717000000.0,10574000000.0,0.117,3.978,38.678,38.732,27543000000.0,0.0,1588.0,3.358,3.369,26367000000.0,47218000000.0,16238000000.0,16238000000.0,0.0,,,,,0.0,4295000000.0,1.0,130623938.0,130900000,132050000.0,124.049,486959000000.0,0.0,804000000.0,3286000000.0,3720.084,
79,AIG,MRQ,2001-09-30,2001-09-30,2001-09-30,2021-09-07,-1194000000.0,468675000000.0,,,,,387.679,-560000000.0,485000000.0,485000000.0,9286000000.0,327000000.0,,8.174,77943000000.0,,,77943000000.0,0.0,445000000.0,111806000000.0,0.002,0.84,491000000.0,936000000.0,0.06,936000000.0,491000000.0,491000000.0,2.4,2.4,2.4,50786000000.0,,50786000000.0,241685900292.0,32.0,26.591,5252000000.0,40.092,1.0,6296000000.0,0.404,0.0,0.0,546133000000.0,,0.0,298454000000.0,,,415125000000.0,,,181841900292.0,-59000000.0,-52000000.0,-639000000.0,-3303000000.0,-219000000.0,1623000000.0,-7494000000.0,-4976000000.0,5812000000.0,0.0,327000000.0,327000000.0,327000000.0,0.0,0.0,0.021,5679000000.0,617000000.0,0.0,0.35,3.581,34.316,38.614,26380000000.0,0.0,1560.0,2.917,3.278,24258000000.0,45463000000.0,15582000000.0,15582000000.0,0.0,,,,,0.0,4316000000.0,1.0,116565321.0,131000000,132550000.0,118.947,468675000000.0,0.0,164000000.0,4168000000.0,3577.672,
80,AIG,MRQ,2001-06-30,2001-06-30,2001-06-30,2021-09-07,-1856000000.0,333191000000.0,,,,,325.486,-1481000000.0,248000000.0,248000000.0,8360000000.0,1315000000.0,,6.784,60092000000.0,,,60092000000.0,0.0,338000000.0,53390000000.0,0.002,0.74,1860000000.0,2198000000.0,0.17,2198000000.0,1860000000.0,1860000000.0,10.0,10.0,10.0,42655000000.0,,42655000000.0,252747843665.0,26.0,23.109,-2979000000.0,-22.732,1.0,4585000000.0,0.354,0.0,0.0,393035000000.0,,0.0,204890000000.0,,,289358000000.0,,,198159843665.0,70000000.0,-64000000.0,3000000.0,6296000000.0,-207000000.0,10957000000.0,-9389000000.0,-5534000000.0,-1498000000.0,0.0,1315000000.0,1315000000.0,1315000000.0,0.0,0.0,0.102,3045000000.0,1540000000.0,0.0,0.074,4.646,29.678,33.207,25276000000.0,0.0,1700.2,3.398,3.82,12898000000.0,37289000000.0,12945000000.0,12945000000.0,0.0,,,,,0.0,2391000000.0,1.0,116550902.0,131050000,132550000.0,98.779,333191000000.0,0.0,545000000.0,2982000000.0,2542.472,
81,AIG,MRQ,2001-03-31,2001-03-31,2001-03-31,2021-09-07,-1256000000.0,320800000000.0,,,,,318.353,-1255000000.0,253000000.0,253000000.0,8182000000.0,1855000000.0,,6.655,54841000000.0,,,54841000000.0,0.0,293000000.0,50813000000.0,0.002,0.74,2681000000.0,2974000000.0,0.239,2974000000.0,2681000000.0,2681000000.0,14.2,14.0,14.2,41752000000.0,,41752000000.0,232879139021.0,24.0,21.073,2561000000.0,19.527,1.0,4275000000.0,0.343,0.0,0.0,375388000000.0,,0.0,195809000000.0,,,277869000000.0,,,186402139021.0,-48000000.0,-46000000.0,-240000000.0,6587000000.0,-206000000.0,8835000000.0,-12699000000.0,-9667000000.0,3816000000.0,0.0,1855000000.0,1855000000.0,1855000000.0,0.0,0.0,0.149,2187000000.0,2088000000.0,0.0,0.052,4.465,27.538,30.15,23959000000.0,0.0,1610.0,3.356,3.802,12727000000.0,35749000000.0,12457000000.0,12457000000.0,0.0,,,,,0.0,2187000000.0,1.0,115777726.0,131150000,132550000.0,94.983,320800000000.0,0.0,826000000.0,3055000000.0,2446.054,
82,AIG,MRQ,2000-12-31,2000-12-31,2000-12-31,2021-09-07,-2440000000.0,426671000000.0,,,,,363.1,-209000000.0,522000000.0,522000000.0,8323000000.0,1802000000.0,,7.922,65631000000.0,,,65631000000.0,0.0,392000000.0,101222000000.0,0.001,0.74,2589000000.0,2981000000.0,0.14,2981000000.0,2589000000.0,2589000000.0,13.8,13.6,13.8,47439000000.0,,47439000000.0,274698053688.0,29.0,25.311,1777000000.0,13.601,1.0,13036000000.0,0.61,0.0,0.0,491780000000.0,,0.0,256736000000.0,,,375818000000.0,,,228221053688.0,-68000000.0,63000000.0,-128000000.0,-1929000000.0,-196000000.0,12981000000.0,-3192000000.0,-911000000.0,1986000000.0,0.0,1802000000.0,1802000000.0,1802000000.0,0.0,0.0,0.084,8944000000.0,4092000000.0,0.0,0.054,4.811,34.376,38.651,23451000000.0,0.0,1971.2,4.051,4.561,23963000000.0,42598000000.0,21359000000.0,21359000000.0,0.0,,,,,0.0,8944000000.0,1.0,115777726.0,130650000,132050000.0,163.483,426671000000.0,0.0,787000000.0,3221000000.0,3265.756,
83,AIG,MRQ,2000-09-30,2000-09-30,2000-09-30,2021-09-07,-2036000000.0,295406000000.0,,,,,280.668,-443000000.0,280000000.0,280000000.0,7411000000.0,1705000000.0,,7.044,46757000000.0,,,46757000000.0,0.0,294000000.0,47973000000.0,0.001,0.74,2490000000.0,2784000000.0,0.241,2784000000.0,2490000000.0,2490000000.0,13.2,13.0,13.2,36571000000.0,,36571000000.0,262687748475.0,26.0,23.57,2939000000.0,22.556,1.0,4151000000.0,0.359,0.0,0.0,341883000000.0,,0.0,178479000000.0,,,257590000000.0,,,221410748475.0,-18000000.0,-1000000.0,-295000000.0,3528000000.0,-425000000.0,6374000000.0,-9774000000.0,-6636000000.0,3382000000.0,0.0,1705000000.0,1705000000.0,1705000000.0,0.0,0.0,0.147,2050000000.0,2101000000.0,0.0,0.056,6.054,32.084,36.663,22583000000.0,0.0,1913.8,4.608,5.19,13685000000.0,32893000000.0,11562000000.0,11562000000.0,0.0,,,,,0.0,2050000000.0,1.0,115691686.0,130300000,131650000.0,88.734,295406000000.0,0.0,785000000.0,1670000000.0,2267.122,
84,AIG,MRQ,2000-06-30,2000-06-30,2000-06-30,2021-09-07,-2455000000.0,281214000000.0,,,,,300.951,-1115000000.0,314000000.0,314000000.0,6644000000.0,1407000000.0,,7.044,41591000000.0,,,41591000000.0,0.0,282000000.0,46695000000.0,0.002,0.667,2030000000.0,2312000000.0,0.228,2312000000.0,2030000000.0,2030000000.0,12.2,12.0,12.2,34805000000.0,,34805000000.0,221972559488.0,24.0,20.963,99000000.0,0.856,1.0,3513000000.0,0.346,0.0,0.0,322491000000.0,,0.0,166346000000.0,,,245164000000.0,,,181112559488.0,103000000.0,0.0,29000000.0,-72000000.0,-77000000.0,2851000000.0,-3962000000.0,-1460000000.0,1214000000.0,0.0,1407000000.0,1407000000.0,1407000000.0,0.0,0.0,0.139,1763000000.0,1750000000.0,0.0,0.055,5.204,28.023,31.333,22015000000.0,0.0,1566.667,4.018,4.019,13969000000.0,33638000000.0,10157000000.0,10157000000.0,0.0,,,,,0.0,1763000000.0,1.0,115603761.0,115650000,116950000.0,87.825,281214000000.0,0.0,623000000.0,1042000000.0,2431.595,
85,AIG,MRQ,2000-03-31,2000-03-31,2000-03-31,2021-09-07,-2043000000.0,279259000000.0,,,,,291.707,-952000000.0,211000000.0,211000000.0,6394000000.0,1346000000.0,,7.216,41071000000.0,,,41071000000.0,0.0,275000000.0,44912000000.0,0.002,0.667,1936000000.0,2211000000.0,0.228,2211000000.0,1936000000.0,1936000000.0,11.6,11.4,11.6,33838000000.0,,33838000000.0,208668232524.0,23.0,20.084,1547000000.0,13.336,1.0,3308000000.0,0.341,0.0,0.0,320119000000.0,,0.0,166056000000.0,,,244176000000.0,,,169700232524.0,79000000.0,0.0,-864000000.0,2137000000.0,-78000000.0,1480000000.0,-3900000000.0,-1364000000.0,2499000000.0,0.0,1346000000.0,1346000000.0,1346000000.0,0.0,0.0,0.139,1638000000.0,1670000000.0,0.0,0.058,5.015,26.796,29.918,21063000000.0,0.0,1460.0,3.851,3.843,13617000000.0,32309000000.0,9702000000.0,9702000000.0,0.0,,,,,0.0,1638000000.0,1.0,116233036.0,116000000,117300000.0,83.638,279259000000.0,0.0,590000000.0,1135000000.0,2407.405,
86,AIG,MRQ,1999-12-31,1999-12-31,1999-12-31,2021-09-07,-2103000000.0,268238000000.0,,,,,255.121,-47000000.0,132000000.0,132000000.0,10434000000.0,2443000000.0,,7.027,39100000000.0,,,39100000000.0,0.0,202000000.0,44724000000.0,0.002,0.667,3636000000.0,3838000000.0,0.231,3838000000.0,3636000000.0,3636000000.0,15.2,15.0,15.2,33306000000.0,,33306000000.0,207175932851.0,23.0,20.413,4644000000.0,35.573,1.0,6190000000.0,0.372,0.0,0.0,307206000000.0,,0.0,160963000000.0,,,234037000000.0,,,167364932851.0,-188000000.0,-34000000.0,-413000000.0,1976000000.0,-484000000.0,18232000000.0,-9417000000.0,-7547000000.0,4691000000.0,0.0,2443000000.0,2443000000.0,2443000000.0,0.0,0.0,0.147,3262000000.0,2928000000.0,0.0,0.044,5.025,27.055,30.408,20267000000.0,0.0,1441.333,3.875,4.356,12236000000.0,31040000000.0,16624000000.0,16624000000.0,0.0,,,,,0.0,3262000000.0,1.0,116118131.0,130550000,132500000.0,127.338,268238000000.0,0.0,1193000000.0,889000000.0,2054.676,
87,AIG,MRQ,1999-09-30,1999-09-30,1999-09-30,2021-09-07,-1853000000.0,259786000000.0,,,,,278.208,449000000.0,273000000.0,273000000.0,5495000000.0,1267000000.0,,7.015,40084000000.0,,,40084000000.0,0.0,412000000.0,43954000000.0,0.002,0.667,1816000000.0,2228000000.0,0.259,2228000000.0,1816000000.0,1816000000.0,11.0,10.8,11.0,32300000000.0,,32300000000.0,172023172167.0,25.0,21.074,6273000000.0,54.031,1.0,3100000000.0,0.361,0.0,0.0,299597000000.0,,0.0,158851000000.0,,,226591000000.0,,,134599172167.0,103000000.0,9000000.0,-60000000.0,-2032000000.0,-85000000.0,-1677000000.0,-4044000000.0,-3498000000.0,5824000000.0,0.0,1267000000.0,1267000000.0,1267000000.0,0.0,0.0,0.147,1517000000.0,1583000000.0,0.0,0.061,4.167,27.678,27.644,20125000000.0,0.0,1159.2,3.823,3.822,12895000000.0,29806000000.0,8595000000.0,8595000000.0,0.0,,,,,0.0,1517000000.0,1.0,116113848.0,116100000,117550000.0,74.031,259786000000.0,0.0,549000000.0,1212000000.0,2237.606,
88,AIG,MRQ,1999-06-30,1999-06-30,1999-06-30,2021-09-07,-1129000000.0,255019000000.0,,,,,274.404,-1042000000.0,170000000.0,170000000.0,5898000000.0,1277000000.0,,6.973,37594000000.0,,,37594000000.0,0.0,267000000.0,43402000000.0,0.002,0.597,1846000000.0,2113000000.0,0.231,2113000000.0,1846000000.0,1846000000.0,11.0,10.8,11.0,31872000000.0,,31872000000.0,180916990281.0,27.0,23.432,137000000.0,1.18,1.0,3249000000.0,0.355,0.0,0.0,292443000000.0,,0.0,155353000000.0,,,222252000000.0,,,145316990281.0,-76000000.0,-7000000.0,-86000000.0,2706000000.0,-71000000.0,3525000000.0,-4780000000.0,-3133000000.0,1179000000.0,0.0,1277000000.0,1277000000.0,1277000000.0,0.0,0.0,0.14,1610000000.0,1639000000.0,0.0,0.054,4.559,31.104,30.97,20764000000.0,0.0,1251.2,4.193,4.193,12723000000.0,29442000000.0,9147000000.0,9147000000.0,0.0,,,,,0.0,1610000000.0,1.0,116142096.0,116150000,117650000.0,78.752,255019000000.0,0.0,569000000.0,1239000000.0,2195.601,
89,AIG,MRQ,1999-03-31,1999-03-31,1999-03-31,2021-09-07,-839000000.0,247070000000.0,,,,,266.727,-1026000000.0,246000000.0,246000000.0,5773000000.0,1199000000.0,,6.95,35846000000.0,,,35846000000.0,0.0,249000000.0,42261000000.0,0.002,0.597,1721000000.0,1970000000.0,0.223,1970000000.0,1721000000.0,1721000000.0,10.267,10.267,10.267,30967000000.0,,30967000000.0,184199839230.0,29.0,25.068,-77000000.0,-0.663,1.0,3054000000.0,0.346,0.0,0.0,282670000000.0,,0.0,150361000000.0,,,215208000000.0,,,149336839230.0,-57000000.0,47000000.0,103000000.0,324000000.0,-69000000.0,7308000000.0,-8314000000.0,-5233000000.0,949000000.0,0.0,1199000000.0,1199000000.0,1199000000.0,0.0,0.0,0.136,1513000000.0,1541000000.0,0.0,0.058,4.822,33.401,33.097,19897000000.0,0.0,1286.4,4.482,4.483,12522000000.0,28235000000.0,8827000000.0,8827000000.0,0.0,,,,,0.0,1513000000.0,1.0,116088961.0,116100000,117600000.0,76.029,247070000000.0,0.0,522000000.0,1390000000.0,2128.079,
90,AIG,MRQ,1998-12-31,1998-12-31,1998-12-31,2021-09-07,-10000000.0,233676000000.0,,,,,264.121,-447000000.0,303000000.0,303000000.0,5717000000.0,1120000000.0,,6.728,36383000000.0,,,36383000000.0,0.0,274000000.0,35606000000.0,0.002,0.597,1578000000.0,1852000000.0,0.214,1852000000.0,1578000000.0,1578000000.0,9.667,9.533,9.667,30123000000.0,,30123000000.0,134370061919.0,22.0,19.144,5223000000.0,45.796,1.0,2925000000.0,0.338,0.0,0.0,269756000000.0,,0.0,141723000000.0,,,202658000000.0,,,101457576919.0,93000000.0,1000000.0,-31000000.0,549000000.0,-90000000.0,11508000000.0,-8101000000.0,-5910000000.0,5670000000.0,0.0,1120000000.0,1120000000.0,1120000000.0,0.0,0.0,0.13,1563000000.0,1362000000.0,0.0,0.062,3.368,23.694,27.559,19068000000.0,0.0,1030.72,3.179,3.678,11679000000.0,27110000000.0,8642000000.0,8642000000.0,0.0,,,,,0.0,1563000000.0,1.0,98433694.0,114050000,116325000.0,75.774,233676000000.0,0.0,458000000.0,1471000000.0,2048.891,
91,AIG,MRQ,1998-09-30,1998-09-30,1998-09-30,2021-09-07,-588923000.0,183922821000.0,,,,,226.734,-148000000.0,209959000.0,209959000.0,5168000000.0,1076000000.0,,6.105,33122444000.0,,,33122444000.0,0.0,240000000.0,12900948000.0,0.003,0.597,1546000000.0,1786000000.0,0.222,1786000000.0,1546000000.0,1546000000.0,9.467,9.2,9.467,25830726000.0,,25830726000.0,114071746922.0,18.0,15.873,366000000.0,3.213,1.0,2876000000.0,0.358,0.0,0.0,216835306000.0,,0.0,108674347000.0,,,157692095000.0,,,82299148922.0,47000000.0,-488000000.0,-6000000.0,2116000000.0,-84000000.0,3402000000.0,-3869000000.0,-2034000000.0,514000000.0,0.0,1076000000.0,1076000000.0,1076000000.0,0.0,0.0,0.134,1478000000.0,1398000000.0,0.0,0.063,3.186,18.598,23.414,18454641000.0,0.0,836.053,2.581,2.987,11837467000.0,24566129000.0,8044000000.0,8044000000.0,0.0,,,,,0.0,1478000000.0,1.0,98437678.0,113925000,116475000.0,70.608,183922821000.0,0.0,470000000.0,884774000.0,1614.42,
92,AIG,MRQ,1998-06-30,1998-06-30,1998-06-30,2021-09-07,173387000.0,176103221000.0,,,,,225.994,-1119000000.0,162854000.0,162854000.0,5140000000.0,1076000000.0,,5.829,31935452000.0,,,31935452000.0,0.0,225000000.0,12130663000.0,0.002,0.533,1515000000.0,1740000000.0,0.223,1740000000.0,1515000000.0,1515000000.0,9.467,9.2,9.467,25729459000.0,,25729459000.0,131058305914.0,22.0,19.234,-842000000.0,-7.396,1.0,2663000000.0,0.341,0.0,0.0,207875819000.0,,0.0,105455434000.0,,,149973762000.0,,,102146506914.0,18000000.0,-22000000.0,7000000.0,1315000000.0,-75000000.0,2841000000.0,-3100000000.0,-1094000000.0,277000000.0,0.0,1076000000.0,1076000000.0,1076000000.0,0.0,0.0,0.138,1377000000.0,1286000000.0,0.0,0.056,3.97,24.381,29.857,18369586000.0,0.0,1038.222,3.333,3.856,11512725000.0,24645131000.0,7803000000.0,7803000000.0,0.0,,,,,0.0,1377000000.0,1.0,98385976.0,113850000,116775000.0,68.538,176103221000.0,0.0,439000000.0,1149437000.0,1546.8,
93,AIG,MRQ,1998-03-31,1998-03-31,1998-03-31,2021-09-07,310917000.0,169383853000.0,,,,,219.363,-759000000.0,145138000.0,145138000.0,4874000000.0,1010000000.0,,5.768,29056937000.0,,,29056937000.0,0.0,213000000.0,11564007000.0,0.002,0.533,1428000000.0,1641000000.0,0.221,1641000000.0,1428000000.0,1428000000.0,8.853,8.64,8.853,24966340000.0,,24966340000.0,115936796682.0,21.0,17.942,219000000.0,1.924,1.0,2552000000.0,0.344,0.0,0.0,198295652000.0,,0.0,101318197000.0,,,144017513000.0,,,88056758682.0,58000000.0,-7000000.0,-11000000.0,217000000.0,-75000000.0,217000000.0,-1137000000.0,1429000000.0,978000000.0,0.0,1010000000.0,1010000000.0,1010000000.0,0.0,0.0,0.136,1297000000.0,1255000000.0,0.0,0.06,3.527,22.349,26.624,17390993000.0,0.0,895.289,2.954,3.418,11292908000.0,23755644000.0,7426000000.0,7426000000.0,0.0,,,,,0.0,1297000000.0,1.0,98355693.0,113813000,116625000.0,65.247,169383853000.0,0.0,418000000.0,1203631000.0,1488.265,
94,AIG,MRQ,1997-12-31,1997-12-31,1997-12-31,2021-09-07,172000000.0,163971000000.0,,,,,212.21,617375000.0,87000000.0,87000000.0,5597007000.0,1263252000.0,,5.815,27967000000.0,,,27967000000.0,0.0,234814000.0,11295000000.0,0.003,0.533,1784755000.0,2019569000.0,0.235,2019569000.0,1784755000.0,1784755000.0,7.92,7.36,7.92,24001000000.0,,24001000000.0,101291129320.0,19.0,16.548,1309720000.0,11.58,1.0,3013960000.0,0.35,0.0,0.0,191851000000.0,,0.0,98815000000.0,,,139570000000.0,,,76322468320.0,-86483000.0,-11346000.0,353073000.0,562414000.0,-120213000.0,6785581000.0,-3567409000.0,-7478809000.0,692345000.0,0.0,1263252000.0,1263252000.0,1263252000.0,0.0,0.0,0.147,1485885000.0,1528075000.0,0.0,0.067,3.18,20.567,23.684,16780000000.0,0.0,773.689,2.644,3.031,10283000000.0,22921000000.0,8610967000.0,8610967000.0,0.0,,,,,0.0,1485885000.0,1.0,98647492.0,113100000,115650000.0,76.136,163971000000.0,0.0,521503000.0,1056000000.0,1449.788,
95,AIG,MRQ,1997-09-30,1997-09-30,1997-09-30,2021-09-07,648643000.0,158612085000.0,,,,,241.979,286626000.0,173223000.0,173223000.0,4487425000.0,840318000.0,,5.629,25141884000.0,,,25141884000.0,0.0,228707000.0,11600279000.0,0.003,0.533,1184574000.0,1413281000.0,0.208,1413281000.0,1184574000.0,1184574000.0,8.533,8.427,8.533,23866960000.0,,23866960000.0,98462446514.0,22.0,18.326,158113000.0,1.603,1.0,2322817000.0,0.341,0.0,0.0,183580746000.0,,0.0,91259975000.0,,,134345125000.0,,,72438646514.0,86422000.0,-5731000.0,7044000.0,-1935292000.0,-53079000.0,-441947000.0,656882000.0,2697014000.0,-128513000.0,0.0,840318000.0,840318000.0,840318000.0,0.0,0.0,0.123,1307054000.0,1015763000.0,0.0,0.062,3.035,22.512,22.629,17457022000.0,0.0,734.578,2.691,2.691,10429017000.0,22089248000.0,6810242000.0,6810242000.0,0.0,,,,,0.0,1307054000.0,1.0,98612630.0,98632313,99084000.0,69.047,158612085000.0,0.0,344256000.0,1330098000.0,1608.115,
96,AIG,MRQ,1997-06-30,1997-06-30,1997-06-30,2021-09-07,602365000.0,156235279000.0,,,,,233.158,-914830000.0,86801000.0,86801000.0,4675905000.0,826495000.0,,5.769,26110601000.0,,,26110601000.0,0.0,217461000.0,11254921000.0,0.003,0.474,1170395000.0,1387856000.0,0.199,1387856000.0,1170395000.0,1170395000.0,8.32,8.32,8.32,23023110000.0,,23023110000.0,97207149424.0,22.0,18.738,1362394000.0,13.797,1.0,2290840000.0,0.329,0.0,0.0,182259079000.0,,0.0,90223435000.0,,,132812169000.0,,,70152071424.0,9543000.0,-12228000.0,-250532000.0,502472000.0,-46754000.0,753650000.0,-3021331000.0,-296932000.0,2277224000.0,0.0,826495000.0,826495000.0,826495000.0,0.0,0.0,0.119,1288043000.0,1002797000.0,0.0,0.057,3.047,22.565,22.611,17799062000.0,0.0,708.267,2.645,2.637,10497523000.0,21934603000.0,6966745000.0,6966745000.0,0.0,,,,,0.0,1288043000.0,1.0,99047541.0,98744813,99178031.0,70.553,156235279000.0,0.0,343900000.0,977054000.0,1582.213,
97,AIG,MRQ,1997-03-31,1997-03-31,1997-03-31,2021-09-07,470245000.0,151149414000.0,,,,,225.786,-1193171000.0,77258000.0,77258000.0,4365663000.0,780935000.0,,5.742,27132336000.0,,,27132336000.0,0.0,204018000.0,10993079000.0,0.004,0.474,1096276000.0,1300294000.0,0.201,1300294000.0,1096276000.0,1096276000.0,7.893,7.822,7.893,22361047000.0,,22361047000.0,81619683183.0,19.0,16.281,-601227000.0,-6.071,1.0,2117383000.0,0.327,0.0,0.0,178204492000.0,,0.0,87128714000.0,,,128388367000.0,,,55118486183.0,18518000.0,-10695000.0,-3585000.0,883406000.0,-46954000.0,896716000.0,-1470142000.0,1984727000.0,591944000.0,0.0,780935000.0,780935000.0,780935000.0,0.0,0.0,0.12,1144018000.0,973365000.0,0.0,0.06,2.465,18.332,18.351,16945604000.0,0.0,556.563,2.134,2.134,10356362000.0,21154862000.0,6483046000.0,6483046000.0,0.0,,,,,0.0,1144018000.0,1.0,99033694.0,99036422,99451547.0,65.461,151149414000.0,0.0,315341000.0,889641000.0,1526.2,
98,AIG,MRQ,1996-12-31,1996-12-31,1996-12-31,2021-09-07,885100000.0,148431002000.0,,,,,222.401,-502422000.0,58740000.0,58740000.0,4523863000.0,769977000.0,,5.715,26559937000.0,,,26559937000.0,0.0,202118000.0,11009783000.0,0.004,0.474,1069150000.0,1271268000.0,0.191,1271268000.0,1069150000.0,1069150000.0,7.716,,7.716,22044224000.0,,22044224000.0,,,,3577519000.0,36.093,1.0,2139699000.0,0.321,0.0,0.0,174932199000.0,,0.0,86226913000.0,,,125986778000.0,,,50822624611.0,-90633000.0,-2332000.0,-13049000.0,2527373000.0,-46839000.0,5153230000.0,-4472804000.0,-3408993000.0,4079941000.0,0.0,769977000.0,769977000.0,769977000.0,0.0,0.0,0.116,1203391000.0,936308000.0,0.0,0.061,2.305,17.543,17.623,15931422000.0,0.0,513.185,2.009,2.016,9617061000.0,20420881000.0,6663562000.0,6663562000.0,0.0,,,,,0.0,1203391000.0,1.0,99033694.0,99119202,,67.228,148431002000.0,0.0,299173000.0,788681000.0,1497.5,
99,AIG,MRQ,1996-09-30,1996-09-30,1996-09-30,2021-09-07,,,,,,,,270773000.0,,,4289315000.0,731437000.0,,,,,,,,210237000.0,,0.004,0.474,1018071000.0,1228308000.0,0.192,1228308000.0,1018071000.0,1018071000.0,7.396,,7.396,,,,,,,2795806000.0,28.234,1.0,2122217000.0,0.331,,0.0,,,,,,,,,,,52069000.0,773000.0,-23330000.0,-582094000.0,-46946000.0,-264258000.0,-2208706000.0,-2102315000.0,2525033000.0,0.0,731437000.0,731437000.0,731437000.0,0.0,0.0,0.114,1224634000.0,897583000.0,,0.064,,,,,0.0,477.63,,,,,6411532000.0,6411532000.0,0.0,,,,,0.0,1224634000.0,1.0,,99021797,,64.749,,,286634000.0,,,
100,AIG,MRQ,1996-06-30,1996-06-30,1996-06-30,2021-09-07,,,,,,,,-922810000.0,,,4255895000.0,724368000.0,,,,,,,,205394000.0,,0.004,0.806,1008024000.0,1213418000.0,0.193,1213418000.0,1008024000.0,1008024000.0,7.324,,7.324,,,,,,,-65300000.0,-0.657,1.0,2017532000.0,0.322,,0.0,,,,,,,,,,,43295000.0,-30658000.0,-343569000.0,2151151000.0,-39908000.0,3191852000.0,-4006067000.0,-2530477000.0,857510000.0,0.0,724368000.0,724368000.0,724368000.0,0.0,0.0,0.115,1134572000.0,882960000.0,,0.11,,,,,0.0,462.815,,,,,6273427000.0,6273427000.0,0.0,,,,,0.0,1134572000.0,1.0,,99369984,,63.132,,,283656000.0,,,
101,AIG,MRQ,1996-03-31,1996-03-31,1996-03-31,2021-09-07,,,,,,,,-736541000.0,,,4030927000.0,671218000.0,,,,,,,,188251000.0,,0.003,0.403,917755000.0,1106006000.0,0.186,1106006000.0,917755000.0,917755000.0,6.732,,6.732,,,,,,,1375975000.0,13.763,1.0,1920552000.0,0.323,,0.0,,,,,,,,,,,-33731000.0,-6783000.0,-91052000.0,609570000.0,-40307000.0,1621176000.0,-3767423000.0,-2727215000.0,2112516000.0,0.0,671218000.0,671218000.0,671218000.0,0.0,0.0,0.113,1107403000.0,813149000.0,,0.06,,,,,0.0,452.148,,,,,5951479000.0,5951479000.0,0.0,,,,,0.0,1107403000.0,1.0,,99978047,,59.528,,,246537000.0,,,
102,AIG,MRQ,1995-12-31,1995-12-31,1995-12-31,2021-09-07,938992000.0,134136398000.0,,,,,198.293,,88371000.0,88371000.0,,,,5.745,19885345000.0,,,19885345000.0,0.0,,10538424000.0,0.003,0.403,,,,,,,,,,19827103000.0,,19827103000.0,,,,,,1.0,,,0.0,,153933372000.0,,0.0,75027618000.0,,,113909295000.0,,,,,,,,,,,,,,,,,,,,,,0.0,,,,17.469,14264071000.0,,438.519,,1.877,9410185000.0,17697739000.0,,,,,,,,,,1.0,,99989016,,,134136398000.0,0.0,,877257000.0,1341.511,
0,AIG,MRT,2021-06-30,2021-06-30,2021-06-30,2021-09-07,10209000000.0,598250000000.0,586587750000.0,,,0.077,76.58,0.0,2760000000.0,2760000000.0,26670000000.0,4363000000.0,,8.041,35727000000.0,,,35727000000.0,21487000000.0,3930000000.0,161112000000.0,0.027,1.28,5954000000.0,9884000000.0,0.219,9884000000.0,5954000000.0,4537000000.0,4.8,4.76,4.8,66083000000.0,64808000000.0,66083000000.0,73699494797.0,12.0,7.456,2523000000.0,2.924,1.0,18362000000.0,0.408,0.0,1417000000.0,631217000000.0,620480750000.0,0.0,359539000000.0,,,531342000000.0,,,40847494797.0,-791000000.0,54000000.0,-592000000.0,-3817000000.0,-1102000000.0,1618000000.0,-4944000000.0,535000000.0,2523000000.0,12000000.0,4210000000.0,4181000000.0,4181000000.0,-5000000.0,153000000.0,0.093,12167000000.0,6195000000.0,0.0,0.267,0.618,9.77,9.917,0.0,29000000.0,47.6,0.907,0.912,14303000000.0,18935000000.0,45032000000.0,45032000000.0,0.0,0.007,0.065,0.01,0.132,0.0,12276000000.0,1.0,858140647.0,862930931,872877303.0,52.185,598250000000.0,12628000000.0,327000000.0,0.0,693.277,
1,AIG,MRT,2021-03-31,2021-03-31,2021-03-31,2021-09-07,6466000000.0,584390000000.0,579372250000.0,,,0.076,72.202,0.0,2796000000.0,2796000000.0,27153000000.0,-3553000000.0,,8.309,35648000000.0,,,35648000000.0,21012000000.0,3665000000.0,157741000000.0,0.028,1.28,-3939000000.0,-274000000.0,-0.006,-274000000.0,-3939000000.0,-5383000000.0,-4.46,-4.5,-4.46,62679000000.0,63845750000.0,62679000000.0,74668976814.0,-19.0,-272.515,700000000.0,0.806,1.0,16594000000.0,0.379,0.0,1444000000.0,617242000000.0,613991500000.0,0.0,348457000000.0,,,520830000000.0,,,39961976814.0,-66000000.0,2173000000.0,-362000000.0,-1364000000.0,-1103000000.0,3276000000.0,-4064000000.0,997000000.0,700000000.0,22000000.0,-3817000000.0,-3846000000.0,-3846000000.0,-4000000.0,264000000.0,-0.088,20286000000.0,-3692000000.0,0.0,-0.287,0.638,-10.391,-10.361,0.0,29000000.0,46.21,0.913,0.917,13808000000.0,19121000000.0,43747000000.0,43747000000.0,0.0,-0.007,-0.06,-0.006,-0.09,0.0,11984000000.0,1.0,864790669.0,868105069,876269924.0,50.394,584390000000.0,13690000000.0,-1566000000.0,0.0,673.179,
2,AIG,MRT,2020-12-31,2020-12-31,2020-12-31,2021-09-07,13511000000.0,586481000000.0,560894000000.0,,,0.078,76.339,0.0,2827000000.0,2827000000.0,28428000000.0,-5829000000.0,,7.825,37534000000.0,,,37534000000.0,18660000000.0,4120000000.0,160251000000.0,0.034,1.28,-5947000000.0,-1827000000.0,-0.042,-1827000000.0,-5947000000.0,-7404000000.0,-6.88,-6.88,-6.88,66362000000.0,63219250000.0,66362000000.0,67663364289.0,-11.0,-37.035,1038000000.0,1.194,1.0,15308000000.0,0.35,0.0,1457000000.0,621188000000.0,595468250000.0,0.0,360668000000.0,,,519282000000.0,,,32617364289.0,-57000000.0,2173000000.0,-500000000.0,1618000000.0,-1103000000.0,5058000000.0,-6202000000.0,-8755000000.0,1038000000.0,49000000.0,-5944000000.0,-5973000000.0,-5973000000.0,-4000000.0,115000000.0,-0.137,21132000000.0,-5824000000.0,0.0,-0.186,0.492,-5.461,-5.503,0.0,29000000.0,37.86,0.746,0.753,11333000000.0,15504000000.0,43736000000.0,43736000000.0,0.0,-0.011,-0.094,-0.01,-0.136,0.0,12607000000.0,1.0,861525734.0,869309458,869309458.0,50.311,586481000000.0,12624000000.0,-1460000000.0,0.0,674.652,
3,AIG,MRT,2020-09-30,2020-09-30,2020-09-30,2021-09-07,10978000000.0,577230000000.0,545539750000.0,,,0.084,73.882,0.0,3191000000.0,3191000000.0,28463000000.0,-4944000000.0,,7.996,38237000000.0,,,38237000000.0,20093000000.0,4396000000.0,158205000000.0,0.046,1.28,-4205000000.0,191000000.0,0.004,191000000.0,-4205000000.0,-5664000000.0,-5.79,-5.82,-5.79,64108000000.0,63047500000.0,64108000000.0,59587275267.0,-14.0,311.975,-350000000.0,-0.403,1.0,17412000000.0,0.38,0.0,1459000000.0,612276000000.0,579560750000.0,0.0,356404000000.0,,,512623000000.0,,,23715275267.0,-100000000.0,2119000000.0,-500000000.0,2912000000.0,-1106000000.0,6149000000.0,-5903000000.0,-10565000000.0,-350000000.0,4000000.0,-4962000000.0,-4991000000.0,-4991000000.0,-53000000.0,18000000.0,-0.109,21618000000.0,-4206000000.0,0.0,-0.221,0.37,-4.752,-4.755,0.0,29000000.0,27.53,0.517,0.521,11827000000.0,15838000000.0,45875000000.0,45875000000.0,0.0,-0.009,-0.079,-0.007,-0.092,0.0,12895000000.0,1.0,861433900.0,867713308,873130950.0,52.869,577230000000.0,12958000000.0,-702000000.0,0.0,665.231,
4,AIG,MRT,2020-06-30,2020-06-30,2020-06-30,2021-09-07,9169000000.0,569388000000.0,532512750000.0,,,0.091,71.783,0.0,3408000000.0,3408000000.0,29567000000.0,-4270000000.0,,8.14,39280000000.0,,,39280000000.0,20103000000.0,4909000000.0,155852000000.0,0.041,1.28,-3655000000.0,1254000000.0,0.026,1254000000.0,-3655000000.0,-5083000000.0,-5.37,-5.42,-5.37,62234000000.0,63421250000.0,62234000000.0,59527042436.0,-16.0,47.47,-774000000.0,-0.893,1.0,19001000000.0,0.391,0.0,1428000000.0,605260000000.0,565747500000.0,0.0,350151000000.0,,,506570000000.0,,,26855042436.0,730000000.0,2121000000.0,-500000000.0,3022000000.0,-1108000000.0,5744000000.0,-4231000000.0,-11993000000.0,-774000000.0,-9000000.0,-4594000000.0,-4624000000.0,-4624000000.0,-48000000.0,324000000.0,-0.095,22344000000.0,-3343000000.0,0.0,-0.238,0.432,-5.808,-5.806,0.0,30000000.0,31.18,0.553,0.557,12829000000.0,15847000000.0,48568000000.0,48568000000.0,0.0,-0.009,-0.073,-0.006,-0.075,0.0,13636000000.0,1.0,861290649.0,866968305,866968305.0,56.021,569388000000.0,13294000000.0,-489000000.0,0.0,656.758,
5,AIG,MRT,2020-03-31,2020-03-31,2020-03-31,2021-09-07,-994000000.0,510477000000.0,520733000000.0,,,0.099,68.831,0.0,2738000000.0,2738000000.0,28897000000.0,4886000000.0,,7.456,35410000000.0,,,35410000000.0,20128000000.0,5585000000.0,154067000000.0,0.053,1.28,7719000000.0,13304000000.0,0.257,13304000000.0,7719000000.0,6296000000.0,5.04,4.97,5.04,60173000000.0,63997500000.0,60173000000.0,53674484058.0,7.0,4.034,-1417000000.0,-1.621,1.0,22836000000.0,0.441,0.0,1423000000.0,543149000000.0,553338750000.0,0.0,332336000000.0,,,448634000000.0,,,21180484058.0,194000000.0,2000000.0,-500000000.0,908000000.0,-1112000000.0,5726000000.0,-4129000000.0,-12067000000.0,-1417000000.0,14000000.0,4443000000.0,4414000000.0,4414000000.0,-48000000.0,443000000.0,0.085,14671000000.0,8165000000.0,0.0,0.254,0.352,4.798,4.812,0.0,29000000.0,24.25,0.409,0.41,12072000000.0,24062000000.0,51733000000.0,51733000000.0,0.0,0.008,0.069,0.014,0.149,0.0,14374000000.0,1.0,873422023.0,874213630,878866213.0,59.177,510477000000.0,13975000000.0,1853000000.0,0.0,583.927,
6,AIG,MRT,2019-12-31,2019-12-31,2019-12-31,2021-09-07,4982000000.0,525064000000.0,521344250000.0,,,0.095,74.907,0.0,2856000000.0,2856000000.0,29234000000.0,4169000000.0,,6.968,35350000000.0,,,35350000000.0,18269000000.0,5006000000.0,151869000000.0,0.025,1.28,5931000000.0,10937000000.0,0.22,10937000000.0,5931000000.0,4514000000.0,3.79,3.74,3.79,65675000000.0,64151000000.0,65675000000.0,76555615936.0,13.0,7.0,-1807000000.0,-2.061,1.0,20512000000.0,0.412,0.0,1417000000.0,557558000000.0,554084750000.0,0.0,337615000000.0,,,457637000000.0,,,44654615936.0,-8000000.0,2000000.0,0.0,679000000.0,-1114000000.0,7258000000.0,-5475000000.0,-7819000000.0,-1807000000.0,16000000.0,3348000000.0,3326000000.0,3326000000.0,-48000000.0,821000000.0,0.067,13776000000.0,6736000000.0,0.0,0.338,0.68,13.426,13.544,0.0,22000000.0,51.33,0.898,0.905,10274000000.0,23084000000.0,49746000000.0,49746000000.0,0.0,0.006,0.052,0.011,0.119,0.0,13701000000.0,1.0,869951606.0,876750264,889511946.0,56.739,525064000000.0,13146000000.0,1166000000.0,0.0,598.875,
7,AIG,MRT,2019-09-30,2019-09-30,2019-09-30,2021-09-07,5615000000.0,525122000000.0,513074250000.0,,,0.098,74.803,0.0,3361000000.0,3361000000.0,31144000000.0,2740000000.0,,6.976,35262000000.0,,,35262000000.0,19959000000.0,5382000000.0,151964000000.0,0.023,1.28,4074000000.0,9456000000.0,0.187,9456000000.0,4074000000.0,2610000000.0,2.06,2.03,2.06,65603000000.0,61822500000.0,65603000000.0,81809892421.0,20.0,8.652,-1145000000.0,-1.306,1.0,19347000000.0,0.383,0.0,1464000000.0,557023000000.0,545608000000.0,0.0,340993000000.0,,,457677000000.0,,,48453892421.0,647000000.0,-663000000.0,-745000000.0,-66000000.0,-1115000000.0,5871000000.0,-4099000000.0,-8029000000.0,-1145000000.0,20000000.0,1797000000.0,1782000000.0,1782000000.0,3000000.0,943000000.0,0.035,14317000000.0,5030000000.0,0.0,0.621,0.739,27.191,27.039,0.0,15000000.0,55.7,0.96,0.967,11786000000.0,22439000000.0,50491000000.0,50491000000.0,0.0,0.003,0.029,0.007,0.081,0.0,14316000000.0,1.0,869908302.0,877009495,895814410.0,57.572,525122000000.0,13054000000.0,813000000.0,0.0,598.764,
8,AIG,MRT,2019-06-30,2019-06-30,2019-06-30,2021-09-07,4991000000.0,522269000000.0,508008750000.0,,,0.097,73.642,0.0,2935000000.0,2935000000.0,32531000000.0,508000000.0,,7.068,36291000000.0,,,36291000000.0,20621000000.0,5235000000.0,148521000000.0,0.024,1.28,1543000000.0,6778000000.0,0.138,6778000000.0,1543000000.0,101000000.0,-0.09,-0.1,-0.09,64539000000.0,60068250000.0,64539000000.0,79551470956.0,52.0,11.737,-1326000000.0,-1.513,1.0,16532000000.0,0.337,0.0,1442000000.0,555625000000.0,540530500000.0,0.0,334928000000.0,,,456164000000.0,,,46340470956.0,805000000.0,-5717000000.0,-1093000000.0,806000000.0,-1120000000.0,5044000000.0,-2900000000.0,58000000.0,-1326000000.0,-13000000.0,-118000000.0,-125000000.0,-125000000.0,42000000.0,626000000.0,-0.003,14310000000.0,2222000000.0,0.0,-14.222,0.718,-370.724,-592.0,0.0,7000000.0,53.28,0.945,0.952,12614000000.0,22077000000.0,49063000000.0,49063000000.0,0.0,0.0,-0.002,0.003,0.031,0.0,14320000000.0,1.0,869753584.0,876382884,888325042.0,55.984,522269000000.0,13337000000.0,219000000.0,0.0,595.937,
9,AIG,MRT,2019-03-31,2019-03-31,2019-03-31,2021-09-07,2128000000.0,512922000000.0,501648750000.0,,,0.096,69.44,0.0,2565000000.0,2565000000.0,32202000000.0,49000000.0,,7.417,35776000000.0,,,35776000000.0,20812000000.0,5279000000.0,145380000000.0,0.03,1.28,1185000000.0,6464000000.0,0.134,6464000000.0,1185000000.0,-196000000.0,-0.31,-0.32,-0.31,60787000000.0,59230000000.0,60787000000.0,69107081542.0,58.0,10.691,-432000000.0,-0.493,1.0,15931000000.0,0.331,0.0,1381000000.0,546133000000.0,533743750000.0,0.0,324863000000.0,,,450829000000.0,,,37440081542.0,808000000.0,-5713000000.0,-1441000000.0,210000000.0,-1127000000.0,1527000000.0,-230000000.0,2760000000.0,-432000000.0,-57000000.0,-290000000.0,-290000000.0,-290000000.0,41000000.0,339000000.0,-0.006,14365000000.0,1566000000.0,0.0,-4.129,0.616,-129.104,-138.903,0.0,0.0,43.06,0.778,0.783,12655000000.0,21259000000.0,48133000000.0,48133000000.0,0.0,-0.001,-0.005,0.002,0.025,0.0,14401000000.0,1.0,869486334.0,875383084,877512244.0,54.985,512922000000.0,14545000000.0,94000000.0,0.0,585.94,
10,AIG,MRT,2018-12-31,2018-12-31,2018-12-31,2021-09-07,-1413000000.0,491984000000.0,498204000000.0,,,0.095,62.734,0.0,2873000000.0,2873000000.0,31166000000.0,61000000.0,,7.712,34540000000.0,,,34540000000.0,19248000000.0,5362000000.0,142262000000.0,0.032,1.28,1457000000.0,6819000000.0,0.144,6819000000.0,1457000000.0,148000000.0,-0.01,-0.01,-0.01,56361000000.0,59731250000.0,56361000000.0,66716996203.0,46.0,9.784,-394000000.0,-0.439,1.0,16223000000.0,0.342,0.0,1309000000.0,523651000000.0,529875250000.0,0.0,314209000000.0,,,434675000000.0,,,34863996203.0,621000000.0,-5707000000.0,-1739000000.0,1062000000.0,-1138000000.0,1249000000.0,-223000000.0,3758000000.0,-394000000.0,-11000000.0,-6000000.0,-6000000.0,-6000000.0,42000000.0,67000000.0,0.0,14650000000.0,1573000000.0,0.0,-128.0,0.619,-5810.666,-3941.0,0.0,0.0,39.41,0.736,0.747,11011000000.0,20884000000.0,47389000000.0,47389000000.0,0.0,0.0,0.0,0.003,0.031,0.0,14688000000.0,1.0,884648470.0,898405537,910141242.0,52.748,491984000000.0,15221000000.0,154000000.0,0.0,547.619,
11,AIG,MRT,2018-09-30,2018-09-30,2018-09-30,2021-09-07,-536000000.0,504860000000.0,499783250000.0,,,0.095,65.442,0.0,2741000000.0,2741000000.0,30496000000.0,-6051000000.0,,7.607,34594000000.0,,,34594000000.0,20829000000.0,4881000000.0,140491000000.0,0.024,1.28,2981000000.0,7862000000.0,0.166,7862000000.0,2981000000.0,1791000000.0,-6.49,-6.52,-6.49,58586000000.0,61933750000.0,58586000000.0,78949879362.0,26.0,10.042,1006000000.0,1.124,1.0,16968000000.0,0.357,0.0,1190000000.0,536713000000.0,530857250000.0,0.0,316063000000.0,,,445683000000.0,,,47300879362.0,418000000.0,-4855000000.0,-994000000.0,1275000000.0,-1146000000.0,762000000.0,-1351000000.0,1169000000.0,1006000000.0,1000000.0,-6044000000.0,-6044000000.0,-6044000000.0,43000000.0,-7000000.0,-0.127,13942000000.0,3026000000.0,0.0,-0.197,0.807,-7.826,-8.203,0.0,0.0,53.24,0.997,1.004,12238000000.0,21749000000.0,47464000000.0,47464000000.0,0.0,-0.012,-0.098,0.006,0.063,0.0,14218000000.0,1.0,888446269.0,895237359,895237359.0,53.018,504860000000.0,15088000000.0,7835000000.0,0.0,563.94,
12,AIG,MRT,2018-06-30,2018-06-30,2018-06-30,2021-09-07,230000000.0,496829000000.0,499336500000.0,,,0.096,67.742,0.0,2135000000.0,2135000000.0,32440000000.0,-6505000000.0,,7.11,33784000000.0,,,33784000000.0,19676000000.0,4656000000.0,138964000000.0,0.024,1.28,1681000000.0,6337000000.0,0.133,6337000000.0,1681000000.0,527000000.0,-6.99,-7.02,-6.99,61186000000.0,65404250000.0,61186000000.0,79111172118.0,47.0,12.484,878000000.0,0.972,1.0,15289000000.0,0.32,0.0,1154000000.0,528478000000.0,529598750000.0,0.0,319758000000.0,,,435032000000.0,,,47595172118.0,-497000000.0,264000000.0,-921000000.0,588000000.0,-1150000000.0,753000000.0,-2154000000.0,-4658000000.0,878000000.0,26000000.0,-6524000000.0,-6524000000.0,-6524000000.0,5000000.0,19000000.0,-0.137,13575000000.0,1714000000.0,0.0,-0.183,0.778,-7.295,-7.585,0.0,0.0,53.02,0.997,1.003,10860000000.0,23318000000.0,47729000000.0,47729000000.0,0.0,-0.013,-0.1,0.003,0.035,0.0,13836000000.0,1.0,897683367.0,903215488,916572481.0,52.843,496829000000.0,14753000000.0,7051000000.0,0.0,550.067,
13,AIG,MRT,2018-03-31,2018-03-31,2018-03-31,2021-09-07,2220000000.0,499143000000.0,500069750000.0,,,0.097,69.158,0.0,2103000000.0,2103000000.0,33190000000.0,-6318000000.0,,6.94,33619000000.0,,,33619000000.0,20038000000.0,4244000000.0,138153000000.0,0.024,1.28,2103000000.0,6347000000.0,0.131,6347000000.0,2103000000.0,956000000.0,-6.81,-6.85,-6.81,62792000000.0,68540750000.0,62792000000.0,78390356939.0,37.0,12.351,1580000000.0,1.74,1.0,15410000000.0,0.317,0.0,1147000000.0,530659000000.0,529743500000.0,0.0,322375000000.0,,,435786000000.0,,,49112356939.0,98000000.0,774000000.0,-2988000000.0,1821000000.0,-1154000000.0,837000000.0,-2430000000.0,-3935000000.0,1580000000.0,111000000.0,-6331000000.0,-6331000000.0,-6331000000.0,-3000000.0,13000000.0,-0.13,13297000000.0,2113000000.0,0.0,-0.188,0.782,-7.757,-7.991,0.0,0.0,54.42,1.011,1.017,11107000000.0,22671000000.0,48600000000.0,48600000000.0,0.0,-0.013,-0.092,0.004,0.043,0.0,13473000000.0,1.0,902468889.0,907951597,925266577.0,53.527,499143000000.0,14558000000.0,7287000000.0,0.0,549.746,
14,AIG,MRT,2017-12-31,2017-12-31,2017-12-31,2021-09-07,5465000000.0,498301000000.0,500324500000.0,,,0.099,70.034,0.0,2362000000.0,2362000000.0,33564000000.0,-6056000000.0,,6.638,31640000000.0,,,31640000000.0,19030000000.0,3874000000.0,135602000000.0,0.021,1.28,2610000000.0,6484000000.0,0.131,6484000000.0,2610000000.0,1442000000.0,-6.54,-6.54,-6.54,65171000000.0,71360000000.0,65171000000.0,82165999324.0,31.0,12.672,-7818000000.0,-8.401,1.0,15956000000.0,0.322,0.0,1168000000.0,527579000000.0,529326500000.0,0.0,322292000000.0,,,432593000000.0,,,53559999324.0,497000000.0,792000000.0,-6275000000.0,-342000000.0,-1172000000.0,-5697000000.0,14041000000.0,11353000000.0,-7818000000.0,-29000000.0,-6084000000.0,-6084000000.0,-6084000000.0,-4000000.0,28000000.0,-0.123,13327000000.0,2629000000.0,0.0,-0.196,0.822,-8.803,-9.11,0.0,0.0,59.58,1.082,1.12,10248000000.0,21457000000.0,49520000000.0,49520000000.0,0.0,-0.012,-0.085,0.005,0.053,0.0,13395000000.0,1.0,898959371.0,930561286,930561286.0,53.215,498301000000.0,14033000000.0,7526000000.0,0.0,535.484,
15,AIG,MRT,2017-09-30,2017-09-30,2017-09-30,2021-09-07,5939000000.0,503073000000.0,500315250000.0,,,0.1,79.752,0.0,2433000000.0,2433000000.0,37932000000.0,-1890000000.0,,5.934,31039000000.0,,,31039000000.0,20135000000.0,4082000000.0,134514000000.0,0.021,1.28,-2283000000.0,1799000000.0,0.036,1799000000.0,-2283000000.0,-3468000000.0,-2.23,-2.24,-2.23,72468000000.0,74142250000.0,72468000000.0,84755074757.0,-37.0,47.112,-7113000000.0,-7.828,1.0,11963000000.0,0.24,0.0,1185000000.0,531679000000.0,529258750000.0,0.0,321123000000.0,,,430061000000.0,,,55460074757.0,-428000000.0,3414000000.0,-9229000000.0,-2221000000.0,-1205000000.0,-10662000000.0,17402000000.0,13780000000.0,-7113000000.0,-55000000.0,-2465000000.0,-2465000000.0,-2465000000.0,29000000.0,575000000.0,-0.049,13648000000.0,-1685000000.0,0.0,-0.574,0.765,-22.499,-27.529,0.0,0.0,61.39,1.112,1.118,11156000000.0,28389000000.0,49895000000.0,49895000000.0,0.0,-0.005,-0.033,-0.004,-0.046,0.0,13669000000.0,1.0,903405681.0,908667044,908667044.0,54.91,503073000000.0,20954000000.0,-1003000000.0,0.0,553.638,
16,AIG,MRT,2017-06-30,2017-06-30,2017-06-30,2021-09-07,4962000000.0,499762000000.0,503189000000.0,,,0.101,79.646,0.0,2517000000.0,2517000000.0,35119000000.0,259000000.0,,5.77,31812000000.0,,,31812000000.0,19992000000.0,3822000000.0,133295000000.0,0.02,1.28,1352000000.0,5174000000.0,0.101,5174000000.0,1352000000.0,128000000.0,0.11,0.09,0.11,73732000000.0,78191000000.0,73732000000.0,86708272567.0,64.0,16.758,-6105000000.0,-6.595,1.0,15879000000.0,0.311,0.0,1224000000.0,529057000000.0,532425750000.0,0.0,320746000000.0,,,425438000000.0,,,57879272567.0,458000000.0,3347000000.0,-11212000000.0,-1282000000.0,-1256000000.0,-11670000000.0,18241000000.0,14194000000.0,-6105000000.0,-8000000.0,-264000000.0,-264000000.0,-264000000.0,25000000.0,523000000.0,-0.005,14000000000.0,1879000000.0,0.0,11.636,0.785,-219.24,568.364,0.0,0.0,62.52,1.135,1.135,10921000000.0,30420000000.0,50998000000.0,50998000000.0,0.0,-0.001,-0.003,0.003,0.027,0.0,14162000000.0,1.0,925772114.0,925751084,948248771.0,55.088,499762000000.0,20171000000.0,392000000.0,0.0,539.845,
17,AIG,MRT,2017-03-31,2017-03-31,2017-03-31,2021-09-07,3781000000.0,500162000000.0,505835750000.0,,,0.105,75.521,0.0,1918000000.0,1918000000.0,35762000000.0,1065000000.0,,5.745,30747000000.0,,,30747000000.0,19840000000.0,3905000000.0,132639000000.0,0.021,1.28,2530000000.0,6435000000.0,0.121,6435000000.0,2530000000.0,1278000000.0,0.61,0.58,0.61,74069000000.0,82244500000.0,74069000000.0,90197932049.0,36.0,14.017,-5866000000.0,-5.981,1.0,17458000000.0,0.328,0.0,1252000000.0,528991000000.0,535635000000.0,0.0,315505000000.0,,,425495000000.0,,,61153932049.0,139000000.0,2833000000.0,-11559000000.0,-910000000.0,-1316000000.0,-11334000000.0,17366000000.0,11219000000.0,-5866000000.0,-27000000.0,519000000.0,519000000.0,519000000.0,43000000.0,546000000.0,0.01,14349000000.0,3109000000.0,0.0,2.098,0.826,117.83,102.344,0.0,0.0,62.43,1.149,1.151,11130000000.0,29591000000.0,53220000000.0,53220000000.0,0.0,0.001,0.006,0.005,0.048,0.0,14796000000.0,1.0,979560020.0,980777243,1005315030.0,54.263,500162000000.0,20881000000.0,759000000.0,0.0,509.965,
18,AIG,MRT,2016-12-31,2016-12-31,2016-12-31,2021-09-07,3230000000.0,498264000000.0,506489500000.0,,,0.103,69.93,0.0,1868000000.0,1868000000.0,36142000000.0,-349000000.0,,5.523,30912000000.0,,,30912000000.0,19634000000.0,4090000000.0,132216000000.0,0.02,1.28,596000000.0,4686000000.0,0.089,4686000000.0,596000000.0,-664000000.0,-0.78,-0.78,-0.78,76300000000.0,85856750000.0,76300000000.0,96861194622.0,163.0,20.67,3502000000.0,3.21,1.0,16225000000.0,0.31,0.0,1260000000.0,527308000000.0,536694750000.0,0.0,328175000000.0,,,421406000000.0,,,67082194622.0,-24000000.0,2809000000.0,-11460000000.0,1872000000.0,-1372000000.0,-6833000000.0,3252000000.0,-3563000000.0,3502000000.0,55000000.0,-849000000.0,-849000000.0,-849000000.0,90000000.0,500000000.0,-0.016,14965000000.0,1260000000.0,0.0,-1.641,0.879,-79.013,-83.731,0.0,0.0,65.31,1.281,1.361,10465000000.0,28711000000.0,52367000000.0,52367000000.0,0.0,-0.002,-0.01,0.001,0.011,0.0,15510000000.0,1.0,1027135119.0,1091085131,1091085131.0,47.995,498264000000.0,21332000000.0,185000000.0,0.0,456.668,
19,AIG,MRT,2016-09-30,2016-09-30,2016-09-30,2021-09-07,9057000000.0,514568000000.0,506134000000.0,,,0.105,82.762,0.0,2498000000.0,2498000000.0,35277000000.0,308000000.0,,4.798,32277000000.0,,,32277000000.0,21047000000.0,3941000000.0,132808000000.0,0.021,1.24,1697000000.0,5638000000.0,0.106,5638000000.0,1697000000.0,438000000.0,0.63,0.62,0.63,88663000000.0,89196250000.0,88663000000.0,95077961077.0,56.0,16.864,2396000000.0,2.237,1.0,17911000000.0,0.337,0.0,1259000000.0,544347000000.0,535983250000.0,0.0,346368000000.0,,,425403000000.0,,,63532961077.0,929000000.0,0.0,-11724000000.0,2703000000.0,-1392000000.0,-3662000000.0,2107000000.0,-1232000000.0,2396000000.0,88000000.0,351000000.0,351000000.0,351000000.0,54000000.0,-43000000.0,0.007,16127000000.0,1784000000.0,0.0,1.968,0.717,181.006,94.19,0.0,0.0,59.34,1.194,1.195,11606000000.0,32077000000.0,53188000000.0,53188000000.0,0.0,0.001,0.004,0.003,0.032,0.0,16477000000.0,1.0,1070659944.0,1071295892,1102400770.0,49.648,514568000000.0,18412000000.0,87000000.0,0.0,480.323,
20,AIG,MRT,2016-06-30,2016-06-30,2016-06-30,2021-09-07,8259000000.0,510349000000.0,502988250000.0,,,0.106,80.771,0.0,1784000000.0,1784000000.0,34718000000.0,-325000000.0,,4.667,33329000000.0,,,33329000000.0,22165000000.0,4489000000.0,131936000000.0,0.023,1.2,757000000.0,5246000000.0,0.099,5246000000.0,757000000.0,-494000000.0,0.02,0.02,0.02,89946000000.0,91780250000.0,89946000000.0,89638622420.0,118.0,17.087,2955000000.0,2.654,1.0,18438000000.0,0.347,0.0,1251000000.0,541894000000.0,532680250000.0,0.0,350667000000.0,,,419812000000.0,,,59185622420.0,-153000000.0,0.0,-13196000000.0,1758000000.0,-1406000000.0,-6053000000.0,2912000000.0,-460000000.0,2955000000.0,33000000.0,-342000000.0,-342000000.0,-342000000.0,74000000.0,17000000.0,-0.006,17154000000.0,1284000000.0,0.0,60.0,0.658,-173.057,2644.5,0.0,0.0,52.89,1.113,1.108,12078000000.0,31951000000.0,53156000000.0,53156000000.0,0.0,-0.001,-0.004,0.001,0.014,0.0,17373000000.0,1.0,1119032377.0,1113587927,1140045973.0,47.734,510349000000.0,18542000000.0,-152000000.0,0.0,458.293,
21,AIG,MRT,2016-03-31,2016-03-31,2016-03-31,2021-09-07,5525000000.0,502777000000.0,502897750000.0,,,0.108,76.536,0.0,1499000000.0,1499000000.0,34927000000.0,-458000000.0,,4.674,31952000000.0,,,31952000000.0,22060000000.0,4600000000.0,130007000000.0,0.019,1.005,493000000.0,5093000000.0,0.094,5093000000.0,493000000.0,-754000000.0,-0.35,-0.34,-0.35,88518000000.0,95358250000.0,88518000000.0,89848678237.0,182.0,17.642,1521000000.0,1.315,1.0,19204000000.0,0.355,0.0,1247000000.0,533230000000.0,531809250000.0,0.0,342846000000.0,,,413696000000.0,,,62127678237.0,-324000000.0,0.0,-12779000000.0,-1299000000.0,-1221000000.0,-10372000000.0,8533000000.0,2242000000.0,1521000000.0,-6000000.0,-455000000.0,-455000000.0,-455000000.0,48000000.0,-3000000.0,-0.008,17895000000.0,1309000000.0,0.0,-2.871,0.702,-136.544,-154.429,0.0,0.0,54.05,1.148,1.155,12414000000.0,30396000000.0,54131000000.0,54131000000.0,0.0,-0.001,-0.005,0.001,0.009,0.0,17888000000.0,1.0,1149448256.0,1156548459,1156548459.0,46.804,502777000000.0,20116000000.0,-299000000.0,0.0,434.722,
22,AIG,MRT,2015-12-31,2015-12-31,2015-12-31,2021-09-07,2537000000.0,496842000000.0,507378750000.0,,,0.115,68.977,0.0,1629000000.0,1629000000.0,35076000000.0,2222000000.0,,4.535,29249000000.0,,,29249000000.0,21318000000.0,4629000000.0,127588000000.0,0.013,0.81,4536000000.0,9165000000.0,0.157,9165000000.0,4536000000.0,3255000000.0,1.69,1.65,1.69,89658000000.0,100223500000.0,89658000000.0,105807665369.0,23.0,11.545,2877000000.0,2.213,1.0,23251000000.0,0.399,0.0,1281000000.0,524462000000.0,536221000000.0,0.0,338354000000.0,,,406632000000.0,,,76657665369.0,-129000000.0,0.0,-10691000000.0,-2938000000.0,-1028000000.0,-11429000000.0,8462000000.0,4085000000.0,2877000000.0,-39000000.0,2196000000.0,2196000000.0,2196000000.0,0.0,26000000.0,0.038,17933000000.0,5318000000.0,0.0,0.479,0.855,34.908,36.669,0.0,0.0,61.97,1.314,1.381,11451000000.0,30943000000.0,58327000000.0,58327000000.0,0.0,0.004,0.022,0.008,0.078,0.0,17922000000.0,1.0,1237012512.0,1299825350,1334464883.0,44.873,496842000000.0,20394000000.0,1059000000.0,0.0,382.238,
23,AIG,MRT,2015-09-30,2015-09-30,2015-09-30,2021-09-07,6557000000.0,501985000000.0,512063500000.0,,,0.117,77.399,0.0,1569000000.0,1569000000.0,31823000000.0,4746000000.0,,4.064,30719000000.0,,,30719000000.0,22686000000.0,4578000000.0,126641000000.0,0.012,0.655,8176000000.0,12754000000.0,0.213,12754000000.0,8176000000.0,6853000000.0,3.48,3.41,3.48,98999000000.0,104533500000.0,98999000000.0,101941654794.0,12.0,7.993,2884000000.0,2.255,1.0,28083000000.0,0.469,0.0,1323000000.0,531135000000.0,541365500000.0,0.0,346401000000.0,,,402366000000.0,,,73518654794.0,-364000000.0,0.0,-8972000000.0,-5633000000.0,-860000000.0,-19251000000.0,16097000000.0,12593000000.0,2884000000.0,-94000000.0,4692000000.0,4692000000.0,4692000000.0,35000000.0,54000000.0,0.078,17794000000.0,10289000000.0,0.0,0.188,0.743,15.669,16.328,0.0,0.0,56.82,1.227,1.213,12078000000.0,33122000000.0,59906000000.0,59906000000.0,0.0,0.009,0.045,0.015,0.136,0.0,17785000000.0,1.0,1293886920.0,1279072748,1279072748.0,46.835,501985000000.0,19511000000.0,2161000000.0,0.0,392.46,
24,AIG,MRT,2015-06-30,2015-06-30,2015-06-30,2021-09-07,7620000000.0,509987000000.0,518364750000.0,,,0.123,78.439,0.0,1937000000.0,1937000000.0,32091000000.0,7144000000.0,,3.888,30360000000.0,,,30360000000.0,22786000000.0,4515000000.0,124480000000.0,0.008,0.5,11463000000.0,15978000000.0,0.251,15978000000.0,11463000000.0,10031000000.0,5.2,5.11,5.2,104258000000.0,106929000000.0,104258000000.0,112606505854.0,10.0,7.048,3859000000.0,2.903,1.0,31690000000.0,0.497,0.0,1432000000.0,538410000000.0,548951750000.0,0.0,349835000000.0,,,405345000000.0,,,82430505854.0,110000000.0,0.0,-6796000000.0,-7401000000.0,-686000000.0,-19552000000.0,15908000000.0,12837000000.0,3859000000.0,-105000000.0,7115000000.0,7115000000.0,7115000000.0,16000000.0,29000000.0,0.112,17762000000.0,13928000000.0,0.0,0.096,0.791,11.585,11.888,0.0,0.0,61.82,1.292,1.288,13258000000.0,33707000000.0,63781000000.0,63781000000.0,0.0,0.014,0.067,0.021,0.18,0.0,17774000000.0,1.0,1333395436.0,1329157366,1365390431.0,47.986,509987000000.0,18665000000.0,2916000000.0,0.0,383.692,
25,AIG,MRT,2015-03-31,2015-03-31,2015-03-31,2021-09-07,10657000000.0,520701000000.0,523145250000.0,,,0.123,79.05,0.0,1823000000.0,1823000000.0,31783000000.0,8389000000.0,,3.819,31999000000.0,,,31999000000.0,22437000000.0,4553000000.0,124935000000.0,0.009,0.5,13580000000.0,18133000000.0,0.282,18133000000.0,13580000000.0,12001000000.0,5.98,5.89,5.98,107979000000.0,107904750000.0,107979000000.0,104654762577.0,8.0,5.772,4632000000.0,3.391,1.0,32435000000.0,0.505,0.0,1579000000.0,550877000000.0,555773250000.0,0.0,358434000000.0,,,412334000000.0,,,75195762577.0,-752000000.0,2348000000.0,-5433000000.0,-7083000000.0,-700000000.0,-16103000000.0,10815000000.0,9649000000.0,4632000000.0,-96000000.0,8388000000.0,8388000000.0,8388000000.0,2000000.0,1000000.0,0.131,16740000000.0,15695000000.0,0.0,0.084,0.696,8.965,9.162,0.0,0.0,54.79,1.171,1.165,13450000000.0,32073000000.0,64218000000.0,64218000000.0,0.0,0.016,0.078,0.024,0.211,0.0,18927000000.0,1.0,1372435893.0,1365951690,1386263549.0,47.013,520701000000.0,18010000000.0,3613000000.0,0.0,381.2,
26,AIG,MRT,2014-12-31,2014-12-31,2014-12-31,2021-09-07,10617000000.0,515581000000.0,529747750000.0,,,0.122,74.861,0.0,1758000000.0,1758000000.0,32049000000.0,7524000000.0,,3.82,31217000000.0,,,31217000000.0,21324000000.0,4448000000.0,124613000000.0,0.009,0.5,12174000000.0,16622000000.0,0.258,16622000000.0,12174000000.0,10456000000.0,5.27,5.2,5.27,106898000000.0,106868250000.0,106898000000.0,112699089547.0,9.0,6.78,5007000000.0,3.506,1.0,32357000000.0,0.502,0.0,1718000000.0,545040000000.0,564086250000.0,0.0,355766000000.0,,,408309000000.0,,,78409089547.0,-571000000.0,2348000000.0,-4902000000.0,-9473000000.0,-712000000.0,-19788000000.0,14284000000.0,14600000000.0,5007000000.0,-74000000.0,7529000000.0,7529000000.0,7529000000.0,50000000.0,-5000000.0,0.117,17856000000.0,14501000000.0,0.0,0.095,0.733,10.414,10.628,0.0,0.0,56.01,1.217,1.242,12031000000.0,29775000000.0,64406000000.0,64406000000.0,0.0,0.014,0.07,0.022,0.189,0.0,20053000000.0,1.0,1399912329.0,1427959799,1447553652.0,45.104,515581000000.0,19339000000.0,2927000000.0,0.0,361.061,
27,AIG,MRT,2014-09-30,2014-09-30,2014-09-30,2021-09-07,11331000000.0,527190000000.0,536184750000.0,,,0.124,76.506,0.0,1933000000.0,1933000000.0,31819000000.0,8822000000.0,,3.852,36223000000.0,,,36223000000.0,23695000000.0,4527000000.0,123744000000.0,0.009,0.475,13834000000.0,18361000000.0,0.276,18361000000.0,13834000000.0,11948000000.0,6.11,6.04,6.11,108581000000.0,105261250000.0,108581000000.0,113667268008.0,8.0,6.191,6274000000.0,4.421,1.0,34719000000.0,0.522,0.0,1886000000.0,561480000000.0,573021500000.0,0.0,368022000000.0,,,418207000000.0,,,77080268008.0,-197000000.0,2348000000.0,-3808000000.0,-6974000000.0,-686000000.0,-11887000000.0,5448000000.0,4245000000.0,6274000000.0,-32000000.0,8852000000.0,8852000000.0,8852000000.0,4000000.0,-30000000.0,0.133,19705000000.0,15014000000.0,0.0,0.078,0.71,8.708,8.841,0.0,0.0,54.02,1.158,1.152,13236000000.0,29300000000.0,66538000000.0,66538000000.0,0.0,0.017,0.084,0.024,0.208,0.0,21900000000.0,1.0,1426883895.0,1419239774,1442067842.0,46.883,527190000000.0,19606000000.0,3096000000.0,0.0,371.459,
28,AIG,MRT,2014-06-30,2014-06-30,2014-06-30,2021-09-07,11511000000.0,529109000000.0,539573250000.0,,,0.122,74.987,0.0,1827000000.0,1827000000.0,32074000000.0,8751000000.0,,3.888,38414000000.0,,,38414000000.0,23694000000.0,4556000000.0,123354000000.0,0.008,0.45,12108000000.0,16664000000.0,0.253,16664000000.0,12108000000.0,10136000000.0,6.04,5.98,6.04,108161000000.0,102814250000.0,108161000000.0,115976097726.0,10.0,6.96,5832000000.0,4.043,1.0,33711000000.0,0.512,0.0,1972000000.0,565696000000.0,577880750000.0,0.0,371593000000.0,,,420528000000.0,,,78958097726.0,-8000000.0,2348000000.0,-2446000000.0,-5980000000.0,-655000000.0,-10505000000.0,4690000000.0,4878000000.0,5832000000.0,-25000000.0,8830000000.0,8830000000.0,8830000000.0,24000000.0,-79000000.0,0.134,21113000000.0,12598000000.0,0.0,0.075,0.73,8.942,9.036,0.0,0.0,54.58,1.2,1.197,14077000000.0,27286000000.0,65785000000.0,65785000000.0,0.0,0.016,0.086,0.021,0.184,0.0,23290000000.0,1.0,1446648914.0,1442397111,1464676330.0,45.608,529109000000.0,19912000000.0,1306000000.0,0.0,366.826,
29,AIG,MRT,2014-03-31,2014-03-31,2014-03-31,2021-09-07,9085000000.0,547111000000.0,541655500000.0,,,0.126,71.155,0.0,2490000000.0,2490000000.0,33402000000.0,8473000000.0,,4.263,39508000000.0,,,39508000000.0,23383000000.0,4631000000.0,122839000000.0,0.006,0.325,10789000000.0,15420000000.0,0.227,15420000000.0,10789000000.0,8745000000.0,5.76,5.72,5.76,103833000000.0,100139750000.0,103833000000.0,112670022726.0,10.0,7.307,6777000000.0,4.644,1.0,34673000000.0,0.509,0.0,2044000000.0,584129000000.0,581029250000.0,0.0,359136000000.0,,,442691000000.0,,,73218022726.0,1299000000.0,0.0,-1464000000.0,-7718000000.0,-476000000.0,-12329000000.0,6918000000.0,9618000000.0,6777000000.0,-67000000.0,8488000000.0,8488000000.0,8488000000.0,36000000.0,-15000000.0,0.125,23314000000.0,11359000000.0,0.0,0.056,0.705,8.626,8.682,0.0,0.0,50.01,1.076,1.072,14269000000.0,24393000000.0,68075000000.0,68075000000.0,0.0,0.016,0.085,0.019,0.158,0.0,23270000000.0,1.0,1464067641.0,1459249393,1472510813.0,46.651,547111000000.0,21631000000.0,257000000.0,0.0,374.926,
30,AIG,MRT,2013-12-31,2013-12-31,2013-12-31,2021-09-07,6360000000.0,541329000000.0,542097750000.0,,,0.127,68.154,0.0,2241000000.0,2241000000.0,33395000000.0,9092000000.0,,4.382,41693000000.0,,,41693000000.0,21953000000.0,4713000000.0,122016000000.0,0.004,0.2,11587000000.0,16300000000.0,0.237,16300000000.0,11587000000.0,9445000000.0,6.16,6.13,6.16,100470000000.0,99061500000.0,100470000000.0,115336284077.0,10.0,7.076,5865000000.0,3.979,1.0,35479000000.0,0.515,0.0,2142000000.0,580781000000.0,583226750000.0,0.0,358093000000.0,,,440218000000.0,,,75163284077.0,1114000000.0,0.0,-597000000.0,-8962000000.0,-294000000.0,-11758000000.0,7099000000.0,7849000000.0,5865000000.0,-92000000.0,9085000000.0,9085000000.0,9085000000.0,-84000000.0,7000000.0,0.132,23318000000.0,12161000000.0,0.0,0.032,0.748,8.273,8.287,0.0,0.0,51.05,1.091,1.093,12939000000.0,22965000000.0,68874000000.0,68874000000.0,0.0,0.017,0.092,0.02,0.168,0.0,23270000000.0,1.0,1472346407.0,1474171690,1481206797.0,46.72,541329000000.0,21925000000.0,360000000.0,0.0,367.209,
31,AIG,MRT,2013-09-30,2013-09-30,2013-09-30,2021-09-07,6509000000.0,540744000000.0,543923750000.0,,,0.133,66.976,0.0,2058000000.0,2058000000.0,35308000000.0,3170000000.0,,4.466,42231000000.0,,,42231000000.0,23606000000.0,6888000000.0,121441000000.0,0.002,0.1,3402000000.0,10290000000.0,0.143,10290000000.0,3402000000.0,1189000000.0,2.64,2.62,2.64,98793000000.0,98444500000.0,98793000000.0,112646944705.0,33.0,10.947,4785000000.0,3.244,1.0,36798000000.0,0.51,0.0,2213000000.0,580917000000.0,587027000000.0,0.0,360025000000.0,,,441229000000.0,,,71794944705.0,521000000.0,0.0,-192000000.0,-8544000000.0,-147000000.0,-8182000000.0,3972000000.0,2085000000.0,4785000000.0,-54000000.0,3149000000.0,3149000000.0,3149000000.0,206000000.0,21000000.0,0.044,32687000000.0,4111000000.0,0.0,0.038,0.727,22.799,18.42,0.0,0.0,48.63,0.996,0.995,13715000000.0,21136000000.0,72106000000.0,72106000000.0,0.0,0.006,0.032,0.006,0.047,0.0,25904000000.0,1.0,1476350909.0,1475053126,1485322858.0,48.884,540744000000.0,21671000000.0,-1960000000.0,0.0,366.593,
32,AIG,MRT,2013-06-30,2013-06-30,2013-06-30,2021-09-07,7039000000.0,537438000000.0,546418500000.0,,,0.133,66.009,0.0,1762000000.0,1762000000.0,36159000000.0,2901000000.0,,4.506,42614000000.0,,,42614000000.0,23578000000.0,7291000000.0,121439000000.0,0.0,0.0,4878000000.0,12169000000.0,0.167,12169000000.0,4878000000.0,2579000000.0,2.3,2.29,2.3,97463000000.0,99162750000.0,97463000000.0,110031628876.0,23.0,9.042,3718000000.0,2.518,1.0,36725000000.0,0.504,0.0,2299000000.0,578290000000.0,597513500000.0,0.0,361012000000.0,,,439203000000.0,,,65992628876.0,602000000.0,0.0,-8000000000.0,-7244000000.0,0.0,-14898000000.0,11812000000.0,1112000000.0,3718000000.0,-30000000.0,2835000000.0,2835000000.0,2835000000.0,151000000.0,66000000.0,0.039,31229000000.0,5496000000.0,0.0,0.0,0.677,23.278,19.435,0.0,0.0,44.7,0.905,0.906,14203000000.0,19113000000.0,72884000000.0,72884000000.0,0.0,0.005,0.029,0.008,0.067,0.0,24446000000.0,1.0,1476345165.0,1476512720,1482246618.0,49.362,537438000000.0,20044000000.0,-256000000.0,0.0,363.991,
33,AIG,MRT,2013-03-31,2013-03-31,2013-03-31,2021-09-07,11839000000.0,548880000000.0,550904750000.0,,,0.128,67.404,0.0,1227000000.0,1227000000.0,35940000000.0,2482000000.0,,4.505,45266000000.0,,,45266000000.0,24200000000.0,7337000000.0,121856000000.0,0.0,0.0,3595000000.0,10932000000.0,0.155,10932000000.0,3595000000.0,1264000000.0,1.78,1.78,1.78,99520000000.0,100974250000.0,99520000000.0,104659838402.0,29.0,9.574,3433000000.0,2.325,1.0,34739000000.0,0.492,0.0,2331000000.0,592919000000.0,609953000000.0,0.0,372989000000.0,,,448309000000.0,,,57310838402.0,-40000000.0,0.0,-10000000000.0,-5667000000.0,0.0,-14050000000.0,10595000000.0,5060000000.0,3433000000.0,-18000000.0,2436000000.0,2436000000.0,2436000000.0,-10000000.0,46000000.0,0.034,30736000000.0,4003000000.0,0.0,0.0,0.576,23.527,21.809,0.0,0.0,38.82,0.811,0.811,15310000000.0,16382000000.0,70679000000.0,70679000000.0,0.0,0.004,0.024,0.006,0.051,0.0,24000000000.0,1.0,1476322473.0,1476471097,1476678931.0,47.87,548880000000.0,17741000000.0,-1172000000.0,0.0,371.751,
34,AIG,MRT,2012-12-31,2012-12-31,2012-12-31,2021-09-07,12574000000.0,548633000000.0,552285500000.0,,,0.129,58.086,0.0,1151000000.0,1151000000.0,36376000000.0,3700000000.0,,4.588,48500000000.0,,,48500000000.0,22537000000.0,7349000000.0,122980000000.0,0.0,0.0,4949000000.0,12298000000.0,0.173,12298000000.0,4949000000.0,2630000000.0,2.04,2.04,2.04,98002000000.0,101957000000.0,98002000000.0,124253548744.0,25.0,10.104,3676000000.0,2.179,1.0,34838000000.0,0.489,0.0,2319000000.0,595982000000.0,619019250000.0,0.0,379495000000.0,,,449630000000.0,,,52113548744.0,-260000000.0,0.0,-13000000000.0,-2489000000.0,0.0,-20564000000.0,16612000000.0,4120000000.0,3676000000.0,16000000.0,3438000000.0,3438000000.0,3438000000.0,-1000000.0,262000000.0,0.048,29596000000.0,5242000000.0,0.0,0.0,0.532,15.158,17.304,0.0,0.0,35.3,0.732,0.836,13989000000.0,14176000000.0,71214000000.0,71214000000.0,0.0,0.006,0.034,0.008,0.069,0.0,22860000000.0,1.0,1476304497.0,1687197038,1687226641.0,42.208,548633000000.0,17466000000.0,-808000000.0,0.0,325.174,
35,AIG,MRT,2012-09-30,2012-09-30,2012-09-30,2021-09-07,10887000000.0,550723000000.0,553390750000.0,,,0.124,61.898,0.0,1608000000.0,1608000000.0,35426000000.0,29251000000.0,,4.408,73748000000.0,,,73748000000.0,24418000000.0,5773000000.0,127478000000.0,0.0,0.0,12745000000.0,18518000000.0,0.27,18518000000.0,12745000000.0,11622000000.0,16.13,16.13,16.13,101666000000.0,102841000000.0,101666000000.0,129341847756.0,10.0,6.985,3959000000.0,2.41,1.0,33281000000.0,0.484,0.0,1123000000.0,622863000000.0,626732000000.0,0.0,378639000000.0,,,448150000000.0,,,56676847756.0,66000000.0,0.0,-13070000000.0,-3068000000.0,0.0,-23336000000.0,19460000000.0,2529000000.0,3959000000.0,-17000000.0,28875000000.0,28875000000.0,28875000000.0,-420000000.0,376000000.0,0.42,21055000000.0,12226000000.0,0.0,0.0,0.557,1.963,2.033,34932000000.0,0.0,32.79,0.825,0.784,14564000000.0,18170000000.0,68707000000.0,68707000000.0,0.0,0.052,0.281,0.02,0.185,0.0,20981000000.0,1.0,1728479651.0,1642472814,1642502251.0,41.831,550723000000.0,14119000000.0,-17253000000.0,0.0,335.301,
36,AIG,MRT,2012-06-30,2012-06-30,2012-06-30,2021-09-07,7791000000.0,555383000000.0,551774250000.0,,,0.117,59.606,0.0,1232000000.0,1232000000.0,35714000000.0,23564000000.0,,4.295,73897000000.0,,,73897000000.0,24458000000.0,6345000000.0,126954000000.0,0.0,0.0,5868000000.0,12213000000.0,0.189,12213000000.0,5868000000.0,4377000000.0,12.9,12.9,12.9,104709000000.0,98932250000.0,104709000000.0,132350923219.0,23.0,10.837,5088000000.0,2.896,1.0,28990000000.0,0.448,0.0,1491000000.0,628048000000.0,626042250000.0,0.0,381188000000.0,,,449742000000.0,,,57569923219.0,-1371000000.0,0.0,-4347000000.0,-4327000000.0,0.0,-15933000000.0,9498000000.0,632000000.0,5088000000.0,-24000000.0,23029000000.0,23029000000.0,23029000000.0,-162000000.0,535000000.0,0.356,23224000000.0,5766000000.0,0.0,0.0,0.55,2.5,2.488,35095000000.0,0.0,32.09,0.89,0.871,14550000000.0,16314000000.0,64704000000.0,64704000000.0,0.0,0.042,0.233,0.009,0.091,0.0,23150000000.0,1.0,1794014435.0,1756689067,1756714475.0,36.833,555383000000.0,16195000000.0,-18652000000.0,0.0,316.153,
37,AIG,MRT,2012-03-31,2012-03-31,2012-03-31,2021-09-07,6873000000.0,554403000000.0,567128000000.0,,,0.115,55.145,0.0,1315000000.0,1315000000.0,36071000000.0,23278000000.0,,4.349,76096000000.0,,,76096000000.0,25034000000.0,6735000000.0,126376000000.0,0.0,0.0,6001000000.0,12736000000.0,0.195,12736000000.0,6001000000.0,4076000000.0,12.57,12.57,12.57,103451000000.0,95925250000.0,103451000000.0,132259369161.0,22.0,10.385,5325000000.0,2.839,1.0,29092000000.0,0.446,0.0,1925000000.0,629184000000.0,642447500000.0,0.0,375730000000.0,,,449938000000.0,,,58480369161.0,-532000000.0,587000000.0,1262000000.0,-6101000000.0,0.0,-12673000000.0,6812000000.0,-4862000000.0,5325000000.0,4000000.0,22533000000.0,22533000000.0,22533000000.0,54000000.0,745000000.0,0.346,22697000000.0,6395000000.0,0.0,0.0,0.565,2.595,2.453,35452000000.0,0.0,30.83,0.897,0.888,15648000000.0,13982000000.0,65163000000.0,65163000000.0,0.0,0.04,0.235,0.009,0.092,0.0,22623000000.0,1.0,1896865688.0,1875972970,1876002775.0,34.736,554403000000.0,15955000000.0,-18457000000.0,0.0,295.528,
38,AIG,MRT,2011-12-31,2011-12-31,2011-12-31,2021-09-07,6481000000.0,553054000000.0,581339000000.0,,,0.112,56.429,0.0,1474000000.0,1474000000.0,37955000000.0,21330000000.0,,4.354,75253000000.0,,,75253000000.0,23465000000.0,7372000000.0,126898000000.0,0.357,8.275,3302000000.0,10674000000.0,0.164,10674000000.0,3302000000.0,858000000.0,11.01,11.01,11.01,101538000000.0,91319000000.0,101538000000.0,119909003853.0,36.0,11.234,-81000000.0,-0.045,1.0,27150000000.0,0.417,0.0,2444000000.0,626833000000.0,658054500000.0,0.0,379398000000.0,,,442138000000.0,,,44062003853.0,-530000000.0,587000000.0,4985000000.0,-51102000000.0,0.0,-36926000000.0,36448000000.0,2605000000.0,-81000000.0,29000000.0,20622000000.0,19810000000.0,19810000000.0,-2467000000.0,708000000.0,0.304,22699000000.0,4451000000.0,0.0,0.752,0.434,2.224,2.107,35539000000.0,812000000.0,23.2,0.677,0.641,14721000000.0,10774000000.0,65105000000.0,65105000000.0,0.0,0.034,0.217,0.005,0.051,0.0,22625000000.0,1.0,1899224304.0,1799385757,1799458497.0,36.182,553054000000.0,19615000000.0,-19764000000.0,0.0,307.357,
39,AIG,MRT,2011-09-30,2011-09-30,2011-09-30,2021-09-07,5829000000.0,544257000000.0,613936250000.0,,,0.103,45.291,0.0,1542000000.0,1542000000.0,43876000000.0,13710000000.0,,5.208,77389000000.0,,,77389000000.0,25951000000.0,3804000000.0,125955000000.0,0.377,8.275,21332000000.0,25136000000.0,0.397,25136000000.0,21332000000.0,17353000000.0,19.24,19.24,19.24,86031000000.0,87264250000.0,86031000000.0,118531498570.0,6.0,4.716,281000000.0,0.148,1.0,19467000000.0,0.307,0.0,3979000000.0,620104000000.0,698432750000.0,0.0,382094000000.0,,,448047000000.0,,,41660498570.0,-1811000000.0,20444000000.0,5055000000.0,-47358000000.0,0.0,-35933000000.0,33761000000.0,465000000.0,281000000.0,80000000.0,12591000000.0,3767000000.0,3767000000.0,-5459000000.0,1119000000.0,0.059,-1021000000.0,20488000000.0,0.0,0.43,0.484,11.059,1.141,35758000000.0,8824000000.0,21.95,0.658,0.658,15590000000.0,-5466000000.0,63343000000.0,63343000000.0,0.0,0.006,0.043,0.031,0.337,0.0,18419000000.0,1.0,1897972600.0,1899500628,1899500628.0,33.347,544257000000.0,0.0,4762000000.0,1612000000.0,286.526,
40,AIG,MRT,2011-06-30,2011-06-30,2011-06-30,2021-09-07,9093000000.0,616798000000.0,695863250000.0,,,0.101,50.46,0.0,2590000000.0,2590000000.0,45572000000.0,15523000000.0,,5.52,79461000000.0,,,79461000000.0,26196000000.0,4467000000.0,123504000000.0,0.282,8.275,25296000000.0,29763000000.0,0.425,29763000000.0,25296000000.0,19977000000.0,2.81,2.81,2.81,92681000000.0,85967000000.0,92681000000.0,133045638899.0,5.0,4.47,3289000000.0,1.791,1.0,24507000000.0,0.35,0.0,5319000000.0,693669000000.0,790107500000.0,0.0,378764000000.0,,,511593000000.0,,,52680638899.0,-1023000000.0,20674000000.0,4332000000.0,-50842000000.0,0.0,-38448000000.0,33976000000.0,2991000000.0,3289000000.0,160000000.0,14064000000.0,5240000000.0,5240000000.0,-3847000000.0,1459000000.0,0.075,-1897000000.0,26404000000.0,0.0,2.945,0.568,10.054,10.434,37688000000.0,8824000000.0,29.32,0.752,0.768,16629000000.0,-1357000000.0,70079000000.0,70079000000.0,0.0,0.008,0.061,0.032,0.361,0.0,17547000000.0,1.0,1796747575.0,1836713069,1836771513.0,38.155,616798000000.0,0.0,5913000000.0,1337000000.0,335.816,
41,AIG,MRT,2011-03-31,2011-03-31,2011-03-31,2021-09-07,6896000000.0,611247000000.0,754296500000.0,,,0.095,54.583,0.0,1801000000.0,1801000000.0,46242000000.0,11355000000.0,,6.043,82166000000.0,,,82166000000.0,26337000000.0,5016000000.0,122775000000.0,0.235,8.275,22838000000.0,27854000000.0,0.388,27854000000.0,22838000000.0,16786000000.0,-17.76,-17.76,-17.76,85026000000.0,81664250000.0,85026000000.0,170601000580.0,7.0,6.125,8090000000.0,5.193,1.0,25471000000.0,0.355,0.0,6052000000.0,691612000000.0,862709250000.0,0.0,376120000000.0,,,513800000000.0,,,63094000580.0,-1065000000.0,20288000000.0,723000000.0,-52635000000.0,0.0,-43480000000.0,34221000000.0,4981000000.0,8090000000.0,104000000.0,9572000000.0,748000000.0,748000000.0,-1273000000.0,1783000000.0,0.01,-1294000000.0,26765000000.0,0.0,-0.466,0.742,84.35,-1.979,38100000000.0,8824000000.0,35.14,0.88,0.763,17509000000.0,-3202000000.0,71713000000.0,71713000000.0,0.0,0.001,0.009,0.026,0.318,0.0,18348000000.0,1.0,1795503716.0,1557748353,1557748353.0,46.036,611247000000.0,0.0,7214000000.0,1908000000.0,392.391,
42,AIG,MRT,2010-12-31,2010-12-31,2010-12-31,2021-09-07,7624000000.0,683443000000.0,817409000000.0,,,0.089,624.655,0.0,1558000000.0,1558000000.0,45879000000.0,12285000000.0,,6.678,106461000000.0,,,106461000000.0,23803000000.0,5977000000.0,121373000000.0,0.0,0.0,23793000000.0,29770000000.0,0.409,29770000000.0,23793000000.0,17051000000.0,14.98,14.98,14.98,85319000000.0,79158000000.0,85319000000.0,124071949801.0,5.0,4.168,16597000000.0,121.513,1.0,26950000000.0,0.37,0.0,6742000000.0,788346000000.0,940382250000.0,0.0,377819000000.0,,,569770000000.0,,,7786949801.0,-2537000000.0,21760000000.0,0.0,-7922000000.0,0.0,-9261000000.0,-9912000000.0,-8243000000.0,16597000000.0,39000000.0,10058000000.0,2046000000.0,2046000000.0,969000000.0,2227000000.0,0.028,-143000000.0,27093000000.0,0.0,0.0,0.091,3.806,3.846,38510000000.0,8012000000.0,57.62,0.107,0.108,15713000000.0,-3466000000.0,72829000000.0,72829000000.0,0.0,0.003,0.026,0.025,0.327,0.0,19423000000.0,1.0,135143176.0,136585844,136649280.0,533.21,683443000000.0,0.0,6993000000.0,2369000000.0,5003.762,
43,AIG,MRT,2010-09-30,2010-09-30,2010-09-30,2021-09-07,18000000000.0,871965000000.0,858444500000.0,,,0.087,594.955,270000000.0,1668000000.0,1668000000.0,44162000000.0,-10707000000.0,,9.416,117953000000.0,,,117953000000.0,24633000000.0,10736000000.0,136481000000.0,0.0,0.0,2275000000.0,13011000000.0,0.174,13011000000.0,2275000000.0,-11198000000.0,-101.0,-101.0,-101.0,80842000000.0,75284250000.0,80842000000.0,141468440011.0,62.0,10.873,21995000000.0,161.872,1.0,30823000000.0,0.411,1447000000.0,13473000000.0,986803000000.0,989045000000.0,0.0,436115000000.0,,,761225000000.0,,,5283440011.0,-1605000000.0,2523000000.0,0.0,-14094000000.0,0.0,12237000000.0,-10898000000.0,-2522000000.0,21725000000.0,334000000.0,-12263000000.0,-13687000000.0,-13687000000.0,4607000000.0,1556000000.0,-0.183,22385000000.0,8438000000.0,0.0,0.0,0.065,-0.386,-0.387,43112000000.0,1424000000.0,39.1,0.07,0.071,18297000000.0,-14486000000.0,74985000000.0,74985000000.0,0.0,-0.016,-0.182,0.002,0.03,0.0,23340000000.0,1.0,135126343.0,135879125,135879125.0,551.851,870518000000.0,53000000.0,1065000000.0,0.0,6406.562,
44,AIG,MRT,2010-06-30,2010-06-30,2010-06-30,2021-09-07,9829000000.0,850531000000.0,851539250000.0,,,0.088,555.69,215000000.0,2840000000.0,2840000000.0,44327000000.0,-8709000000.0,,9.883,139025000000.0,,,139025000000.0,24831000000.0,10397000000.0,157708000000.0,0.0,0.0,4136000000.0,14533000000.0,0.193,14533000000.0,4136000000.0,-9120000000.0,-81.79,-81.79,-81.79,75470000000.0,73251750000.0,75470000000.0,145823832187.0,35.0,10.034,20534000000.0,151.193,1.0,30807000000.0,0.41,2640000000.0,13256000000.0,984076000000.0,995012750000.0,0.0,461167000000.0,,,745884000000.0,,,4651832187.0,-2177000000.0,4096000000.0,0.0,-16308000000.0,0.0,3358000000.0,-7823000000.0,-3597000000.0,20319000000.0,410000000.0,-9291000000.0,-11078000000.0,-11078000000.0,2680000000.0,582000000.0,-0.147,23409000000.0,7398000000.0,0.0,0.0,0.062,-0.42,-0.421,44581000000.0,1787000000.0,34.44,0.062,0.062,36191000000.0,-12120000000.0,75134000000.0,75134000000.0,0.0,-0.013,-0.151,0.004,0.055,0.0,23221000000.0,1.0,135070621.0,135813034,135813034.0,553.216,847891000000.0,3999000000.0,171000000.0,0.0,6243.075,
45,AIG,MRT,2010-03-31,2010-03-31,2010-03-31,2021-09-07,7053000000.0,863697000000.0,846509500000.0,,,0.095,552.865,101000000.0,2133000000.0,2133000000.0,48027000000.0,-4749000000.0,,10.134,143305000000.0,,,143305000000.0,26350000000.0,11837000000.0,143962000000.0,0.0,0.0,8013000000.0,19850000000.0,0.246,19850000000.0,8013000000.0,-6062000000.0,-59.92,-59.92,-59.92,75001000000.0,68873750000.0,75001000000.0,146213383643.0,18.0,7.366,18110000000.0,133.497,1.0,32715000000.0,0.405,2565000000.0,14075000000.0,1002304000000.0,999568000000.0,0.0,386877000000.0,,,760038000000.0,,,4606383643.0,-1118000000.0,6046000000.0,0.0,-19213000000.0,0.0,-9975000000.0,-170000000.0,2445000000.0,18009000000.0,662000000.0,-4813000000.0,-8111000000.0,-8111000000.0,-1190000000.0,64000000.0,-0.1,25828000000.0,6887000000.0,0.0,0.0,0.061,-0.568,-0.57,46517000000.0,3298000000.0,34.14,0.057,0.057,37630000000.0,-9871000000.0,80742000000.0,80742000000.0,0.0,-0.01,-0.118,0.008,0.099,0.0,24550000000.0,1.0,134926293.0,135658680,135724939.0,595.185,861132000000.0,6805000000.0,-1249000000.0,0.0,6347.784,
46,AIG,MRT,2009-12-31,2009-12-31,2009-12-31,2021-09-07,5693000000.0,847585000000.0,835524750000.0,,,0.09,515.973,0.0,4400000000.0,4400000000.0,50015000000.0,-12313000000.0,,10.721,146007000000.0,,,146007000000.0,21363000000.0,12074000000.0,221769000000.0,0.0,0.0,1920000000.0,13994000000.0,0.185,13994000000.0,1920000000.0,-12438000000.0,-90.48,-90.48,-90.48,69824000000.0,61563250000.0,69824000000.0,176212529222.0,92.0,12.592,18584000000.0,137.329,1.0,25432000000.0,0.337,6195000000.0,14358000000.0,982997000000.0,999170000000.0,0.0,536747000000.0,,,748550000000.0,,,4035529222.0,-4102000000.0,5278000000.0,0.0,-20971000000.0,0.0,-28997000000.0,5778000000.0,9163000000.0,18584000000.0,533000000.0,-10949000000.0,-12244000000.0,-12244000000.0,-505000000.0,-1364000000.0,-0.162,25381000000.0,51000000.0,0.0,0.0,0.058,-0.33,-0.331,48233000000.0,1295000000.0,29.98,0.053,0.054,36876000000.0,-11491000000.0,75447000000.0,75447000000.0,0.0,-0.015,-0.199,0.002,0.025,0.0,24110000000.0,1.0,134607379.0,135324896,135324896.0,557.525,841390000000.0,4108000000.0,-1489000000.0,0.0,6217.555,
47,AIG,MRT,2009-09-30,2009-09-30,2009-09-30,2021-09-07,925000000.0,844344000000.0,838733000000.0,,,0.018,537.438,2511000000.0,4957000000.0,4957000000.0,35778000000.0,-65859000000.0,,10.544,177134000000.0,,,177134000000.0,23126000000.0,19277000000.0,223449000000.0,0.0,0.0,-47126000000.0,-27849000000.0,-1.84,-27849000000.0,-47126000000.0,-65170000000.0,-505.55,-505.55,-505.55,72712000000.0,57284750000.0,72712000000.0,184260138935.0,-4.0,-6.616,13475000000.0,99.598,1.0,-20639000000.0,-1.363,5847000000.0,18044000000.0,1010674000000.0,1014916250000.0,0.0,569682000000.0,,,766649000000.0,,,5936138935.0,-13613000000.0,-342000000.0,-16000000.0,-52055000000.0,1000000.0,-178152000000.0,64271000000.0,46188000000.0,10964000000.0,228000000.0,-63735000000.0,-67021000000.0,-67021000000.0,5608000000.0,-2124000000.0,-4.427,23003000000.0,-43642000000.0,1741000000.0,0.0,0.082,-0.089,-0.087,48926000000.0,3286000000.0,44.11,0.392,0.394,40588000000.0,-2618000000.0,15139000000.0,15139000000.0,0.0,-0.08,-1.17,-0.046,-3.113,0.0,20125000000.0,1.0,134575809.0,135293841,135456372.0,111.897,838497000000.0,4966000000.0,-1435000000.0,0.0,6197.599,
48,AIG,MRT,2009-06-30,2009-06-30,2009-06-30,2021-09-07,-11286000000.0,830412000000.0,883206250000.0,,,-0.004,428.424,2003000000.0,5802000000.0,5802000000.0,41627000000.0,-90549000000.0,,13.237,184126000000.0,,,184126000000.0,23371000000.0,17848000000.0,221120000000.0,0.19,4.4,-74917000000.0,-57069000000.0,15.999,-57069000000.0,-74917000000.0,-93165000000.0,-687.25,-687.25,-687.25,57958000000.0,56902250000.0,57958000000.0,190873338087.0,-3.0,-3.345,-6211000000.0,-45.912,1.0,-45194000000.0,12.67,6439000000.0,18248000000.0,1002297000000.0,1069461750000.0,0.0,548471000000.0,,,767207000000.0,,,3121338087.0,3573000000.0,-2145000000.0,-11000000.0,5340000000.0,-592000000.0,-130174000000.0,76850000000.0,51770000000.0,-8214000000.0,24000000.0,-88658000000.0,-91581000000.0,-91581000000.0,5702000000.0,-1891000000.0,25.675,25912000000.0,-71106000000.0,2313000000.0,-0.006,0.054,-0.034,-0.034,49676000000.0,2923000000.0,23.2,-0.875,-0.88,43541000000.0,-3073000000.0,-3567000000.0,-3567000000.0,0.0,-0.104,-1.609,-0.07,21.003,0.0,24173000000.0,1.0,134540435.0,135281740,135336440.0,-26.367,823973000000.0,11136000000.0,-4507000000.0,0.0,6090.792,
49,AIG,MRT,2009-03-31,2009-03-31,2009-03-31,2021-09-07,-8860000000.0,819758000000.0,938072250000.0,,,-0.008,338.322,373000000.0,4029000000.0,4029000000.0,46507000000.0,-97793000000.0,,16.73,191781000000.0,,,191781000000.0,24691000000.0,15040000000.0,222623000000.0,0.42,8.4,-86258000000.0,-71218000000.0,9.425,-71218000000.0,-86258000000.0,-103286000000.0,-730.68,-730.68,-730.68,45759000000.0,61934750000.0,45759000000.0,195206747320.0,-2.0,-2.741,-4278000000.0,-31.63,1.0,-54063000000.0,7.155,6798000000.0,17028000000.0,1000712000000.0,1126005500000.0,0.0,538610000000.0,,,765536000000.0,,,2690747320.0,1540000000.0,-4296000000.0,7329000000.0,21481000000.0,-1130000000.0,-77178000000.0,44971000000.0,23057000000.0,-4651000000.0,-191000000.0,-95837000000.0,-97249000000.0,-97249000000.0,6961000000.0,-1956000000.0,12.87,27190000000.0,-81253000000.0,2093000000.0,-0.011,0.059,-0.028,-0.027,49175000000.0,1412000000.0,20.0,-0.356,-0.358,46849000000.0,-16706000000.0,-7556000000.0,-7556000000.0,0.0,-0.104,-1.57,-0.077,11.416,0.0,26343000000.0,1.0,134537366.0,135252869,135252869.0,-55.866,812960000000.0,14812000000.0,-7449000000.0,0.0,6010.667,
50,AIG,MRT,2008-12-31,2008-12-31,2008-12-31,2021-09-07,-6328000000.0,860418000000.0,995904250000.0,,,-0.007,400.185,-1023000000.0,8642000000.0,8642000000.0,51036000000.0,-100387000000.0,,15.134,201158000000.0,,,201158000000.0,25735000000.0,12875000000.0,231198000000.0,0.395,12.4,-93259000000.0,-80384000000.0,11.752,-80384000000.0,-93259000000.0,-108972000000.0,-756.85,-756.85,-756.85,52710000000.0,70420750000.0,52710000000.0,221176203151.0,-2.0,-2.751,-1145000000.0,-8.693,1.0,-57876000000.0,8.461,6952000000.0,15713000000.0,1045982000000.0,1181843750000.0,0.0,562568000000.0,,,797692000000.0,,,4223203151.0,6358000000.0,-5000000000.0,6343000000.0,16054000000.0,-1628000000.0,-81468000000.0,47176000000.0,26439000000.0,-122000000.0,38000000.0,-99289000000.0,-99689000000.0,-99689000000.0,7041000000.0,-1098000000.0,14.574,29440000000.0,-87316000000.0,2879000000.0,-0.016,0.08,-0.042,-0.041,48961000000.0,400000000.0,31.4,-0.617,-0.605,52037000000.0,-12368000000.0,-6840000000.0,-6840000000.0,0.0,-0.1,-1.416,-0.079,13.634,0.0,28669000000.0,1.0,134496916.0,131714245,131714245.0,-51.931,853466000000.0,11734000000.0,-9683000000.0,0.0,6479.679,
51,AIG,MRT,2008-09-30,2008-09-30,2008-09-30,2021-09-07,-9480000000.0,1022237000000.0,1042890000000.0,,,0.045,526.614,180000000.0,18570000000.0,18570000000.0,66011000000.0,-41835000000.0,,13.359,235523000000.0,,,235523000000.0,28448000000.0,14988000000.0,265738000000.0,0.246,16.4,-50669000000.0,-35681000000.0,-0.761,-35681000000.0,-50669000000.0,-56897000000.0,-324.57,-324.22,-324.57,71182000000.0,81193500000.0,71182000000.0,198210816301.0,-4.0,-5.555,6311000000.0,46.69,1.0,-19148000000.0,-0.409,10334000000.0,6228000000.0,1228856000000.0,1226786250000.0,0.0,673272000000.0,,,950955000000.0,,,8953816301.0,16321000000.0,0.0,5171000000.0,49179000000.0,-2138000000.0,38936000000.0,-9325000000.0,-5899000000.0,6131000000.0,47000000.0,-42922000000.0,-42922000000.0,-42922000000.0,-621000000.0,1087000000.0,-0.916,32074000000.0,-51222000000.0,45894000000.0,-0.051,0.126,-0.209,-0.205,49291000000.0,0.0,66.6,0.191,0.192,56313000000.0,49291000000.0,46863000000.0,46863000000.0,0.0,-0.041,-0.529,-0.041,-1.081,0.0,32074000000.0,1.0,134441686.0,135169101,135169101.0,346.699,1011903000000.0,14833000000.0,-13975000000.0,0.0,7486.201,
52,AIG,MRT,2008-06-30,2008-06-30,2008-06-30,2021-09-07,-3903000000.0,1049876000000.0,1055357000000.0,,,0.072,599.53,230000000.0,2229000000.0,2229000000.0,64417000000.0,-14045000000.0,,12.443,191486000000.0,,,191486000000.0,28738000000.0,15436000000.0,271576000000.0,0.03,16.0,-19238000000.0,-3802000000.0,-0.05,-3802000000.0,-19238000000.0,-24401000000.0,-119.55,-119.4,-119.55,78088000000.0,89414750000.0,78088000000.0,249100935198.0,-13.0,-65.518,31719000000.0,243.526,1.0,11384000000.0,0.15,10661000000.0,5163000000.0,1228472000000.0,1232414250000.0,0.0,745190000000.0,,,971688000000.0,,,65939935198.0,594000000.0,0.0,4190000000.0,7182000000.0,-2058000000.0,36116000000.0,-49067000000.0,-21569000000.0,31489000000.0,114000000.0,-15369000000.0,-15369000000.0,-15369000000.0,-621000000.0,1324000000.0,-0.203,30607000000.0,-19223000000.0,76678000000.0,-0.134,0.844,-4.29,-4.427,49579000000.0,0.0,529.2,0.87,0.909,55655000000.0,73743000000.0,75801000000.0,75801000000.0,0.0,-0.015,-0.172,-0.016,-0.254,0.0,30607000000.0,1.0,124603052.0,130248736,130248736.0,581.971,1039215000000.0,8211000000.0,-9032000000.0,0.0,7978.695,
53,AIG,MRT,2008-03-31,2008-03-31,2008-03-31,2021-09-07,-1271000000.0,1051086000000.0,1051354500000.0,,,0.083,630.562,-198000000.0,2489000000.0,2489000000.0,62188000000.0,-4369000000.0,,12.186,185650000000.0,,,185650000000.0,28889000000.0,15306000000.0,266926000000.0,0.018,15.3,-5901000000.0,9405000000.0,0.108,9405000000.0,-5901000000.0,-9731000000.0,-45.62,-45.47,-45.62,79703000000.0,95975250000.0,79703000000.0,295896065346.0,-50.0,31.462,30963000000.0,244.96,1.0,24830000000.0,0.285,10182000000.0,3830000000.0,1224065000000.0,1225000000000.0,0.0,737035000000.0,,,971283000000.0,,,109091065346.0,787000000.0,0.0,-4022000000.0,7467000000.0,-1949000000.0,30176000000.0,-45580000000.0,-7799000000.0,31161000000.0,118000000.0,-5735000000.0,-5735000000.0,-5735000000.0,-621000000.0,1366000000.0,-0.066,30302000000.0,-5472000000.0,87269000000.0,-0.335,1.369,-19.022,-18.961,48467000000.0,0.0,865.0,1.254,1.256,61934000000.0,79732000000.0,87018000000.0,87018000000.0,0.0,-0.005,-0.06,-0.005,-0.068,0.0,30302000000.0,1.0,126116839.0,126400000,126400000.0,688.434,1040904000000.0,2762000000.0,-3996000000.0,0.0,8235.0,
54,AIG,MRT,2007-12-31,2007-12-31,2007-12-31,2021-09-07,4643000000.0,1048361000000.0,1038519750000.0,,,0.1,741.34,-850000000.0,2284000000.0,2284000000.0,62452000000.0,7488000000.0,,9.943,189089000000.0,,,189089000000.0,27703000000.0,15245000000.0,263362000000.0,0.013,14.6,12218000000.0,27463000000.0,0.265,27463000000.0,12218000000.0,7467000000.0,47.98,47.73,47.98,95801000000.0,101813250000.0,95801000000.0,336034683620.0,28.0,12.236,31942000000.0,247.178,1.0,41180000000.0,0.397,9414000000.0,4751000000.0,1225752000000.0,1207546500000.0,0.0,756250000000.0,,,952560000000.0,,,147862683620.0,694000000.0,0.0,-6000000000.0,23134000000.0,-1881000000.0,70186000000.0,-67241000000.0,-19836000000.0,32792000000.0,50000000.0,6200000000.0,6200000000.0,6200000000.0,-621000000.0,1288000000.0,0.06,28295000000.0,12885000000.0,88410000000.0,0.304,1.543,23.849,24.302,47502000000.0,0.0,1166.0,1.427,1.454,50301000000.0,89029000000.0,103632000000.0,103632000000.0,0.0,0.006,0.061,0.01,0.118,0.0,28295000000.0,1.0,126811907.0,129226796,129901035.0,801.939,1038947000000.0,0.0,1267000000.0,3823000000.0,8039.718,
55,AIG,MRT,2007-09-30,2007-09-30,2007-09-30,2021-09-07,6194000000.0,1072105000000.0,1021282000000.0,,,0.119,807.974,-6143000000.0,2249000000.0,2249000000.0,64131000000.0,14931000000.0,,9.301,190421000000.0,,,190421000000.0,27909000000.0,4805000000.0,258846000000.0,0.01,13.9,26159000000.0,30964000000.0,0.255,30964000000.0,26159000000.0,21270000000.0,114.8,114.6,114.8,104067000000.0,103282250000.0,104067000000.0,347019935536.0,13.0,11.207,23621000000.0,183.393,1.0,57508000000.0,0.473,8909000000.0,4889000000.0,1251368000000.0,1186514500000.0,0.0,765529000000.0,,,967938000000.0,,,173480935536.0,824000000.0,0.0,-4756000000.0,35711000000.0,-1801000000.0,103258000000.0,-80632000000.0,-22777000000.0,29764000000.0,63000000.0,14931000000.0,14931000000.0,14931000000.0,0.0,0.0,0.123,29888000000.0,27620000000.0,98497000000.0,0.121,1.667,11.619,11.786,47897000000.0,0.0,1353.0,1.426,1.433,55387000000.0,94830000000.0,121639000000.0,121639000000.0,0.0,0.015,0.145,0.022,0.215,0.0,29888000000.0,1.0,128219465.0,128800000,129450000.0,944.402,1063196000000.0,0.0,6339000000.0,9288000000.0,8254.627,
56,AIG,MRT,2007-06-30,2007-06-30,2007-06-30,2021-09-07,8187000000.0,1033866000000.0,988641750000.0,,,0.122,801.922,-6427000000.0,1635000000.0,1635000000.0,63499000000.0,16070000000.0,,8.909,175174000000.0,,,175174000000.0,28019000000.0,4035000000.0,251816000000.0,0.009,13.2,26546000000.0,30581000000.0,0.253,30581000000.0,26546000000.0,22889000000.0,123.2,123.0,123.2,104330000000.0,101304000000.0,104330000000.0,344865418441.0,13.0,11.277,11991000000.0,92.168,1.0,57551000000.0,0.475,8590000000.0,3657000000.0,1198815000000.0,1142219250000.0,0.0,732488000000.0,,,929436000000.0,,,181674418441.0,-505000000.0,0.0,-3752000000.0,39598000000.0,-1717000000.0,108654000000.0,-73298000000.0,-25444000000.0,18418000000.0,48000000.0,16070000000.0,16070000000.0,16070000000.0,0.0,0.0,0.133,29741000000.0,27810000000.0,90543000000.0,0.107,1.741,11.305,11.369,47292000000.0,0.0,1400.6,1.501,1.505,57312000000.0,92251000000.0,121050000000.0,121050000000.0,0.0,0.016,0.159,0.023,0.219,0.0,29741000000.0,1.0,129711851.0,130100000,130650000.0,930.438,1025276000000.0,0.0,6819000000.0,8996000000.0,7880.676,
57,AIG,MRT,2007-03-31,2007-03-31,2007-03-31,2021-09-07,9854000000.0,999747000000.0,955342750000.0,,,0.122,789.089,-6572000000.0,1702000000.0,1702000000.0,61344000000.0,14983000000.0,,8.7,164893000000.0,,,164893000000.0,27135000000.0,3834000000.0,250546000000.0,0.01,12.9,25468000000.0,29302000000.0,0.251,29302000000.0,25468000000.0,21811000000.0,115.0,114.4,115.0,103055000000.0,97148750000.0,103055000000.0,334381454701.0,13.0,11.412,5762000000.0,44.119,1.0,55410000000.0,0.475,8687000000.0,3657000000.0,1154251000000.0,1096504000000.0,0.0,714804000000.0,,,896592000000.0,,,174878454701.0,454000000.0,0.0,-2853000000.0,39111000000.0,-1678000000.0,109740000000.0,-66831000000.0,-27463000000.0,12334000000.0,81000000.0,14983000000.0,14983000000.0,14983000000.0,0.0,0.0,0.128,28687000000.0,26723000000.0,83459000000.0,0.112,1.697,11.672,11.69,46243000000.0,0.0,1344.4,1.498,1.504,53122000000.0,88493000000.0,116754000000.0,116754000000.0,0.0,0.016,0.154,0.023,0.218,0.0,28687000000.0,1.0,130079184.0,130600000,131050000.0,893.982,991060000000.0,0.0,6828000000.0,10992000000.0,7588.515,
58,AIG,MRT,2006-12-31,2006-12-31,2006-12-31,2021-09-07,9110000000.0,979410000000.0,925355500000.0,,,0.123,779.732,-6409000000.0,1590000000.0,1590000000.0,60287000000.0,14048000000.0,,8.631,172432000000.0,,,172432000000.0,26271000000.0,3564000000.0,253513000000.0,0.009,12.6,24242000000.0,27806000000.0,0.245,27806000000.0,24242000000.0,20585000000.0,107.8,107.2,107.8,101677000000.0,93482500000.0,101677000000.0,327515022267.0,14.0,11.779,-157000000.0,-1.204,1.0,53100000000.0,0.468,8628000000.0,3657000000.0,1141624000000.0,1055770000000.0,0.0,700958000000.0,,,877542000000.0,,,186296022267.0,-307000000.0,0.0,143000000.0,37499000000.0,-1638000000.0,120482000000.0,-66914000000.0,-35588000000.0,6252000000.0,114000000.0,14048000000.0,14048000000.0,14048000000.0,0.0,0.0,0.124,27756000000.0,25344000000.0,76372000000.0,0.117,1.832,13.261,13.295,44256000000.0,0.0,1433.2,1.643,1.648,51679000000.0,84996000000.0,113387000000.0,113387000000.0,0.0,0.015,0.15,0.023,0.214,0.0,27756000000.0,1.0,129986061.0,130400000,131150000.0,869.532,970782000000.0,0.0,6537000000.0,9546000000.0,7444.647,
59,AIG,MRT,2006-09-30,2006-09-30,2006-09-30,2021-09-07,6744000000.0,941544000000.0,893765750000.0,,,0.124,737.66,-6555000000.0,1425000000.0,1425000000.0,62561000000.0,11053000000.0,,8.79,142644000000.0,,,142644000000.0,26068000000.0,2632000000.0,241155000000.0,0.009,12.3,15840000000.0,18472000000.0,0.167,18472000000.0,15840000000.0,15840000000.0,84.8,84.2,84.8,96154000000.0,89642500000.0,96154000000.0,295903064408.0,19.0,16.019,705000000.0,5.409,1.0,48086000000.0,0.435,8576000000.0,0.0,1074187000000.0,1011005500000.0,0.0,591376000000.0,,,845201000000.0,,,172194064408.0,-683000000.0,0.0,119000000.0,21041000000.0,-1599000000.0,106194000000.0,-61026000000.0,-27163000000.0,7260000000.0,-14000000.0,11053000000.0,11053000000.0,11053000000.0,0.0,0.0,0.1,31435000000.0,16651000000.0,72264000000.0,0.145,1.791,15.579,15.627,48601000000.0,0.0,1325.2,1.556,1.561,46174000000.0,81987000000.0,110647000000.0,110647000000.0,0.0,0.012,0.123,0.016,0.143,0.0,31435000000.0,1.0,129938171.0,130350000,131300000.0,848.845,932968000000.0,0.0,4787000000.0,8497000000.0,7157.407,
60,AIG,MRT,2006-06-30,2006-06-30,2006-06-30,2021-09-07,2201000000.0,900670000000.0,869229000000.0,,,0.124,673.131,-6864000000.0,2140000000.0,2140000000.0,64099000000.0,8574000000.0,,9.267,125849000000.0,,,125849000000.0,26113000000.0,2501000000.0,238407000000.0,0.01,12.0,12166000000.0,14667000000.0,0.136,14667000000.0,12166000000.0,12166000000.0,65.8,65.2,65.8,87709000000.0,87924500000.0,87709000000.0,273105552540.0,22.0,18.62,8125000000.0,62.356,1.0,43709000000.0,0.405,8425000000.0,0.0,1015954000000.0,979199750000.0,0.0,556958000000.0,,,812768000000.0,,,153380552540.0,402000000.0,3000000.0,97000000.0,24867000000.0,-1560000000.0,89722000000.0,-60159000000.0,-28202000000.0,14989000000.0,711000000.0,8574000000.0,8574000000.0,8574000000.0,0.0,0.0,0.08,30812000000.0,12897000000.0,69754000000.0,0.182,1.749,17.889,17.948,47722000000.0,0.0,1181.0,1.423,1.427,45751000000.0,78192000000.0,107808000000.0,107808000000.0,0.0,0.01,0.098,0.012,0.113,0.0,30812000000.0,1.0,129873457.0,130300000,131250000.0,827.383,892245000000.0,0.0,3592000000.0,5101000000.0,6847.621,
61,AIG,MRT,2006-03-31,2006-03-31,2006-03-31,2021-09-07,5709000000.0,879798000000.0,851853250000.0,,,0.128,678.618,-6447000000.0,1248000000.0,1248000000.0,64316000000.0,9873000000.0,,8.951,120973000000.0,,,120973000000.0,0.0,2228000000.0,235429000000.0,0.009,11.5,13860000000.0,16088000000.0,0.148,16088000000.0,13860000000.0,13860000000.0,75.8,75.2,75.8,88390000000.0,88150500000.0,88390000000.0,289242887220.0,21.0,17.979,21248000000.0,163.132,1.0,44541000000.0,0.409,8208000000.0,0.0,991315000000.0,958601750000.0,0.0,550173000000.0,,,791219000000.0,,,171634887220.0,-1113000000.0,-4000000.0,73000000.0,16349000000.0,-1486000000.0,61446000000.0,-59448000000.0,-28371000000.0,27695000000.0,-83000000.0,9873000000.0,9873000000.0,9873000000.0,0.0,0.0,0.091,30184000000.0,14357000000.0,63959000000.0,0.152,1.942,17.384,17.438,45639000000.0,0.0,1321.8,1.577,1.582,45220000000.0,75433000000.0,108857000000.0,108857000000.0,0.0,0.012,0.112,0.014,0.127,0.0,30184000000.0,1.0,129849362.0,130250000,131200000.0,835.754,871590000000.0,0.0,3987000000.0,6615000000.0,6691.67,
62,AIG,MRT,2005-12-31,2005-12-31,2005-12-31,2021-09-07,6967000000.0,853051000000.0,839523000000.0,,,0.13,664.744,-6561000000.0,1897000000.0,1897000000.0,64100000000.0,10477000000.0,,8.881,119505000000.0,,,119505000000.0,24243000000.0,2200000000.0,231904000000.0,0.008,11.0,14735000000.0,16935000000.0,0.156,16935000000.0,14735000000.0,14735000000.0,80.6,79.8,80.6,86317000000.0,86455000000.0,86317000000.0,289019321900.0,20.0,17.066,16852000000.0,129.781,1.0,44681000000.0,0.411,8093000000.0,0.0,962566000000.0,947212500000.0,0.0,601073000000.0,,,766548000000.0,,,177098321900.0,-112000000.0,0.0,-94000000.0,14957000000.0,-1421000000.0,76194000000.0,-61459000000.0,-30226000000.0,23413000000.0,-163000000.0,10477000000.0,10477000000.0,10477000000.0,0.0,0.0,0.096,29468000000.0,15213000000.0,60409000000.0,0.136,2.052,16.904,16.931,39886000000.0,0.0,1364.6,1.628,1.629,43328000000.0,72330000000.0,108781000000.0,108781000000.0,0.0,0.012,0.121,0.016,0.135,0.0,29468000000.0,1.0,129780391.0,129850000,131350000.0,837.744,844958000000.0,0.0,4258000000.0,6288000000.0,6507.185,
63,AIG,MRT,2005-09-30,2005-09-30,2005-09-30,2021-09-07,9175000000.0,843397000000.0,826546500000.0,,,0.129,687.578,-6676000000.0,2108000000.0,2108000000.0,61596000000.0,11582000000.0,,8.444,114029000000.0,,,114029000000.0,0.0,1835000000.0,231496000000.0,0.008,9.5,16691000000.0,18526000000.0,0.174,18526000000.0,16691000000.0,16691000000.0,89.0,88.2,89.0,89282000000.0,84794000000.0,89282000000.0,268966146762.0,16.0,14.518,23317000000.0,179.569,1.0,45005000000.0,0.422,8354000000.0,0.0,946964000000.0,933963750000.0,0.0,591610000000.0,,,753922000000.0,,,160791146762.0,36000000.0,-3000000.0,-673000000.0,21766000000.0,-1226000000.0,123532000000.0,-91498000000.0,-70078000000.0,29993000000.0,-225000000.0,11582000000.0,11582000000.0,11582000000.0,0.0,0.0,0.109,27849000000.0,17156000000.0,58430000000.0,0.107,1.801,13.883,13.924,42376000000.0,0.0,1239.2,1.508,1.509,42878000000.0,73246000000.0,106601000000.0,106601000000.0,0.0,0.014,0.137,0.018,0.157,0.0,27849000000.0,1.0,129753992.0,129850000,131200000.0,820.955,835043000000.0,0.0,5109000000.0,8551000000.0,6430.828,
64,AIG,MRT,2005-06-30,2005-06-30,2005-06-30,2021-09-07,10869000000.0,831167000000.0,809802250000.0,,,0.13,682.689,-6042000000.0,1738000000.0,1738000000.0,60261000000.0,12522000000.0,,8.378,112511000000.0,,,112511000000.0,0.0,1874000000.0,229773000000.0,0.007,8.0,18147000000.0,20021000000.0,0.19,20021000000.0,18147000000.0,18147000000.0,96.4,95.4,96.4,88613000000.0,82199250000.0,88613000000.0,271152098559.0,15.0,13.543,23116000000.0,178.089,1.0,45212000000.0,0.429,8378000000.0,0.0,933562000000.0,916128500000.0,0.0,528615000000.0,,,742358000000.0,,,150764098559.0,-295000000.0,-2000000.0,-767000000.0,9670000000.0,-1032000000.0,127342000000.0,-92389000000.0,-72066000000.0,29158000000.0,-775000000.0,12522000000.0,12522000000.0,12522000000.0,0.0,0.0,0.119,26512000000.0,18700000000.0,57128000000.0,0.083,1.701,12.04,12.054,41915000000.0,0.0,1162.0,1.429,1.43,42569000000.0,70985000000.0,105473000000.0,105473000000.0,0.0,0.015,0.152,0.02,0.172,0.0,26512000000.0,1.0,129745352.0,129800000,131150000.0,812.581,822789000000.0,772000000.0,5625000000.0,9259000000.0,6338.898,
65,AIG,MRT,2005-03-31,2005-03-31,2005-03-31,2021-09-07,8125000000.0,830477000000.0,784443500000.0,,,0.13,628.479,-5579000000.0,2361000000.0,2361000000.0,59458000000.0,11113000000.0,,9.174,126174000000.0,,,126174000000.0,0.0,2075000000.0,230302000000.0,0.006,6.8,16119000000.0,18194000000.0,0.179,18194000000.0,16119000000.0,16119000000.0,85.6,84.6,85.6,81608000000.0,77868500000.0,81608000000.0,251929269081.0,16.0,13.847,13336000000.0,102.703,1.0,42201000000.0,0.415,8532000000.0,0.0,945758000000.0,888539500000.0,0.0,536024000000.0,,,748671000000.0,,,144319269081.0,441000000.0,10000000.0,-1008000000.0,13073000000.0,-885000000.0,159988000000.0,-98326000000.0,-79951000000.0,18915000000.0,-182000000.0,11113000000.0,11113000000.0,11113000000.0,0.0,0.0,0.109,25553000000.0,16648000000.0,52693000000.0,0.079,1.768,12.987,12.946,40086000000.0,0.0,1108.2,1.42,1.416,41151000000.0,66813000000.0,101659000000.0,101659000000.0,0.0,0.014,0.143,0.018,0.159,0.0,25553000000.0,1.0,130228541.0,129850000,131200000.0,782.896,821945000000.0,0.0,5006000000.0,6703000000.0,6329.958,
66,AIG,MRT,2004-12-31,2004-12-31,2004-12-31,2021-09-07,9444000000.0,801145000000.0,756593750000.0,,,0.129,611.458,-4284000000.0,2009000000.0,2009000000.0,58212000000.0,9839000000.0,,9.053,118991000000.0,,,118991000000.0,0.0,2035000000.0,220722000000.0,0.004,5.6,14246000000.0,16281000000.0,0.167,16281000000.0,14246000000.0,14246000000.0,75.4,74.6,75.4,79673000000.0,76402500000.0,79673000000.0,278652165684.0,20.0,17.115,25130000000.0,192.863,1.0,39454000000.0,0.404,8556000000.0,0.0,909571000000.0,854005750000.0,0.0,512233000000.0,,,721273000000.0,,,171042165684.0,1087000000.0,0.0,-925000000.0,10588000000.0,-730000000.0,128434000000.0,-92596000000.0,-74851000000.0,29414000000.0,52000000.0,9839000000.0,9839000000.0,9839000000.0,0.0,0.0,0.101,24609000000.0,14845000000.0,49972000000.0,0.074,2.147,17.384,17.419,38322000000.0,0.0,1313.4,1.751,1.752,39196000000.0,63468000000.0,97666000000.0,97666000000.0,0.0,0.013,0.129,0.017,0.146,0.0,24609000000.0,1.0,130228541.0,130300000,131850000.0,749.547,792589000000.0,138000000.0,4407000000.0,6588000000.0,6082.801,
67,AIG,MRT,2004-09-30,2004-09-30,2004-09-30,2021-09-07,4700000000.0,776420000000.0,725208000000.0,,,0.128,605.549,-3387000000.0,2072000000.0,2072000000.0,54281000000.0,9804000000.0,,8.838,109682000000.0,,,109682000000.0,0.0,1986000000.0,212107000000.0,0.004,5.4,14213000000.0,16199000000.0,0.174,16199000000.0,14213000000.0,14213000000.0,75.2,74.0,75.2,78903000000.0,73791750000.0,78903000000.0,276753979153.0,19.0,17.085,26849000000.0,206.055,1.0,38607000000.0,0.416,8407000000.0,0.0,875623000000.0,817518250000.0,0.0,541995000000.0,,,697324000000.0,,,177140979153.0,1123000000.0,39000000.0,-379000000.0,10529000000.0,-704000000.0,131944000000.0,-95763000000.0,-81282000000.0,30236000000.0,662000000.0,9804000000.0,9804000000.0,9804000000.0,0.0,0.0,0.106,23976000000.0,14631000000.0,53803000000.0,0.072,2.245,18.068,18.082,38179000000.0,0.0,1359.8,1.907,1.907,38465000000.0,68456000000.0,92888000000.0,92888000000.0,0.0,0.014,0.133,0.017,0.153,0.0,23976000000.0,1.0,130269877.0,130300000,131900000.0,712.878,768013000000.0,0.0,4409000000.0,9273000000.0,5894.19,
68,AIG,MRT,2004-06-30,2004-06-30,2004-06-30,2021-09-07,3859000000.0,729732000000.0,693017000000.0,,,0.127,546.702,-2956000000.0,2033000000.0,2033000000.0,50638000000.0,9456000000.0,,9.233,103671000000.0,,,103671000000.0,0.0,1950000000.0,204773000000.0,0.004,5.2,13670000000.0,15620000000.0,0.178,15620000000.0,13670000000.0,13670000000.0,72.4,71.4,72.4,71290000000.0,71108500000.0,71290000000.0,279858303233.0,20.0,17.917,29519000000.0,226.373,1.0,37276000000.0,0.424,8164000000.0,0.0,823206000000.0,780314500000.0,0.0,506171000000.0,,,658250000000.0,,,185914303233.0,1198000000.0,-2058000000.0,-370000000.0,7142000000.0,-678000000.0,120678000000.0,-91632000000.0,-73642000000.0,32475000000.0,475000000.0,9456000000.0,9456000000.0,9456000000.0,0.0,0.0,0.108,23232000000.0,14044000000.0,46893000000.0,0.072,2.608,19.661,19.691,37890000000.0,0.0,1425.6,2.115,2.115,35342000000.0,60259000000.0,87914000000.0,87914000000.0,0.0,0.014,0.133,0.018,0.155,0.0,23232000000.0,1.0,130411268.0,130400000,132000000.0,674.187,721568000000.0,0.0,4214000000.0,4009000000.0,5533.497,
69,AIG,MRT,2004-03-31,2004-03-31,2004-03-31,2021-09-07,10588000000.0,719078000000.0,665737000000.0,,,0.125,580.414,-3226000000.0,1920000000.0,1920000000.0,48366000000.0,8271000000.0,,8.491,98179000000.0,,,98179000000.0,0.0,1899000000.0,196952000000.0,0.003,4.84,11799000000.0,13698000000.0,0.165,13698000000.0,11799000000.0,11799000000.0,63.2,62.4,63.2,75744000000.0,70374750000.0,75744000000.0,277314415327.0,24.0,20.245,28027000000.0,214.766,1.0,34664000000.0,0.417,7714000000.0,0.0,807623000000.0,749766250000.0,0.0,498826000000.0,,,643141000000.0,,,186148415327.0,1260000000.0,-2127000000.0,-121000000.0,7421000000.0,-631000000.0,98132000000.0,-79648000000.0,-64403000000.0,31253000000.0,652000000.0,8271000000.0,8271000000.0,8271000000.0,0.0,0.0,0.1,22533000000.0,12131000000.0,40695000000.0,0.077,2.458,22.506,22.579,36767000000.0,0.0,1427.0,2.242,2.243,33057000000.0,57779000000.0,83030000000.0,83030000000.0,0.0,0.012,0.118,0.016,0.142,0.0,22533000000.0,1.0,130447383.0,130500000,132100000.0,636.245,711364000000.0,0.0,3528000000.0,7640000000.0,5451.065,
70,AIG,MRT,2003-12-31,2003-12-31,2003-12-31,2021-09-07,7337000000.0,675602000000.0,633919750000.0,,,0.125,530.498,-4248000000.0,922000000.0,922000000.0,46034000000.0,8108000000.0,,8.756,96560000000.0,,,96560000000.0,0.0,1861000000.0,175455000000.0,0.01,12.94,11664000000.0,13525000000.0,0.17,13525000000.0,11664000000.0,11664000000.0,62.0,61.4,62.0,69230000000.0,67003000000.0,69230000000.0,259861639140.0,22.0,19.213,28993000000.0,222.169,1.0,33387000000.0,0.42,7619000000.0,0.0,763621000000.0,715585250000.0,0.0,451846000000.0,,,606180000000.0,,,172854639140.0,-243000000.0,-1836000000.0,-133000000.0,6083000000.0,-584000000.0,66140000000.0,-66904000000.0,-48764000000.0,33241000000.0,350000000.0,8108000000.0,8108000000.0,8108000000.0,0.0,0.0,0.102,21480000000.0,11907000000.0,30195000000.0,0.209,2.497,21.319,21.381,35836000000.0,0.0,1325.6,2.176,2.178,31329000000.0,54384000000.0,79421000000.0,79421000000.0,0.0,0.013,0.121,0.016,0.147,0.0,21480000000.0,1.0,130397284.0,130500000,131850000.0,608.59,667983000000.0,0.0,3556000000.0,4518000000.0,5118.644,
71,AIG,MRT,2003-09-30,2003-09-30,2003-09-30,2021-09-07,3711000000.0,647656000000.0,605326500000.0,,,0.122,522.375,-4601000000.0,949000000.0,949000000.0,44948000000.0,5863000000.0,,8.498,87956000000.0,,,87956000000.0,0.0,1858000000.0,170046000000.0,0.011,12.58,7668000000.0,9526000000.0,0.129,9526000000.0,7668000000.0,7668000000.0,45.2,44.6,45.2,68170000000.0,64471250000.0,68170000000.0,237072259042.0,31.0,24.887,21127000000.0,161.893,1.0,28977000000.0,0.392,7855000000.0,0.0,726808000000.0,683438000000.0,0.0,428088000000.0,,,579300000000.0,,,150532259042.0,-216000000.0,-2191000000.0,-111000000.0,8889000000.0,-538000000.0,59200000000.0,-67103000000.0,-46223000000.0,25728000000.0,0.0,5863000000.0,5863000000.0,5863000000.0,0.0,0.0,0.079,21178000000.0,7799000000.0,27128000000.0,0.278,2.208,25.675,25.531,35213000000.0,0.0,1154.0,2.036,2.037,31904000000.0,58422000000.0,73925000000.0,73925000000.0,0.0,0.01,0.091,0.011,0.104,0.0,21178000000.0,1.0,130443899.0,130500000,131400000.0,566.475,639801000000.0,0.0,1805000000.0,6885000000.0,4902.69,
72,AIG,MRT,2003-06-30,2003-06-30,2003-06-30,2021-09-07,5997000000.0,620612000000.0,580236250000.0,,,0.122,523.793,-5189000000.0,835000000.0,835000000.0,43370000000.0,5368000000.0,,8.053,87375000000.0,,,87375000000.0,0.0,1793000000.0,153349000000.0,0.011,12.22,6921000000.0,8714000000.0,0.123,8714000000.0,6921000000.0,6921000000.0,41.2,40.8,41.2,68355000000.0,62124500000.0,68355000000.0,229206395018.0,33.0,26.303,17224000000.0,131.985,1.0,27399000000.0,0.387,6139000000.0,0.0,701013000000.0,656509750000.0,0.0,411475000000.0,,,550475000000.0,,,143931395018.0,-167000000.0,-260000000.0,-192000000.0,9755000000.0,-491000000.0,52039000000.0,-63764000000.0,-44495000000.0,22413000000.0,0.0,5368000000.0,5368000000.0,5368000000.0,0.0,0.0,0.076,20375000000.0,7024000000.0,25305000000.0,0.297,2.106,26.813,26.786,35206000000.0,0.0,1103.6,2.034,2.035,31730000000.0,56255000000.0,70769000000.0,70769000000.0,0.0,0.009,0.086,0.011,0.098,0.0,20375000000.0,1.0,130419894.0,130500000,131850000.0,542.291,614473000000.0,0.0,1553000000.0,8476000000.0,4708.605,
73,AIG,MRT,2003-03-31,2003-03-31,2003-03-31,2021-09-07,2073000000.0,591809000000.0,556181750000.0,,,0.123,477.065,-5117000000.0,660000000.0,660000000.0,41780000000.0,5274000000.0,,8.477,85935000000.0,,,85935000000.0,0.0,1744000000.0,149866000000.0,0.012,12.12,6921000000.0,8665000000.0,0.127,8665000000.0,6921000000.0,6921000000.0,40.4,40.0,40.4,62257000000.0,58776500000.0,62257000000.0,208937910486.0,30.0,24.113,16081000000.0,123.226,1.0,26446000000.0,0.388,6185000000.0,0.0,670899000000.0,630531000000.0,0.0,393116000000.0,,,527770000000.0,,,129055910486.0,-760000000.0,-214000000.0,-381000000.0,8670000000.0,-480000000.0,48176000000.0,-65069000000.0,-41448000000.0,21198000000.0,0.0,5274000000.0,5274000000.0,5274000000.0,0.0,0.0,0.077,19391000000.0,7055000000.0,25924000000.0,0.3,2.073,24.47,24.48,33639000000.0,0.0,989.0,1.892,1.892,30227000000.0,54101000000.0,68226000000.0,68226000000.0,0.0,0.009,0.09,0.011,0.101,0.0,19391000000.0,1.0,130491315.0,130500000,131850000.0,522.805,585624000000.0,0.0,1647000000.0,6151000000.0,4487.54,
74,AIG,MRT,2002-12-31,2002-12-31,2002-12-31,2021-09-07,691000000.0,561229000000.0,535118500000.0,,,0.124,452.55,-5064000000.0,1165000000.0,1165000000.0,40005000000.0,5729000000.0,,8.459,81047000000.0,,,81047000000.0,0.0,1686000000.0,145147000000.0,0.003,3.56,7648000000.0,9334000000.0,0.141,9334000000.0,7648000000.0,7648000000.0,44.0,43.4,44.0,59103000000.0,56381000000.0,59103000000.0,228716217973.0,30.0,24.504,13144000000.0,100.643,1.0,26166000000.0,0.395,6079000000.0,0.0,635032000000.0,607407500000.0,0.0,367071000000.0,,,499973000000.0,,,150907217973.0,0.0,-479000000.0,-566000000.0,8168000000.0,-467000000.0,42092000000.0,-61744000000.0,-41044000000.0,18208000000.0,0.0,5729000000.0,5729000000.0,5729000000.0,0.0,0.0,0.087,18358000000.0,7808000000.0,23694000000.0,0.081,2.553,26.341,26.295,32249000000.0,0.0,1157.0,2.281,2.284,28945000000.0,52270000000.0,66171000000.0,66171000000.0,0.0,0.011,0.102,0.013,0.116,0.0,18358000000.0,1.0,130429748.0,130600000,132150000.0,506.669,555150000000.0,0.0,1919000000.0,5082000000.0,4250.766,
75,AIG,MRT,2002-09-30,2002-09-30,2002-09-30,2021-09-07,176000000.0,547295000000.0,518076500000.0,,,0.128,450.444,-4867000000.0,893000000.0,893000000.0,37956000000.0,7489000000.0,,8.274,78702000000.0,,,78702000000.0,0.0,1573000000.0,141237000000.0,0.004,4.3,10874000000.0,12447000000.0,0.188,12447000000.0,10874000000.0,10874000000.0,57.4,56.6,57.4,58783000000.0,54642750000.0,58783000000.0,221713859784.0,20.0,17.813,6767000000.0,51.854,1.0,28231000000.0,0.427,6009000000.0,0.0,619095000000.0,589602000000.0,0.0,358736000000.0,,,486368000000.0,,,142804859784.0,408000000.0,-922000000.0,-514000000.0,4043000000.0,-455000000.0,47015000000.0,-34690000000.0,-17845000000.0,11634000000.0,0.0,7489000000.0,7489000000.0,7489000000.0,0.0,0.0,0.113,17059000000.0,11172000000.0,0.0,0.075,2.429,19.069,19.059,30768000000.0,0.0,1094.0,2.158,2.157,26542000000.0,52497000000.0,66187000000.0,66187000000.0,0.0,0.014,0.137,0.018,0.164,0.0,17059000000.0,1.0,130534607.0,130500000,131700000.0,507.18,541286000000.0,0.0,3385000000.0,5321000000.0,4147.785,
76,AIG,MRT,2002-06-30,2002-06-30,2002-06-30,2021-09-07,-2064000000.0,524394000000.0,498421500000.0,,,0.13,420.689,-4798000000.0,730000000.0,730000000.0,37297000000.0,5974000000.0,,8.502,79639000000.0,,,79639000000.0,0.0,1605000000.0,135131000000.0,0.003,4.2,8706000000.0,10311000000.0,0.16,10311000000.0,8706000000.0,8706000000.0,45.8,45.0,45.8,54963000000.0,52643500000.0,54963000000.0,255220293771.0,29.0,24.752,8058000000.0,61.676,1.0,27322000000.0,0.423,6205000000.0,0.0,597098000000.0,571361500000.0,0.0,335540000000.0,,,467287000000.0,,,178278293771.0,186000000.0,-812000000.0,-993000000.0,-356000000.0,-551000000.0,42297000000.0,-31416000000.0,-16648000000.0,12856000000.0,0.0,5974000000.0,5974000000.0,5974000000.0,0.0,0.0,0.092,18262000000.0,9060000000.0,0.0,0.092,3.244,29.842,29.795,30500000000.0,0.0,1364.6,2.759,2.759,27046000000.0,50779000000.0,64619000000.0,64619000000.0,0.0,0.012,0.113,0.015,0.135,0.0,16899000000.0,1.0,130645093.0,130650000,132000000.0,494.596,518189000000.0,0.0,2732000000.0,3648000000.0,3966.238,
77,AIG,MRT,2002-03-31,2002-03-31,2002-03-31,2021-09-07,-2828000000.0,507556000000.0,450620750000.0,,,0.135,402.868,-4644000000.0,1148000000.0,1148000000.0,36039000000.0,5488000000.0,,8.595,78090000000.0,,,78090000000.0,0.0,1532000000.0,128671000000.0,0.003,4.1,7893000000.0,9425000000.0,0.155,9425000000.0,7893000000.0,7893000000.0,42.0,41.4,42.0,52675000000.0,49566500000.0,52675000000.0,265922217963.0,34.0,28.215,5271000000.0,40.314,1.0,24863000000.0,0.408,6093000000.0,0.0,578405000000.0,520345750000.0,0.0,320159000000.0,,,452718000000.0,,,188464217963.0,674000000.0,-858000000.0,-812000000.0,3856000000.0,-647000000.0,44745000000.0,-30435000000.0,-17545000000.0,9915000000.0,0.0,5488000000.0,5488000000.0,5488000000.0,0.0,0.0,0.09,17030000000.0,7833000000.0,0.0,0.098,3.578,34.341,34.352,28933000000.0,0.0,1442.8,3.095,3.098,26407000000.0,49088000000.0,60902000000.0,60902000000.0,0.0,0.012,0.111,0.015,0.13,0.0,15013000000.0,1.0,130623938.0,130750000,132050000.0,465.79,501463000000.0,0.0,2405000000.0,3400000000.0,3835.281,
78,AIG,MRT,2001-12-31,2001-12-31,2001-12-31,2021-09-07,-1725000000.0,493061000000.0,403931750000.0,,,0.153,397.94,-4195000000.0,698000000.0,698000000.0,35054000000.0,5363000000.0,,8.412,77549000000.0,,,77549000000.0,0.0,1437000000.0,121692000000.0,0.003,4.0,7702000000.0,9139000000.0,0.148,9139000000.0,7702000000.0,7702000000.0,41.0,40.4,41.0,52150000000.0,46835750000.0,52150000000.0,284888813782.0,37.0,31.173,4606000000.0,35.147,1.0,26712000000.0,0.432,6102000000.0,0.0,563810000000.0,469591500000.0,0.0,310669000000.0,,,438709000000.0,,,207430813782.0,176000000.0,-924000000.0,-803000000.0,8594000000.0,-743000000.0,46224000000.0,-31298000000.0,-19112000000.0,8801000000.0,0.0,5363000000.0,5363000000.0,5363000000.0,0.0,0.0,0.087,18573000000.0,8139000000.0,10574000000.0,0.098,3.978,38.678,38.732,27543000000.0,0.0,1588.0,3.358,3.369,26367000000.0,47218000000.0,61766000000.0,61766000000.0,0.0,0.013,0.115,0.016,0.125,0.0,16556000000.0,1.0,130623938.0,131050000,132500000.0,471.316,486959000000.0,0.0,2339000000.0,3286000000.0,3715.826,
79,AIG,MRT,2001-09-30,2001-09-30,2001-09-30,2021-09-07,-1194000000.0,468675000000.0,387334250000.0,,,0.161,387.679,-3505000000.0,485000000.0,485000000.0,34151000000.0,5299000000.0,,8.174,77943000000.0,,,77943000000.0,0.0,1468000000.0,111806000000.0,0.002,3.06,7621000000.0,9089000000.0,0.146,9089000000.0,7621000000.0,7621000000.0,40.4,40.0,40.4,50786000000.0,45658000000.0,50786000000.0,241685900292.0,32.0,26.591,6611000000.0,50.466,1.0,28192000000.0,0.452,0.0,0.0,546133000000.0,451584000000.0,0.0,298454000000.0,,,415125000000.0,,,181841900292.0,-105000000.0,-99000000.0,-1004000000.0,7651000000.0,-828000000.0,34396000000.0,-32774000000.0,-21088000000.0,10116000000.0,0.0,5299000000.0,5299000000.0,5299000000.0,0.0,0.0,0.085,19855000000.0,8337000000.0,0.0,0.076,3.581,34.316,38.614,26380000000.0,0.0,1560.0,2.917,3.278,24258000000.0,45463000000.0,62343000000.0,62343000000.0,0.0,0.014,0.116,0.017,0.122,0.0,17838000000.0,1.0,116565321.0,131000000,132550000.0,475.901,468675000000.0,0.0,2322000000.0,4168000000.0,3577.672,
80,AIG,MRT,2001-06-30,2001-06-30,2001-06-30,2021-09-07,-1856000000.0,333191000000.0,344017000000.0,,,0.17,325.486,-3388000000.0,248000000.0,248000000.0,32276000000.0,6677000000.0,,6.784,60092000000.0,,,60092000000.0,0.0,1317000000.0,53390000000.0,0.002,2.96,9620000000.0,10937000000.0,0.188,10937000000.0,9620000000.0,9620000000.0,51.2,50.6,51.2,42655000000.0,42104250000.0,42655000000.0,252747843665.0,26.0,23.109,4298000000.0,32.797,1.0,26047000000.0,0.447,0.0,0.0,393035000000.0,400521500000.0,0.0,204890000000.0,,,289358000000.0,,,198159843665.0,-64000000.0,-48000000.0,-660000000.0,14482000000.0,-1034000000.0,39147000000.0,-35054000000.0,-22748000000.0,7686000000.0,0.0,6677000000.0,6677000000.0,6677000000.0,0.0,0.0,0.114,16226000000.0,9821000000.0,0.0,0.058,4.646,29.678,33.207,25276000000.0,0.0,1700.2,3.398,3.82,12898000000.0,37289000000.0,58323000000.0,58323000000.0,0.0,0.019,0.159,0.024,0.165,0.0,15572000000.0,1.0,116550902.0,131050000,132550000.0,445.044,333191000000.0,0.0,2943000000.0,2982000000.0,2542.472,
81,AIG,MRT,2001-03-31,2001-03-31,2001-03-31,2021-09-07,-1256000000.0,320800000000.0,331022750000.0,,,0.168,318.353,-3022000000.0,253000000.0,253000000.0,30560000000.0,6769000000.0,,6.655,54841000000.0,,,54841000000.0,0.0,1261000000.0,50813000000.0,0.002,2.887,9790000000.0,11051000000.0,0.199,11051000000.0,9790000000.0,9790000000.0,53.4,52.6,53.4,41752000000.0,40141750000.0,41752000000.0,232879139021.0,24.0,21.073,7376000000.0,56.241,1.0,24975000000.0,0.45,0.0,0.0,375388000000.0,382885500000.0,0.0,195809000000.0,,,277869000000.0,,,186402139021.0,-31000000.0,16000000.0,-634000000.0,8114000000.0,-904000000.0,31041000000.0,-29627000000.0,-18674000000.0,10398000000.0,0.0,6769000000.0,6769000000.0,6769000000.0,0.0,0.0,0.122,14944000000.0,10031000000.0,0.0,0.054,4.465,27.538,30.15,23959000000.0,0.0,1610.0,3.356,3.802,12727000000.0,35749000000.0,55535000000.0,55535000000.0,0.0,0.02,0.169,0.026,0.176,0.0,14944000000.0,1.0,115777726.0,131150000,132550000.0,423.446,320800000000.0,0.0,3021000000.0,3055000000.0,2446.054,
82,AIG,MRT,2000-12-31,2000-12-31,2000-12-31,2021-09-07,-2440000000.0,426671000000.0,320637500000.0,,,0.176,363.936,-2719000000.0,522000000.0,522000000.0,30864000000.0,6639000000.0,,7.922,65631000000.0,,,65631000000.0,0.0,1243000000.0,101222000000.0,0.001,2.813,9610000000.0,10853000000.0,0.193,10853000000.0,9610000000.0,9610000000.0,51.0,50.4,51.0,47439000000.0,38163250000.0,47439000000.0,274698053688.0,29.0,25.311,6362000000.0,48.807,1.0,25474000000.0,0.452,0.0,0.0,491780000000.0,369068250000.0,0.0,256736000000.0,,,375818000000.0,,,228221053688.0,96000000.0,62000000.0,-1258000000.0,3664000000.0,-776000000.0,23686000000.0,-20828000000.0,-10371000000.0,9081000000.0,0.0,6639000000.0,6639000000.0,6639000000.0,0.0,0.0,0.118,15451000000.0,10023000000.0,0.0,0.055,4.811,34.376,38.651,23451000000.0,0.0,1971.2,4.051,4.561,23963000000.0,42598000000.0,56338000000.0,56338000000.0,0.0,0.021,0.174,0.026,0.171,0.0,15136000000.0,1.0,115777726.0,130350000,131900000.0,432.206,426671000000.0,0.0,2971000000.0,3221000000.0,3273.272,
83,AIG,MRT,2000-09-30,2000-09-30,2000-09-30,2021-09-07,-2036000000.0,295406000000.0,281029250000.0,,,0.171,280.668,-2557000000.0,280000000.0,280000000.0,30883000000.0,6901000000.0,,7.044,46757000000.0,,,46757000000.0,0.0,1053000000.0,47973000000.0,0.001,2.74,10092000000.0,11145000000.0,0.232,11145000000.0,10092000000.0,10092000000.0,52.2,51.4,52.2,36571000000.0,34630000000.0,36571000000.0,262687748475.0,26.0,23.57,9229000000.0,70.829,1.0,17162000000.0,0.357,0.0,0.0,341883000000.0,322924750000.0,0.0,178479000000.0,,,257590000000.0,,,221410748475.0,-24000000.0,-35000000.0,-1543000000.0,7569000000.0,-1064000000.0,28937000000.0,-27053000000.0,-17007000000.0,11786000000.0,0.0,6901000000.0,6901000000.0,6901000000.0,0.0,0.0,0.144,8713000000.0,8449000000.0,0.0,0.052,6.054,32.084,36.663,22583000000.0,0.0,1913.8,4.608,5.19,13685000000.0,32893000000.0,48045000000.0,48045000000.0,0.0,0.025,0.199,0.031,0.21,0.0,8713000000.0,1.0,115691686.0,130300000,131650000.0,368.726,295406000000.0,0.0,3191000000.0,1670000000.0,2267.122,
84,AIG,MRT,2000-06-30,2000-06-30,2000-06-30,2021-09-07,-2455000000.0,281214000000.0,272124250000.0,,,0.166,300.951,-1665000000.0,314000000.0,314000000.0,28967000000.0,6463000000.0,,7.044,41591000000.0,,,41591000000.0,0.0,1171000000.0,46695000000.0,0.002,2.667,9418000000.0,10589000000.0,0.235,10589000000.0,9418000000.0,9418000000.0,50.0,49.2,50.0,34805000000.0,33562250000.0,34805000000.0,221972559488.0,24.0,20.963,12563000000.0,108.629,1.0,16111000000.0,0.357,0.0,0.0,322491000000.0,312353250000.0,0.0,166346000000.0,,,245164000000.0,,,181112559488.0,97000000.0,-25000000.0,-1308000000.0,2009000000.0,-724000000.0,20886000000.0,-21323000000.0,-13869000000.0,14228000000.0,0.0,6463000000.0,6463000000.0,6463000000.0,0.0,0.0,0.143,8180000000.0,7931000000.0,0.0,0.053,5.204,28.023,31.333,22015000000.0,0.0,1566.667,4.018,4.019,13969000000.0,33638000000.0,45078000000.0,45078000000.0,0.0,0.024,0.193,0.03,0.209,0.0,8180000000.0,1.0,115603761.0,115650000,116950000.0,389.78,281214000000.0,0.0,2955000000.0,1042000000.0,2431.595,
85,AIG,MRT,2000-03-31,2000-03-31,2000-03-31,2021-09-07,-2043000000.0,279259000000.0,265575500000.0,,,0.166,291.707,-1592000000.0,211000000.0,211000000.0,28221000000.0,6333000000.0,,7.216,41071000000.0,,,41071000000.0,0.0,1156000000.0,44912000000.0,0.002,2.597,9234000000.0,10390000000.0,0.236,10390000000.0,9234000000.0,9234000000.0,48.8,48.0,48.8,33838000000.0,32829000000.0,33838000000.0,208668232524.0,23.0,20.084,12601000000.0,108.629,1.0,15847000000.0,0.36,0.0,0.0,320119000000.0,304841250000.0,0.0,166056000000.0,,,244176000000.0,,,169700232524.0,-82000000.0,-32000000.0,-1423000000.0,4787000000.0,-718000000.0,21560000000.0,-22141000000.0,-15542000000.0,14193000000.0,0.0,6333000000.0,6333000000.0,6333000000.0,0.0,0.0,0.144,8027000000.0,7820000000.0,0.0,0.053,5.015,26.796,29.918,21063000000.0,0.0,1460.0,3.851,3.843,13617000000.0,32309000000.0,44068000000.0,44068000000.0,0.0,0.024,0.193,0.03,0.21,0.0,8027000000.0,1.0,116233036.0,116000000,117300000.0,379.897,279259000000.0,0.0,2901000000.0,1135000000.0,2407.405,
86,AIG,MRT,1999-12-31,1999-12-31,1999-12-31,2021-09-07,-2103000000.0,268238000000.0,257528250000.0,,,0.168,255.121,-1666000000.0,132000000.0,132000000.0,27600000000.0,6186000000.0,,7.027,39100000000.0,,,39100000000.0,0.0,1130000000.0,44724000000.0,0.002,2.528,9019000000.0,10149000000.0,0.235,10149000000.0,9019000000.0,9019000000.0,47.4,46.8,47.4,33306000000.0,32111250000.0,33306000000.0,207175932851.0,23.0,20.413,10977000000.0,84.083,1.0,15593000000.0,0.361,0.0,0.0,307206000000.0,295479000000.0,0.0,160963000000.0,,,234037000000.0,,,167364932851.0,-218000000.0,15000000.0,-456000000.0,2974000000.0,-709000000.0,27388000000.0,-26555000000.0,-19411000000.0,12643000000.0,0.0,6186000000.0,6186000000.0,6186000000.0,0.0,0.0,0.143,7902000000.0,7691000000.0,0.0,0.053,5.025,27.055,30.408,20267000000.0,0.0,1441.333,3.875,4.356,12236000000.0,31040000000.0,43193000000.0,43193000000.0,0.0,0.024,0.193,0.031,0.209,0.0,7902000000.0,1.0,116118131.0,130550000,132500000.0,330.854,268238000000.0,0.0,2833000000.0,889000000.0,2054.676,
87,AIG,MRT,1999-09-30,1999-09-30,1999-09-30,2021-09-07,-1853000000.0,259786000000.0,248887750000.0,,,0.141,278.208,-2066000000.0,273000000.0,273000000.0,22883000000.0,4863000000.0,,7.015,40084000000.0,,,40084000000.0,0.0,1202000000.0,43954000000.0,0.002,2.459,6961000000.0,8163000000.0,0.232,8163000000.0,6961000000.0,6961000000.0,41.933,41.4,41.933,32300000000.0,31315500000.0,32300000000.0,172023172167.0,25.0,21.074,11556000000.0,99.535,1.0,12328000000.0,0.35,0.0,0.0,299597000000.0,286116500000.0,0.0,158851000000.0,,,226591000000.0,,,134599172167.0,63000000.0,50000000.0,-74000000.0,1547000000.0,-315000000.0,20664000000.0,-25239000000.0,-17774000000.0,13622000000.0,0.0,4863000000.0,4863000000.0,4863000000.0,0.0,0.0,0.138,6203000000.0,6125000000.0,0.0,0.059,4.167,27.678,27.644,20125000000.0,0.0,1159.2,3.823,3.822,12895000000.0,29806000000.0,35211000000.0,35211000000.0,0.0,0.02,0.155,0.024,0.198,0.0,6203000000.0,1.0,116113848.0,116100000,117550000.0,303.282,259786000000.0,0.0,2098000000.0,1212000000.0,2237.606,
88,AIG,MRT,1999-06-30,1999-06-30,1999-06-30,2021-09-07,-1129000000.0,255019000000.0,229921955250.0,,,0.151,274.404,-2663000000.0,170000000.0,170000000.0,22556000000.0,4672000000.0,,6.973,37594000000.0,,,37594000000.0,0.0,1030000000.0,43402000000.0,0.002,2.389,6691000000.0,7721000000.0,0.223,7721000000.0,6691000000.0,6691000000.0,40.4,39.8,40.4,31872000000.0,29698181500.0,31872000000.0,180916990281.0,27.0,23.432,5649000000.0,48.635,1.0,12104000000.0,0.349,0.0,0.0,292443000000.0,265426076500.0,0.0,155353000000.0,,,222252000000.0,,,145316990281.0,7000000.0,-447000000.0,-20000000.0,5695000000.0,-314000000.0,25743000000.0,-25064000000.0,-16310000000.0,8312000000.0,0.0,4672000000.0,4672000000.0,4672000000.0,0.0,0.0,0.135,6164000000.0,5940000000.0,0.0,0.059,4.559,31.104,30.97,20764000000.0,0.0,1251.2,4.193,4.193,12723000000.0,29442000000.0,34660000000.0,34660000000.0,0.0,0.02,0.157,0.025,0.193,0.0,6164000000.0,1.0,116142096.0,116150000,117650000.0,298.407,255019000000.0,0.0,2019000000.0,1239000000.0,2195.601,
89,AIG,MRT,1999-03-31,1999-03-31,1999-03-31,2021-09-07,-839000000.0,247070000000.0,210193010500.0,,,0.159,266.727,-2740000000.0,246000000.0,246000000.0,21798000000.0,4471000000.0,,6.95,35846000000.0,,,35846000000.0,0.0,988000000.0,42261000000.0,0.002,2.325,6360000000.0,7348000000.0,0.221,7348000000.0,6360000000.0,6360000000.0,38.867,38.2,38.867,30967000000.0,28162546250.0,30967000000.0,184199839230.0,29.0,25.068,4670000000.0,40.224,1.0,11518000000.0,0.346,0.0,0.0,282670000000.0,244284281250.0,0.0,150361000000.0,,,215208000000.0,,,149336839230.0,101000000.0,-462000000.0,73000000.0,4304000000.0,-318000000.0,25059000000.0,-23384000000.0,-14271000000.0,7410000000.0,0.0,4471000000.0,4471000000.0,4471000000.0,0.0,0.0,0.134,5931000000.0,5587000000.0,0.0,0.06,4.822,33.401,33.097,19897000000.0,0.0,1286.4,4.482,4.483,12522000000.0,28235000000.0,33316000000.0,33316000000.0,0.0,0.021,0.159,0.026,0.191,0.0,5931000000.0,1.0,116088961.0,116100000,117600000.0,286.96,247070000000.0,0.0,1889000000.0,1390000000.0,2128.079,
90,AIG,MRT,1998-12-31,1998-12-31,1998-12-31,2021-09-07,-10000000.0,233676000000.0,190771473750.0,,,0.167,264.469,-2473000000.0,303000000.0,303000000.0,20899000000.0,4282000000.0,,6.728,36383000000.0,,,36383000000.0,0.0,952000000.0,35606000000.0,0.002,2.261,6067000000.0,7019000000.0,0.22,7019000000.0,6067000000.0,6067000000.0,37.4,36.6,37.4,30123000000.0,26662381250.0,30123000000.0,134370061919.0,22.0,19.144,4966000000.0,43.6,1.0,11016000000.0,0.345,0.0,0.0,269756000000.0,223190694250.0,0.0,141723000000.0,,,202658000000.0,,,101457576919.0,216000000.0,-516000000.0,-41000000.0,4197000000.0,-324000000.0,17968000000.0,-16207000000.0,-7609000000.0,7439000000.0,0.0,4282000000.0,4282000000.0,4282000000.0,0.0,0.0,0.134,5715000000.0,5301000000.0,0.0,0.06,3.368,23.694,27.559,19068000000.0,0.0,1030.72,3.179,3.678,11679000000.0,27110000000.0,31915000000.0,31915000000.0,0.0,0.022,0.161,0.027,0.19,0.0,5715000000.0,1.0,98433694.0,113900000,116550000.0,280.202,233676000000.0,0.0,1785000000.0,1471000000.0,2051.589,
91,AIG,MRT,1998-09-30,1998-09-30,1998-09-30,2021-09-07,-588923000.0,183922821000.0,173345223750.0,,,0.184,226.734,-1408625000.0,209959000.0,209959000.0,20779007000.0,4425252000.0,,6.105,33122444000.0,,,33122444000.0,0.0,912814000.0,12900948000.0,0.003,2.197,6273755000.0,7186569000.0,0.225,7186569000.0,6273755000.0,6273755000.0,35.707,34.4,35.707,25830726000.0,25131881250.0,25830726000.0,114071746922.0,18.0,15.873,1052720000.0,9.24,1.0,11104960000.0,0.348,0.0,0.0,216835306000.0,203714444250.0,0.0,108674347000.0,,,157692095000.0,,,82299148922.0,36517000.0,-528346000.0,343073000.0,4210414000.0,-354213000.0,13245581000.0,-11673409000.0,-9177809000.0,2461345000.0,0.0,4425252000.0,4425252000.0,4425252000.0,0.0,0.0,0.139,5637885000.0,5467075000.0,0.0,0.062,3.186,18.598,23.414,18454641000.0,0.0,836.053,2.581,2.987,11837467000.0,24566129000.0,31883967000.0,31883967000.0,0.0,0.026,0.176,0.031,0.197,0.0,5637885000.0,1.0,98437678.0,113925000,116475000.0,279.868,183922821000.0,0.0,1848503000.0,884774000.0,1614.42,
92,AIG,MRT,1998-06-30,1998-06-30,1998-06-30,2021-09-07,173387000.0,176103221000.0,167017539750.0,,,0.184,225.994,-973999000.0,162854000.0,162854000.0,20098432000.0,4189570000.0,,5.829,31935452000.0,,,31935452000.0,0.0,901521000.0,12130663000.0,0.002,2.133,5912329000.0,6813850000.0,0.222,6813850000.0,5912329000.0,5912329000.0,34.773,33.627,34.773,25729459000.0,24640939750.0,25729459000.0,131058305914.0,22.0,19.234,844833000.0,7.421,1.0,10551777000.0,0.344,0.0,0.0,207875819000.0,195400804250.0,0.0,105455434000.0,,,149973762000.0,,,102146506914.0,75939000.0,-46077000.0,356117000.0,159122000.0,-323292000.0,9401634000.0,-7147527000.0,-4446795000.0,1818832000.0,0.0,4189570000.0,4189570000.0,4189570000.0,0.0,0.0,0.137,5466939000.0,5084838000.0,0.0,0.061,3.97,24.381,29.857,18369586000.0,0.0,1038.222,3.333,3.856,11512725000.0,24645131000.0,30650209000.0,30650209000.0,0.0,0.025,0.17,0.03,0.193,0.0,5466939000.0,1.0,98385976.0,113850000,116775000.0,269.216,176103221000.0,0.0,1722759000.0,1149437000.0,1546.8,
93,AIG,MRT,1998-03-31,1998-03-31,1998-03-31,2021-09-07,310917000.0,169383853000.0,162050554250.0,,,0.184,219.363,-769829000.0,145138000.0,145138000.0,19634337000.0,3940065000.0,,5.768,29056937000.0,,,29056937000.0,0.0,893982000.0,11564007000.0,0.002,2.074,5567724000.0,6461706000.0,0.217,6461706000.0,5567724000.0,5567724000.0,33.627,32.747,33.627,24966340000.0,23964352500.0,24966340000.0,115936796682.0,21.0,17.942,3049227000.0,26.792,1.0,10179617000.0,0.341,0.0,0.0,198295652000.0,188996619250.0,0.0,101318197000.0,,,144017513000.0,,,88056758682.0,67482000.0,-36305000.0,98585000.0,-653406000.0,-295046000.0,7314284000.0,-7068858000.0,-3649727000.0,3819056000.0,0.0,3940065000.0,3940065000.0,3940065000.0,0.0,0.0,0.132,5377982000.0,4801635000.0,0.0,0.062,3.527,22.349,26.624,17390993000.0,0.0,895.289,2.954,3.418,11292908000.0,23755644000.0,29813954000.0,29813954000.0,0.0,0.024,0.164,0.029,0.187,0.0,5377982000.0,1.0,98355693.0,113813000,116625000.0,261.956,169383853000.0,0.0,1627659000.0,1203631000.0,1488.265,
94,AIG,MRT,1997-12-31,1997-12-31,1997-12-31,2021-09-07,172000000.0,163971000000.0,157491944500.0,,,0.183,212.21,-1204000000.0,87000000.0,87000000.0,19126000000.0,3711000000.0,,5.815,27967000000.0,,,27967000000.0,0.0,885000000.0,11295000000.0,0.003,2.015,5236000000.0,6121000000.0,0.212,6121000000.0,5236000000.0,5236000000.0,32.667,32.0,32.667,24001000000.0,23313029250.0,24001000000.0,101291129320.0,19.0,16.548,2229000000.0,19.708,1.0,9745000000.0,0.338,0.0,0.0,191851000000.0,183973829250.0,0.0,98815000000.0,,,139570000000.0,,,76322468320.0,28000000.0,-40000000.0,106000000.0,13000000.0,-267000000.0,7994000000.0,-7402000000.0,-3094000000.0,3433000000.0,0.0,3711000000.0,3711000000.0,3711000000.0,0.0,0.0,0.129,5225000000.0,4520000000.0,0.0,0.062,3.18,20.567,23.684,16780000000.0,0.0,773.689,2.644,3.031,10283000000.0,22921000000.0,28871000000.0,28871000000.0,0.0,0.024,0.159,0.028,0.181,0.0,5225000000.0,1.0,98647492.0,113100000,115650000.0,255.27,163971000000.0,0.0,1525000000.0,1056000000.0,1449.788,
95,AIG,MRT,1997-09-30,1997-09-30,1997-09-30,2021-09-07,648643000.0,158612085000.0,153606945000.0,,,0.175,241.979,-2323797000.0,173223000.0,173223000.0,18052856000.0,3217725000.0,,5.629,25141884000.0,,,25141884000.0,0.0,852304000.0,11600279000.0,0.003,1.956,4520395000.0,5372699000.0,0.2,5372699000.0,4520395000.0,4520395000.0,32.462,,32.462,23866960000.0,22823835250.0,23866960000.0,98462446514.0,22.0,18.326,4496799000.0,45.592,1.0,8870739000.0,0.329,0.0,0.0,183580746000.0,179744129000.0,0.0,91259975000.0,,,134345125000.0,,,72438646514.0,23850000.0,-30986000.0,-260122000.0,1977959000.0,-193626000.0,6361649000.0,-8307395000.0,975816000.0,6820596000.0,0.0,3217725000.0,3217725000.0,3217725000.0,0.0,0.0,0.12,4942506000.0,3928233000.0,0.0,0.06,3.035,22.512,22.629,17457022000.0,0.0,734.578,2.691,2.691,10429017000.0,22089248000.0,26923595000.0,26923595000.0,0.0,0.021,0.141,0.025,0.168,0.0,4942506000.0,1.0,98612630.0,98632313,,272.969,158612085000.0,0.0,1302670000.0,1330098000.0,1608.115,
96,AIG,MRT,1997-06-30,1997-06-30,1997-06-30,2021-09-07,602365000.0,156235279000.0,,,,,233.158,-2339650000.0,86801000.0,86801000.0,17854746000.0,3108844000.0,,5.769,26110601000.0,,,26110601000.0,0.0,833834000.0,11254921000.0,0.003,1.896,4353892000.0,5187726000.0,0.196,5187726000.0,4353892000.0,4353892000.0,31.324,,31.324,23023110000.0,,23023110000.0,97207149424.0,22.0,18.738,7134492000.0,72.252,1.0,8670139000.0,0.327,0.0,0.0,182259079000.0,,0.0,90223435000.0,,,132812169000.0,,,70152071424.0,-10503000.0,-24482000.0,-290496000.0,3331157000.0,-187493000.0,6539338000.0,-11172983000.0,-3823513000.0,9474142000.0,0.0,3108844000.0,3108844000.0,3108844000.0,0.0,0.0,0.117,4860086000.0,3810053000.0,0.0,0.061,3.047,22.565,22.611,17799062000.0,0.0,708.267,2.645,2.637,10497523000.0,21934603000.0,26524885000.0,26524885000.0,0.0,,,,0.164,0.0,4860086000.0,1.0,99047541.0,98744813,,268.621,156235279000.0,0.0,1245048000.0,977054000.0,1582.213,
97,AIG,MRT,1997-03-31,1997-03-31,1997-03-31,2021-09-07,470245000.0,151149414000.0,,,,,225.786,-2347630000.0,77258000.0,77258000.0,17434736000.0,3006717000.0,,5.742,27132336000.0,,,27132336000.0,0.0,821767000.0,10993079000.0,0.004,2.228,4191521000.0,5013288000.0,0.194,5013288000.0,4191521000.0,4191521000.0,30.329,,30.329,22361047000.0,,22361047000.0,81619683183.0,19.0,16.281,5706798000.0,57.623,1.0,8396831000.0,0.325,0.0,0.0,178204492000.0,,0.0,87128714000.0,,,128388367000.0,,,55118486183.0,23249000.0,-42912000.0,-383533000.0,4979836000.0,-180647000.0,8977540000.0,-12157719000.0,-6057058000.0,8054428000.0,0.0,3006717000.0,3006717000.0,3006717000.0,0.0,0.0,0.116,4706615000.0,3690216000.0,0.0,0.073,2.465,18.332,18.351,16945604000.0,0.0,556.563,2.134,2.134,10356362000.0,21154862000.0,25831567000.0,25831567000.0,0.0,,,,0.162,0.0,4706615000.0,1.0,99033694.0,99036422,,260.829,151149414000.0,0.0,1184804000.0,889641000.0,1526.2,
98,AIG,MRT,1996-12-31,1996-12-31,1996-12-31,2021-09-07,885100000.0,148431002000.0,141283700000.0,,,0.179,221.829,-1891000000.0,58740000.0,58740000.0,17100000000.0,2897000000.0,,5.715,26559937000.0,,,26559937000.0,0.0,806000000.0,11009783000.0,0.004,2.157,4013000000.0,4819000000.0,0.19,4819000000.0,4013000000.0,4013000000.0,29.12,29.013,29.12,22044224000.0,20935663500.0,22044224000.0,,,,7684000000.0,77.323,1.0,8200000000.0,0.324,0.0,0.0,174932199000.0,164432785500.0,0.0,86226913000.0,,,125986778000.0,,,50822624611.0,-29000000.0,-39000000.0,-471000000.0,4706000000.0,-174000000.0,9702000000.0,-14455000000.0,-10769000000.0,9575000000.0,0.0,2897000000.0,2897000000.0,2897000000.0,0.0,0.0,0.115,4670000000.0,3530000000.0,0.0,0.074,2.305,17.543,17.623,15931422000.0,0.0,513.185,2.009,2.016,9617061000.0,20420881000.0,25300000000.0,25300000000.0,0.0,0.021,0.138,0.024,0.159,0.0,4670000000.0,1.0,99033694.0,99375000,99750000.0,254.591,148431002000.0,0.0,1116000000.0,788681000.0,1493.645,
99,AIG,MRT,1996-09-30,1996-09-30,1996-09-30,2021-09-07,,,,,,,,,,,,,,,,,,,,,,0.004,2.086,,,,,,,,,,,,,,,,,,1.0,,,,,,,,,,,,,,,,,,,,,,,,,,,,,,,,,,,,,,,,477.63,,,,,,,,,,,,,,1.0,,99021797,,,,,,,,
100,AIG,MRT,1996-06-30,1996-06-30,1996-06-30,2021-09-07,,,,,,,,,,,,,,,,,,,,,,0.004,2.015,,,,,,,,,,,,,,,,,,1.0,,,,,,,,,,,,,,,,,,,,,,,,,,,,,,,,,,,,,,,,462.815,,,,,,,,,,,,,,1.0,,99369984,,,,,,,,
101,AIG,MRT,1996-03-31,1996-03-31,1996-03-31,2021-09-07,,,,,,,,,,,,,,,,,,,,,,0.003,1.572,,,,,,,,,,,,,,,,,,1.0,,,,,,,,,,,,,,,,,,,,,,,,,,,,,,,,,,,,,,,,452.148,,,,,,,,,,,,,,1.0,,99978047,,,,,,,,
102,AIG,MRT,1995-12-31,1995-12-31,1995-12-31,2021-09-07,938992000.0,134136398000.0,,,,,198.293,-2121205000.0,88371000.0,88371000.0,15747869000.0,2510383000.0,,5.745,19885345000.0,,,19885345000.0,0.0,734560000.0,10538424000.0,0.003,1.533,3465883000.0,4200443000.0,0.18,4200443000.0,3465883000.0,3465883000.0,25.102,25.031,25.102,19827103000.0,,19827103000.0,,,,4572420000.0,45.729,1.0,7609269000.0,0.326,0.0,0.0,153933372000.0,,0.0,75027618000.0,,,113909295000.0,,,,12134000.0,-53552000.0,2873000.0,1201684000.0,-153572000.0,9074990000.0,-11218986000.0,-7804920000.0,6693625000.0,0.0,2510383000.0,2510383000.0,2510383000.0,0.0,0.0,0.107,4486378000.0,3122891000.0,0.0,0.061,,,17.469,14264071000.0,0.0,438.519,,1.877,9410185000.0,17697739000.0,23357138000.0,23357138000.0,0.0,,,,0.148,0.0,4486378000.0,1.0,,99989016,100337625.0,233.597,134136398000.0,0.0,955500000.0,877257000.0,1341.511,
103,AIG,MRT,1994-12-31,1994-12-31,1994-12-31,2021-09-07,,,,,,,,-2460529000.0,,,13788162000.0,2175515000.0,,,,,,,,581930000.0,,0.004,1.359,2951979000.0,3533909000.0,0.174,3533909000.0,2951979000.0,2951979000.0,21.713,,21.713,,,,,,,2928266000.0,29.233,1.0,6545703000.0,0.322,,0.0,,,,,,,,,,,-81244000.0,-79596000.0,-163955000.0,3023396000.0,-136116000.0,7338504000.0,-9139291000.0,-5302914000.0,5388795000.0,0.0,2175515000.0,2175515000.0,2175515000.0,0.0,0.0,0.107,3958123000.0,2587580000.0,,0.063,,,14.265,,0.0,309.728,,1.526,,,20333865000.0,20333865000.0,0.0,,,,0.145,0.0,3958123000.0,1.0,,100169789,,202.994,,,776464000.0,,,
