None,ticker,dimension,calendardate,datekey,reportperiod,lastupdated,accoci,assets,assetsavg,assetsc,assetsnc,assetturnover,bvps,capex,cashneq,cashnequsd,cor,consolinc,currentratio,de,debt,debtc,debtnc,debtusd,deferredrev,depamor,deposits,divyield,dps,ebit,ebitda,ebitdamargin,ebitdausd,ebitusd,ebt,eps,epsdil,epsusd,equity,equityavg,equityusd,ev,evebit,evebitda,fcf,fcfps,fxusd,gp,grossmargin,intangibles,intexp,invcap,invcapavg,inventory,investments,investmentsc,investmentsnc,liabilities,liabilitiesc,liabilitiesnc,marketcap,ncf,ncfbus,ncfcommon,ncfdebt,ncfdiv,ncff,ncfi,ncfinv,ncfo,ncfx,netinc,netinccmn,netinccmnusd,netincdis,netincnci,netmargin,opex,opinc,payables,payoutratio,pb,pe,pe1,ppnenet,prefdivis,price,ps,ps1,receivables,retearn,revenue,revenueusd,rnd,roa,roe,roic,ros,sbcomp,sgna,sharefactor,sharesbas,shareswa,shareswadil,sps,tangibles,taxassets,taxexp,taxliabilities,tbvps,workingcapital
0,FMC,MRY,2020-12-31,2020-12-31,2020-12-31,2021-09-07,-282200000.0,10186400000.0,10035375000.0,4375600000.0,5810800000.0,0.463,22.826,-114400000.0,568900000.0,568900000.0,2590100000.0,550600000.0,1.547,2.432,3408400000.0,478900000.0,2929500000.0,3408400000.0,0.0,162700000.0,0.0,0.016,1.8,853700000.0,1016400000.0,0.219,1016400000.0,853700000.0,702400000.0,4.24,4.22,4.24,2961800000.0,2850975000.0,2961800000.0,17935290054.0,21.0,17.646,533400000.0,4.111,1.0,2052000000.0,0.442,4094100000.0,151300000.0,6102800000.0,6517800000.0,1095600000.0,3100000.0,0.0,3100000.0,7202200000.0,2829000000.0,4373200000.0,14912990054.0,229800000.0,-65600000.0,-33700000.0,24100000.0,-228500000.0,-250300000.0,-169300000.0,0.0,647800000.0,1600000.0,551500000.0,551500000.0,551500000.0,28300000.0,-900000.0,0.119,1149800000.0,902200000.0,946700000.0,0.425,5.035,27.041,27.106,771700000.0,0.0,114.93,3.213,3.213,2330300000.0,4506400000.0,4642100000.0,4642100000.0,287900000.0,0.055,0.193,0.131,0.184,18900000.0,729700000.0,1.0,129757157.0,129757157.0,,35.775,6092300000.0,229600000.0,150900000.0,432200000.0,46.952,1546600000.0
1,FMC,MRY,2019-12-31,2019-12-31,2019-12-31,2021-09-07,-412000000.0,9872700000.0,9861750000.0,4074800000.0,5797900000.0,0.467,19.537,-141900000.0,339100000.0,339100000.0,2526200000.0,480200000.0,1.496,2.887,3334500000.0,303400000.0,3031100000.0,3334500000.0,0.0,150100000.0,0.0,0.016,1.64,749300000.0,899400000.0,0.195,899400000.0,749300000.0,588900000.0,3.64,3.62,3.64,2532300000.0,2676525000.0,2532300000.0,16177501043.0,22.0,17.987,346600000.0,2.674,1.0,2083600000.0,0.452,4096500000.0,160400000.0,6047700000.0,5928575000.0,1017000000.0,700000.0,0.0,700000.0,7311300000.0,2723900000.0,4587400000.0,12938201043.0,177400000.0,0.0,-365500000.0,559200000.0,-210300000.0,-124200000.0,-186700000.0,0.0,488500000.0,-200000.0,477400000.0,477400000.0,477400000.0,63300000.0,2800000.0,0.104,1262000000.0,821600000.0,900100000.0,0.451,5.109,27.101,27.423,758000000.0,0.0,99.82,2.807,2.807,2231200000.0,4188800000.0,4609800000.0,4609800000.0,298100000.0,0.048,0.178,0.126,0.163,25600000.0,792900000.0,1.0,129615318.0,129615318.0,,35.565,5776200000.0,257400000.0,111500000.0,395400000.0,44.564,1350900000.0
2,FMC,MRY,2018-12-31,2018-12-31,2018-12-31,2021-09-07,-308900000.0,9974300000.0,9812125000.0,4030200000.0,5944100000.0,0.437,23.178,-131500000.0,134400000.0,134400000.0,2405500000.0,511500000.0,1.346,2.167,2759800000.0,614800000.0,2145000000.0,2759800000.0,0.0,150200000.0,0.0,0.012,0.895,707400000.0,857600000.0,0.2,857600000.0,707400000.0,572900000.0,3.72,3.69,3.72,3121100000.0,3037575000.0,3121100000.0,12562499245.0,18.0,14.648,236900000.0,1.759,1.0,1879800000.0,0.439,4171500000.0,134500000.0,5434800000.0,5873425000.0,1025500000.0,700000.0,0.0,700000.0,6763900000.0,2993400000.0,3770500000.0,9959299245.0,-121300000.0,107600000.0,-196100000.0,-438500000.0,-89200000.0,-363300000.0,-130900000.0,0.0,368400000.0,4500000.0,502100000.0,502100000.0,502100000.0,26100000.0,9400000.0,0.117,1138900000.0,740900000.0,795500000.0,0.241,3.191,19.835,19.882,756900000.0,0.0,73.96,2.324,2.324,2143800000.0,4334300000.0,4285300000.0,4285300000.0,287700000.0,0.051,0.165,0.12,0.165,22500000.0,790000000.0,1.0,134657913.0,134657913.0,,31.824,5802800000.0,272800000.0,70800000.0,415900000.0,43.093,1036800000.0
3,FMC,MRY,2017-12-31,2017-12-31,2017-12-31,2021-09-07,-240300000.0,9206300000.0,6820925000.0,3652700000.0,5553600000.0,0.371,19.974,-38300000.0,283000000.0,283000000.0,1579400000.0,538400000.0,1.653,2.423,3237100000.0,244100000.0,2993000000.0,3237100000.0,0.0,97800000.0,0.0,0.007,0.66,844700000.0,942500000.0,0.372,942500000.0,844700000.0,764700000.0,3.99,3.99,3.99,2681800000.0,2172825000.0,2681800000.0,14380420284.0,17.0,15.258,297200000.0,2.214,1.0,951800000.0,0.376,3830700000.0,80000000.0,6120300000.0,5291225000.0,992500000.0,1400000.0,0.0,1400000.0,6499200000.0,2209400000.0,4289800000.0,12709220284.0,218800000.0,-1225600000.0,19900000.0,1293500000.0,-88800000.0,1213100000.0,-1333800000.0,0.0,335500000.0,4000000.0,535800000.0,535800000.0,535800000.0,0.0,2600000.0,0.212,793300000.0,158500000.0,714200000.0,0.165,4.739,23.72,23.724,1025200000.0,0.0,94.66,5.021,5.021,2043500000.0,3952400000.0,2531200000.0,2531200000.0,138400000.0,0.079,0.247,0.16,0.334,21100000.0,581700000.0,1.0,134261782.0,134261782.0,,18.853,5375600000.0,252700000.0,228900000.0,272400000.0,40.038,1443300000.0
4,FMC,MRY,2016-12-31,2016-12-31,2016-12-31,2021-09-07,-478400000.0,6139300000.0,6255425000.0,2849200000.0,3290100000.0,0.406,14.627,-89300000.0,64200000.0,64200000.0,1607700000.0,211700000.0,1.981,2.118,1997500000.0,198700000.0,1798800000.0,1997500000.0,0.0,100600000.0,0.0,0.012,0.66,322700000.0,423300000.0,0.167,423300000.0,322700000.0,259200000.0,1.56,1.56,1.56,1957700000.0,1999825000.0,1957700000.0,9503722245.0,29.0,22.452,408500000.0,3.052,1.0,931200000.0,0.367,1218600000.0,63500000.0,5415800000.0,5330250000.0,478900000.0,1000000.0,0.0,1000000.0,4146300000.0,1438200000.0,2708100000.0,7569922245.0,-14400000.0,0.0,-8900000.0,-259200000.0,-88600000.0,-377000000.0,-135200000.0,0.0,497800000.0,0.0,209100000.0,209100000.0,209100000.0,-81000000.0,2600000.0,0.082,664600000.0,266600000.0,317400000.0,0.423,3.867,36.202,36.256,538100000.0,0.0,56.56,2.982,2.982,1692500000.0,3505500000.0,2538900000.0,2538900000.0,134500000.0,0.033,0.105,0.061,0.127,19800000.0,435100000.0,1.0,133838795.0,133838795.0,,18.97,4920700000.0,242100000.0,50100000.0,141400000.0,36.766,1411000000.0
5,FMC,MRY,2015-12-31,2015-12-31,2015-12-31,2021-09-07,-457300000.0,6325900000.0,6289950000.0,2971900000.0,3354000000.0,0.396,13.962,-51500000.0,78600000.0,78600000.0,1690600000.0,498500000.0,2.045,2.368,2216100000.0,179800000.0,2036300000.0,2216100000.0,0.0,76800000.0,0.0,0.017,0.66,556400000.0,633200000.0,0.254,633200000.0,556400000.0,494200000.0,3.66,3.66,3.66,1865700000.0,1896025000.0,1865700000.0,7290367873.0,13.0,11.514,-409600000.0,-3.065,1.0,800400000.0,0.321,1613100000.0,62200000.0,5397000000.0,5262350000.0,800200000.0,2500000.0,0.0,2500000.0,4417600000.0,1453300000.0,2964300000.0,5228667873.0,-30900000.0,-1205100000.0,2200000.0,66100000.0,-86400000.0,-16700000.0,348700000.0,66400000.0,-358100000.0,-4800000.0,489000000.0,489000000.0,489000000.0,0.0,9500000.0,0.196,946900000.0,-146500000.0,403600000.0,0.18,2.803,10.693,10.691,1016400000.0,0.0,39.13,2.099,2.099,1851400000.0,3385000000.0,2491000000.0,2491000000.0,135900000.0,0.078,0.258,0.106,0.223,14000000.0,660700000.0,1.0,133622997.0,133622997.0,,18.642,4712800000.0,286900000.0,5200000.0,193100000.0,35.269,1518600000.0
6,FMC,MRY,2014-12-31,2014-12-31,2014-12-31,2021-09-07,-375800000.0,5326000000.0,5198775000.0,2934400000.0,2391600000.0,0.627,11.484,-182000000.0,109500000.0,109500000.0,2047800000.0,322100000.0,1.536,2.458,1714300000.0,575400000.0,1138900000.0,1714300000.0,0.0,93500000.0,0.0,0.011,0.6,415100000.0,508600000.0,0.156,508600000.0,415100000.0,363700000.0,2.3,2.29,2.3,1530500000.0,1649325000.0,1530500000.0,9261518208.0,22.0,18.21,191700000.0,1.438,1.0,1210900000.0,0.372,599400000.0,51400000.0,4421000000.0,4466250000.0,607600000.0,5500000.0,0.0,5500000.0,3762000000.0,1910400000.0,1851600000.0,7600218208.0,-13700000.0,0.0,3900000.0,-171200000.0,-78100000.0,-349900000.0,-35300000.0,27500000.0,373700000.0,-2200000.0,307500000.0,307500000.0,307500000.0,-14500000.0,14600000.0,0.094,796100000.0,414800000.0,378300000.0,0.261,4.966,24.716,24.796,930000000.0,0.0,57.03,2.332,2.332,1602500000.0,2984500000.0,3258700000.0,3258700000.0,126300000.0,0.059,0.186,0.093,0.127,10100000.0,589800000.0,1.0,133267021.0,133267021.0,,24.452,4726600000.0,422800000.0,56200000.0,73500000.0,35.467,1024000000.0
7,FMC,MRY,2013-12-31,2013-12-31,2013-12-31,2021-09-07,-201900000.0,5235200000.0,4740925000.0,2945000000.0,2290200000.0,0.66,11.404,-162900000.0,123200000.0,123200000.0,1929800000.0,308000000.0,1.482,2.41,1879800000.0,725700000.0,1154100000.0,1879800000.0,0.0,88000000.0,0.0,0.007,0.54,462000000.0,550000000.0,0.176,550000000.0,462000000.0,425500000.0,2.16,2.16,2.16,1519800000.0,1456900000.0,1519800000.0,11682744646.0,25.0,21.241,165800000.0,1.244,1.0,1200900000.0,0.384,661700000.0,36500000.0,4343400000.0,3983075000.0,688400000.0,26800000.0,0.0,26800000.0,3663100000.0,1986700000.0,1676400000.0,10056844646.0,46100000.0,-339600000.0,-356300000.0,888900000.0,-73600000.0,371200000.0,-653200000.0,0.0,328700000.0,-600000.0,293900000.0,293900000.0,293900000.0,63600000.0,14100000.0,0.094,662200000.0,538700000.0,475200000.0,0.25,6.617,34.219,34.935,1248300000.0,0.0,75.46,3.212,3.212,1484300000.0,2757300000.0,3130700000.0,3130700000.0,115600000.0,0.062,0.202,0.116,0.148,7100000.0,496100000.0,1.0,133273849.0,133273849.0,,23.491,4573500000.0,305400000.0,131600000.0,108400000.0,34.317,958300000.0
8,FMC,MRY,2012-12-31,2012-12-31,2012-12-31,2021-09-07,-408900000.0,4373900000.0,4049750000.0,2181900000.0,2192000000.0,0.842,10.774,-174500000.0,77100000.0,77100000.0,2141600000.0,435700000.0,1.922,1.904,995800000.0,87000000.0,908800000.0,995800000.0,0.0,115900000.0,0.0,0.007,0.405,591500000.0,707400000.0,0.207,707400000.0,591500000.0,550700000.0,3.01,3.0,3.01,1480300000.0,1365450000.0,1480300000.0,8852702966.0,15.0,12.514,185200000.0,1.348,1.0,1268300000.0,0.372,483300000.0,40800000.0,3673800000.0,3412650000.0,642400000.0,26100000.0,0.0,26100000.0,2819100000.0,1135500000.0,1683600000.0,8040302966.0,-81800000.0,-142800000.0,-130300000.0,138100000.0,-47800000.0,-48200000.0,-393600000.0,-13900000.0,359700000.0,300000.0,416200000.0,416200000.0,416200000.0,27500000.0,19500000.0,0.122,629200000.0,639100000.0,404200000.0,0.135,5.432,19.318,19.442,956200000.0,0.0,58.52,2.358,2.358,1073700000.0,2536500000.0,3409900000.0,3409900000.0,112000000.0,0.103,0.305,0.173,0.173,6300000.0,489700000.0,1.0,137394104.0,137394104.0,,24.818,3890600000.0,358000000.0,134500000.0,32900000.0,28.317,1046400000.0
9,FMC,MRY,2011-12-31,2011-12-31,2011-12-31,2021-09-07,-390000000.0,3743500000.0,3503875000.0,1869400000.0,1874100000.0,0.867,8.808,-155600000.0,158900000.0,158900000.0,1935700000.0,382200000.0,2.032,1.966,844100000.0,65000000.0,779100000.0,844100000.0,0.0,99600000.0,0.0,0.007,0.3,533900000.0,633500000.0,0.209,633500000.0,533900000.0,498800000.0,2.57,2.55,2.57,1240600000.0,1295250000.0,1240600000.0,6534695694.0,12.0,10.315,350400000.0,2.488,1.0,1100600000.0,0.362,413200000.0,35100000.0,3095600000.0,2882050000.0,470300000.0,28300000.0,0.0,28300000.0,2439400000.0,919900000.0,1519500000.0,6059195694.0,-2600000.0,-124800000.0,-158000000.0,187900000.0,-41200000.0,-25300000.0,-358000000.0,-3200000.0,506000000.0,-600000.0,365900000.0,365900000.0,365900000.0,38100000.0,16300000.0,0.121,513200000.0,587400000.0,382100000.0,0.117,4.884,16.56,16.739,986800000.0,0.0,43.02,1.996,1.996,931300000.0,2176200000.0,3036300000.0,3036300000.0,101100000.0,0.104,0.282,0.185,0.176,7400000.0,405800000.0,1.0,140846018.0,140846018.0,,21.558,3330300000.0,382400000.0,132900000.0,15500000.0,23.645,949500000.0
10,FMC,MRY,2010-12-31,2010-12-31,2010-12-31,2021-09-07,-311700000.0,3319900000.0,3293950000.0,1646200000.0,1673700000.0,0.946,7.8,-139700000.0,161500000.0,161500000.0,2065600000.0,184900000.0,1.709,1.883,662000000.0,159000000.0,503000000.0,662000000.0,0.0,133600000.0,0.0,0.006,0.25,344000000.0,477600000.0,0.153,477600000.0,344000000.0,304500000.0,1.19,1.18,1.19,1131500000.0,1180250000.0,1131500000.0,6214170842.0,18.0,13.011,260000000.0,1.792,1.0,1050700000.0,0.337,248400000.0,39500000.0,2608600000.0,2793225000.0,347800000.0,22400000.0,0.0,22400000.0,2130700000.0,963400000.0,1167300000.0,5794870842.0,84900000.0,-7500000.0,-119600000.0,-5900000.0,-36400000.0,-116600000.0,-154000000.0,0.0,399700000.0,1000000.0,172500000.0,172500000.0,172500000.0,33600000.0,12400000.0,0.055,663600000.0,387100000.0,389300000.0,0.21,5.121,33.593,33.567,918500000.0,0.0,39.945,1.86,1.86,852900000.0,1853000000.0,3116300000.0,3116300000.0,100500000.0,0.052,0.146,0.123,0.11,-41600000.0,411200000.0,1.0,145071244.0,145071244.0,,21.481,3071500000.0,423400000.0,132000000.0,15400000.0,21.172,682800000.0
11,FMC,MRY,2009-12-31,2009-12-31,2009-12-31,2021-09-07,-279200000.0,3136200000.0,3057550000.0,1487700000.0,1648500000.0,0.924,7.444,-157300000.0,76600000.0,76600000.0,1943600000.0,238800000.0,2.098,1.861,693400000.0,105400000.0,588000000.0,693400000.0,0.0,127200000.0,0.0,0.009,0.25,308700000.0,435900000.0,0.154,435900000.0,308700000.0,281500000.0,1.575,1.56,1.575,1076400000.0,1034750000.0,1076400000.0,4629354524.0,15.0,10.62,186200000.0,1.288,1.0,882600000.0,0.312,209500000.0,27200000.0,2834300000.0,2735800000.0,350500000.0,22400000.0,0.0,22400000.0,2003100000.0,709200000.0,1293900000.0,4031454524.0,24200000.0,-34300000.0,-26400000.0,1300000.0,-36300000.0,-77800000.0,-200700000.0,0.0,343500000.0,1200000.0,228500000.0,228500000.0,228500000.0,18200000.0,10300000.0,0.081,547900000.0,334700000.0,290500000.0,0.159,3.745,17.643,17.702,964500000.0,0.0,27.88,1.426,1.426,749600000.0,1716900000.0,2826200000.0,2826200000.0,92800000.0,0.075,0.221,0.113,0.109,11200000.0,322300000.0,1.0,144600234.0,144600234.0,,19.545,2926700000.0,413700000.0,53000000.0,3600000.0,20.24,778500000.0
12,FMC,MRY,2008-12-31,2008-12-31,2008-12-31,2021-09-07,-276100000.0,2993900000.0,2951375000.0,1432800000.0,1561100000.0,1.056,6.099,-109700000.0,52400000.0,52400000.0,2134400000.0,321600000.0,1.887,2.246,643900000.0,51000000.0,592900000.0,643900000.0,0.0,124200000.0,0.0,0.011,0.24,462900000.0,587100000.0,0.188,587100000.0,462900000.0,430000000.0,2.05,2.01,2.05,902900000.0,1104525000.0,902900000.0,3813057586.0,8.0,6.495,247700000.0,1.673,1.0,980900000.0,0.315,197000000.0,32900000.0,2629300000.0,2518500000.0,380800000.0,20600000.0,0.0,20600000.0,2027500000.0,759100000.0,1268400000.0,3310957586.0,-23100000.0,-73900000.0,-173800000.0,83200000.0,-34400000.0,-137500000.0,-191700000.0,0.0,357400000.0,-1500000.0,304600000.0,304600000.0,304600000.0,24900000.0,17000000.0,0.098,480200000.0,500700000.0,372300000.0,0.117,3.667,10.87,10.91,939200000.0,0.0,22.365,1.063,1.063,687700000.0,1524700000.0,3115300000.0,3115300000.0,93800000.0,0.103,0.276,0.184,0.149,10600000.0,336800000.0,1.0,148041922.0,148041922.0,,21.043,2796900000.0,420500000.0,125400000.0,24600000.0,18.893,673700000.0
13,FMC,MRY,2007-12-31,2007-12-31,2007-12-31,2021-09-07,-9900000.0,2733400000.0,2741525000.0,1194100000.0,1539300000.0,0.96,7.038,-109800000.0,75500000.0,75500000.0,1830100000.0,142000000.0,1.589,1.568,574900000.0,155300000.0,419600000.0,574900000.0,0.0,133700000.0,0.0,0.007,0.203,198600000.0,332300000.0,0.126,332300000.0,198600000.0,161400000.0,0.87,0.855,0.87,1064300000.0,1053525000.0,1064300000.0,4602798488.0,23.0,13.851,204900000.0,1.355,1.0,802800000.0,0.305,180200000.0,37200000.0,2301200000.0,2366025000.0,275000000.0,20600000.0,0.0,20600000.0,1669100000.0,751400000.0,917700000.0,4124598488.0,-90000000.0,4400000.0,-101800000.0,-101000000.0,-29700000.0,-243400000.0,-120600000.0,0.0,314700000.0,4400000.0,132400000.0,132400000.0,132400000.0,24300000.0,9600000.0,0.05,574800000.0,228000000.0,327400000.0,0.233,3.875,31.153,31.351,934700000.0,0.0,27.275,1.567,1.567,599700000.0,1255800000.0,2632900000.0,2632900000.0,94600000.0,0.048,0.126,0.084,0.075,0.0,315300000.0,1.0,151222676.0,151222676.0,,17.411,2553200000.0,376000000.0,29000000.0,8100000.0,16.884,442700000.0
14,FMC,MRY,2006-12-31,2006-12-31,2006-12-31,2021-09-07,-57100000.0,2740700000.0,2771675000.0,1067800000.0,1672900000.0,0.846,6.583,-119300000.0,165500000.0,165500000.0,1636500000.0,131300000.0,1.488,1.713,655300000.0,131800000.0,523500000.0,655300000.0,0.0,131800000.0,0.0,0.009,0.18,241600000.0,373400000.0,0.159,373400000.0,241600000.0,199600000.0,0.855,0.83,0.855,1010200000.0,1021275000.0,1010200000.0,3354662005.0,14.0,8.984,187900000.0,1.224,1.0,709400000.0,0.302,163600000.0,42000000.0,2349400000.0,2412525000.0,219400000.0,22100000.0,0.0,22100000.0,1730500000.0,717500000.0,1013000000.0,2936962005.0,-40900000.0,0.0,-51600000.0,-118600000.0,-21000000.0,-198500000.0,-109800000.0,11700000.0,307200000.0,3400000.0,131300000.0,131300000.0,131300000.0,12800000.0,0.0,0.056,458600000.0,250800000.0,301400000.0,0.211,2.907,22.368,22.383,1025100000.0,0.0,19.137,1.252,1.252,537900000.0,1157100000.0,2345900000.0,2345900000.0,96900000.0,0.047,0.129,0.1,0.103,0.0,284900000.0,1.0,153466336.0,153466336.0,,15.286,2577100000.0,390200000.0,68300000.0,33300000.0,16.793,350300000.0
15,FMC,MRY,2005-12-31,2005-12-31,2005-12-31,2021-09-07,-46100000.0,2740000000.0,2825100000.0,1064400000.0,1675600000.0,0.76,6.316,-89600000.0,206400000.0,206400000.0,1505500000.0,114000000.0,1.614,1.856,750600000.0,110800000.0,639800000.0,750600000.0,0.0,136300000.0,0.0,0.0,0.0,257000000.0,393300000.0,0.183,393300000.0,257000000.0,194700000.0,0.755,0.725,0.755,959300000.0,951100000.0,959300000.0,2671162176.0,10.0,6.792,110000000.0,0.724,1.0,640500000.0,0.298,148600000.0,62300000.0,2476300000.0,2629425000.0,216300000.0,25300000.0,0.0,25300000.0,1780700000.0,659300000.0,1121400000.0,2018762176.0,-6000000.0,69500000.0,40200000.0,-212600000.0,0.0,-215300000.0,-6400000.0,13700000.0,199600000.0,-1300000.0,114000000.0,114000000.0,114000000.0,-6100000.0,0.0,0.053,405200000.0,235300000.0,301000000.0,0.0,2.104,17.708,17.606,1012000000.0,0.0,13.293,0.941,0.941,494300000.0,1062200000.0,2146000000.0,2146000000.0,94400000.0,0.04,0.12,0.098,0.12,0.0,270400000.0,1.0,151872272.0,151872272.0,,14.13,2591400000.0,406500000.0,80700000.0,16500000.0,17.063,405100000.0
16,FMC,MRY,2004-12-31,2004-12-31,2004-12-31,2021-09-07,32700000.0,2978400000.0,2880250000.0,1072700000.0,1905700000.0,0.712,5.939,-79100000.0,222100000.0,222100000.0,1474200000.0,160200000.0,1.308,2.399,999700000.0,177500000.0,822200000.0,999700000.0,0.0,134300000.0,0.0,0.0,0.0,196600000.0,330900000.0,0.161,330900000.0,196600000.0,115700000.0,1.107,1.07,1.107,876200000.0,704900000.0,876200000.0,2585484961.0,13.0,7.813,159900000.0,1.084,1.0,577000000.0,0.281,169800000.0,80900000.0,2766100000.0,2838725000.0,217500000.0,35200000.0,0.0,35200000.0,2102200000.0,820100000.0,1282100000.0,1781584961.0,155400000.0,-35500000.0,51300000.0,-126800000.0,0.0,46100000.0,-114600000.0,0.0,239000000.0,13200000.0,160200000.0,160200000.0,160200000.0,15400000.0,0.0,0.078,351700000.0,225300000.0,339100000.0,0.0,2.033,11.121,10.908,1111900000.0,0.0,12.075,0.869,0.869,479700000.0,945600000.0,2051200000.0,2051200000.0,93400000.0,0.056,0.227,0.069,0.096,0.0,254800000.0,1.0,147543268.0,147543268.0,,13.902,2808600000.0,473200000.0,-44500000.0,39200000.0,19.036,252600000.0
17,FMC,MRY,2003-12-31,2003-12-31,2003-12-31,2021-09-07,-21800000.0,2828800000.0,2884450000.0,980600000.0,1848200000.0,0.666,4.168,-65800000.0,193900000.0,193900000.0,1400500000.0,26500000.0,1.348,3.808,1094500000.0,61100000.0,1033400000.0,1094500000.0,0.0,124600000.0,0.0,0.0,0.0,120800000.0,245400000.0,0.128,245400000.0,120800000.0,24700000.0,0.188,0.188,0.188,588300000.0,510250000.0,588300000.0,2040224628.0,17.0,8.314,160900000.0,1.14,1.0,520900000.0,0.271,156300000.0,96100000.0,2845600000.0,2900250000.0,192600000.0,45000000.0,0.0,45000000.0,2240500000.0,727500000.0,1513000000.0,1204424628.0,-32600000.0,-95200000.0,4700000.0,-221500000.0,0.0,-82100000.0,-161000000.0,0.0,226700000.0,9900000.0,26500000.0,26500000.0,26500000.0,13300000.0,0.0,0.014,319200000.0,201700000.0,299500000.0,0.0,2.047,45.45,45.386,1128100000.0,0.0,8.533,0.627,0.627,478200000.0,774600000.0,1921400000.0,1921400000.0,87400000.0,0.009,0.052,0.042,0.063,0.0,236900000.0,1.0,141157296.0,141157296.0,,13.612,2672500000.0,355100000.0,-1800000.0,48900000.0,18.933,253100000.0
18,FMC,MRY,2002-12-31,2002-12-31,2002-12-31,2021-09-07,-172900000.0,2872000000.0,2534775000.0,1175700000.0,1696300000.0,0.731,2.893,-72500000.0,364200000.0,364200000.0,1359900000.0,65800000.0,1.344,6.074,1285200000.0,249300000.0,1035900000.0,1285200000.0,0.0,118800000.0,0.0,0.0,0.0,156200000.0,275000000.0,0.148,275000000.0,156200000.0,83200000.0,0.49,0.48,0.49,406000000.0,361225000.0,406000000.0,1830857798.0,12.0,6.658,-53100000.0,-0.378,1.0,493000000.0,0.266,129700000.0,73000000.0,2788700000.0,2436450000.0,178800000.0,39700000.0,0.0,39700000.0,2466000000.0,874600000.0,1591400000.0,958557798.0,66200000.0,-29600000.0,117000000.0,342600000.0,0.0,182600000.0,-110800000.0,-8700000.0,19400000.0,4600000.0,65800000.0,65800000.0,65800000.0,3300000.0,0.0,0.036,336200000.0,156800000.0,286500000.0,0.0,2.361,14.568,13.939,1075500000.0,0.0,6.83,0.517,0.517,462200000.0,748100000.0,1852900000.0,1852900000.0,82000000.0,0.026,0.182,0.064,0.084,0.0,224100000.0,1.0,140345212.0,140345212.0,,13.202,2742300000.0,355900000.0,17400000.0,24200000.0,19.54,301100000.0
19,FMC,MRY,2001-12-31,2001-12-31,2001-12-31,2021-09-07,-186800000.0,2477200000.0,3482025000.0,820300000.0,1656900000.0,0.558,1.752,-135300000.0,23400000.0,23400000.0,1417300000.0,-337700000.0,0.79,10.322,979500000.0,327700000.0,651800000.0,979500000.0,0.0,131600000.0,0.0,0.0,0.0,-441300000.0,-309700000.0,-0.159,-309700000.0,-441300000.0,-504300000.0,-2.715,-2.715,-2.715,218800000.0,553900000.0,218800000.0,2964398965.0,-7.0,-9.572,-188200000.0,-1.507,1.0,525700000.0,0.271,113500000.0,63000000.0,2281400000.0,2817225000.0,207200000.0,25200000.0,0.0,25200000.0,2258400000.0,1038400000.0,1220000000.0,1857498965.0,16100000.0,-31300000.0,39800000.0,-86600000.0,0.0,346700000.0,-169600000.0,-3000000.0,-52900000.0,3800000.0,-337700000.0,-337700000.0,-337700000.0,30500000.0,0.0,-0.174,946600000.0,-420900000.0,327700000.0,0.0,8.489,-5.5,-5.479,1087800000.0,0.0,14.875,0.956,0.956,441700000.0,691800000.0,1943000000.0,1943000000.0,99800000.0,-0.097,-0.61,-0.157,-0.227,0.0,243300000.0,1.0,124873880.0,124873880.0,,15.56,2363700000.0,343200000.0,-166600000.0,27800000.0,18.929,-218100000.0
20,FMC,MRY,2000-12-31,2000-12-31,2000-12-31,2021-09-07,-272600000.0,3061700000.0,3695875000.0,1326000000.0,1735700000.0,0.555,6.568,-191800000.0,7300000.0,7300000.0,1469400000.0,110600000.0,1.503,2.825,1059300000.0,187500000.0,871800000.0,1059300000.0,0.0,129800000.0,0.0,0.0,0.0,209900000.0,339700000.0,0.166,339700000.0,209900000.0,143600000.0,0.91,0.875,0.91,800400000.0,760175000.0,800400000.0,3399645385.0,16.0,10.008,80600000.0,0.661,1.0,580900000.0,0.283,121500000.0,66300000.0,3110000000.0,3154325000.0,171400000.0,73000000.0,0.0,73000000.0,2261300000.0,882200000.0,1379100000.0,2184045385.0,-16600000.0,88800000.0,15200000.0,-263400000.0,0.0,-142000000.0,-97400000.0,5600000.0,272400000.0,500000.0,110600000.0,110600000.0,110600000.0,15000000.0,0.0,0.054,374400000.0,206500000.0,329100000.0,0.0,2.729,19.747,19.695,1358800000.0,0.0,17.922,1.065,1.065,358600000.0,1398900000.0,2050300000.0,2050300000.0,97800000.0,0.03,0.145,0.067,0.102,0.0,231300000.0,1.0,121860532.0,121860532.0,,16.825,2940200000.0,142900000.0,33000000.0,32300000.0,24.128,443800000.0
21,FMC,MRY,1999-12-31,1999-12-31,1999-12-31,2021-09-07,-203500000.0,3995800000.0,4215450000.0,1416500000.0,2579300000.0,0.55,6.077,-192800000.0,64000000.0,64000000.0,1691600000.0,212600000.0,0.899,4.374,1293400000.0,348300000.0,945100000.0,1293400000.0,0.0,128500000.0,0.0,0.0,0.0,332800000.0,461300000.0,0.199,461300000.0,332800000.0,249000000.0,1.688,1.643,1.688,743600000.0,724525000.0,743600000.0,3273130609.0,10.0,7.095,231800000.0,1.894,1.0,628900000.0,0.271,505700000.0,83800000.0,3143500000.0,3685575000.0,457700000.0,206800000.0,0.0,206800000.0,3252200000.0,1576000000.0,1676200000.0,1753130609.0,-12400000.0,-37600000.0,-129000000.0,-194200000.0,0.0,-206300000.0,-248700000.0,-18300000.0,424600000.0,600000.0,212600000.0,212600000.0,212600000.0,-53900000.0,0.0,0.092,407800000.0,221100000.0,665500000.0,0.0,2.358,8.246,8.488,1691900000.0,0.0,14.328,0.755,0.755,635400000.0,1288300000.0,2320500000.0,2320500000.0,100600000.0,0.05,0.293,0.09,0.143,0.0,273000000.0,1.0,122361236.0,122361236.0,,18.964,3490100000.0,172900000.0,36400000.0,73200000.0,28.523,-159500000.0
22,FMC,MRY,1998-12-31,1998-12-31,1998-12-31,2021-09-07,-134100000.0,4166400000.0,4159825000.0,1681700000.0,2484700000.0,1.092,5.512,-204800000.0,61700000.0,61700000.0,3408000000.0,106500000.0,1.191,4.712,1481700000.0,155300000.0,1326400000.0,1481700000.0,0.0,206600000.0,0.0,0.0,0.0,291000000.0,497600000.0,0.11,497600000.0,291000000.0,170700000.0,0.782,0.762,0.782,729400000.0,747850000.0,729400000.0,3235568216.0,11.0,6.502,225200000.0,1.702,1.0,1134400000.0,0.25,399100000.0,120300000.0,3775400000.0,3778575000.0,517700000.0,186500000.0,0.0,186500000.0,3437000000.0,1411900000.0,2025100000.0,1852668216.0,-1000000.0,0.0,-139300000.0,137100000.0,0.0,-7500000.0,-351500000.0,-146700000.0,430000000.0,-10400000.0,106500000.0,106500000.0,106500000.0,42700000.0,0.0,0.023,770400000.0,364000000.0,685800000.0,0.0,2.54,17.396,17.903,1727500000.0,0.0,14.0,0.408,0.408,840600000.0,1075700000.0,4542400000.0,4542400000.0,157700000.0,0.026,0.142,0.077,0.064,0.0,612700000.0,1.0,132333444.0,132333444.0,,34.325,3767300000.0,178000000.0,64200000.0,66100000.0,28.468,269800000.0
23,FMC,MRY,1997-12-31,1997-12-31,1997-12-31,2021-09-07,-135700000.0,4113100000.0,4604825000.0,1715600000.0,2397500000.0,0.925,5.167,-259600000.0,62700000.0,62700000.0,3136800000.0,162400000.0,1.171,4.408,1340600000.0,200400000.0,1140200000.0,1340600000.0,0.0,238400000.0,0.0,0.0,0.0,245500000.0,483900000.0,0.114,483900000.0,245500000.0,127200000.0,1.103,1.103,1.103,760600000.0,867600000.0,760600000.0,4075063351.0,17.0,8.421,328400000.0,2.231,1.0,1122200000.0,0.263,420400000.0,118300000.0,3506100000.0,3999250000.0,524100000.0,35900000.0,0.0,35900000.0,3352500000.0,1464500000.0,1888000000.0,2476863351.0,-12100000.0,0.0,-187400000.0,-509200000.0,0.0,-704600000.0,-238400000.0,21200000.0,588000000.0,-11000000.0,162400000.0,162400000.0,162400000.0,-191400000.0,0.0,0.038,1064200000.0,58000000.0,663500000.0,0.0,3.256,15.252,15.256,1679300000.0,0.0,16.828,0.582,0.582,834200000.0,969200000.0,4259000000.0,4259000000.0,174000000.0,0.035,0.187,0.061,0.058,0.0,625300000.0,1.0,147191404.0,147191404.0,,28.935,3692700000.0,172000000.0,-35200000.0,105800000.0,25.088,251100000.0
24,FMC,MRY,1996-12-31,1996-12-31,1996-12-31,2021-09-07,-65500000.0,4467400000.0,4349950000.0,1762800000.0,2704600000.0,0.908,5.746,-468400000.0,74800000.0,74800000.0,2849800000.0,210700000.0,1.108,4.22,1834400000.0,566000000.0,1268400000.0,1834400000.0,0.0,223400000.0,0.0,0.0,0.0,386700000.0,610100000.0,0.154,610100000.0,386700000.0,283700000.0,1.423,1.385,1.423,855800000.0,754650000.0,855800000.0,,,,-545400000.0,-3.662,1.0,1100900000.0,0.279,471700000.0,103000000.0,4164500000.0,3816700000.0,497300000.0,54500000.0,0.0,54500000.0,3611600000.0,1590800000.0,2020800000.0,2610743321.0,3900000.0,0.0,20300000.0,380800000.0,0.0,394200000.0,-433200000.0,35200000.0,-77000000.0,3200000.0,210700000.0,210700000.0,210700000.0,-47900000.0,0.0,0.053,762500000.0,338400000.0,538700000.0,0.0,3.051,12.391,12.319,1834500000.0,0.0,17.53,0.661,0.661,913700000.0,806800000.0,3950700000.0,3950700000.0,176500000.0,0.048,0.279,0.101,0.098,0.0,586000000.0,1.0,148930024.0,148930024.0,,26.527,3995700000.0,162000000.0,73000000.0,51000000.0,26.829,172000000.0
25,FMC,MRY,1995-12-31,1995-12-31,1995-12-31,2021-09-07,-36800000.0,4232500000.0,,1780800000.0,2451700000.0,,,-474600000.0,70900000.0,70900000.0,2540500000.0,215600000.0,1.005,5.477,1425000000.0,450600000.0,974400000.0,1425000000.0,0.0,194000000.0,0.0,0.0,0.0,297600000.0,491600000.0,0.14,491600000.0,297600000.0,213600000.0,1.472,1.43,1.472,653500000.0,,653500000.0,,,,-642500000.0,,1.0,977600000.0,0.278,345600000.0,84000000.0,3468900000.0,,600200000.0,98400000.0,0.0,98400000.0,3579000000.0,1772100000.0,1806900000.0,,-27300000.0,0.0,9200000.0,409900000.0,0.0,590900000.0,-425900000.0,48700000.0,-167900000.0,8500000.0,215600000.0,215600000.0,215600000.0,-60900000.0,0.0,0.061,843100000.0,134500000.0,835600000.0,0.0,,,11.486,1705700000.0,0.0,16.907,,,832900000.0,596100000.0,3518100000.0,3518100000.0,175400000.0,,,,0.085,0.0,533200000.0,1.0,,,,,3886900000.0,169600000.0,-2000000.0,37700000.0,,8700000.0
26,FMC,MRY,1994-12-31,1994-12-31,1994-12-31,2021-09-07,,,,,,,,-279200000.0,,,2874000000.0,173400000.0,,,,,,,,213400000.0,,0.0,0.0,323000000.0,536400000.0,0.134,536400000.0,323000000.0,258900000.0,1.165,,1.165,,,,,,,38000000.0,,1.0,1115300000.0,0.28,,64100000.0,,,,,,,,,,,20800000.0,0.0,10500000.0,171700000.0,0.0,112200000.0,-335000000.0,-55800000.0,317200000.0,-4000000.0,173400000.0,173400000.0,173400000.0,2800000.0,0.0,0.043,735200000.0,380100000.0,,0.0,,,12.393,,0.0,14.438,,,,,3989300000.0,3989300000.0,166800000.0,,,,0.081,0.0,568400000.0,1.0,,,,,,,85500000.0,,,
0,FMC,MRQ,2021-06-30,2021-06-30,2021-06-30,2021-09-07,-304500000.0,10942100000.0,,5197300000.0,5744800000.0,,24.137,-22400000.0,728500000.0,728500000.0,710200000.0,203200000.0,1.353,2.51,3986600000.0,1355800000.0,2630800000.0,3986600000.0,0.0,42500000.0,0.0,0.017,0.48,268900000.0,311400000.0,0.251,311400000.0,268900000.0,236300000.0,1.57,1.56,1.57,3110700000.0,,3110700000.0,17300145631.0,21.0,17.259,208800000.0,1.62,1.0,531800000.0,0.428,4040400000.0,32600000.0,6318300000.0,,1398100000.0,6600000.0,0.0,6600000.0,7808000000.0,3841500000.0,3966500000.0,13944445631.0,311800000.0,-2600000.0,-23800000.0,198700000.0,-62000000.0,111200000.0,-30100000.0,0.0,231200000.0,-500000.0,202900000.0,202900000.0,202900000.0,14600000.0,300000.0,0.163,243200000.0,288600000.0,1158000000.0,0.306,4.483,25.521,25.64,776700000.0,0.0,108.2,2.983,2.983,2627300000.0,4767900000.0,1242000000.0,1242000000.0,65900000.0,,,,,4300000.0,161000000.0,1.0,128876577.0,128876577.0,,9.637,6901700000.0,227900000.0,33400000.0,442200000.0,53.553,1355800000.0
1,FMC,MRQ,2021-03-31,2021-03-31,2021-03-31,2021-09-07,-282800000.0,10423300000.0,,4667100000.0,5756200000.0,,23.259,-37200000.0,416700000.0,416700000.0,683200000.0,183200000.0,1.381,2.457,3772400000.0,1141000000.0,2631400000.0,3772400000.0,0.0,42600000.0,0.0,0.017,0.48,247200000.0,289800000.0,0.242,289800000.0,247200000.0,214800000.0,1.41,1.4,1.41,3008600000.0,,3008600000.0,17147299816.0,21.0,17.401,-340200000.0,-2.63,1.0,512400000.0,0.429,4049900000.0,32400000.0,6349000000.0,,1254700000.0,3900000.0,0.0,3900000.0,7392000000.0,3380100000.0,4011900000.0,14307799816.0,-152200000.0,0.0,-78500000.0,345500000.0,-62300000.0,204700000.0,-51100000.0,0.0,-303000000.0,-2800000.0,182600000.0,182600000.0,182600000.0,8100000.0,600000.0,0.153,251700000.0,260700000.0,1074400000.0,0.34,4.756,27.103,27.177,764200000.0,0.0,110.61,3.119,3.119,2532800000.0,4627000000.0,1195600000.0,1195600000.0,74000000.0,,,,,5400000.0,174500000.0,1.0,129353583.0,129353583.0,,9.243,6373400000.0,225400000.0,32200000.0,437200000.0,49.271,1287000000.0
2,FMC,MRQ,2020-12-31,2020-12-31,2020-12-31,2021-09-07,-282200000.0,10186400000.0,,4375600000.0,5810800000.0,,22.826,-37000000.0,568900000.0,568900000.0,650800000.0,47300000.0,1.547,2.432,3408400000.0,478900000.0,2929500000.0,3408400000.0,0.0,42000000.0,0.0,0.016,0.48,152400000.0,194400000.0,0.169,194400000.0,152400000.0,118100000.0,0.38,0.38,0.38,2961800000.0,,2961800000.0,17935290054.0,21.0,17.646,363600000.0,2.802,1.0,501400000.0,0.435,4094100000.0,34300000.0,6102800000.0,,1095600000.0,3100000.0,0.0,3100000.0,7202200000.0,2829000000.0,4373200000.0,14912990054.0,271800000.0,-65600000.0,-49200000.0,42500000.0,-57200000.0,-63900000.0,-69900000.0,0.0,400600000.0,5000000.0,49500000.0,49500000.0,49500000.0,-8400000.0,-2200000.0,0.043,354500000.0,146900000.0,946700000.0,1.263,5.035,27.041,27.106,771700000.0,0.0,114.93,3.213,3.213,2330300000.0,4506400000.0,1152200000.0,1152200000.0,84600000.0,,,,,3700000.0,181600000.0,1.0,129757157.0,129757157.0,,8.88,6092300000.0,229600000.0,68600000.0,432200000.0,46.952,1546600000.0
3,FMC,MRQ,2020-09-30,2020-09-30,2020-09-30,2021-09-07,-357900000.0,9772200000.0,,4015200000.0,5757000000.0,,22.726,-23600000.0,297100000.0,297100000.0,618200000.0,112100000.0,1.695,2.311,3319400000.0,291100000.0,3028300000.0,3319400000.0,0.0,41500000.0,0.0,0.017,0.44,165300000.0,206800000.0,0.191,206800000.0,165300000.0,129800000.0,0.86,0.85,0.86,2944500000.0,,2944500000.0,17021673294.0,22.0,18.137,317300000.0,2.449,1.0,466400000.0,0.43,4074800000.0,35500000.0,6351400000.0,,1155500000.0,1700000.0,0.0,1700000.0,6803800000.0,2368300000.0,4435500000.0,13722373294.0,-45600000.0,0.0,9600000.0,-305000000.0,-57200000.0,-361300000.0,-26100000.0,0.0,340900000.0,900000.0,111400000.0,111400000.0,111400000.0,18400000.0,700000.0,0.103,270400000.0,196000000.0,757200000.0,0.512,4.66,27.511,27.509,739200000.0,0.0,105.91,2.928,2.928,2137900000.0,4519300000.0,1084600000.0,1084600000.0,71700000.0,,,,,3900000.0,187700000.0,1.0,129566361.0,129566361.0,,8.371,5697400000.0,256700000.0,18400000.0,441300000.0,43.973,1646900000.0
4,FMC,MRQ,2020-06-30,2020-06-30,2020-06-30,2021-09-07,-415200000.0,9993700000.0,,4288200000.0,5705500000.0,,21.802,-19700000.0,342700000.0,342700000.0,632600000.0,185000000.0,1.598,2.531,3642000000.0,614500000.0,3027500000.0,3642000000.0,0.0,40100000.0,0.0,0.017,0.44,254300000.0,294400000.0,0.255,294400000.0,254300000.0,213600000.0,1.42,1.41,1.42,2822200000.0,,2822200000.0,16305628470.0,22.0,17.938,214900000.0,1.66,1.0,522700000.0,0.452,4064600000.0,40700000.0,6545500000.0,,1138500000.0,1700000.0,0.0,1700000.0,7142800000.0,2682900000.0,4459900000.0,12895528470.0,-93500000.0,0.0,4100000.0,-243400000.0,-57100000.0,-299900000.0,-30100000.0,0.0,234600000.0,1900000.0,184400000.0,184400000.0,184400000.0,10800000.0,600000.0,0.16,254800000.0,267900000.0,842200000.0,0.31,4.569,26.989,27.071,733800000.0,0.0,99.62,2.793,2.793,2342400000.0,4465100000.0,1155300000.0,1155300000.0,64300000.0,,,,,3900000.0,171000000.0,1.0,129447184.0,129447184.0,,8.925,5929100000.0,249600000.0,29200000.0,430400000.0,45.803,1605300000.0
5,FMC,MRQ,2020-03-31,2020-03-31,2020-03-31,2021-09-07,-426800000.0,10189200000.0,,4472000000.0,5717200000.0,,20.72,-34100000.0,436200000.0,436200000.0,688500000.0,206200000.0,1.82,2.798,3846300000.0,314500000.0,3531800000.0,3846300000.0,0.0,39100000.0,0.0,0.021,0.44,281700000.0,320800000.0,0.257,320800000.0,281700000.0,240900000.0,1.59,1.58,1.59,2675400000.0,,2675400000.0,13543563577.0,18.0,15.109,-362400000.0,-2.807,1.0,561500000.0,0.449,4071300000.0,40800000.0,7071500000.0,,1062700000.0,700000.0,0.0,700000.0,7486500000.0,2456500000.0,5030000000.0,10548163577.0,97100000.0,0.0,1800000.0,530000000.0,-57000000.0,474800000.0,-43200000.0,0.0,-328300000.0,-6200000.0,206200000.0,206200000.0,206200000.0,7500000.0,0.0,0.165,270100000.0,291400000.0,838400000.0,0.277,3.943,22.544,22.818,735700000.0,0.0,81.69,2.26,2.26,2460100000.0,4337900000.0,1250000000.0,1250000000.0,67300000.0,,,,,7400000.0,189400000.0,1.0,129124294.0,129124294.0,,9.681,6117900000.0,234500000.0,34700000.0,400400000.0,47.38,2015500000.0
6,FMC,MRQ,2019-12-31,2019-12-31,2019-12-31,2021-09-07,-412000000.0,9872700000.0,,4074800000.0,5797900000.0,,19.537,-43100000.0,339100000.0,339100000.0,641300000.0,-2800000.0,1.496,2.887,3334500000.0,303400000.0,3031100000.0,3334500000.0,0.0,39000000.0,0.0,0.016,0.44,77500000.0,116500000.0,0.097,116500000.0,77500000.0,32700000.0,-0.02,-0.01,-0.02,2532300000.0,,2532300000.0,16177501043.0,22.0,17.987,415800000.0,3.208,1.0,556000000.0,0.464,4096500000.0,44800000.0,6047700000.0,,1017000000.0,700000.0,0.0,700000.0,7311300000.0,2723900000.0,4587400000.0,12938201043.0,-80600000.0,0.0,-78000000.0,-329600000.0,-52000000.0,-461800000.0,-76400000.0,0.0,458900000.0,-1300000.0,-3200000.0,-3200000.0,-3200000.0,33500000.0,400000.0,-0.003,443900000.0,112100000.0,900100000.0,-22.0,5.109,27.101,27.423,758000000.0,0.0,99.82,2.807,2.807,2231200000.0,4188800000.0,1197300000.0,1197300000.0,76400000.0,,,,,6400000.0,223800000.0,1.0,129615318.0,129615318.0,,9.237,5776200000.0,257400000.0,35900000.0,395400000.0,44.564,1350900000.0
7,FMC,MRQ,2019-09-30,2019-09-30,2019-09-30,2021-09-07,-426800000.0,9803800000.0,,4077600000.0,5726200000.0,,20.311,-36600000.0,419700000.0,419700000.0,581900000.0,89500000.0,1.617,2.689,3659000000.0,626600000.0,3032400000.0,3659000000.0,0.0,36600000.0,0.0,0.018,0.4,140700000.0,177300000.0,0.175,177300000.0,140700000.0,99100000.0,0.69,0.69,0.69,2649200000.0,,2649200000.0,14662932472.0,20.0,16.733,218500000.0,1.675,1.0,432400000.0,0.426,4098700000.0,41600000.0,6422900000.0,,1167400000.0,700000.0,0.0,700000.0,7124500000.0,2521500000.0,4603000000.0,11436332472.0,336300000.0,0.0,-86000000.0,368100000.0,-52300000.0,135700000.0,-56400000.0,0.0,255100000.0,1900000.0,90400000.0,90400000.0,90400000.0,21300000.0,-900000.0,0.089,272500000.0,159900000.0,667000000.0,0.58,4.317,22.293,22.54,728400000.0,0.0,87.68,2.535,2.535,2001100000.0,4249000000.0,1014300000.0,1014300000.0,77400000.0,,,,,6300000.0,188300000.0,1.0,130432624.0,130432624.0,,7.776,5705100000.0,289100000.0,8700000.0,413500000.0,43.74,1556100000.0
8,FMC,MRQ,2019-06-30,2019-06-30,2019-06-30,2021-09-07,-353500000.0,9824500000.0,,4097000000.0,5727500000.0,,20.991,-30500000.0,83400000.0,83400000.0,655600000.0,176300000.0,1.268,2.544,3310000000.0,1165700000.0,2144300000.0,3310000000.0,0.0,37200000.0,0.0,0.016,0.4,244600000.0,281800000.0,0.234,281800000.0,244600000.0,205100000.0,1.32,1.32,1.32,2763600000.0,,2763600000.0,14028710362.0,20.0,16.218,21200000.0,0.161,1.0,550500000.0,0.456,4142800000.0,39500000.0,5678200000.0,,1153400000.0,700000.0,0.0,700000.0,7029600000.0,3230100000.0,3799500000.0,10921010362.0,-26100000.0,0.0,-97200000.0,102600000.0,-52800000.0,-48500000.0,-29700000.0,0.0,51700000.0,400000.0,174500000.0,174500000.0,174500000.0,18100000.0,1800000.0,0.145,282700000.0,267800000.0,785700000.0,0.303,3.952,22.045,22.179,730300000.0,0.0,82.95,2.47,2.47,2384000000.0,4210500000.0,1206100000.0,1206100000.0,73100000.0,,,,,6800000.0,196900000.0,1.0,131657750.0,131657750.0,,9.161,5681700000.0,288900000.0,30600000.0,419800000.0,43.155,866900000.0
9,FMC,MRQ,2019-03-31,2019-03-31,2019-03-31,2021-09-07,-324400000.0,9946000000.0,,4204100000.0,5741900000.0,,20.872,-31700000.0,109500000.0,109500000.0,647400000.0,217200000.0,1.26,2.591,3217200000.0,1072200000.0,2145000000.0,3217200000.0,0.0,37300000.0,0.0,0.015,0.4,286500000.0,323800000.0,0.272,323800000.0,286500000.0,252000000.0,1.63,1.62,1.63,2761000000.0,,2761000000.0,12793973587.0,20.0,16.298,-308900000.0,-2.335,1.0,544700000.0,0.457,4150600000.0,34500000.0,5565500000.0,,1137100000.0,700000.0,0.0,700000.0,7154200000.0,3337600000.0,3816600000.0,10161873587.0,-52200000.0,0.0,-104300000.0,418100000.0,-53200000.0,250400000.0,-24200000.0,0.0,-277200000.0,-1200000.0,215700000.0,215700000.0,215700000.0,-9600000.0,1500000.0,0.181,262900000.0,281800000.0,884500000.0,0.245,3.681,22.552,22.728,733800000.0,0.0,76.82,2.326,2.326,2530200000.0,4088400000.0,1192100000.0,1192100000.0,71200000.0,,,,,6100000.0,183900000.0,1.0,132281614.0,132281614.0,,9.012,5795400000.0,278000000.0,36300000.0,423100000.0,43.811,866500000.0
10,FMC,MRQ,2018-12-31,2018-12-31,2018-12-31,2021-09-07,-308900000.0,9974300000.0,,4030200000.0,5944100000.0,,23.178,-55400000.0,134400000.0,134400000.0,607700000.0,34600000.0,1.346,2.167,2759800000.0,614800000.0,2145000000.0,2759800000.0,0.0,38800000.0,0.0,0.012,0.4,54600000.0,93400000.0,0.085,93400000.0,54600000.0,21800000.0,0.25,0.24,0.25,3121100000.0,,3121100000.0,12562499245.0,18.0,14.648,-101000000.0,-0.75,1.0,491700000.0,0.447,4171500000.0,32800000.0,5434800000.0,,1025500000.0,700000.0,0.0,700000.0,6763900000.0,2993400000.0,3770500000.0,9959299245.0,-14800000.0,0.0,-200100000.0,-18300000.0,-22300000.0,122200000.0,-93400000.0,0.0,-45600000.0,2000000.0,32400000.0,32400000.0,32400000.0,122100000.0,2200000.0,0.029,314200000.0,177500000.0,795500000.0,1.6,3.191,19.835,19.882,756900000.0,0.0,73.96,2.324,2.324,2143800000.0,4334300000.0,1099400000.0,1099400000.0,76800000.0,,,,,5200000.0,202600000.0,1.0,134657913.0,134657913.0,,8.164,5802800000.0,272800000.0,-10600000.0,415900000.0,43.093,1036800000.0
11,FMC,MRQ,2018-09-30,2018-09-30,2018-09-30,2021-09-07,-299500000.0,9406900000.0,,3491200000.0,5915700000.0,,22.628,-27400000.0,176500000.0,176500000.0,528400000.0,74800000.0,1.537,2.077,2779700000.0,186400000.0,2593300000.0,2779700000.0,0.0,37800000.0,0.0,0.008,0.165,128200000.0,166000000.0,0.18,166000000.0,128200000.0,94800000.0,0.54,0.54,0.54,3046400000.0,,3046400000.0,14523312887.0,10.0,9.207,193200000.0,1.435,1.0,395200000.0,0.428,4206300000.0,33400000.0,5532300000.0,,995400000.0,700000.0,0.0,700000.0,6328600000.0,2271500000.0,4057100000.0,11737012887.0,-149900000.0,9400000.0,1100000.0,-306700000.0,-22300000.0,-330300000.0,-41400000.0,0.0,220600000.0,1200000.0,72800000.0,72800000.0,72800000.0,-23900000.0,2000000.0,0.079,290100000.0,105100000.0,784200000.0,0.306,3.853,11.739,11.734,1002700000.0,0.0,87.18,3.074,3.074,1901900000.0,4355100000.0,923600000.0,923600000.0,70100000.0,,,,,5300000.0,194600000.0,1.0,134629650.0,134629650.0,,6.86,5200600000.0,289600000.0,22000000.0,460800000.0,38.629,1219700000.0
12,FMC,MRQ,2018-06-30,2018-06-30,2018-06-30,2021-09-07,-293200000.0,9718200000.0,,3993000000.0,5725200000.0,,22.274,-24500000.0,326400000.0,326400000.0,664000000.0,132500000.0,1.631,2.234,3112700000.0,219800000.0,2892900000.0,3112700000.0,0.0,38800000.0,0.0,0.007,0.165,163000000.0,201800000.0,0.175,201800000.0,163000000.0,128600000.0,0.96,0.96,0.96,2996200000.0,,2996200000.0,15029316867.0,11.0,10.03,247300000.0,1.838,1.0,490400000.0,0.425,3974000000.0,34400000.0,6082200000.0,,958700000.0,1500000.0,0.0,1500000.0,6692500000.0,2448300000.0,4244200000.0,12000016867.0,-33300000.0,0.0,4100000.0,-250900000.0,-22300000.0,-269100000.0,-41200000.0,0.0,271800000.0,5200000.0,129700000.0,129700000.0,129700000.0,-32700000.0,2800000.0,0.112,357100000.0,133300000.0,947200000.0,0.172,4.005,12.217,12.221,1014300000.0,0.0,89.21,3.389,3.389,2194100000.0,4304700000.0,1154400000.0,1154400000.0,75900000.0,,,,,5700000.0,200300000.0,1.0,134514257.0,134514257.0,,8.582,5744200000.0,287200000.0,-1100000.0,276000000.0,42.703,1544700000.0
13,FMC,MRQ,2018-03-31,2018-03-31,2018-03-31,2021-09-07,-185500000.0,10149100000.0,,4335600000.0,5813500000.0,,22.233,-24200000.0,359700000.0,359700000.0,605400000.0,269600000.0,1.614,2.389,3389000000.0,395800000.0,2993200000.0,3389000000.0,0.0,34800000.0,0.0,0.009,0.165,361600000.0,396400000.0,0.358,396400000.0,361600000.0,327700000.0,1.98,1.96,1.98,2986600000.0,,2986600000.0,13239790673.0,10.0,9.361,-102600000.0,-0.764,1.0,502500000.0,0.454,4048000000.0,33900000.0,6444400000.0,,1035200000.0,1500000.0,0.0,1500000.0,7134400000.0,2686000000.0,4448400000.0,10285690673.0,76700000.0,98200000.0,-1200000.0,137400000.0,-22300000.0,113900000.0,45100000.0,0.0,-78400000.0,-3900000.0,267200000.0,267200000.0,267200000.0,-39400000.0,2400000.0,0.241,177500000.0,325000000.0,914100000.0,0.083,3.444,11.093,11.097,1030400000.0,0.0,76.57,3.38,3.38,2399700000.0,4197300000.0,1107900000.0,1107900000.0,64900000.0,,,,,6300000.0,192500000.0,1.0,134330556.0,134330556.0,,8.248,6101100000.0,261400000.0,60500000.0,334200000.0,45.419,1649600000.0
14,FMC,MRQ,2017-12-31,2017-12-31,2017-12-31,2021-09-07,-240300000.0,9206300000.0,,3652700000.0,5553600000.0,,19.974,-2600000.0,283000000.0,283000000.0,396900000.0,531100000.0,1.653,2.423,3237100000.0,244100000.0,2993000000.0,3237100000.0,0.0,26600000.0,0.0,0.007,0.165,786600000.0,813200000.0,1.286,813200000.0,786600000.0,757900000.0,3.95,3.95,3.95,2681800000.0,,2681800000.0,14380420284.0,17.0,15.258,13400000.0,0.1,1.0,235300000.0,0.372,3830700000.0,28700000.0,6120300000.0,,992500000.0,1400000.0,0.0,1400000.0,6499200000.0,2209400000.0,4289800000.0,12709220284.0,189200000.0,-1225600000.0,1600000.0,1478000000.0,-22200000.0,1457400000.0,-1284000000.0,0.0,16000000.0,-200000.0,530100000.0,530100000.0,530100000.0,-157300000.0,1000000.0,0.839,281300000.0,-46000000.0,714200000.0,0.042,4.739,23.72,23.724,1025200000.0,0.0,94.66,5.021,5.021,2043500000.0,3952400000.0,632200000.0,632200000.0,48000000.0,,,,,4800000.0,182400000.0,1.0,134261782.0,134261782.0,,4.709,5375600000.0,252700000.0,227800000.0,272400000.0,40.038,1443300000.0
15,FMC,MRQ,2017-09-30,2017-09-30,2017-09-30,2021-09-07,-288600000.0,6056800000.0,,3574200000.0,2482600000.0,,15.808,-15600000.0,93800000.0,93800000.0,380300000.0,55800000.0,2.192,1.85,1765000000.0,272100000.0,1492900000.0,1765000000.0,0.0,25100000.0,0.0,0.007,0.165,62000000.0,87100000.0,0.135,87100000.0,62000000.0,43600000.0,0.41,0.41,0.41,2120300000.0,,2120300000.0,13715806690.0,146.0,72.037,43800000.0,0.327,1.0,265900000.0,0.411,1276900000.0,18400000.0,4820500000.0,,614800000.0,1400000.0,0.0,1400000.0,3921600000.0,1630600000.0,2291000000.0,11979006690.0,-19400000.0,0.0,5500000.0,-77700000.0,-22300000.0,-94500000.0,14200000.0,0.0,59400000.0,1500000.0,55200000.0,55200000.0,55200000.0,15100000.0,600000.0,0.085,191800000.0,74100000.0,437700000.0,0.402,5.65,554.584,558.188,547000000.0,0.0,89.31,4.63,4.63,1457600000.0,3444600000.0,646200000.0,646200000.0,30200000.0,,,,,5100000.0,154500000.0,1.0,134128392.0,134128392.0,,4.818,4779900000.0,238800000.0,-11600000.0,200300000.0,35.637,1943600000.0
16,FMC,MRQ,2017-06-30,2017-06-30,2017-06-30,2021-09-07,-353400000.0,5984300000.0,,3485800000.0,2498500000.0,,15.014,-12200000.0,113200000.0,113200000.0,422400000.0,75300000.0,2.261,1.967,1850000000.0,257700000.0,1592300000.0,1850000000.0,0.0,22500000.0,0.0,0.009,0.165,95200000.0,117700000.0,0.179,117700000.0,95200000.0,78000000.0,0.56,0.56,0.56,2011900000.0,,2011900000.0,11786211547.0,88.0,51.133,282800000.0,2.11,1.0,234400000.0,0.357,1264600000.0,17200000.0,4914600000.0,,546300000.0,1300000.0,0.0,1300000.0,3957600000.0,1541900000.0,2415700000.0,9788811547.0,17100000.0,0.0,4600000.0,-226200000.0,-22200000.0,-246300000.0,-32900000.0,0.0,295000000.0,1300000.0,74700000.0,74700000.0,74700000.0,0.0,600000.0,0.114,169400000.0,65000000.0,433500000.0,0.295,4.865,212.339,214.853,538300000.0,0.0,73.05,3.809,3.809,1442300000.0,3411700000.0,656800000.0,656800000.0,32000000.0,,,,,4900000.0,130500000.0,1.0,134001527.0,134001527.0,,4.901,4719700000.0,237200000.0,3300000.0,175600000.0,35.221,1943900000.0
17,FMC,MRQ,2017-03-31,2017-03-31,2017-03-31,2021-09-07,-425500000.0,6036300000.0,,3554200000.0,2482100000.0,,14.042,-7900000.0,96100000.0,96100000.0,379800000.0,-123800000.0,2.387,2.208,2093500000.0,303100000.0,1790400000.0,2093500000.0,0.0,23600000.0,0.0,0.009,0.165,-99100000.0,-75500000.0,-0.127,-75500000.0,-99100000.0,-114800000.0,-0.93,-0.92,-0.93,1877300000.0,,1877300000.0,11236894477.0,81.0,47.135,-42800000.0,-0.32,1.0,216200000.0,0.363,1235400000.0,15700000.0,5309500000.0,,526400000.0,1000000.0,0.0,1000000.0,4144900000.0,1488800000.0,2656100000.0,9303494477.0,31900000.0,0.0,8200000.0,119400000.0,-22100000.0,96500000.0,-31100000.0,0.0,-34900000.0,1400000.0,-124200000.0,-124200000.0,-124200000.0,0.0,400000.0,-0.208,150800000.0,65400000.0,390900000.0,-0.177,4.956,254.194,257.741,535100000.0,0.0,69.59,3.679,3.679,1630600000.0,3359100000.0,596000000.0,596000000.0,28200000.0,,,,,6300000.0,114300000.0,1.0,133690106.0,133690106.0,,4.458,4800900000.0,235400000.0,9400000.0,156100000.0,35.911,2065400000.0
18,FMC,MRQ,2016-12-31,2016-12-31,2016-12-31,2021-09-07,-478400000.0,6139300000.0,,2849200000.0,3290100000.0,,14.627,-16000000.0,64200000.0,64200000.0,423200000.0,16400000.0,1.981,2.118,1997500000.0,198700000.0,1798800000.0,1997500000.0,0.0,25400000.0,0.0,0.012,0.165,35700000.0,61100000.0,0.089,61100000.0,35700000.0,18600000.0,0.12,0.12,0.12,1957700000.0,,1957700000.0,9503722245.0,29.0,22.452,93700000.0,0.7,1.0,265200000.0,0.385,1218600000.0,17100000.0,5415800000.0,,478900000.0,1000000.0,0.0,1000000.0,4146300000.0,1438200000.0,2708100000.0,7569922245.0,-66500000.0,0.0,-9700000.0,-84600000.0,-22200000.0,-136600000.0,-38000000.0,0.0,109700000.0,-1600000.0,15900000.0,15900000.0,15900000.0,-7000000.0,500000.0,0.023,213300000.0,51900000.0,317400000.0,1.375,3.867,36.202,36.256,538100000.0,0.0,56.56,2.982,2.982,1692500000.0,3505500000.0,688400000.0,688400000.0,36500000.0,,,,,4700000.0,114500000.0,1.0,133838795.0,133838795.0,,5.144,4920700000.0,242100000.0,2700000.0,141400000.0,36.766,1411000000.0
19,FMC,MRQ,2016-09-30,2016-09-30,2016-09-30,2021-09-07,-381500000.0,6209800000.0,,2804100000.0,3405700000.0,,15.577,-33900000.0,130700000.0,130700000.0,414200000.0,79600000.0,2.142,1.962,2064500000.0,151200000.0,1913300000.0,2064500000.0,0.0,25600000.0,0.0,0.014,0.165,101600000.0,127200000.0,0.202,127200000.0,101600000.0,86200000.0,0.59,0.59,0.59,2084300000.0,,2084300000.0,8519635906.0,58.0,41.039,129700000.0,0.969,1.0,214600000.0,0.341,1647800000.0,15400000.0,5187000000.0,,817400000.0,1100000.0,0.0,1100000.0,4089100000.0,1308800000.0,2780300000.0,6468335906.0,37100000.0,0.0,-100000.0,-67200000.0,-22100000.0,-89300000.0,-37500000.0,0.0,163600000.0,300000.0,79700000.0,79700000.0,79700000.0,-31100000.0,-100000.0,0.127,144600000.0,70000000.0,371600000.0,0.28,3.103,-593.425,-604.25,1031000000.0,0.0,48.34,3.293,3.293,1603400000.0,3511800000.0,628800000.0,628800000.0,30600000.0,,,,,4300000.0,99900000.0,1.0,133809183.0,133809183.0,,4.699,4562000000.0,268600000.0,6500000.0,199900000.0,34.093,1495300000.0
20,FMC,MRQ,2016-06-30,2016-06-30,2016-06-30,2021-09-07,-406900000.0,6282200000.0,,2899100000.0,3383100000.0,,14.931,-4500000.0,93600000.0,93600000.0,379900000.0,67000000.0,2.141,2.123,2144900000.0,156000000.0,1988900000.0,2144900000.0,0.0,24700000.0,0.0,0.014,0.165,100900000.0,125600000.0,0.204,125600000.0,100900000.0,85700000.0,0.49,0.49,0.49,1997100000.0,,1997100000.0,8310934188.0,214.0,74.806,73300000.0,0.548,1.0,235400000.0,0.383,1646700000.0,15200000.0,5332700000.0,,881900000.0,2800000.0,0.0,2800000.0,4240300000.0,1354100000.0,2886200000.0,6194034188.0,29300000.0,0.0,1500000.0,-59500000.0,-22200000.0,-80100000.0,-15500000.0,0.0,77800000.0,400000.0,65200000.0,65200000.0,65200000.0,-20200000.0,1800000.0,0.106,152900000.0,82500000.0,440400000.0,0.337,3.102,-66.603,-67.116,1025900000.0,0.0,46.31,2.859,2.859,1627600000.0,3454200000.0,615300000.0,615300000.0,33200000.0,,,,,4900000.0,110600000.0,1.0,133751548.0,133751548.0,,4.6,4635500000.0,277300000.0,20500000.0,203800000.0,34.658,1545000000.0
21,FMC,MRQ,2016-03-31,2016-03-31,2016-03-31,2021-09-07,-394100000.0,6390400000.0,,2955200000.0,3435200000.0,,14.666,-34900000.0,64300000.0,64300000.0,390400000.0,48700000.0,2.036,2.238,2181200000.0,195000000.0,1986200000.0,2181200000.0,0.0,24900000.0,0.0,0.016,0.165,84500000.0,109400000.0,0.18,109400000.0,84500000.0,68700000.0,0.36,0.36,0.36,1960200000.0,,1960200000.0,7533183717.0,10.0,9.397,111800000.0,0.836,1.0,216000000.0,0.356,1670500000.0,15800000.0,5385500000.0,,854900000.0,2800000.0,0.0,2800000.0,4387100000.0,1451300000.0,2935800000.0,5395683717.0,-14300000.0,0.0,-600000.0,-47900000.0,-22100000.0,-71000000.0,-44200000.0,0.0,146700000.0,900000.0,48300000.0,48300000.0,48300000.0,0.0,400000.0,0.08,153800000.0,62200000.0,516400000.0,0.458,2.753,9.238,9.259,1027800000.0,0.0,40.37,2.213,2.213,1769200000.0,3411100000.0,606400000.0,606400000.0,34200000.0,,,,,5900000.0,110100000.0,1.0,133655777.0,133655777.0,,4.537,4719900000.0,282600000.0,20400000.0,210500000.0,35.314,1503900000.0
22,FMC,MRQ,2015-12-31,2015-12-31,2015-12-31,2021-09-07,-457300000.0,6325900000.0,,2971900000.0,3354000000.0,,13.962,34600000.0,78600000.0,78600000.0,90200000.0,-202700000.0,2.045,2.368,2216100000.0,179800000.0,2036300000.0,2216100000.0,0.0,-15400000.0,0.0,0.017,0.165,-139200000.0,-154600000.0,-1.359,-154600000.0,-139200000.0,-142500000.0,-1.52,-1.52,-1.52,1865700000.0,,1865700000.0,7290367873.0,13.0,11.514,-13000000.0,-0.097,1.0,23600000.0,0.207,1613100000.0,3300000.0,5397000000.0,,800200000.0,2500000.0,0.0,2500000.0,4417600000.0,1453300000.0,2964300000.0,5228667873.0,-95100000.0,-34500000.0,-400000.0,-22000000.0,-22100000.0,-44700000.0,-3900000.0,66400000.0,-47600000.0,1100000.0,-204100000.0,-204100000.0,-204100000.0,698800000.0,1400000.0,-1.793,175000000.0,-151400000.0,403600000.0,-0.109,2.803,10.693,10.691,1016400000.0,0.0,39.13,2.099,2.099,1851400000.0,3385000000.0,113800000.0,113800000.0,33100000.0,,,,,3400000.0,69800000.0,1.0,133622997.0,133622997.0,,0.852,4712800000.0,286900000.0,61600000.0,193100000.0,35.269,1518600000.0
23,FMC,MRQ,2015-09-30,2015-09-30,2015-09-30,2021-09-07,-432700000.0,6447000000.0,,3238100000.0,3208900000.0,,15.819,-22500000.0,173700000.0,173700000.0,610400000.0,400000.0,2.225,2.031,2235400000.0,186900000.0,2048500000.0,2235400000.0,0.0,38000000.0,0.0,0.019,0.165,-7300000.0,30700000.0,0.037,30700000.0,-7300000.0,-27500000.0,-0.02,-0.02,-0.02,2113700000.0,,2113700000.0,6429588346.0,8.0,7.287,-160400000.0,-1.2,1.0,220300000.0,0.265,1581200000.0,20200000.0,5472500000.0,,906100000.0,3700000.0,0.0,3700000.0,4292400000.0,1455000000.0,2837400000.0,4530888346.0,-303800000.0,34500000.0,200000.0,-143600000.0,-22100000.0,-165900000.0,3000000.0,0.0,-137900000.0,-3000000.0,-2400000.0,-2400000.0,-2400000.0,5000000.0,2800000.0,-0.003,219800000.0,500000.0,484200000.0,-8.25,2.144,5.887,5.908,1082800000.0,0.0,33.91,1.388,1.388,1689600000.0,3611200000.0,830700000.0,830700000.0,37200000.0,,,,,4300000.0,137000000.0,1.0,133615109.0,133615109.0,,6.217,4865800000.0,366200000.0,-25100000.0,302100000.0,36.417,1783100000.0
24,FMC,MRQ,2015-06-30,2015-06-30,2015-06-30,2021-09-07,-399900000.0,7075200000.0,,3805700000.0,3269500000.0,,16.249,-27000000.0,477500000.0,477500000.0,581300000.0,746300000.0,1.921,2.243,2376200000.0,325300000.0,2050900000.0,2376200000.0,0.0,31400000.0,0.0,0.012,0.165,784800000.0,816200000.0,0.92,816200000.0,784800000.0,760100000.0,5.54,5.52,5.54,2169800000.0,,2169800000.0,9037620371.0,11.0,9.54,97600000.0,0.731,1.0,305800000.0,0.345,1572300000.0,24700000.0,5421000000.0,,1041100000.0,4800000.0,0.0,4800000.0,4866900000.0,1980600000.0,2886300000.0,7017220371.0,372300000.0,-1205100000.0,1800000.0,-150900000.0,-22100000.0,-170900000.0,419400000.0,0.0,124600000.0,-800000.0,742300000.0,742300000.0,742300000.0,-688200000.0,4000000.0,0.837,205300000.0,100500000.0,578400000.0,0.03,3.234,8.472,8.503,1112800000.0,0.0,52.55,2.157,2.157,1865500000.0,3635700000.0,887100000.0,887100000.0,39000000.0,,,,,3500000.0,156000000.0,1.0,133534165.0,133534165.0,,6.643,5502900000.0,398300000.0,17800000.0,602100000.0,41.21,1825100000.0
25,FMC,MRQ,2015-03-31,2015-03-31,2015-03-31,2021-09-07,-409200000.0,5311700000.0,,3329600000.0,1982100000.0,,10.763,-36600000.0,105200000.0,105200000.0,408700000.0,-45500000.0,1.652,2.678,2125600000.0,974700000.0,1150900000.0,2125600000.0,0.0,22800000.0,0.0,0.011,0.165,-81900000.0,-59100000.0,-0.09,-59100000.0,-81900000.0,-95900000.0,-0.35,-0.35,-0.35,1434900000.0,,1434900000.0,9251736665.0,42.0,29.483,-333800000.0,-2.504,1.0,250700000.0,0.38,557600000.0,14000000.0,4758900000.0,,640800000.0,4700000.0,0.0,4700000.0,3842300000.0,2015600000.0,1826700000.0,7632436665.0,-4300000.0,0.0,600000.0,382600000.0,-20100000.0,364800000.0,-69800000.0,0.0,-297200000.0,-2100000.0,-46800000.0,-46800000.0,-46800000.0,-15600000.0,1300000.0,-0.071,346800000.0,-96100000.0,316500000.0,-0.471,5.319,39.121,39.212,902600000.0,0.0,57.25,2.414,2.414,1537400000.0,2915500000.0,659400000.0,659400000.0,26600000.0,,,,,2800000.0,297900000.0,1.0,133317671.0,133317671.0,,4.946,4754100000.0,382800000.0,-49100000.0,75200000.0,35.66,1314000000.0
26,FMC,MRQ,2014-12-31,2014-12-31,2014-12-31,2021-09-07,-375800000.0,5326000000.0,,2934400000.0,2391600000.0,,11.484,-39000000.0,109500000.0,109500000.0,569500000.0,78300000.0,1.536,2.458,1714300000.0,575400000.0,1138900000.0,1714300000.0,0.0,22600000.0,0.0,0.011,0.15,71900000.0,94500000.0,0.106,94500000.0,71900000.0,58100000.0,0.57,0.57,0.57,1530500000.0,,1530500000.0,9261518208.0,22.0,18.21,133000000.0,0.998,1.0,318300000.0,0.359,599400000.0,13800000.0,4421000000.0,,607600000.0,5500000.0,0.0,5500000.0,3762000000.0,1910400000.0,1851600000.0,7600218208.0,-14800000.0,0.0,700000.0,-52300000.0,-20000000.0,-150300000.0,-35900000.0,27500000.0,172000000.0,-600000.0,76500000.0,76500000.0,76500000.0,-19400000.0,1800000.0,0.086,264200000.0,54100000.0,378300000.0,0.263,4.966,24.716,24.796,930000000.0,0.0,57.03,2.332,2.332,1602500000.0,2984500000.0,887800000.0,887800000.0,37800000.0,,,,,3000000.0,214900000.0,1.0,133267021.0,133267021.0,,6.662,4726600000.0,422800000.0,-18400000.0,73500000.0,35.467,1024000000.0
27,FMC,MRQ,2014-09-30,2014-09-30,2014-09-30,2021-09-07,-163900000.0,5251100000.0,,2857300000.0,2393800000.0,,12.933,-41800000.0,124300000.0,124300000.0,535600000.0,60100000.0,1.641,2.012,1785600000.0,633700000.0,1151900000.0,1785600000.0,0.0,23000000.0,0.0,0.01,0.15,72700000.0,95700000.0,0.117,95700000.0,72700000.0,59900000.0,0.42,0.42,0.42,1723200000.0,,1723200000.0,9256059252.0,23.0,20.074,45300000.0,0.34,1.0,283500000.0,0.346,625500000.0,12800000.0,4545400000.0,,754500000.0,26400000.0,0.0,26400000.0,3466800000.0,1741500000.0,1725300000.0,7620059252.0,9900000.0,0.0,600000.0,36400000.0,-20100000.0,-1400000.0,-74600000.0,0.0,87100000.0,-1200000.0,56300000.0,56300000.0,56300000.0,-6400000.0,3800000.0,0.069,213300000.0,70200000.0,440000000.0,0.357,4.422,29.524,29.632,1283300000.0,0.0,57.19,2.763,2.763,1572600000.0,2928300000.0,819100000.0,819100000.0,30200000.0,,,,,2700000.0,140700000.0,1.0,133241113.0,133241113.0,,6.148,4625600000.0,315100000.0,3600000.0,96700000.0,34.716,1115800000.0
28,FMC,MRQ,2014-06-30,2014-06-30,2014-06-30,2021-09-07,-135700000.0,5127300000.0,,2752000000.0,2375300000.0,,12.846,-37900000.0,114400000.0,114400000.0,478800000.0,113300000.0,1.626,1.964,1750400000.0,596700000.0,1153700000.0,1750400000.0,0.0,24000000.0,0.0,0.008,0.15,158700000.0,182700000.0,0.23,182700000.0,158700000.0,145500000.0,0.82,0.81,0.82,1710600000.0,,1710600000.0,11256539870.0,30.0,24.508,173500000.0,1.303,1.0,316100000.0,0.398,653400000.0,13200000.0,4417000000.0,,738200000.0,26700000.0,0.0,26700000.0,3358900000.0,1692900000.0,1666000000.0,9479839870.0,21900000.0,0.0,1400000.0,-115000000.0,-20000000.0,-141500000.0,-48400000.0,0.0,211400000.0,400000.0,109100000.0,109100000.0,109100000.0,-15300000.0,4200000.0,0.137,168500000.0,147600000.0,393300000.0,0.183,5.542,43.149,43.409,1284900000.0,0.0,71.19,3.274,3.274,1500000000.0,2891800000.0,794900000.0,794900000.0,32500000.0,,,,,4000000.0,119600000.0,1.0,133162521.0,133162521.0,,5.969,4473900000.0,317700000.0,36400000.0,112400000.0,33.597,1059100000.0
29,FMC,MRQ,2014-03-31,2014-03-31,2014-03-31,2021-09-07,-142200000.0,5090700000.0,,2752500000.0,2338200000.0,,12.289,-63300000.0,92500000.0,92500000.0,463900000.0,70400000.0,1.594,2.084,1869200000.0,715200000.0,1154000000.0,1869200000.0,0.0,23900000.0,0.0,0.007,0.15,111800000.0,135700000.0,0.179,135700000.0,111800000.0,100200000.0,0.49,0.49,0.49,1633000000.0,,1633000000.0,11930328350.0,31.0,25.367,-160100000.0,-1.205,1.0,293000000.0,0.387,659100000.0,11600000.0,4481600000.0,,702800000.0,26800000.0,0.0,26800000.0,3403300000.0,1726700000.0,1676600000.0,10173728350.0,-30700000.0,0.0,1200000.0,-40300000.0,-18000000.0,-56700000.0,123600000.0,0.0,-96800000.0,-800000.0,65600000.0,65600000.0,65600000.0,26600000.0,4800000.0,0.087,150100000.0,142900000.0,380200000.0,0.306,6.23,44.504,45.571,1268700000.0,0.0,76.56,3.418,3.418,1568300000.0,2802800000.0,756900000.0,756900000.0,25800000.0,,,,,400000.0,114600000.0,1.0,132885689.0,132885689.0,,5.696,4431600000.0,313700000.0,34600000.0,106600000.0,33.349,1025800000.0
30,FMC,MRQ,2013-12-31,2013-12-31,2013-12-31,2021-09-07,-201900000.0,5235200000.0,,2945000000.0,2290200000.0,,11.404,-5400000.0,123200000.0,123200000.0,171200000.0,31900000.0,1.482,2.41,1879800000.0,725700000.0,1154100000.0,1879800000.0,0.0,-3700000.0,0.0,0.007,0.135,50700000.0,47000000.0,0.122,47000000.0,50700000.0,45600000.0,0.2,0.21,0.2,1519800000.0,,1519800000.0,11682744646.0,25.0,21.241,-25900000.0,-0.194,1.0,215400000.0,0.557,661700000.0,5100000.0,4343400000.0,,688400000.0,26800000.0,0.0,26800000.0,3663100000.0,1986700000.0,1676400000.0,10056844646.0,13600000.0,0.0,400000.0,138300000.0,-18000000.0,117500000.0,-82700000.0,6200000.0,-20500000.0,-700000.0,27100000.0,27100000.0,27100000.0,5300000.0,4800000.0,0.07,156100000.0,59300000.0,475200000.0,0.675,6.617,34.219,34.935,1248300000.0,0.0,75.46,3.212,3.212,1484300000.0,2757300000.0,386600000.0,386600000.0,30900000.0,,,,,1600000.0,122000000.0,1.0,133273849.0,133273849.0,,2.901,4573500000.0,305400000.0,18500000.0,108400000.0,34.317,958300000.0
31,FMC,MRQ,2013-09-30,2013-09-30,2013-09-30,2021-09-07,-385400000.0,4930800000.0,,2610700000.0,2320100000.0,,9.71,-74200000.0,109600000.0,109600000.0,653000000.0,19900000.0,1.263,2.687,1735500000.0,963700000.0,771800000.0,1735500000.0,0.0,34200000.0,0.0,0.008,0.135,59700000.0,93900000.0,0.098,93900000.0,59700000.0,49900000.0,0.13,0.13,0.13,1324100000.0,,1324100000.0,10787414076.0,20.0,16.142,41900000.0,0.307,1.0,304400000.0,0.318,668300000.0,9800000.0,3821900000.0,,707700000.0,29500000.0,0.0,29500000.0,3557200000.0,2066500000.0,1490700000.0,9779814076.0,32200000.0,-339400000.0,-248800000.0,643900000.0,-18500000.0,372800000.0,-457800000.0,-1700000.0,116100000.0,1100000.0,17900000.0,17900000.0,17900000.0,56600000.0,2000000.0,0.019,186000000.0,118400000.0,388900000.0,1.038,7.386,26.504,26.761,1163500000.0,0.0,71.72,2.672,2.672,1179600000.0,2748200000.0,957400000.0,957400000.0,29000000.0,,,,,3000000.0,124900000.0,1.0,136361044.0,136361044.0,,7.021,4262500000.0,333100000.0,32000000.0,80800000.0,31.259,544200000.0
32,FMC,MRQ,2013-06-30,2013-06-30,2013-06-30,2021-09-07,-406700000.0,4349700000.0,,2182700000.0,2167000000.0,,11.369,-45600000.0,77400000.0,77400000.0,548500000.0,121200000.0,1.72,1.778,1085000000.0,322600000.0,762400000.0,1085000000.0,0.0,28900000.0,0.0,0.008,0.135,164800000.0,193700000.0,0.221,193700000.0,164800000.0,153700000.0,0.86,0.86,0.86,1547600000.0,,1547600000.0,9523906837.0,15.0,13.191,232000000.0,1.704,1.0,327500000.0,0.374,496600000.0,11100000.0,3591800000.0,,661200000.0,43400000.0,0.0,43400000.0,2751100000.0,1268900000.0,1482200000.0,8312106837.0,-5200000.0,0.0,5500000.0,-205000000.0,-18400000.0,-224400000.0,-57500000.0,-1300000.0,277600000.0,-900000.0,118000000.0,118000000.0,118000000.0,-1500000.0,3200000.0,0.135,160900000.0,166600000.0,344800000.0,0.157,5.371,18.844,19.081,1147300000.0,0.0,61.06,2.359,2.359,1092100000.0,2748400000.0,876000000.0,876000000.0,27700000.0,,,,,1600000.0,127300000.0,1.0,136130148.0,136130148.0,,6.435,3853100000.0,332600000.0,35700000.0,19200000.0,28.305,913800000.0
33,FMC,MRQ,2013-03-31,2013-03-31,2013-03-31,2021-09-07,-406500000.0,4448000000.0,,2285300000.0,2162700000.0,,10.431,-37700000.0,82600000.0,82600000.0,557100000.0,135000000.0,2.314,2.064,1294400000.0,60500000.0,1233900000.0,1294400000.0,0.0,28600000.0,0.0,0.008,0.135,186800000.0,215400000.0,0.237,215400000.0,186800000.0,176300000.0,0.95,0.94,0.95,1436100000.0,,1436100000.0,8770741657.0,14.0,12.106,-82200000.0,-0.597,1.0,353600000.0,0.388,496900000.0,10500000.0,4175200000.0,,678900000.0,44500000.0,0.0,44500000.0,2964800000.0,987700000.0,1977100000.0,7851341657.0,5500000.0,-200000.0,-113400000.0,311700000.0,-18700000.0,105300000.0,-55200000.0,-3200000.0,-44500000.0,-100000.0,130900000.0,130900000.0,130900000.0,3200000.0,4100000.0,0.144,159200000.0,194400000.0,361900000.0,0.142,5.467,18.344,18.397,1127300000.0,0.0,57.03,2.21,2.21,1223100000.0,2649000000.0,910700000.0,910700000.0,28000000.0,,,,,900000.0,121900000.0,1.0,137670378.0,137670378.0,,6.615,3951100000.0,338900000.0,45400000.0,32800000.0,28.7,1297600000.0
34,FMC,MRQ,2012-12-31,2012-12-31,2012-12-31,2021-09-07,-408900000.0,4373900000.0,,2181900000.0,2192000000.0,,10.774,-66300000.0,77100000.0,77100000.0,594000000.0,106200000.0,1.922,1.904,995800000.0,87000000.0,908800000.0,995800000.0,0.0,31300000.0,0.0,0.007,0.135,134000000.0,165300000.0,0.181,165300000.0,134000000.0,123500000.0,0.74,0.74,0.74,1480300000.0,,1480300000.0,8852702966.0,15.0,12.514,-75500000.0,-0.55,1.0,321500000.0,0.351,483300000.0,10500000.0,3673800000.0,,642400000.0,26100000.0,0.0,26100000.0,2819100000.0,1135500000.0,1683600000.0,8040302966.0,-7300000.0,-28600000.0,5800000.0,93700000.0,-12400000.0,88900000.0,-123300000.0,-4200000.0,-9200000.0,0.0,102200000.0,102200000.0,102200000.0,2800000.0,4000000.0,0.112,180400000.0,141100000.0,404200000.0,0.182,5.432,19.318,19.442,956200000.0,0.0,58.52,2.358,2.358,1073700000.0,2536500000.0,915500000.0,915500000.0,29600000.0,,,,,1000000.0,132400000.0,1.0,137394104.0,137394104.0,,6.663,3890600000.0,358000000.0,21300000.0,32900000.0,28.317,1046400000.0
35,FMC,MRQ,2012-09-30,2012-09-30,2012-09-30,2021-09-07,-369200000.0,4065900000.0,,2025500000.0,2040400000.0,,10.374,-27100000.0,84400000.0,84400000.0,523900000.0,94600000.0,1.863,1.809,896800000.0,88900000.0,807900000.0,896800000.0,0.0,17900000.0,0.0,0.006,0.09,129700000.0,147600000.0,0.18,147600000.0,129700000.0,119900000.0,0.65,0.65,0.65,1424600000.0,,1424600000.0,8414766077.0,14.0,12.433,73900000.0,0.538,1.0,298000000.0,0.363,481600000.0,9800000.0,3309400000.0,,620500000.0,35600000.0,0.0,35600000.0,2577800000.0,1087300000.0,1490500000.0,7604666077.0,8900000.0,-15800000.0,900000.0,12600000.0,-12500000.0,-6200000.0,-71300000.0,-2900000.0,101000000.0,800000.0,90000000.0,90000000.0,90000000.0,11200000.0,4600000.0,0.11,152300000.0,145700000.0,384500000.0,0.138,5.338,19.405,19.569,1071300000.0,0.0,55.38,2.351,2.351,1009200000.0,2453000000.0,821900000.0,821900000.0,28100000.0,,,,,1300000.0,118700000.0,1.0,137317914.0,137317914.0,,5.985,3584300000.0,340600000.0,29900000.0,68600000.0,26.102,938200000.0
36,FMC,MRQ,2012-06-30,2012-06-30,2012-06-30,2021-09-07,-390800000.0,3907600000.0,,1952700000.0,1954900000.0,,9.621,-42300000.0,75500000.0,75500000.0,567400000.0,110300000.0,1.96,1.911,885600000.0,75600000.0,810000000.0,885600000.0,0.0,34500000.0,0.0,0.006,0.09,161700000.0,196200000.0,0.217,196200000.0,161700000.0,150200000.0,0.76,0.76,0.76,1319400000.0,,1319400000.0,8236426855.0,14.0,11.998,201200000.0,1.467,1.0,337800000.0,0.373,474800000.0,11500000.0,3246500000.0,,559600000.0,33000000.0,0.0,33000000.0,2521100000.0,996400000.0,1524700000.0,7333926855.0,4700000.0,-77200000.0,3100000.0,-88100000.0,-12400000.0,-97900000.0,-131100000.0,-3800000.0,243500000.0,-900000.0,104900000.0,104900000.0,104900000.0,8100000.0,5400000.0,0.116,162300000.0,175500000.0,366400000.0,0.118,5.559,18.868,19.168,1021000000.0,0.0,53.48,2.239,2.239,993700000.0,2375400000.0,905200000.0,905200000.0,28400000.0,,,,,2900000.0,128300000.0,1.0,137134010.0,137134010.0,,6.601,3432800000.0,356100000.0,45300000.0,60700000.0,25.032,956300000.0
37,FMC,MRQ,2012-03-31,2012-03-31,2012-03-31,2021-09-07,-370700000.0,3851600000.0,,1943300000.0,1908300000.0,,8.86,-38800000.0,70800000.0,70800000.0,593400000.0,124600000.0,2.119,2.062,973300000.0,62900000.0,910400000.0,973300000.0,0.0,32200000.0,0.0,0.006,0.09,175200000.0,207400000.0,0.22,207400000.0,175200000.0,163900000.0,0.86,0.85,0.86,1237500000.0,,1237500000.0,8078161546.0,14.0,12.129,-14400000.0,-0.103,1.0,347300000.0,0.369,416000000.0,11300000.0,3420900000.0,,509900000.0,31000000.0,0.0,31000000.0,2552000000.0,917200000.0,1634800000.0,7392961546.0,-88100000.0,-21200000.0,-140100000.0,119900000.0,-10500000.0,-33000000.0,-67900000.0,-3000000.0,24400000.0,400000.0,119100000.0,119100000.0,119100000.0,7400000.0,5500000.0,0.127,159300000.0,188000000.0,376100000.0,0.105,5.974,18.908,19.04,1011800000.0,0.0,52.93,2.323,2.323,1051100000.0,2282900000.0,940700000.0,940700000.0,28500000.0,,,,,1100000.0,129100000.0,1.0,139674316.0,139674316.0,,6.735,3435600000.0,377100000.0,44800000.0,41300000.0,24.597,1026100000.0
38,FMC,MRQ,2011-12-31,2011-12-31,2011-12-31,2021-09-07,-390000000.0,3743500000.0,,1869400000.0,1874100000.0,,8.808,-37200000.0,158900000.0,158900000.0,340700000.0,81700000.0,2.032,1.966,844100000.0,65000000.0,779100000.0,844100000.0,0.0,5300000.0,0.0,0.007,0.075,120300000.0,125600000.0,0.222,125600000.0,120300000.0,114700000.0,0.56,0.55,0.56,1240600000.0,,1240600000.0,6534695694.0,12.0,10.315,141000000.0,1.001,1.0,226300000.0,0.399,413200000.0,5600000.0,3095600000.0,,470300000.0,28300000.0,0.0,28300000.0,2439400000.0,919900000.0,1519500000.0,6059195694.0,49500000.0,-123300000.0,-52800000.0,255600000.0,-10600000.0,188700000.0,-221100000.0,-3200000.0,178200000.0,-1400000.0,77900000.0,77900000.0,77900000.0,14900000.0,3800000.0,0.137,85100000.0,141200000.0,382100000.0,0.134,4.884,16.56,16.739,986800000.0,0.0,43.02,1.996,1.996,931300000.0,2176200000.0,567000000.0,567000000.0,25600000.0,,,,,1200000.0,80400000.0,1.0,140846018.0,140846018.0,,4.026,3330300000.0,382400000.0,36800000.0,15500000.0,23.645,949500000.0
39,FMC,MRQ,2011-09-30,2011-09-30,2011-09-30,2021-09-07,-293500000.0,3389600000.0,,1690300000.0,1699300000.0,,9.196,-47500000.0,109400000.0,109400000.0,574700000.0,90900000.0,1.858,1.526,584900000.0,91300000.0,493600000.0,584900000.0,0.0,31600000.0,0.0,0.008,0.075,125700000.0,157300000.0,0.182,157300000.0,125700000.0,116600000.0,0.61,0.61,0.61,1318000000.0,,1318000000.0,5405049990.0,14.0,10.301,117300000.0,0.818,1.0,287400000.0,0.333,204200000.0,9100000.0,2751400000.0,,444300000.0,26000000.0,0.0,26000000.0,2011300000.0,909500000.0,1101800000.0,4955849990.0,-77200000.0,-1500000.0,-99300000.0,-52200000.0,-10800000.0,-172200000.0,-58000000.0,0.0,164800000.0,-1200000.0,86800000.0,86800000.0,86800000.0,6300000.0,4100000.0,0.101,151800000.0,135600000.0,345600000.0,0.123,3.76,21.134,20.958,954800000.0,0.0,34.58,1.511,1.511,854300000.0,2108800000.0,862100000.0,862100000.0,27800000.0,,,,,2500000.0,110600000.0,1.0,143315500.0,143315500.0,,6.015,3185400000.0,367200000.0,29800000.0,33700000.0,22.226,780800000.0
40,FMC,MRQ,2011-06-30,2011-06-30,2011-06-30,2021-09-07,-270000000.0,3466200000.0,,1753100000.0,1713100000.0,,9.484,-40700000.0,186600000.0,186600000.0,513400000.0,112200000.0,1.895,1.503,635800000.0,150300000.0,485500000.0,635800000.0,0.0,32300000.0,0.0,0.006,0.075,143400000.0,175700000.0,0.216,175700000.0,143400000.0,132900000.0,0.75,0.74,0.75,1360700000.0,,1360700000.0,6768907230.0,17.0,12.901,173000000.0,1.206,1.0,298800000.0,0.368,210200000.0,10500000.0,2779900000.0,,421300000.0,25400000.0,0.0,25400000.0,2044900000.0,925300000.0,1119600000.0,6171107230.0,100600000.0,0.0,-9000000.0,-38400000.0,-10800000.0,-57800000.0,-46400000.0,0.0,213700000.0,1400000.0,107200000.0,107200000.0,107200000.0,8900000.0,5000000.0,0.132,143200000.0,155600000.0,320900000.0,0.1,4.535,26.761,26.714,957400000.0,0.0,43.01,1.934,1.934,858400000.0,2032700000.0,812200000.0,812200000.0,25000000.0,,,,,3200000.0,108900000.0,1.0,143480754.0,143480754.0,,5.661,3256000000.0,375800000.0,25700000.0,16500000.0,22.693,827800000.0
41,FMC,MRQ,2011-03-31,2011-03-31,2011-03-31,2021-09-07,-277700000.0,3416200000.0,,1717500000.0,1698700000.0,,8.825,-30200000.0,86000000.0,86000000.0,506900000.0,97400000.0,1.895,1.663,683800000.0,149900000.0,533900000.0,683800000.0,0.0,30400000.0,0.0,0.006,0.075,144500000.0,174900000.0,0.22,174900000.0,144500000.0,134600000.0,0.655,0.65,0.655,1261700000.0,,1261700000.0,6571792731.0,18.0,13.398,-80900000.0,-0.566,1.0,288100000.0,0.362,206400000.0,9900000.0,2901300000.0,,379600000.0,23800000.0,0.0,23800000.0,2098800000.0,906300000.0,1192500000.0,6071292731.0,-75500000.0,0.0,3100000.0,22900000.0,-9000000.0,16000000.0,-32500000.0,0.0,-50700000.0,600000.0,94000000.0,94000000.0,94000000.0,8000000.0,3400000.0,0.118,133100000.0,155000000.0,351200000.0,0.115,4.812,32.106,32.416,938800000.0,0.0,42.465,1.924,1.924,973900000.0,1936300000.0,795000000.0,795000000.0,22700000.0,,,,,500000.0,105900000.0,1.0,142971688.0,142971688.0,,5.561,3209800000.0,387200000.0,40600000.0,11400000.0,22.451,811200000.0
42,FMC,MRQ,2010-12-31,2010-12-31,2010-12-31,2021-09-07,-311700000.0,3319900000.0,,1646200000.0,1673700000.0,,7.8,-47100000.0,161500000.0,161500000.0,546100000.0,-50300000.0,1.709,1.883,662000000.0,159000000.0,503000000.0,662000000.0,0.0,34600000.0,0.0,0.006,0.062,-17800000.0,16800000.0,0.021,16800000.0,-17800000.0,-28300000.0,-0.365,-0.36,-0.365,1131500000.0,,1131500000.0,6214170842.0,18.0,13.011,44400000.0,0.306,1.0,264400000.0,0.326,248400000.0,10500000.0,2608600000.0,,347800000.0,22400000.0,0.0,22400000.0,2130700000.0,963400000.0,1167300000.0,5794870842.0,-105800000.0,-7500000.0,-95000000.0,-30600000.0,-9100000.0,-129900000.0,-46700000.0,0.0,91500000.0,1100000.0,-53500000.0,-53500000.0,-53500000.0,8300000.0,3200000.0,-0.066,271700000.0,-7300000.0,389300000.0,-0.17,5.121,33.593,33.567,918500000.0,0.0,39.945,1.86,1.86,852900000.0,1853000000.0,810500000.0,810500000.0,30700000.0,,,,,-1700000.0,124800000.0,1.0,145071244.0,145071244.0,,5.587,3071500000.0,423400000.0,25200000.0,15400000.0,21.172,682800000.0
43,FMC,MRQ,2010-09-30,2010-09-30,2010-09-30,2021-09-07,-290800000.0,3403800000.0,,1762400000.0,1641400000.0,,8.983,-36000000.0,267300000.0,267300000.0,517800000.0,85900000.0,2.112,1.572,686600000.0,151300000.0,535300000.0,686600000.0,0.0,32500000.0,0.0,0.007,0.062,124800000.0,157300000.0,0.204,157300000.0,124800000.0,115200000.0,0.57,0.565,0.57,1302200000.0,,1302200000.0,5464970839.0,13.0,10.066,73000000.0,0.504,1.0,254700000.0,0.33,199200000.0,9600000.0,2789400000.0,,366900000.0,22400000.0,0.0,22400000.0,2046700000.0,834500000.0,1212200000.0,4958470839.0,104900000.0,0.0,-6300000.0,26400000.0,-9100000.0,48200000.0,-41700000.0,0.0,109000000.0,900000.0,82900000.0,82900000.0,82900000.0,300000.0,3000000.0,0.107,127600000.0,127100000.0,322900000.0,0.109,3.808,17.211,17.319,943200000.0,0.0,34.205,1.638,1.638,813700000.0,1915600000.0,772500000.0,772500000.0,24000000.0,,,,,-39500000.0,99900000.0,1.0,144963334.0,144963334.0,,5.329,3204600000.0,399800000.0,32300000.0,5700000.0,22.106,927900000.0
44,FMC,MRQ,2010-06-30,2010-06-30,2010-06-30,2021-09-07,-323800000.0,3219100000.0,,1658600000.0,1560500000.0,,7.944,-26800000.0,162400000.0,162400000.0,512200000.0,68900000.0,2.25,1.737,668900000.0,106000000.0,562900000.0,668900000.0,0.0,32600000.0,0.0,0.009,0.062,108900000.0,141500000.0,0.182,141500000.0,108900000.0,99500000.0,0.45,0.45,0.45,1155000000.0,,1155000000.0,4844953534.0,14.0,10.108,173800000.0,1.195,1.0,264600000.0,0.341,184100000.0,9400000.0,2804300000.0,,346000000.0,21400000.0,0.0,21400000.0,2006500000.0,737200000.0,1269300000.0,4175153534.0,75700000.0,0.0,-21100000.0,-59300000.0,-9100000.0,-83600000.0,-35100000.0,0.0,200600000.0,-600000.0,65700000.0,65700000.0,65700000.0,19300000.0,3200000.0,0.085,133200000.0,131400000.0,288800000.0,0.138,3.615,17.904,17.947,917000000.0,0.0,28.715,1.406,1.406,830900000.0,1841800000.0,776800000.0,776800000.0,22300000.0,,,,,-4600000.0,95600000.0,1.0,145399740.0,145399740.0,,5.343,3035000000.0,374700000.0,33800000.0,8700000.0,20.873,921400000.0
45,FMC,MRQ,2010-03-31,2010-03-31,2010-03-31,2021-09-07,-298300000.0,3233000000.0,,1637900000.0,1595100000.0,,7.807,-29800000.0,86700000.0,86700000.0,489500000.0,80400000.0,2.23,1.807,756500000.0,146600000.0,609900000.0,756500000.0,0.0,33900000.0,0.0,0.008,0.062,128100000.0,162000000.0,0.214,162000000.0,128100000.0,118100000.0,0.53,0.53,0.53,1132300000.0,,1132300000.0,5007092995.0,15.0,10.93,-31200000.0,-0.215,1.0,267000000.0,0.353,197700000.0,10000000.0,2970600000.0,,345500000.0,21700000.0,0.0,21700000.0,2046000000.0,734500000.0,1311500000.0,4390292995.0,10100000.0,0.0,2800000.0,57600000.0,-9100000.0,48700000.0,-30500000.0,0.0,-1400000.0,-400000.0,77400000.0,77400000.0,77400000.0,0.0,3000000.0,0.102,131100000.0,135900000.0,272900000.0,0.117,3.877,18.54,18.628,937500000.0,0.0,30.27,1.518,1.518,892500000.0,1785100000.0,756500000.0,756500000.0,23500000.0,,,,,4200000.0,90900000.0,1.0,145037760.0,145037760.0,,5.216,3035300000.0,383700000.0,40700000.0,7400000.0,20.928,903400000.0
46,FMC,MRQ,2009-12-31,2009-12-31,2009-12-31,2021-09-07,-279200000.0,3136200000.0,,1487700000.0,1648500000.0,,7.444,-53600000.0,76600000.0,76600000.0,502400000.0,66800000.0,2.098,1.861,693400000.0,105400000.0,588000000.0,693400000.0,0.0,33700000.0,0.0,0.009,0.062,48400000.0,82100000.0,0.114,82100000.0,48400000.0,40900000.0,0.425,0.425,0.425,1076400000.0,,1076400000.0,4629354524.0,15.0,10.62,15600000.0,0.108,1.0,219700000.0,0.304,209500000.0,7500000.0,2834300000.0,,350500000.0,22400000.0,0.0,22400000.0,2003100000.0,709200000.0,1293900000.0,4031454524.0,16700000.0,-3900000.0,4000000.0,26700000.0,-9000000.0,18700000.0,-59500000.0,0.0,69200000.0,-800000.0,62100000.0,62100000.0,62100000.0,2500000.0,4700000.0,0.086,164200000.0,55500000.0,290500000.0,0.146,3.745,17.643,17.702,964500000.0,0.0,27.88,1.426,1.426,749600000.0,1716900000.0,722100000.0,722100000.0,28600000.0,,,,,2100000.0,87700000.0,1.0,144600234.0,144600234.0,,4.994,2926700000.0,413700000.0,-21200000.0,3600000.0,20.24,778500000.0
47,FMC,MRQ,2009-09-30,2009-09-30,2009-09-30,2021-09-07,-227300000.0,3045500000.0,,1435100000.0,1610400000.0,,7.376,-33500000.0,59900000.0,59900000.0,510000000.0,29400000.0,1.875,1.799,657800000.0,115900000.0,541900000.0,657800000.0,0.0,32300000.0,0.0,0.009,0.062,61400000.0,93700000.0,0.131,93700000.0,61400000.0,55200000.0,0.195,0.19,0.195,1069400000.0,,1069400000.0,4672453806.0,14.0,10.251,66900000.0,0.461,1.0,203300000.0,0.285,212800000.0,6200000.0,2665400000.0,,380600000.0,22200000.0,0.0,22200000.0,1923800000.0,765200000.0,1158600000.0,4077753806.0,-7100000.0,1400000.0,-16600000.0,-32800000.0,-9100000.0,-63400000.0,-34700000.0,0.0,100400000.0,1600000.0,28000000.0,28000000.0,28000000.0,6100000.0,1400000.0,0.039,135300000.0,68000000.0,262500000.0,0.318,3.813,19.171,19.133,948800000.0,0.0,28.125,1.435,1.435,715400000.0,1664200000.0,713300000.0,713300000.0,23200000.0,,,,,2500000.0,79800000.0,1.0,144986802.0,144986802.0,,4.92,2832700000.0,355800000.0,27200000.0,4000000.0,19.538,669900000.0
48,FMC,MRQ,2009-06-30,2009-06-30,2009-06-30,2021-09-07,-249700000.0,3028500000.0,,1423700000.0,1604800000.0,,7.17,-40100000.0,67000000.0,67000000.0,477300000.0,71700000.0,1.985,1.849,661700000.0,100500000.0,561200000.0,661700000.0,0.0,30900000.0,0.0,0.011,0.062,89400000.0,120300000.0,0.172,120300000.0,89400000.0,82900000.0,0.475,0.47,0.475,1042100000.0,,1042100000.0,4074541359.0,11.0,8.06,109000000.0,0.75,1.0,223000000.0,0.318,201900000.0,6500000.0,2704100000.0,,390400000.0,21000000.0,0.0,21000000.0,1927300000.0,717200000.0,1210100000.0,3437541359.0,12100000.0,-18900000.0,-13400000.0,-42600000.0,-9100000.0,-65200000.0,-62100000.0,0.0,149100000.0,800000.0,69300000.0,69300000.0,69300000.0,5200000.0,2400000.0,0.099,125800000.0,97200000.0,266200000.0,0.131,3.299,12.987,13.066,948400000.0,0.0,23.65,1.166,1.166,701500000.0,1644900000.0,700300000.0,700300000.0,21000000.0,,,,,2500000.0,74700000.0,1.0,145350586.0,145350586.0,,4.818,2826600000.0,371300000.0,13600000.0,11300000.0,19.447,706500000.0
49,FMC,MRQ,2009-03-31,2009-03-31,2009-03-31,2021-09-07,-291300000.0,3020000000.0,,1480900000.0,1539100000.0,,6.558,-30100000.0,54900000.0,54900000.0,453900000.0,70900000.0,2.049,2.116,691900000.0,74100000.0,617800000.0,691900000.0,0.0,30300000.0,0.0,0.012,0.062,109500000.0,139800000.0,0.202,139800000.0,109500000.0,102500000.0,0.475,0.47,0.475,951100000.0,,951100000.0,3719579631.0,9.0,6.749,-5300000.0,-0.037,1.0,236600000.0,0.343,194900000.0,7000000.0,2739400000.0,,409600000.0,20500000.0,0.0,20500000.0,2012300000.0,722700000.0,1289600000.0,3128079631.0,2500000.0,-12900000.0,-400000.0,50000000.0,-9100000.0,32100000.0,-44400000.0,0.0,24800000.0,-400000.0,69100000.0,69100000.0,69100000.0,4400000.0,1800000.0,0.1,122600000.0,114000000.0,305400000.0,0.131,3.289,11.18,11.353,915600000.0,0.0,21.57,1.024,1.024,724800000.0,1584700000.0,690500000.0,690500000.0,20000000.0,,,,,4100000.0,80100000.0,1.0,145019918.0,145019918.0,,4.761,2825100000.0,392000000.0,33400000.0,25200000.0,19.481,758200000.0
50,FMC,MRQ,2008-12-31,2008-12-31,2008-12-31,2021-09-07,-276100000.0,2993900000.0,,1432800000.0,1561100000.0,,6.099,-46700000.0,52400000.0,52400000.0,518000000.0,51900000.0,1.887,2.246,643900000.0,51000000.0,592900000.0,643900000.0,0.0,29900000.0,0.0,0.011,0.062,72100000.0,102000000.0,0.138,102000000.0,72100000.0,63700000.0,0.325,0.315,0.325,902900000.0,,902900000.0,3813057586.0,8.0,6.495,-6500000.0,-0.044,1.0,219700000.0,0.298,197000000.0,8400000.0,2629300000.0,,380800000.0,20600000.0,0.0,20600000.0,2027500000.0,759100000.0,1268400000.0,3310957586.0,-42600000.0,-800000.0,-60000000.0,47400000.0,-9300000.0,-21900000.0,-50400000.0,0.0,40200000.0,1500000.0,46300000.0,46300000.0,46300000.0,4800000.0,5600000.0,0.063,138400000.0,81300000.0,372300000.0,0.191,3.667,10.87,10.91,939200000.0,0.0,22.365,1.063,1.063,687700000.0,1524700000.0,737700000.0,737700000.0,25600000.0,,,,,10600000.0,81200000.0,1.0,148041922.0,148041922.0,,4.983,2796900000.0,420500000.0,17400000.0,24600000.0,18.893,673700000.0
51,FMC,MRQ,2008-09-30,2008-09-30,2008-09-30,2021-09-07,-50700000.0,2930400000.0,,1432900000.0,1497500000.0,,7.684,-58500000.0,95000000.0,95000000.0,580800000.0,84700000.0,1.883,1.549,597100000.0,55000000.0,542100000.0,597100000.0,0.0,32600000.0,0.0,0.009,0.062,110800000.0,143400000.0,0.175,143400000.0,110800000.0,103300000.0,0.535,0.525,0.535,1149600000.0,,1149600000.0,4300296719.0,10.0,7.526,120300000.0,0.804,1.0,240000000.0,0.292,192400000.0,7500000.0,2479300000.0,,361100000.0,23400000.0,0.0,23400000.0,1780800000.0,760800000.0,1020000000.0,3843996719.0,-28300000.0,-89800000.0,-63000000.0,38800000.0,-9300000.0,-40300000.0,-150800000.0,0.0,178800000.0,-4900000.0,80000000.0,80000000.0,80000000.0,5900000.0,4700000.0,0.097,120900000.0,119100000.0,364500000.0,0.116,3.344,12.848,12.912,930800000.0,0.0,25.695,1.26,1.26,719700000.0,1487600000.0,820800000.0,820800000.0,23400000.0,,,,,0.0,81900000.0,1.0,149600962.0,149600962.0,,5.487,2738000000.0,295200000.0,23300000.0,14500000.0,18.302,672100000.0
52,FMC,MRQ,2008-06-30,2008-06-30,2008-06-30,2021-09-07,25100000.0,2978700000.0,,1515500000.0,1463200000.0,,8.122,-32900000.0,123300000.0,123300000.0,536400000.0,88200000.0,1.951,1.451,579600000.0,87900000.0,491700000.0,579600000.0,0.0,30700000.0,0.0,0.006,0.062,135200000.0,165900000.0,0.206,165900000.0,135200000.0,126900000.0,0.565,0.55,0.565,1215500000.0,,1215500000.0,6366820844.0,16.0,12.232,160000000.0,1.069,1.0,270200000.0,0.335,193000000.0,8300000.0,2465100000.0,,321200000.0,21400000.0,0.0,21400000.0,1763200000.0,776900000.0,986300000.0,5794320844.0,52900000.0,0.0,-23600000.0,-60300000.0,-7900000.0,-91800000.0,-35100000.0,0.0,192900000.0,1700000.0,84400000.0,84400000.0,84400000.0,7800000.0,3800000.0,0.105,123700000.0,146500000.0,370000000.0,0.11,4.767,22.608,22.776,917500000.0,0.0,38.72,2.028,2.028,754000000.0,1416800000.0,806600000.0,806600000.0,23000000.0,,,,,0.0,90000000.0,1.0,149646716.0,149646716.0,,5.39,2785700000.0,306000000.0,42500000.0,14300000.0,18.615,738600000.0
53,FMC,MRQ,2008-03-31,2008-03-31,2008-03-31,2021-09-07,13100000.0,2902500000.0,,1410400000.0,1492100000.0,,7.654,28400000.0,70400000.0,70400000.0,499200000.0,96800000.0,1.805,1.524,642900000.0,160000000.0,482900000.0,642900000.0,0.0,31000000.0,0.0,0.008,0.052,144800000.0,175800000.0,0.234,175800000.0,144800000.0,136100000.0,0.625,0.615,0.625,1150100000.0,,1150100000.0,4668330461.0,17.0,11.697,-26100000.0,-0.174,1.0,251000000.0,0.335,193500000.0,8700000.0,2500300000.0,,300500000.0,20900000.0,0.0,20900000.0,1752400000.0,781200000.0,971200000.0,4168930461.0,-5100000.0,16700000.0,-27200000.0,57300000.0,-7900000.0,16500000.0,44600000.0,0.0,-54500000.0,200000.0,93900000.0,93900000.0,93900000.0,6400000.0,2900000.0,0.125,97200000.0,153800000.0,333500000.0,0.083,3.625,23.097,23.315,920200000.0,0.0,27.745,1.539,1.539,759000000.0,1341800000.0,750200000.0,750200000.0,21800000.0,,,,,0.0,83700000.0,1.0,150258802.0,150258802.0,,4.993,2709000000.0,344500000.0,42200000.0,14700000.0,18.029,629200000.0
54,FMC,MRQ,2007-12-31,2007-12-31,2007-12-31,2021-09-07,-9900000.0,2733400000.0,,1194100000.0,1539300000.0,,7.038,-34600000.0,75500000.0,75500000.0,478700000.0,50500000.0,1.589,1.568,574900000.0,155300000.0,419600000.0,574900000.0,0.0,33000000.0,0.0,0.007,0.052,53300000.0,86300000.0,0.128,86300000.0,53300000.0,43100000.0,0.265,0.265,0.265,1064300000.0,,1064300000.0,4602798488.0,23.0,13.851,50000000.0,0.331,1.0,195600000.0,0.29,180200000.0,10200000.0,2301200000.0,,275000000.0,20600000.0,0.0,20600000.0,1669100000.0,751400000.0,917700000.0,4124598488.0,-40400000.0,0.0,-30000000.0,-30800000.0,-7900000.0,-68700000.0,-42000000.0,0.0,84600000.0,1200000.0,40900000.0,40900000.0,40900000.0,5000000.0,9600000.0,0.061,136300000.0,59300000.0,327400000.0,0.196,3.875,31.153,31.351,934700000.0,0.0,27.275,1.567,1.567,599700000.0,1255800000.0,674300000.0,674300000.0,27200000.0,,,,,0.0,86200000.0,1.0,151222676.0,151222676.0,,4.459,2553200000.0,376000000.0,2200000.0,8100000.0,16.884,442700000.0
55,FMC,MRQ,2007-09-30,2007-09-30,2007-09-30,2021-09-07,-23700000.0,2738200000.0,,1174200000.0,1564000000.0,,6.933,-31400000.0,115900000.0,115900000.0,440200000.0,37100000.0,1.522,1.595,594100000.0,177700000.0,416400000.0,594100000.0,0.0,32300000.0,0.0,0.007,0.052,60200000.0,92500000.0,0.148,92500000.0,60200000.0,51600000.0,0.245,0.24,0.245,1055100000.0,,1055100000.0,4507880489.0,23.0,13.706,146100000.0,0.96,1.0,186400000.0,0.297,175400000.0,8600000.0,2269700000.0,,256600000.0,21300000.0,0.0,21300000.0,1683100000.0,771300000.0,911800000.0,3958080489.0,52700000.0,0.0,-27300000.0,-34000000.0,-8000000.0,-75700000.0,-38200000.0,0.0,177500000.0,1800000.0,37100000.0,37100000.0,37100000.0,4300000.0,0.0,0.059,118300000.0,68100000.0,296500000.0,0.212,3.751,38.169,38.25,935100000.0,0.0,26.01,1.555,1.555,613100000.0,1232200000.0,626600000.0,626600000.0,20500000.0,,,,,0.0,73800000.0,1.0,152175336.0,152175336.0,,4.118,2562800000.0,359600000.0,14500000.0,1300000.0,16.841,402900000.0
56,FMC,MRQ,2007-06-30,2007-06-30,2007-06-30,2021-09-07,-39000000.0,2730000000.0,,1149600000.0,1580400000.0,,6.758,-24700000.0,63200000.0,63200000.0,447900000.0,8600000.0,1.57,1.638,613000000.0,172800000.0,440200000.0,613000000.0,0.0,33900000.0,0.0,0.008,0.052,10600000.0,44500000.0,0.068,44500000.0,10600000.0,600000.0,0.055,0.055,0.055,1035000000.0,,1035000000.0,4007440329.0,21.0,12.24,80200000.0,0.524,1.0,210000000.0,0.319,168000000.0,10000000.0,2379500000.0,,230100000.0,21200000.0,0.0,21200000.0,1695000000.0,732300000.0,962700000.0,3422740329.0,14000000.0,0.0,-28200000.0,-20800000.0,-6900000.0,-55900000.0,-24700000.0,0.0,104900000.0,700000.0,8600000.0,8600000.0,8600000.0,5700000.0,0.0,0.013,194300000.0,15700000.0,289100000.0,0.945,3.307,33.655,33.605,946900000.0,0.0,22.348,1.374,1.374,683200000.0,1203100000.0,657900000.0,657900000.0,23700000.0,,,,,0.0,77900000.0,1.0,153159876.0,153159876.0,,4.296,2562000000.0,383800000.0,-8000000.0,0.0,16.728,417300000.0
57,FMC,MRQ,2007-03-31,2007-03-31,2007-03-31,2021-09-07,-44700000.0,2764500000.0,,1123400000.0,1641100000.0,,6.914,-19100000.0,49200000.0,49200000.0,463300000.0,45800000.0,1.679,1.609,633900000.0,118400000.0,515500000.0,633900000.0,0.0,34500000.0,0.0,0.01,0.045,74500000.0,109000000.0,0.162,109000000.0,74500000.0,66100000.0,0.3,0.295,0.3,1059700000.0,,1059700000.0,3380091212.0,14.0,8.914,-71400000.0,-0.466,1.0,210800000.0,0.313,166400000.0,8400000.0,2513700000.0,,217400000.0,19800000.0,0.0,19800000.0,1704800000.0,669100000.0,1035700000.0,2890291212.0,-116300000.0,4400000.0,-16300000.0,-15400000.0,-6900000.0,-43100000.0,-15700000.0,0.0,-52300000.0,700000.0,45800000.0,45800000.0,45800000.0,9300000.0,0.0,0.068,125900000.0,84900000.0,284900000.0,0.15,2.727,20.734,20.723,1017200000.0,0.0,18.858,1.191,1.191,690100000.0,1207900000.0,674100000.0,674100000.0,23200000.0,,,,,0.0,77400000.0,1.0,153270116.0,153270116.0,,4.398,2598100000.0,373700000.0,20300000.0,4600000.0,16.951,454300000.0
58,FMC,MRQ,2006-12-31,2006-12-31,2006-12-31,2021-09-07,-57100000.0,2740700000.0,,1067800000.0,1672900000.0,,6.583,-43400000.0,165500000.0,165500000.0,415600000.0,12200000.0,1.488,1.713,655300000.0,131800000.0,523500000.0,655300000.0,0.0,33800000.0,0.0,0.009,0.045,49100000.0,82900000.0,0.141,82900000.0,49100000.0,32200000.0,0.08,0.08,0.08,1010200000.0,,1010200000.0,3354662005.0,14.0,8.984,12700000.0,0.083,1.0,171700000.0,0.292,163600000.0,16900000.0,2349400000.0,,219400000.0,22100000.0,0.0,22100000.0,1730500000.0,717500000.0,1013000000.0,2936962005.0,-92000000.0,0.0,-11600000.0,-55300000.0,-6900000.0,-73800000.0,-41500000.0,2100000.0,56100000.0,600000.0,12200000.0,12200000.0,12200000.0,19700000.0,0.0,0.021,111300000.0,60400000.0,301400000.0,0.562,2.907,22.368,22.383,1025100000.0,0.0,19.137,1.252,1.252,537900000.0,1157100000.0,587300000.0,587300000.0,26700000.0,,,,,0.0,77400000.0,1.0,153466336.0,153466336.0,,3.827,2577100000.0,390200000.0,20000000.0,33300000.0,16.793,350300000.0
59,FMC,MRQ,2006-09-30,2006-09-30,2006-09-30,2021-09-07,-54400000.0,2786200000.0,,1131300000.0,1654900000.0,,6.553,-33100000.0,282500000.0,282500000.0,412600000.0,35100000.0,1.597,1.722,700200000.0,122300000.0,577900000.0,700200000.0,0.0,32400000.0,0.0,0.008,0.045,58600000.0,91000000.0,0.159,91000000.0,58600000.0,51100000.0,0.23,0.22,0.23,1023600000.0,,1023600000.0,3001849082.0,11.0,7.356,137400000.0,0.88,1.0,159600000.0,0.279,159800000.0,7500000.0,2335700000.0,,193800000.0,25400000.0,0.0,25400000.0,1762600000.0,708400000.0,1054200000.0,2502049082.0,53700000.0,0.0,-49000000.0,-6500000.0,-7100000.0,-67000000.0,-35800000.0,-700000.0,170500000.0,900000.0,35100000.0,35100000.0,35100000.0,3500000.0,0.0,0.061,95900000.0,63700000.0,272900000.0,0.196,2.444,17.645,17.316,1009000000.0,0.0,16.017,1.099,1.099,538100000.0,1160400000.0,572200000.0,572200000.0,25600000.0,,,,,0.0,69500000.0,1.0,156207216.0,156207216.0,,3.663,2626400000.0,378200000.0,16000000.0,27500000.0,16.814,422900000.0
60,FMC,MRQ,2006-06-30,2006-06-30,2006-06-30,2021-09-07,-49100000.0,2781200000.0,,1133800000.0,1647400000.0,,6.67,-27300000.0,203800000.0,203800000.0,407900000.0,46300000.0,1.665,1.666,703600000.0,129100000.0,574500000.0,703600000.0,0.0,33500000.0,0.0,0.006,0.045,62800000.0,96300000.0,0.163,96300000.0,62800000.0,53600000.0,0.3,0.29,0.3,1043400000.0,,1043400000.0,3090517246.0,14.0,8.718,69800000.0,0.446,1.0,184400000.0,0.311,157500000.0,9200000.0,2442500000.0,,196000000.0,26100000.0,0.0,26100000.0,1737800000.0,681000000.0,1056800000.0,2518017246.0,19700000.0,0.0,-9400000.0,-59400000.0,-7000000.0,-75800000.0,-17000000.0,10300000.0,97100000.0,1300000.0,46300000.0,46300000.0,46300000.0,-11000000.0,0.0,0.078,130800000.0,53600000.0,254300000.0,0.15,2.413,24.614,24.207,1001900000.0,0.0,16.098,1.137,1.137,599900000.0,1132200000.0,592300000.0,592300000.0,22600000.0,,,,,0.0,70500000.0,1.0,156422876.0,156422876.0,,3.787,2623700000.0,384900000.0,7300000.0,28400000.0,16.773,452800000.0
61,FMC,MRQ,2006-03-31,2006-03-31,2006-03-31,2021-09-07,-55400000.0,2778600000.0,,1118600000.0,1660000000.0,,6.514,-15500000.0,184100000.0,184100000.0,400400000.0,37700000.0,1.65,1.757,756600000.0,153100000.0,603500000.0,756600000.0,0.0,32100000.0,0.0,0.003,0.045,71100000.0,103200000.0,0.174,103200000.0,71100000.0,62700000.0,0.247,0.237,0.247,1007900000.0,,1007900000.0,2941710546.0,13.0,8.147,-32000000.0,-0.207,1.0,193700000.0,0.326,150700000.0,8400000.0,2522500000.0,,209500000.0,25600000.0,0.0,25600000.0,1770700000.0,677900000.0,1092800000.0,2397510546.0,-22300000.0,0.0,18400000.0,2600000.0,0.0,18100000.0,-15500000.0,0.0,-16500000.0,600000.0,37700000.0,37700000.0,37700000.0,600000.0,0.0,0.063,120600000.0,73100000.0,270600000.0,0.182,2.379,27.494,27.042,1002900000.0,0.0,15.495,1.096,1.096,591600000.0,1092800000.0,594100000.0,594100000.0,22000000.0,,,,,0.0,67500000.0,1.0,154728012.0,154728012.0,,3.84,2627900000.0,396000000.0,25000000.0,32000000.0,16.984,440700000.0
62,FMC,MRQ,2005-12-31,2005-12-31,2005-12-31,2021-09-07,-46100000.0,2740000000.0,,1064400000.0,1675600000.0,,6.316,-32600000.0,206400000.0,206400000.0,360100000.0,22700000.0,1.614,1.856,750600000.0,110800000.0,639800000.0,750600000.0,0.0,32500000.0,0.0,0.0,0.0,85100000.0,117600000.0,0.227,117600000.0,85100000.0,70100000.0,0.147,0.14,0.147,959300000.0,,959300000.0,2671162176.0,10.0,6.792,33300000.0,0.219,1.0,157900000.0,0.305,148600000.0,15000000.0,2476300000.0,,216300000.0,25300000.0,0.0,25300000.0,1780700000.0,659300000.0,1121400000.0,2018762176.0,112600000.0,69500000.0,5200000.0,18400000.0,0.0,22300000.0,36900000.0,0.0,65900000.0,-1100000.0,22700000.0,22700000.0,22700000.0,19400000.0,0.0,0.044,112000000.0,45900000.0,301000000.0,0.0,2.104,17.708,17.606,1012000000.0,0.0,13.293,0.941,0.941,494300000.0,1062200000.0,518000000.0,518000000.0,23200000.0,,,,,0.0,73300000.0,1.0,151872272.0,151872272.0,,3.411,2591400000.0,406500000.0,47400000.0,16500000.0,17.063,405100000.0
63,FMC,MRQ,2005-09-30,2005-09-30,2005-09-30,2021-09-07,-10800000.0,2684300000.0,,941300000.0,1743000000.0,,6.367,-21700000.0,93800000.0,93800000.0,367800000.0,-4400000.0,1.407,1.785,746200000.0,127500000.0,618700000.0,746200000.0,0.0,33700000.0,0.0,0.0,0.0,3700000.0,37400000.0,0.073,37400000.0,3700000.0,-9600000.0,-0.03,-0.03,-0.03,964000000.0,,964000000.0,2845372464.0,13.0,7.875,41300000.0,0.273,1.0,142200000.0,0.279,151200000.0,13300000.0,2516300000.0,,204400000.0,37500000.0,0.0,37500000.0,1720300000.0,669200000.0,1051100000.0,2165972464.0,-175300000.0,0.0,11300000.0,-185800000.0,0.0,-222100000.0,-21700000.0,0.0,63000000.0,18400000.0,-4400000.0,-4400000.0,-4400000.0,1400000.0,0.0,-0.009,82200000.0,60000000.0,230500000.0,0.0,2.247,11.658,11.335,1017200000.0,0.0,14.305,1.011,1.011,482100000.0,1036900000.0,510000000.0,510000000.0,22900000.0,,,,,0.0,63100000.0,1.0,151413664.0,151413664.0,,3.368,2533100000.0,417100000.0,-5200000.0,36900000.0,16.73,272100000.0
64,FMC,MRQ,2005-06-30,2005-06-30,2005-06-30,2021-09-07,-30600000.0,2906000000.0,,1136000000.0,1770000000.0,,6.251,-24300000.0,269100000.0,269100000.0,387400000.0,31200000.0,1.583,2.098,948500000.0,144400000.0,804100000.0,948500000.0,0.0,35500000.0,0.0,0.0,0.0,67400000.0,102900000.0,0.182,102900000.0,67400000.0,50400000.0,0.207,0.2,0.207,938100000.0,,938100000.0,2861993111.0,10.0,6.916,69200000.0,0.461,1.0,178200000.0,0.315,151900000.0,17000000.0,2716100000.0,,202900000.0,34600000.0,0.0,34600000.0,1967900000.0,717400000.0,1250500000.0,2106093111.0,39800000.0,0.0,9200000.0,-32000000.0,0.0,-25000000.0,-10800000.0,13700000.0,93500000.0,-11000000.0,31200000.0,31200000.0,31200000.0,2100000.0,0.0,0.055,117600000.0,60600000.0,254100000.0,0.0,2.245,9.586,9.388,1023800000.0,0.0,14.035,0.989,0.989,535700000.0,1041300000.0,565600000.0,565600000.0,23700000.0,,,,,0.0,68500000.0,1.0,150060072.0,150060072.0,,3.769,2754100000.0,428100000.0,19200000.0,40300000.0,18.353,418600000.0
65,FMC,MRQ,2005-03-31,2005-03-31,2005-03-31,2021-09-07,15900000.0,2970100000.0,,1126000000.0,1844100000.0,,6.367,-11000000.0,229300000.0,229300000.0,390200000.0,64500000.0,1.492,2.15,985200000.0,166100000.0,819100000.0,985200000.0,0.0,34600000.0,0.0,0.0,0.0,100800000.0,135400000.0,0.245,135400000.0,100800000.0,83800000.0,0.432,0.417,0.432,943000000.0,,943000000.0,2750396843.0,10.0,6.753,-33800000.0,-0.228,1.0,162200000.0,0.294,162100000.0,17000000.0,2809000000.0,,202900000.0,36400000.0,0.0,36400000.0,2027100000.0,754900000.0,1272200000.0,1979196843.0,16900000.0,0.0,14500000.0,-13200000.0,0.0,9500000.0,-10800000.0,0.0,-22800000.0,-7600000.0,64500000.0,64500000.0,64500000.0,-29000000.0,0.0,0.117,93400000.0,68800000.0,279800000.0,0.0,2.099,9.029,8.908,1076700000.0,0.0,13.363,0.943,0.943,564800000.0,1010100000.0,552400000.0,552400000.0,24600000.0,,,,,0.0,65500000.0,1.0,148115760.0,148115760.0,,3.73,2808000000.0,442100000.0,19300000.0,47000000.0,18.958,371100000.0
66,FMC,MRQ,2004-12-31,2004-12-31,2004-12-31,2021-09-07,32700000.0,2978400000.0,,1072700000.0,1905700000.0,,5.939,-31800000.0,222100000.0,222100000.0,359300000.0,94500000.0,1.308,2.399,999700000.0,177500000.0,822200000.0,999700000.0,0.0,34300000.0,0.0,0.0,0.0,51300000.0,85600000.0,0.167,85600000.0,51300000.0,31300000.0,0.652,0.628,0.652,876200000.0,,876200000.0,2585484961.0,13.0,7.813,16200000.0,0.11,1.0,154400000.0,0.301,169800000.0,20000000.0,2766100000.0,,217500000.0,35200000.0,0.0,35200000.0,2102200000.0,820100000.0,1282100000.0,1781584961.0,27200000.0,0.0,11100000.0,-129000000.0,0.0,5600000.0,-31800000.0,0.0,48000000.0,14800000.0,94500000.0,94500000.0,94500000.0,2900000.0,0.0,0.184,95200000.0,59200000.0,339100000.0,0.0,2.033,11.121,10.908,1111900000.0,0.0,12.075,0.869,0.869,479700000.0,945600000.0,513700000.0,513700000.0,26300000.0,,,,,0.0,68100000.0,1.0,147543268.0,147543268.0,,3.482,2808600000.0,473200000.0,-63200000.0,39200000.0,19.036,252600000.0
67,FMC,MRQ,2004-09-30,2004-09-30,2004-09-30,2021-09-07,-24300000.0,2878700000.0,,1110500000.0,1768200000.0,,4.785,-18000000.0,322400000.0,322400000.0,359700000.0,29500000.0,1.461,3.125,1126300000.0,157700000.0,968600000.0,1126300000.0,0.0,33300000.0,0.0,0.0,0.0,56600000.0,89900000.0,0.181,89900000.0,56600000.0,36700000.0,0.203,0.195,0.203,697900000.0,,697900000.0,2648650894.0,15.0,8.533,106800000.0,0.732,1.0,137800000.0,0.277,153800000.0,19900000.0,2768600000.0,,164500000.0,53000000.0,0.0,53000000.0,2180800000.0,760200000.0,1420600000.0,1771050894.0,84600000.0,0.0,9200000.0,-24900000.0,0.0,-16400000.0,-18900000.0,-900000.0,124800000.0,500000.0,29500000.0,29500000.0,29500000.0,600000.0,0.0,0.059,83300000.0,54500000.0,239300000.0,0.0,2.538,24.598,24.383,1079800000.0,0.0,12.143,0.866,0.866,482800000.0,840300000.0,497500000.0,497500000.0,22500000.0,,,,,0.0,60400000.0,1.0,145855540.0,145855540.0,,3.411,2724900000.0,370600000.0,7200000.0,58400000.0,18.682,350300000.0
68,FMC,MRQ,2004-06-30,2004-06-30,2004-06-30,2021-09-07,-33600000.0,2803900000.0,,1034900000.0,1769000000.0,,4.459,-17300000.0,237500000.0,237500000.0,377600000.0,30700000.0,1.482,3.323,1115100000.0,120300000.0,994800000.0,1115100000.0,0.0,33500000.0,0.0,0.0,0.0,62900000.0,96400000.0,0.18,96400000.0,62900000.0,42300000.0,0.212,0.205,0.212,648600000.0,,648600000.0,2544065001.0,20.0,9.774,106800000.0,0.734,1.0,156700000.0,0.293,152600000.0,20600000.0,2830600000.0,,162700000.0,50200000.0,0.0,50200000.0,2155300000.0,698300000.0,1457000000.0,1567565001.0,35500000.0,-35500000.0,15500000.0,-44400000.0,0.0,-29100000.0,-51900000.0,900000.0,124100000.0,-600000.0,30700000.0,30700000.0,30700000.0,10100000.0,0.0,0.057,83100000.0,73600000.0,238600000.0,0.0,2.417,40.091,39.917,1089700000.0,0.0,10.777,0.777,0.777,482900000.0,810800000.0,534300000.0,534300000.0,20700000.0,,,,,0.0,61400000.0,1.0,145447924.0,145447924.0,,3.673,2651300000.0,365500000.0,11600000.0,50600000.0,18.229,336600000.0
69,FMC,MRQ,2004-03-31,2004-03-31,2004-03-31,2021-09-07,-37000000.0,2860000000.0,,1087300000.0,1772700000.0,,4.24,-12000000.0,201800000.0,201800000.0,377600000.0,5500000.0,1.565,3.791,1178300000.0,82000000.0,1096300000.0,1178300000.0,0.0,33200000.0,0.0,0.0,0.0,25800000.0,59000000.0,0.117,59000000.0,25800000.0,5400000.0,0.037,0.037,0.037,596900000.0,,596900000.0,2407753439.0,20.0,9.78,-69900000.0,-0.496,1.0,128100000.0,0.253,152200000.0,20400000.0,2989600000.0,,180100000.0,57800000.0,0.0,57800000.0,2263100000.0,694700000.0,1568400000.0,1507153439.0,8100000.0,0.0,15500000.0,71500000.0,0.0,86000000.0,-12000000.0,0.0,-57900000.0,-1500000.0,5500000.0,5500000.0,5500000.0,1800000.0,0.0,0.011,90100000.0,38000000.0,256700000.0,0.0,2.525,50.072,50.258,1102800000.0,0.0,10.705,0.756,0.756,550600000.0,780100000.0,505700000.0,505700000.0,23900000.0,,,,,0.0,64900000.0,1.0,140789672.0,140789672.0,,3.592,2707800000.0,352000000.0,-100000.0,40300000.0,19.233,392600000.0
70,FMC,MRQ,2003-12-31,2003-12-31,2003-12-31,2021-09-07,-21800000.0,2828800000.0,,980600000.0,1848200000.0,,4.168,-26500000.0,193900000.0,193900000.0,360200000.0,6300000.0,1.348,3.808,1094500000.0,61100000.0,1033400000.0,1094500000.0,0.0,31900000.0,0.0,0.0,0.0,33200000.0,65100000.0,0.128,65100000.0,33200000.0,8800000.0,0.045,0.045,0.045,588300000.0,,588300000.0,2040224628.0,17.0,8.314,25500000.0,0.181,1.0,146700000.0,0.289,156300000.0,24400000.0,2845600000.0,,192600000.0,45000000.0,0.0,45000000.0,2240500000.0,727500000.0,1513000000.0,1204424628.0,-96100000.0,-47700000.0,1000000.0,-61200000.0,0.0,-59700000.0,-73800000.0,400000.0,52000000.0,-3200000.0,6300000.0,6300000.0,6300000.0,13300000.0,0.0,0.012,91600000.0,55100000.0,299500000.0,0.0,2.047,45.45,45.386,1128100000.0,0.0,8.533,0.627,0.627,478200000.0,774600000.0,506900000.0,506900000.0,25200000.0,,,,,0.0,62600000.0,1.0,141157296.0,141157296.0,,3.591,2672500000.0,355100000.0,2500000.0,48900000.0,18.933,253100000.0
71,FMC,MRQ,2003-09-30,2003-09-30,2003-09-30,2021-09-07,-100400000.0,2812400000.0,,1082900000.0,1729500000.0,,3.559,-2800000.0,290500000.0,290500000.0,344400000.0,-3400000.0,1.444,4.598,1126300000.0,92200000.0,1034100000.0,1126300000.0,0.0,31300000.0,0.0,0.0,0.0,8500000.0,39800000.0,0.085,39800000.0,8500000.0,-14500000.0,-0.025,-0.025,-0.025,502400000.0,,502400000.0,1854990965.0,15.0,7.516,155400000.0,1.101,1.0,126100000.0,0.268,144400000.0,23000000.0,2754100000.0,,185500000.0,78600000.0,0.0,78600000.0,2310000000.0,749700000.0,1560300000.0,889290965.0,59400000.0,-21400000.0,-100000.0,-195100000.0,0.0,-72200000.0,-24100000.0,100000.0,158200000.0,4100000.0,-3400000.0,-3400000.0,-3400000.0,0.0,0.0,-0.007,68400000.0,57700000.0,229600000.0,0.0,1.77,30.044,30.732,1074700000.0,0.0,6.3,0.474,0.474,432500000.0,768300000.0,470500000.0,470500000.0,20100000.0,,,,,0.0,57200000.0,1.0,141157296.0,141157296.0,,3.333,2668000000.0,355100000.0,-11100000.0,41600000.0,18.901,333200000.0
72,FMC,MRQ,2003-06-30,2003-06-30,2003-06-30,2021-09-07,-96600000.0,2981100000.0,,1224500000.0,1756600000.0,,3.62,-20200000.0,355300000.0,355300000.0,370700000.0,21700000.0,1.503,4.846,1321000000.0,211700000.0,1109300000.0,1321000000.0,0.0,30900000.0,0.0,0.0,0.0,51400000.0,82300000.0,0.161,82300000.0,51400000.0,28000000.0,0.155,0.152,0.155,509900000.0,,509900000.0,1833949689.0,11.0,6.225,93600000.0,0.664,1.0,139300000.0,0.273,144700000.0,23400000.0,2987300000.0,,188900000.0,71100000.0,0.0,71100000.0,2471200000.0,814800000.0,1656400000.0,796949689.0,33700000.0,-26100000.0,500000.0,-35500000.0,0.0,-37300000.0,-47500000.0,-1200000.0,113800000.0,7300000.0,21700000.0,21700000.0,21700000.0,0.0,0.0,0.043,82300000.0,57000000.0,239400000.0,0.0,1.563,13.022,13.157,1090200000.0,0.0,5.657,0.424,0.424,487600000.0,771700000.0,510000000.0,510000000.0,22000000.0,,,,,0.0,60300000.0,1.0,140866052.0,140866052.0,,3.62,2836400000.0,353800000.0,6300000.0,26700000.0,20.135,409700000.0
73,FMC,MRQ,2003-03-31,2003-03-31,2003-03-31,2021-09-07,-143600000.0,2915500000.0,,1197300000.0,1718200000.0,,3.243,-16300000.0,319300000.0,319300000.0,325200000.0,1900000.0,1.488,5.62,1356300000.0,233800000.0,1122500000.0,1356300000.0,0.0,30500000.0,0.0,0.0,0.0,27700000.0,58200000.0,0.134,58200000.0,27700000.0,2400000.0,0.013,0.013,0.013,440400000.0,,440400000.0,1453345455.0,9.0,5.161,-113600000.0,-0.837,1.0,108800000.0,0.251,134100000.0,25300000.0,3014000000.0,,183900000.0,54600000.0,0.0,54600000.0,2475100000.0,804400000.0,1670700000.0,532345455.0,-29600000.0,0.0,3300000.0,70300000.0,0.0,87100000.0,-15600000.0,700000.0,-97300000.0,1700000.0,1900000.0,1900000.0,1900000.0,0.0,0.0,0.004,76900000.0,31900000.0,231600000.0,0.0,1.209,9.069,9.289,1074600000.0,0.0,3.92,0.287,0.287,504900000.0,749900000.0,434000000.0,434000000.0,20100000.0,,,,,0.0,56800000.0,1.0,135802412.0,135802412.0,,3.196,2781400000.0,355500000.0,500000.0,24700000.0,20.481,392900000.0
74,FMC,MRQ,2002-12-31,2002-12-31,2002-12-31,2021-09-07,-172900000.0,2872000000.0,,1175700000.0,1696300000.0,,2.893,-30100000.0,364200000.0,364200000.0,329700000.0,9400000.0,1.344,6.074,1285200000.0,249300000.0,1035900000.0,1285200000.0,0.0,29800000.0,0.0,0.0,0.0,36700000.0,66500000.0,0.145,66500000.0,36700000.0,11800000.0,0.062,0.065,0.062,406000000.0,,406000000.0,1830857798.0,12.0,6.658,-82600000.0,-0.589,1.0,130000000.0,0.283,129700000.0,24900000.0,2788700000.0,,178800000.0,39700000.0,0.0,39700000.0,2466000000.0,874600000.0,1591400000.0,958557798.0,52300000.0,-1800000.0,-300000.0,412800000.0,0.0,152300000.0,-43900000.0,-12000000.0,-52500000.0,2200000.0,9400000.0,9400000.0,9400000.0,3300000.0,0.0,0.02,90200000.0,39800000.0,286500000.0,0.0,2.361,14.568,13.939,1075500000.0,0.0,6.83,0.517,0.517,462200000.0,748100000.0,459700000.0,459700000.0,21600000.0,,,,,0.0,52900000.0,1.0,140345212.0,140345212.0,,3.275,2742300000.0,355900000.0,2400000.0,24200000.0,19.54,301100000.0
75,FMC,MRQ,2002-09-30,2002-09-30,2002-09-30,2021-09-07,-147800000.0,2367900000.0,,734600000.0,1633300000.0,,3.006,-13000000.0,37300000.0,37300000.0,350100000.0,28200000.0,0.83,4.612,909600000.0,340800000.0,568800000.0,909600000.0,0.0,33600000.0,0.0,0.0,0.0,54000000.0,87600000.0,0.184,87600000.0,54000000.0,38300000.0,0.2,0.198,0.2,421900000.0,,421900000.0,1849328343.0,24.0,9.142,99500000.0,0.709,1.0,126500000.0,0.265,124300000.0,15700000.0,2231200000.0,,167500000.0,32100000.0,0.0,32100000.0,1946000000.0,884700000.0,1061300000.0,905928343.0,-13000000.0,-15200000.0,-200000.0,-84200000.0,0.0,-104400000.0,-18400000.0,9800000.0,112500000.0,1400000.0,28200000.0,28200000.0,28200000.0,0.0,0.0,0.059,75100000.0,51400000.0,212300000.0,0.0,2.147,38.225,39.601,1058700000.0,0.0,6.455,0.481,0.481,367500000.0,738600000.0,476600000.0,476600000.0,19400000.0,,,,,0.0,55700000.0,1.0,140345212.0,140345212.0,,3.396,2243600000.0,326200000.0,10100000.0,27600000.0,15.986,-150100000.0
76,FMC,MRQ,2002-06-30,2002-06-30,2002-06-30,2021-09-07,-159800000.0,2466700000.0,,808700000.0,1658000000.0,,3.089,-13200000.0,50300000.0,50300000.0,353100000.0,19200000.0,0.862,5.301,993700000.0,370500000.0,623200000.0,993700000.0,0.0,29200000.0,0.0,0.0,0.0,40100000.0,69300000.0,0.144,69300000.0,40100000.0,23100000.0,0.147,0.142,0.147,391500000.0,,391500000.0,2059795644.0,34.0,11.324,145600000.0,1.149,1.0,129300000.0,0.268,123000000.0,17000000.0,2349000000.0,,189400000.0,34700000.0,0.0,34700000.0,2075200000.0,938100000.0,1137100000.0,955995644.0,36100000.0,-12600000.0,106500000.0,-124400000.0,0.0,-78900000.0,-37700000.0,-11900000.0,158800000.0,1100000.0,19200000.0,19200000.0,19200000.0,0.0,0.0,0.04,85500000.0,43800000.0,219100000.0,0.0,2.442,56.905,56.711,1068200000.0,0.0,7.543,0.506,0.506,407900000.0,720000000.0,482400000.0,482400000.0,20400000.0,,,,,0.0,57700000.0,1.0,126747848.0,126747848.0,,3.806,2343700000.0,338600000.0,3900000.0,27000000.0,18.491,-129400000.0
77,FMC,MRQ,2002-03-31,2002-03-31,2002-03-31,2021-09-07,-200100000.0,2432500000.0,,793600000.0,1638900000.0,,1.785,-16200000.0,14200000.0,14200000.0,326900000.0,9000000.0,0.757,9.787,1118000000.0,494900000.0,623100000.0,1118000000.0,0.0,26200000.0,0.0,0.0,0.0,25400000.0,51600000.0,0.119,51600000.0,25400000.0,10000000.0,0.072,0.07,0.072,225500000.0,,225500000.0,2279679104.0,-6.0,-8.055,-215600000.0,-1.707,1.0,107300000.0,0.247,111100000.0,15400000.0,2376900000.0,,204800000.0,29100000.0,0.0,29100000.0,2207000000.0,1048300000.0,1158700000.0,1323579104.0,-9200000.0,0.0,11000000.0,138400000.0,0.0,213600000.0,-10800000.0,5400000.0,-199400000.0,-100000.0,9000000.0,9000000.0,9000000.0,0.0,0.0,0.021,85500000.0,21800000.0,212200000.0,0.0,5.87,-4.38,-4.331,1058000000.0,0.0,10.48,0.686,0.686,406400000.0,700800000.0,434200000.0,434200000.0,20600000.0,,,,,0.0,57900000.0,1.0,126295716.0,126295716.0,,3.438,2321400000.0,349800000.0,1000000.0,36200000.0,18.381,-254700000.0
78,FMC,MRQ,2001-12-31,2001-12-31,2001-12-31,2021-09-07,-186800000.0,2477200000.0,,820300000.0,1656900000.0,,1.752,3200000.0,23400000.0,23400000.0,359200000.0,-32700000.0,0.79,10.322,979500000.0,327700000.0,651800000.0,979500000.0,0.0,36300000.0,0.0,0.0,0.0,-42500000.0,-6200000.0,-0.013,-6200000.0,-42500000.0,-61300000.0,-0.257,-0.257,-0.257,218800000.0,,218800000.0,2964398965.0,-7.0,-9.572,-25000000.0,-0.2,1.0,130600000.0,0.267,113500000.0,18800000.0,2281400000.0,,207200000.0,25200000.0,0.0,25200000.0,2258400000.0,1038400000.0,1220000000.0,1857498965.0,-82400000.0,-28300000.0,6300000.0,-260800000.0,0.0,-64900000.0,-16600000.0,8500000.0,-28200000.0,5700000.0,-32700000.0,-32700000.0,-32700000.0,-3000000.0,0.0,-0.067,183700000.0,-53100000.0,327700000.0,0.0,8.489,-5.5,-5.479,1087800000.0,0.0,14.875,0.956,0.956,441700000.0,691800000.0,489800000.0,489800000.0,25900000.0,,,,,0.0,61900000.0,1.0,124873880.0,124873880.0,,3.922,2363700000.0,343200000.0,-28600000.0,27800000.0,18.929,-218100000.0
79,FMC,MRQ,2001-09-30,2001-09-30,2001-09-30,2021-09-07,-326000000.0,3792800000.0,,1575000000.0,2217800000.0,,4.891,-36700000.0,123600000.0,123600000.0,367400000.0,21300000.0,1.054,5.214,1230500000.0,228800000.0,1001700000.0,1230500000.0,0.0,29900000.0,0.0,0.0,0.0,37300000.0,67200000.0,0.139,67200000.0,37300000.0,22900000.0,0.17,0.165,0.17,610400000.0,,610400000.0,2656596404.0,-7.0,-9.678,46200000.0,0.37,1.0,115400000.0,0.239,459600000.0,14400000.0,2946500000.0,,468900000.0,78400000.0,0.0,78400000.0,3182400000.0,1493600000.0,1688800000.0,1524396404.0,91200000.0,0.0,3500000.0,65000000.0,0.0,67500000.0,-44300000.0,-7600000.0,82900000.0,-1000000.0,21300000.0,21300000.0,21300000.0,-7400000.0,0.0,0.044,89300000.0,26100000.0,563000000.0,0.0,2.497,-5.978,-6.013,1348200000.0,0.0,12.248,2.875,2.883,669800000.0,1229000000.0,482800000.0,482800000.0,25000000.0,,,,,0.0,55800000.0,1.0,124465924.0,124800000.0,128000000.0,3.869,3333200000.0,304700000.0,1600000.0,40400000.0,26.708,81400000.0
80,FMC,MRQ,2001-06-30,2001-06-30,2001-06-30,2021-09-07,-315100000.0,3767000000.0,,1510000000.0,2257000000.0,,4.82,-44000000.0,32400000.0,32400000.0,364200000.0,-299800000.0,0.987,5.263,1164600000.0,232500000.0,932100000.0,1164600000.0,0.0,33800000.0,0.0,0.0,0.0,-429400000.0,-395600000.0,-0.756,-395600000.0,-429400000.0,-444800000.0,-2.405,-2.405,-2.405,601500000.0,,601500000.0,3455245937.0,-10.0,-13.228,6800000.0,0.054,1.0,159000000.0,0.304,460000000.0,15400000.0,2909700000.0,,469500000.0,79300000.0,0.0,79300000.0,3165500000.0,1529500000.0,1636000000.0,2133345937.0,2100000.0,0.0,-25300000.0,-423600000.0,0.0,10400000.0,-62600000.0,-18600000.0,50800000.0,-200000.0,-299800000.0,-299800000.0,-299800000.0,900000.0,0.0,-0.573,587300000.0,-428300000.0,589300000.0,0.0,3.547,-7.446,-7.478,1330500000.0,0.0,17.14,2.121,2.126,689000000.0,1212600000.0,523200000.0,523200000.0,25300000.0,,,,,0.0,63900000.0,1.0,124465924.0,124800000.0,124800000.0,4.192,3307000000.0,344200000.0,-145000000.0,74800000.0,26.498,-19500000.0
81,FMC,MRQ,2001-03-31,2001-03-31,2001-03-31,2021-09-07,-286800000.0,3891100000.0,,1521900000.0,2369200000.0,,6.371,-36800000.0,30800000.0,30800000.0,326300000.0,-26500000.0,0.951,3.957,1352700000.0,509500000.0,843200000.0,1352700000.0,0.0,31600000.0,0.0,0.0,0.0,-6700000.0,24900000.0,0.056,24900000.0,-6700000.0,-21100000.0,-0.215,-0.215,-0.215,784900000.0,,784900000.0,3293111160.0,24.0,13.13,-195200000.0,-1.584,1.0,120900000.0,0.27,481100000.0,14400000.0,3131300000.0,,483500000.0,115400000.0,0.0,115400000.0,3106200000.0,1600600000.0,1505600000.0,2269511160.0,11500000.0,0.0,25300000.0,310500000.0,0.0,298000000.0,-34800000.0,2000000.0,-158400000.0,-200000.0,-26500000.0,-26500000.0,-26500000.0,40000000.0,0.0,-0.059,86300000.0,34600000.0,602600000.0,0.0,2.891,44.24,43.318,1619200000.0,0.0,18.41,1.519,1.518,654700000.0,1372400000.0,447200000.0,447200000.0,23600000.0,,,,,0.0,61700000.0,1.0,123276000.0,123200000.0,123200000.0,3.63,3410000000.0,167500000.0,5400000.0,58700000.0,27.679,-78700000.0
82,FMC,MRQ,2000-12-31,2000-12-31,2000-12-31,2021-09-07,-272600000.0,3061700000.0,,1326000000.0,1735700000.0,,6.568,-71500000.0,7300000.0,7300000.0,-703100000.0,50000000.0,1.503,2.825,1059300000.0,187500000.0,871800000.0,1059300000.0,0.0,-11900000.0,0.0,0.0,0.0,40900000.0,29000000.0,-0.031,29000000.0,40900000.0,52100000.0,0.413,0.395,0.413,800400000.0,,800400000.0,3399645385.0,16.0,10.008,62600000.0,0.514,1.0,-219900000.0,0.238,121500000.0,-11200000.0,3110000000.0,,171400000.0,73000000.0,0.0,73000000.0,2261300000.0,882200000.0,1379100000.0,2184045385.0,-10500000.0,136200000.0,9500000.0,-261200000.0,0.0,-144000000.0,17100000.0,-47600000.0,134100000.0,4800000.0,50000000.0,50000000.0,50000000.0,-51700000.0,0.0,-0.054,-191400000.0,-28500000.0,329100000.0,0.0,2.729,19.747,19.695,1358800000.0,0.0,17.922,1.065,1.065,358600000.0,1398900000.0,-923000000.0,-923000000.0,-13400000.0,,,,,0.0,-166700000.0,1.0,121860532.0,121860532.0,,-7.574,2940200000.0,142900000.0,2100000.0,32300000.0,24.128,443800000.0
83,FMC,MRQ,2000-09-30,2000-09-30,2000-09-30,2021-09-07,-286000000.0,3794200000.0,,1354900000.0,2439300000.0,,5.982,-46500000.0,57900000.0,57900000.0,696600000.0,-10200000.0,0.932,4.216,1273500000.0,364200000.0,909300000.0,1273500000.0,0.0,46000000.0,0.0,0.0,0.0,34500000.0,80500000.0,0.084,80500000.0,34500000.0,8200000.0,-0.085,-0.08,-0.085,727400000.0,,727400000.0,3346079968.0,18.0,10.639,38500000.0,0.317,1.0,262000000.0,0.273,487900000.0,26300000.0,3068300000.0,,406500000.0,199900000.0,0.0,199900000.0,3066800000.0,1453600000.0,1613200000.0,2038879968.0,1700000.0,-2000000.0,3400000.0,-62600000.0,0.0,-59200000.0,-6200000.0,42400000.0,85000000.0,-7700000.0,-10200000.0,-10200000.0,-10200000.0,66700000.0,0.0,-0.011,160400000.0,101600000.0,524700000.0,0.0,2.803,22.162,22.059,1571600000.0,0.0,16.765,0.921,0.921,642500000.0,1348900000.0,958600000.0,958600000.0,35300000.0,,,,,0.0,125100000.0,1.0,121615268.0,121600000.0,126400000.0,7.883,3306300000.0,138500000.0,18400000.0,29300000.0,27.19,-98700000.0
84,FMC,MRQ,2000-06-30,2000-06-30,2000-06-30,2021-09-07,-255000000.0,3929500000.0,,1383700000.0,2545800000.0,,6.293,-27800000.0,56200000.0,56200000.0,714000000.0,38000000.0,0.91,4.135,1363400000.0,453500000.0,909900000.0,1363400000.0,0.0,50000000.0,0.0,0.0,0.0,66400000.0,116400000.0,0.115,116400000.0,66400000.0,39900000.0,0.312,0.3,0.312,765200000.0,,765200000.0,3123141462.0,12.0,8.189,50200000.0,0.413,1.0,296900000.0,0.294,504900000.0,26500000.0,3210600000.0,,409300000.0,282100000.0,0.0,282100000.0,3164300000.0,1521200000.0,1643100000.0,1761841462.0,3900000.0,0.0,2600000.0,-54700000.0,0.0,-52100000.0,-21900000.0,5800000.0,78000000.0,5400000.0,38000000.0,38000000.0,38000000.0,0.0,0.0,0.038,230600000.0,66300000.0,577700000.0,0.0,2.302,10.594,10.708,1569700000.0,0.0,14.51,0.769,0.771,625700000.0,1359100000.0,1010900000.0,1010900000.0,39200000.0,,,,,0.0,134800000.0,1.0,121422568.0,121600000.0,126000000.0,8.313,3424600000.0,145300000.0,1900000.0,39500000.0,28.163,-137500000.0
85,FMC,MRQ,2000-03-31,2000-03-31,2000-03-31,2021-09-07,-231900000.0,3998100000.0,,1414000000.0,2584100000.0,,6.149,-46000000.0,52300000.0,52300000.0,761700000.0,32800000.0,0.881,4.347,1413600000.0,485600000.0,928000000.0,1413600000.0,0.0,45700000.0,0.0,0.0,0.0,68200000.0,113900000.0,0.113,113900000.0,68200000.0,43400000.0,0.27,0.263,0.27,747700000.0,,747700000.0,2991861000.0,9.0,6.494,-70700000.0,-0.581,1.0,241900000.0,0.241,526100000.0,24800000.0,3228400000.0,,447400000.0,201300000.0,0.0,201300000.0,3250400000.0,1604900000.0,1645500000.0,1762461000.0,-11700000.0,-45400000.0,-300000.0,115100000.0,0.0,113300000.0,-86400000.0,5000000.0,-24700000.0,-2000000.0,32800000.0,32800000.0,32800000.0,0.0,0.0,0.033,174800000.0,67100000.0,603400000.0,0.0,2.357,8.19,8.188,1690800000.0,0.0,14.125,0.75,0.731,621100000.0,1321100000.0,1003600000.0,1003600000.0,36700000.0,,,,,0.0,138100000.0,1.0,124776000.0,121600000.0,125200000.0,8.253,3472000000.0,158300000.0,10600000.0,65000000.0,28.553,-190900000.0
86,FMC,MRQ,1999-12-31,1999-12-31,1999-12-31,2021-09-07,-203500000.0,3995800000.0,,1416500000.0,2579300000.0,,6.077,-57500000.0,64000000.0,64000000.0,-563600000.0,31400000.0,0.899,4.374,1293400000.0,348300000.0,945100000.0,1293400000.0,0.0,-18400000.0,0.0,0.0,0.0,22100000.0,3700000.0,-0.005,3700000.0,22100000.0,27800000.0,0.262,0.258,0.262,743600000.0,,743600000.0,3273130609.0,10.0,7.095,90000000.0,0.736,1.0,-195300000.0,0.257,505700000.0,-5700000.0,3143500000.0,,457700000.0,206800000.0,0.0,206800000.0,3252200000.0,1576000000.0,1676200000.0,1753130609.0,-26700000.0,47200000.0,-12000000.0,-296900000.0,0.0,-188200000.0,-15900000.0,-5600000.0,147500000.0,1500000.0,31400000.0,31400000.0,31400000.0,-35900000.0,0.0,-0.041,-183400000.0,-11900000.0,665500000.0,0.0,2.358,8.246,8.488,1691900000.0,0.0,14.328,0.755,0.755,635400000.0,1288300000.0,-758900000.0,-758900000.0,-12100000.0,,,,,0.0,-161700000.0,1.0,122361236.0,122361236.0,,-6.202,3490100000.0,172900000.0,-3600000.0,73200000.0,28.523,-159500000.0
87,FMC,MRQ,1999-09-30,1999-09-30,1999-09-30,2021-09-07,-194100000.0,4167400000.0,,1618100000.0,2549300000.0,,5.842,-51300000.0,76000000.0,76000000.0,775000000.0,64100000.0,1.162,4.68,1596000000.0,199700000.0,1396300000.0,1596000000.0,0.0,49200000.0,0.0,0.0,0.0,98200000.0,147400000.0,0.143,147400000.0,98200000.0,69700000.0,0.51,0.495,0.51,733700000.0,,733700000.0,3254276909.0,9.0,5.951,119100000.0,0.948,1.0,259300000.0,0.251,515000000.0,28500000.0,3780000000.0,,490000000.0,215700000.0,0.0,215700000.0,3433700000.0,1392400000.0,2041300000.0,1533876909.0,-14100000.0,192700000.0,-68100000.0,-219900000.0,0.0,-289200000.0,113200000.0,-28200000.0,170400000.0,-300000.0,64100000.0,64100000.0,64100000.0,0.0,0.0,0.062,216400000.0,42900000.0,623800000.0,0.0,2.091,8.81,8.728,1688100000.0,0.0,12.062,0.352,0.348,781100000.0,1257000000.0,1034300000.0,1034300000.0,36800000.0,,,,,0.0,135800000.0,1.0,127160780.0,125600000.0,129200000.0,8.235,3652400000.0,134000000.0,5600000.0,39700000.0,29.08,225700000.0
88,FMC,MRQ,1999-06-30,1999-06-30,1999-06-30,2021-09-07,-177600000.0,4428400000.0,,1797500000.0,2630900000.0,,5.93,-49100000.0,90100000.0,90100000.0,761500000.0,86900000.0,1.082,4.871,1810500000.0,464500000.0,1346000000.0,1810500000.0,0.0,54200000.0,0.0,0.0,0.0,141500000.0,195700000.0,0.183,195700000.0,141500000.0,110700000.0,0.682,0.662,0.682,754300000.0,,754300000.0,3720086652.0,10.0,6.684,83800000.0,0.659,1.0,308900000.0,0.289,527700000.0,30800000.0,3959300000.0,,562700000.0,184600000.0,0.0,184600000.0,3674100000.0,1661800000.0,2012300000.0,2169286652.0,-25100000.0,-260900000.0,1000000.0,140300000.0,0.0,141400000.0,-304900000.0,5100000.0,132900000.0,-500000.0,86900000.0,86900000.0,86900000.0,-18000000.0,0.0,0.081,188200000.0,120700000.0,639800000.0,0.0,2.876,13.107,13.321,1771800000.0,0.0,17.078,0.489,0.49,858300000.0,1192900000.0,1070400000.0,1070400000.0,38800000.0,,,,,0.0,149400000.0,1.0,127026008.0,127200000.0,131200000.0,8.415,3900700000.0,151200000.0,23800000.0,63100000.0,30.666,135700000.0
89,FMC,MRQ,1999-03-31,1999-03-31,1999-03-31,2021-09-07,-177400000.0,4270200000.0,,1818500000.0,2451700000.0,,5.159,-34900000.0,115200000.0,115200000.0,718600000.0,30300000.0,1.147,5.407,1666000000.0,329900000.0,1336100000.0,1666000000.0,0.0,43500000.0,0.0,0.0,0.0,71000000.0,114500000.0,0.117,114500000.0,71000000.0,40800000.0,0.235,0.23,0.235,666500000.0,,666500000.0,3005600787.0,9.0,5.649,-61100000.0,-0.473,1.0,256100000.0,0.263,376700000.0,30200000.0,3859500000.0,,534400000.0,190600000.0,0.0,190600000.0,3603700000.0,1584800000.0,2018900000.0,1585600787.0,53500000.0,-16600000.0,-49900000.0,182300000.0,0.0,129700000.0,-41100000.0,10400000.0,-26200000.0,-100000.0,30300000.0,30300000.0,30300000.0,0.0,0.0,0.031,186800000.0,69300000.0,670000000.0,0.0,2.379,10.845,11.357,1724100000.0,0.0,12.345,0.353,0.355,870400000.0,1106000000.0,974700000.0,974700000.0,37100000.0,,,,,0.0,149700000.0,1.0,128440728.0,129200000.0,132000000.0,7.544,3893500000.0,164600000.0,10500000.0,63800000.0,30.135,233700000.0
90,FMC,MRQ,1998-12-31,1998-12-31,1998-12-31,2021-09-07,-134100000.0,4166400000.0,,1681700000.0,2484700000.0,,5.512,-71600000.0,61700000.0,61700000.0,1005600000.0,-7200000.0,1.191,4.712,1481700000.0,155300000.0,1326400000.0,1481700000.0,0.0,52500000.0,0.0,0.0,0.0,36700000.0,89200000.0,0.07,89200000.0,36700000.0,4600000.0,-0.045,-0.043,-0.045,729400000.0,,729400000.0,3235568216.0,11.0,6.502,29300000.0,0.221,1.0,274300000.0,0.214,399100000.0,32100000.0,3775400000.0,,517700000.0,186500000.0,0.0,186500000.0,3437000000.0,1411900000.0,2025100000.0,1852668216.0,-29200000.0,0.0,-20600000.0,8700000.0,0.0,-12400000.0,-98200000.0,-26600000.0,100900000.0,-7800000.0,-7200000.0,-7200000.0,-7200000.0,42700000.0,0.0,-0.006,198100000.0,76200000.0,685800000.0,0.0,2.54,17.396,17.903,1727500000.0,0.0,14.0,0.408,0.408,840600000.0,1075700000.0,1279900000.0,1279900000.0,44800000.0,,,,,0.0,153300000.0,1.0,132333444.0,132333444.0,,9.672,3767300000.0,178000000.0,11800000.0,66100000.0,28.468,269800000.0
91,FMC,MRQ,1998-09-30,1998-09-30,1998-09-30,2021-09-07,-131900000.0,4163700000.0,,1704200000.0,2459500000.0,,5.617,-40500000.0,90900000.0,90900000.0,824600000.0,55500000.0,1.187,4.483,1473800000.0,171700000.0,1302100000.0,1473800000.0,0.0,51700000.0,0.0,0.0,0.0,105500000.0,157200000.0,0.142,157200000.0,105500000.0,74800000.0,0.41,0.4,0.41,759400000.0,,759400000.0,3174535631.0,14.0,7.129,242900000.0,1.797,1.0,286100000.0,0.258,397700000.0,30700000.0,3713200000.0,,538200000.0,162500000.0,0.0,162500000.0,3404300000.0,1435700000.0,1968600000.0,1780235631.0,20900000.0,0.0,-85600000.0,8400000.0,0.0,-79200000.0,-164800000.0,-124300000.0,283400000.0,400000.0,55500000.0,55500000.0,55500000.0,0.0,0.0,0.05,180300000.0,105800000.0,668800000.0,0.0,2.344,17.696,17.118,1701000000.0,0.0,12.89,0.415,0.406,820800000.0,1082900000.0,1110700000.0,1110700000.0,37000000.0,,,,,0.0,143300000.0,1.0,138109824.0,135200000.0,138800000.0,8.215,3766000000.0,150500000.0,19300000.0,55100000.0,27.855,268500000.0
92,FMC,MRQ,1998-06-30,1998-06-30,1998-06-30,2021-09-07,-145000000.0,4137600000.0,,1766400000.0,2371200000.0,,5.611,-43500000.0,70000000.0,70000000.0,820400000.0,67600000.0,1.3,4.328,1464300000.0,179100000.0,1285200000.0,1464300000.0,0.0,49200000.0,0.0,0.0,0.0,122000000.0,171200000.0,0.152,171200000.0,122000000.0,91200000.0,0.487,0.472,0.487,776600000.0,,776600000.0,3860926470.0,17.0,8.595,127600000.0,0.922,1.0,309000000.0,0.274,403700000.0,30800000.0,3769800000.0,,592200000.0,36600000.0,0.0,36600000.0,3361000000.0,1358400000.0,2002600000.0,2364426470.0,11800000.0,0.0,-13200000.0,-91600000.0,0.0,-104800000.0,-39800000.0,3700000.0,171100000.0,-800000.0,67600000.0,67600000.0,67600000.0,0.0,0.0,0.06,188700000.0,120300000.0,645300000.0,0.0,3.045,21.893,22.284,1697900000.0,0.0,17.047,0.556,0.554,814100000.0,1027500000.0,1129400000.0,1129400000.0,37800000.0,,,,,0.0,150900000.0,1.0,138696376.0,138400000.0,142800000.0,8.16,3733900000.0,162500000.0,23600000.0,48700000.0,26.979,408000000.0
93,FMC,MRQ,1998-03-31,1998-03-31,1998-03-31,2021-09-07,-141000000.0,4171600000.0,,1815800000.0,2355800000.0,,5.216,-49200000.0,58200000.0,58200000.0,757300000.0,-9300000.0,1.293,4.746,1554700000.0,245000000.0,1309700000.0,1554700000.0,0.0,53200000.0,0.0,0.0,0.0,26800000.0,80000000.0,0.078,80000000.0,26800000.0,100000.0,-0.068,-0.065,-0.068,726000000.0,,726000000.0,4002036202.0,19.0,8.897,-174600000.0,-1.254,1.0,265100000.0,0.259,408400000.0,26700000.0,3855900000.0,,572800000.0,38200000.0,0.0,38200000.0,3445600000.0,1403800000.0,2041800000.0,2724136202.0,-4500000.0,0.0,-19900000.0,211600000.0,0.0,188900000.0,-48700000.0,500000.0,-125400000.0,-2200000.0,-9300000.0,-9300000.0,-9300000.0,0.0,0.0,-0.009,203400000.0,61700000.0,643000000.0,0.0,3.752,24.086,25.654,1689400000.0,0.0,19.625,0.637,0.638,874700000.0,959900000.0,1022400000.0,1022400000.0,38100000.0,,,,,0.0,165300000.0,1.0,138809488.0,139200000.0,143200000.0,7.345,3763200000.0,171700000.0,9400000.0,57200000.0,27.034,412000000.0
94,FMC,MRQ,1997-12-31,1997-12-31,1997-12-31,2021-09-07,-135700000.0,4113100000.0,,1715600000.0,2397500000.0,,5.167,-76200000.0,62700000.0,62700000.0,773800000.0,-13200000.0,1.171,4.408,1340600000.0,200400000.0,1140200000.0,1340600000.0,0.0,57800000.0,0.0,0.0,0.0,-20900000.0,36900000.0,0.036,36900000.0,-20900000.0,-52600000.0,-0.077,-0.045,-0.077,760600000.0,,760600000.0,4075063351.0,17.0,8.421,128100000.0,0.87,1.0,255200000.0,0.248,420400000.0,31700000.0,3506100000.0,,524100000.0,35900000.0,0.0,35900000.0,3352500000.0,1464500000.0,1888000000.0,2476863351.0,-23200000.0,0.0,-145800000.0,-344700000.0,0.0,-490600000.0,-82900000.0,-6700000.0,204300000.0,-4000000.0,-13200000.0,-13200000.0,-13200000.0,-191400000.0,0.0,-0.013,471700000.0,-216500000.0,663500000.0,0.0,3.256,15.252,15.256,1679300000.0,0.0,16.828,0.582,0.582,834200000.0,969200000.0,1029000000.0,1029000000.0,47200000.0,,,,,0.0,159600000.0,1.0,147191404.0,147191404.0,,6.991,3692700000.0,172000000.0,-39400000.0,105800000.0,25.088,251100000.0
95,FMC,MRQ,1997-09-30,1997-09-30,1997-09-30,2021-09-07,-129800000.0,4386500000.0,,1692700000.0,2693800000.0,,6.22,-55200000.0,85900000.0,85900000.0,779300000.0,62900000.0,1.154,3.739,1684100000.0,358300000.0,1325800000.0,1684100000.0,0.0,60800000.0,0.0,0.0,0.0,100300000.0,161100000.0,0.15,161100000.0,100300000.0,72500000.0,0.422,0.407,0.422,925600000.0,,925600000.0,4899934026.0,13.0,8.039,57500000.0,0.386,1.0,295400000.0,0.275,441100000.0,27800000.0,4077200000.0,,557100000.0,31500000.0,0.0,31500000.0,3460900000.0,1466400000.0,1994500000.0,3302534026.0,-19700000.0,0.0,-40400000.0,-22500000.0,0.0,-66500000.0,-36300000.0,18900000.0,112700000.0,-1300000.0,62900000.0,62900000.0,62900000.0,0.0,0.0,0.059,192200000.0,103200000.0,569500000.0,0.0,3.568,14.998,14.713,1840200000.0,0.0,22.188,0.77,0.77,837600000.0,982400000.0,1074700000.0,1074700000.0,43800000.0,,,,,0.0,148400000.0,1.0,148846604.0,148800000.0,153600000.0,7.222,3945400000.0,131400000.0,9600000.0,38000000.0,26.515,226300000.0
96,FMC,MRQ,1997-06-30,1997-06-30,1997-06-30,2021-09-07,-113000000.0,4992900000.0,,2223900000.0,2769000000.0,,6.182,-73400000.0,105600000.0,105600000.0,830300000.0,72700000.0,1.142,4.428,1703000000.0,387900000.0,1315100000.0,1703000000.0,0.0,63600000.0,0.0,0.0,0.0,108200000.0,171800000.0,0.149,171800000.0,108200000.0,79500000.0,0.487,0.475,0.487,919900000.0,,919900000.0,4688175168.0,13.0,7.97,137700000.0,0.925,1.0,322600000.0,0.28,470100000.0,28700000.0,4172100000.0,,893400000.0,52500000.0,0.0,52500000.0,4073000000.0,1948100000.0,2124900000.0,2962175168.0,53600000.0,0.0,-5300000.0,-79800000.0,0.0,-85000000.0,-74400000.0,-1000000.0,211100000.0,-3100000.0,72700000.0,72700000.0,72700000.0,0.0,0.0,0.063,211500000.0,111100000.0,945700000.0,0.0,3.22,13.979,13.754,1958100000.0,0.0,19.875,0.698,0.696,985200000.0,919500000.0,1152900000.0,1152900000.0,41900000.0,,,,,0.0,169600000.0,1.0,149040260.0,148800000.0,153200000.0,7.748,4522800000.0,151000000.0,6800000.0,57800000.0,30.395,275800000.0
97,FMC,MRQ,1997-03-31,1997-03-31,1997-03-31,2021-09-07,-101000000.0,4926800000.0,,2168400000.0,2758400000.0,,5.808,-54800000.0,52000000.0,52000000.0,753200000.0,40000000.0,1.121,4.7,1778000000.0,484700000.0,1293300000.0,1778000000.0,0.0,56200000.0,0.0,0.0,0.0,57900000.0,114100000.0,0.114,114100000.0,57900000.0,27800000.0,0.268,0.263,0.268,864300000.0,,864300000.0,4040090992.0,11.0,6.952,5100000.0,0.034,1.0,249200000.0,0.249,476300000.0,30100000.0,4241600000.0,,851800000.0,54500000.0,0.0,54500000.0,4062500000.0,1934900000.0,2127600000.0,2280490992.0,-22800000.0,0.0,4100000.0,-62200000.0,0.0,-62500000.0,-44800000.0,10000000.0,59900000.0,-2600000.0,40000000.0,40000000.0,40000000.0,0.0,0.0,0.04,188900000.0,60300000.0,898600000.0,0.0,2.639,11.665,11.53,1941300000.0,0.0,15.312,0.523,0.523,1013300000.0,846700000.0,1002400000.0,1002400000.0,41100000.0,,,,,0.0,147800000.0,1.0,148930024.0,148800000.0,152400000.0,6.737,4450500000.0,153900000.0,-12200000.0,57400000.0,29.909,233500000.0
98,FMC,MRQ,1996-12-31,1996-12-31,1996-12-31,2021-09-07,-65500000.0,4467400000.0,,1762800000.0,2704600000.0,,5.746,-124000000.0,74800000.0,74800000.0,762100000.0,44600000.0,1.108,4.22,1834400000.0,566000000.0,1268400000.0,1834400000.0,0.0,59500000.0,0.0,0.0,0.0,103000000.0,162500000.0,0.154,162500000.0,103000000.0,70900000.0,0.33,0.292,0.33,855800000.0,,855800000.0,,,,-114800000.0,-0.771,1.0,295300000.0,0.279,471700000.0,32100000.0,4164500000.0,,497300000.0,54500000.0,0.0,54500000.0,3611600000.0,1590800000.0,2020800000.0,2610743321.0,-41800000.0,0.0,1700000.0,48000000.0,7000000.0,49800000.0,-96100000.0,27900000.0,9200000.0,4100000.0,44600000.0,44600000.0,44600000.0,-13500000.0,0.0,0.042,214100000.0,81200000.0,538700000.0,0.0,3.051,12.391,12.319,1834500000.0,0.0,17.53,0.661,0.661,913700000.0,806800000.0,1057400000.0,1057400000.0,48100000.0,,,,,0.0,166000000.0,1.0,148930024.0,148930024.0,,7.1,3995700000.0,162000000.0,26300000.0,51000000.0,26.829,172000000.0
99,FMC,MRQ,1996-09-30,1996-09-30,1996-09-30,2021-09-07,,,,,,,,-101100000.0,,,744400000.0,54600000.0,,,,,,,,41400000.0,,0.0,0.0,98400000.0,139800000.0,0.135,139800000.0,98400000.0,72800000.0,0.36,0.36,0.36,,,,,,,-52800000.0,-0.346,1.0,289400000.0,0.28,,25600000.0,,,,,,,,,,,-3200000.0,0.0,2000000.0,-105400000.0,-7000000.0,-94500000.0,-99800000.0,1300000.0,48300000.0,-400000.0,54600000.0,54600000.0,54600000.0,-3200000.0,0.0,0.053,190500000.0,98900000.0,,0.0,,,,,0.0,16.97,,,,,1033800000.0,1033800000.0,45100000.0,,,,,0.0,145400000.0,1.0,,152400000.0,152400000.0,6.783,,,18200000.0,,,
100,FMC,MRQ,1996-06-30,1996-06-30,1996-06-30,2021-09-07,,,,,,,,-147000000.0,,,944500000.0,56300000.0,,,,,,,,62700000.0,,0.0,0.0,102000000.0,164700000.0,0.13,164700000.0,102000000.0,79300000.0,0.37,0.37,0.37,,,,,,,-216800000.0,-1.423,1.0,322300000.0,0.254,,22700000.0,,,,,,,,,,,12200000.0,0.0,7200000.0,242000000.0,0.0,236600000.0,-145400000.0,1600000.0,-69800000.0,600000.0,56300000.0,56300000.0,56300000.0,0.0,0.0,0.044,208300000.0,114000000.0,,0.0,,,,,0.0,16.188,,,,,1266800000.0,1266800000.0,45400000.0,,,,,0.0,162900000.0,1.0,,152400000.0,152400000.0,8.312,,,23000000.0,,,
101,FMC,MRQ,1996-03-31,1996-03-31,1996-03-31,2021-09-07,,,,,,,,-96300000.0,,,800300000.0,55200000.0,,,,,,,,59800000.0,,0.0,0.0,102600000.0,162400000.0,0.143,162400000.0,102600000.0,80000000.0,0.362,0.362,0.362,,,,,,,-161000000.0,-1.059,1.0,332800000.0,0.294,,22600000.0,,,,,,,,,,,36700000.0,0.0,9400000.0,196200000.0,0.0,202300000.0,-91900000.0,4400000.0,-64700000.0,-1100000.0,55200000.0,55200000.0,55200000.0,0.0,0.0,0.049,206700000.0,126100000.0,,0.0,,,,,0.0,18.719,,,,,1133100000.0,1133100000.0,43900000.0,,,,,0.0,162800000.0,1.0,,152000000.0,152000000.0,7.455,,,24800000.0,,,
102,FMC,MRQ,1995-12-31,1995-12-31,1995-12-31,2021-09-07,-36800000.0,4232500000.0,,1780800000.0,2451700000.0,,,,70900000.0,70900000.0,,,1.005,5.477,1425000000.0,450600000.0,974400000.0,1425000000.0,0.0,,0.0,0.0,0.0,,,,,,,,,,653500000.0,,653500000.0,,,,,,1.0,,,345600000.0,,3468900000.0,,600200000.0,98400000.0,0.0,98400000.0,3579000000.0,1772100000.0,1806900000.0,,,,,,,,,,,,,,,,,,,,835600000.0,,,,11.486,1705700000.0,,16.907,,,832900000.0,596100000.0,,,,,,,,,,1.0,,,,,3886900000.0,169600000.0,,37700000.0,,8700000.0
0,FMC,MRT,2021-06-30,2021-06-30,2021-06-30,2021-09-07,-304500000.0,10942100000.0,10331000000.0,5197300000.0,5744800000.0,0.452,24.137,-120200000.0,728500000.0,728500000.0,2662400000.0,545800000.0,1.353,2.51,3986600000.0,1355800000.0,2630800000.0,3986600000.0,0.0,168600000.0,0.0,0.017,1.88,833800000.0,1002400000.0,0.214,1002400000.0,833800000.0,699000000.0,4.22,4.19,4.22,3110700000.0,3006400000.0,3110700000.0,17300145631.0,21.0,17.259,549500000.0,4.264,1.0,2012000000.0,0.43,4040400000.0,134800000.0,6318300000.0,6280375000.0,1398100000.0,6600000.0,0.0,6600000.0,7808000000.0,3841500000.0,3966500000.0,13944445631.0,385800000.0,-68200000.0,-141900000.0,281700000.0,-238700000.0,-109300000.0,-177200000.0,0.0,669700000.0,2600000.0,546400000.0,546400000.0,546400000.0,32700000.0,-600000.0,0.117,1119800000.0,892200000.0,1158000000.0,0.445,4.483,25.521,25.64,776700000.0,0.0,108.2,2.983,2.983,2627300000.0,4767900000.0,4674400000.0,4674400000.0,296200000.0,0.053,0.182,0.133,0.178,17300000.0,704800000.0,1.0,128876577.0,128876577.0,,36.27,6901700000.0,227900000.0,152600000.0,442200000.0,53.553,1355800000.0
1,FMC,MRT,2021-03-31,2021-03-31,2021-03-31,2021-09-07,-282800000.0,10423300000.0,10093900000.0,4667100000.0,5756200000.0,0.455,23.259,-117500000.0,416700000.0,416700000.0,2584800000.0,527600000.0,1.381,2.457,3772400000.0,1141000000.0,2631400000.0,3772400000.0,0.0,166200000.0,0.0,0.017,1.84,819200000.0,985400000.0,0.215,985400000.0,819200000.0,676300000.0,4.07,4.04,4.07,3008600000.0,2934275000.0,3008600000.0,17147299816.0,21.0,17.401,555600000.0,4.295,1.0,2002900000.0,0.437,4049900000.0,142900000.0,6349000000.0,6337175000.0,1254700000.0,3900000.0,0.0,3900000.0,7392000000.0,3380100000.0,4011900000.0,14307799816.0,-19500000.0,-65600000.0,-114000000.0,-160400000.0,-233800000.0,-520400000.0,-177200000.0,0.0,673100000.0,5000000.0,527900000.0,527900000.0,527900000.0,28900000.0,-300000.0,0.115,1131400000.0,871500000.0,1074400000.0,0.452,4.756,27.103,27.177,764200000.0,0.0,110.61,3.119,3.119,2532800000.0,4627000000.0,4587700000.0,4587700000.0,294600000.0,0.052,0.18,0.129,0.179,16900000.0,714800000.0,1.0,129353583.0,129353583.0,,35.466,6373400000.0,225400000.0,148400000.0,437200000.0,49.271,1287000000.0
2,FMC,MRT,2020-12-31,2020-12-31,2020-12-31,2021-09-07,-282200000.0,10186400000.0,10035375000.0,4375600000.0,5810800000.0,0.463,22.826,-114400000.0,568900000.0,568900000.0,2590100000.0,550600000.0,1.547,2.432,3408400000.0,478900000.0,2929500000.0,3408400000.0,0.0,162700000.0,0.0,0.016,1.8,853700000.0,1016400000.0,0.219,1016400000.0,853700000.0,702400000.0,4.24,4.22,4.24,2961800000.0,2850975000.0,2961800000.0,17935290054.0,21.0,17.646,533400000.0,4.111,1.0,2052000000.0,0.442,4094100000.0,151300000.0,6102800000.0,6517800000.0,1095600000.0,3100000.0,0.0,3100000.0,7202200000.0,2829000000.0,4373200000.0,14912990054.0,229800000.0,-65600000.0,-33700000.0,24100000.0,-228500000.0,-250300000.0,-169300000.0,0.0,647800000.0,1600000.0,551500000.0,551500000.0,551500000.0,28300000.0,-900000.0,0.119,1149800000.0,902200000.0,946700000.0,0.425,5.035,27.041,27.106,771700000.0,0.0,114.93,3.213,3.213,2330300000.0,4506400000.0,4642100000.0,4642100000.0,287900000.0,0.055,0.193,0.131,0.184,18900000.0,729700000.0,1.0,129757157.0,129757157.0,,35.775,6092300000.0,229600000.0,150900000.0,432200000.0,46.952,1546600000.0
3,FMC,MRT,2020-09-30,2020-09-30,2020-09-30,2021-09-07,-357900000.0,9772200000.0,9956950000.0,4015200000.0,5757000000.0,0.471,22.726,-120500000.0,297100000.0,297100000.0,2580600000.0,500500000.0,1.695,2.311,3319400000.0,291100000.0,3028300000.0,3319400000.0,0.0,159700000.0,0.0,0.017,1.76,778800000.0,938500000.0,0.2,938500000.0,778800000.0,617000000.0,3.85,3.83,3.85,2944500000.0,2743600000.0,2944500000.0,17021673294.0,22.0,18.137,585600000.0,4.52,1.0,2106600000.0,0.449,4074800000.0,161800000.0,6351400000.0,6504025000.0,1155500000.0,1700000.0,0.0,1700000.0,6803800000.0,2368300000.0,4435500000.0,13722373294.0,-122600000.0,0.0,-62500000.0,-348000000.0,-223300000.0,-648200000.0,-175800000.0,0.0,706100000.0,-4700000.0,498800000.0,498800000.0,498800000.0,70200000.0,1700000.0,0.106,1239200000.0,867400000.0,757200000.0,0.457,4.66,27.511,27.509,739200000.0,0.0,105.91,2.928,2.928,2137900000.0,4519300000.0,4687200000.0,4687200000.0,279700000.0,0.05,0.182,0.12,0.166,21600000.0,771900000.0,1.0,129566361.0,129566361.0,,36.176,5697400000.0,256700000.0,118200000.0,441300000.0,43.973,1646900000.0
4,FMC,MRT,2020-06-30,2020-06-30,2020-06-30,2021-09-07,-415200000.0,9993700000.0,9964850000.0,4288200000.0,5705500000.0,0.463,21.802,-133500000.0,342700000.0,342700000.0,2544300000.0,477900000.0,1.598,2.531,3642000000.0,614500000.0,3027500000.0,3642000000.0,0.0,154800000.0,0.0,0.017,1.72,754200000.0,909000000.0,0.197,909000000.0,754200000.0,586300000.0,3.68,3.67,3.68,2822200000.0,2669775000.0,2822200000.0,16305628470.0,22.0,17.938,486800000.0,3.761,1.0,2072600000.0,0.449,4064600000.0,167900000.0,6545500000.0,6521900000.0,1138500000.0,1700000.0,0.0,1700000.0,7142800000.0,2682900000.0,4459900000.0,12895528470.0,259300000.0,0.0,-158100000.0,325100000.0,-218400000.0,-151200000.0,-206100000.0,0.0,620300000.0,-3700000.0,477800000.0,477800000.0,477800000.0,73100000.0,100000.0,0.103,1241300000.0,831300000.0,842200000.0,0.467,4.569,26.989,27.071,733800000.0,0.0,99.62,2.793,2.793,2342400000.0,4465100000.0,4616900000.0,4616900000.0,285400000.0,0.048,0.179,0.116,0.163,24000000.0,772500000.0,1.0,129447184.0,129447184.0,,35.666,5929100000.0,249600000.0,108500000.0,430400000.0,45.803,1605300000.0
5,FMC,MRT,2020-03-31,2020-03-31,2020-03-31,2021-09-07,-426800000.0,10189200000.0,9922550000.0,4472000000.0,5717200000.0,0.47,20.72,-144300000.0,436200000.0,436200000.0,2567300000.0,469200000.0,1.82,2.798,3846300000.0,314500000.0,3531800000.0,3846300000.0,0.0,151900000.0,0.0,0.021,1.68,744500000.0,896400000.0,0.192,896400000.0,744500000.0,577800000.0,3.58,3.58,3.58,2675400000.0,2655125000.0,2675400000.0,13543563577.0,18.0,15.109,293100000.0,2.27,1.0,2100400000.0,0.45,4071300000.0,166700000.0,7071500000.0,6305075000.0,1062700000.0,700000.0,0.0,700000.0,7486500000.0,2456500000.0,5030000000.0,10548163577.0,326700000.0,0.0,-259400000.0,671100000.0,-214100000.0,100200000.0,-205700000.0,0.0,437400000.0,-5200000.0,467900000.0,467900000.0,467900000.0,80400000.0,1300000.0,0.1,1269200000.0,831200000.0,838400000.0,0.469,3.943,22.544,22.818,735700000.0,0.0,81.69,2.26,2.26,2460100000.0,4337900000.0,4667700000.0,4667700000.0,294200000.0,0.047,0.176,0.118,0.16,26900000.0,798400000.0,1.0,129124294.0,129124294.0,,36.149,6117900000.0,234500000.0,109900000.0,400400000.0,47.38,2015500000.0
6,FMC,MRT,2019-12-31,2019-12-31,2019-12-31,2021-09-07,-412000000.0,9872700000.0,9861750000.0,4074800000.0,5797900000.0,0.467,19.537,-141900000.0,339100000.0,339100000.0,2526200000.0,480200000.0,1.496,2.887,3334500000.0,303400000.0,3031100000.0,3334500000.0,0.0,150100000.0,0.0,0.016,1.64,749300000.0,899400000.0,0.195,899400000.0,749300000.0,588900000.0,3.64,3.62,3.64,2532300000.0,2676525000.0,2532300000.0,16177501043.0,22.0,17.987,346600000.0,2.674,1.0,2083600000.0,0.452,4096500000.0,160400000.0,6047700000.0,5928575000.0,1017000000.0,700000.0,0.0,700000.0,7311300000.0,2723900000.0,4587400000.0,12938201043.0,177400000.0,0.0,-365500000.0,559200000.0,-210300000.0,-124200000.0,-186700000.0,0.0,488500000.0,-200000.0,477400000.0,477400000.0,477400000.0,63300000.0,2800000.0,0.104,1262000000.0,821600000.0,900100000.0,0.451,5.109,27.101,27.423,758000000.0,0.0,99.82,2.807,2.807,2231200000.0,4188800000.0,4609800000.0,4609800000.0,298100000.0,0.048,0.178,0.126,0.163,25600000.0,792900000.0,1.0,129615318.0,129615318.0,,35.565,5776200000.0,257400000.0,111500000.0,395400000.0,44.564,1350900000.0
7,FMC,MRT,2019-09-30,2019-09-30,2019-09-30,2021-09-07,-426800000.0,9803800000.0,9887150000.0,4077600000.0,5726200000.0,0.456,20.311,-154200000.0,419700000.0,419700000.0,2492600000.0,517600000.0,1.617,2.689,3659000000.0,626600000.0,3032400000.0,3659000000.0,0.0,149900000.0,0.0,0.018,1.6,726400000.0,876300000.0,0.194,876300000.0,726400000.0,578000000.0,3.89,3.87,3.89,2649200000.0,2823725000.0,2649200000.0,14662932472.0,20.0,16.733,-170200000.0,-1.305,1.0,2019300000.0,0.448,4098700000.0,148400000.0,6422900000.0,5775350000.0,1167400000.0,700000.0,0.0,700000.0,7124500000.0,2521500000.0,4603000000.0,11436332472.0,243200000.0,0.0,-487600000.0,870500000.0,-180600000.0,459800000.0,-203700000.0,0.0,-16000000.0,3100000.0,513000000.0,513000000.0,513000000.0,151900000.0,4600000.0,0.114,1132300000.0,887000000.0,667000000.0,0.411,4.317,22.293,22.54,728400000.0,0.0,87.68,2.535,2.535,2001100000.0,4249000000.0,4511900000.0,4511900000.0,298500000.0,0.052,0.182,0.126,0.161,24400000.0,771700000.0,1.0,130432624.0,130432624.0,,34.592,5705100000.0,289100000.0,65000000.0,413500000.0,43.74,1556100000.0
8,FMC,MRT,2019-06-30,2019-06-30,2019-06-30,2021-09-07,-353500000.0,9824500000.0,9787925000.0,4097000000.0,5727500000.0,0.452,20.991,-145000000.0,83400000.0,83400000.0,2439100000.0,502900000.0,1.268,2.544,3310000000.0,1165700000.0,2144300000.0,3310000000.0,0.0,151100000.0,0.0,0.016,1.365,713900000.0,865000000.0,0.196,865000000.0,713900000.0,573700000.0,3.74,3.72,3.74,2763600000.0,2923025000.0,2763600000.0,14028710362.0,20.0,16.218,-195500000.0,-1.485,1.0,1982100000.0,0.448,4142800000.0,140200000.0,5678200000.0,5552700000.0,1153400000.0,700000.0,0.0,700000.0,7029600000.0,3230100000.0,3799500000.0,10921010362.0,-243000000.0,9400000.0,-400500000.0,195700000.0,-150600000.0,-6200000.0,-188700000.0,0.0,-50500000.0,2400000.0,495400000.0,495400000.0,495400000.0,106700000.0,7500000.0,0.112,1149900000.0,832200000.0,785700000.0,0.365,3.952,22.045,22.179,730300000.0,0.0,82.95,2.47,2.47,2384000000.0,4210500000.0,4421200000.0,4421200000.0,291200000.0,0.051,0.169,0.129,0.161,23400000.0,778000000.0,1.0,131657750.0,131657750.0,,33.581,5681700000.0,288900000.0,78300000.0,419800000.0,43.155,866900000.0
9,FMC,MRT,2019-03-31,2019-03-31,2019-03-31,2021-09-07,-324400000.0,9946000000.0,9761350000.0,4204100000.0,5741900000.0,0.448,20.872,-139000000.0,109500000.0,109500000.0,2447500000.0,459100000.0,1.26,2.591,3217200000.0,1072200000.0,2145000000.0,3217200000.0,0.0,152700000.0,0.0,0.015,1.13,632300000.0,785000000.0,0.18,785000000.0,632300000.0,497200000.0,3.38,3.36,3.38,2761000000.0,2981175000.0,2761000000.0,12793973587.0,20.0,16.298,30600000.0,0.231,1.0,1922000000.0,0.44,4150600000.0,135100000.0,5565500000.0,5653700000.0,1137100000.0,700000.0,0.0,700000.0,7154200000.0,3337600000.0,3816600000.0,10161873587.0,-250200000.0,9400000.0,-299200000.0,-157800000.0,-120100000.0,-226800000.0,-200200000.0,0.0,169600000.0,7200000.0,450600000.0,450600000.0,450600000.0,55900000.0,8500000.0,0.103,1224300000.0,697700000.0,884500000.0,0.334,3.681,22.552,22.728,733800000.0,0.0,76.82,2.326,2.326,2530200000.0,4088400000.0,4369500000.0,4369500000.0,294000000.0,0.046,0.151,0.112,0.145,22300000.0,781400000.0,1.0,132281614.0,132281614.0,,33.032,5795400000.0,278000000.0,46600000.0,423100000.0,43.811,866500000.0
10,FMC,MRT,2018-12-31,2018-12-31,2018-12-31,2021-09-07,-308900000.0,9974300000.0,9812125000.0,4030200000.0,5944100000.0,0.437,23.178,-131500000.0,134400000.0,134400000.0,2405500000.0,511500000.0,1.346,2.167,2759800000.0,614800000.0,2145000000.0,2759800000.0,0.0,150200000.0,0.0,0.012,0.895,707400000.0,857600000.0,0.2,857600000.0,707400000.0,572900000.0,3.72,3.69,3.72,3121100000.0,3037575000.0,3121100000.0,12562499245.0,18.0,14.648,236900000.0,1.759,1.0,1879800000.0,0.439,4171500000.0,134500000.0,5434800000.0,5873425000.0,1025500000.0,700000.0,0.0,700000.0,6763900000.0,2993400000.0,3770500000.0,9959299245.0,-121300000.0,107600000.0,-196100000.0,-438500000.0,-89200000.0,-363300000.0,-130900000.0,0.0,368400000.0,4500000.0,502100000.0,502100000.0,502100000.0,26100000.0,9400000.0,0.117,1138900000.0,740900000.0,795500000.0,0.241,3.191,19.835,19.882,756900000.0,0.0,73.96,2.324,2.324,2143800000.0,4334300000.0,4285300000.0,4285300000.0,287700000.0,0.051,0.165,0.12,0.165,22500000.0,790000000.0,1.0,134657913.0,134657913.0,,31.824,5802800000.0,272800000.0,70800000.0,415900000.0,43.093,1036800000.0
11,FMC,MRT,2018-09-30,2018-09-30,2018-09-30,2021-09-07,-299500000.0,9406900000.0,9620125000.0,3491200000.0,5915700000.0,0.397,22.628,-78700000.0,176500000.0,176500000.0,2194700000.0,1008000000.0,1.537,2.077,2779700000.0,186400000.0,2593300000.0,2779700000.0,0.0,138000000.0,0.0,0.008,0.66,1439400000.0,1577400000.0,0.413,1577400000.0,1439400000.0,1309000000.0,7.43,7.41,7.43,3046400000.0,2927750000.0,3046400000.0,14523312887.0,10.0,9.207,351300000.0,2.609,1.0,1623400000.0,0.425,4206300000.0,130400000.0,5532300000.0,6044800000.0,995400000.0,700000.0,0.0,700000.0,6328600000.0,2271500000.0,4057100000.0,11737012887.0,82700000.0,-1118000000.0,5600000.0,1057800000.0,-89100000.0,971900000.0,-1321500000.0,0.0,430000000.0,2300000.0,999800000.0,999800000.0,999800000.0,-253300000.0,8200000.0,0.262,1106000000.0,517400000.0,784200000.0,0.089,3.853,11.739,11.734,1002700000.0,0.0,87.18,3.074,3.074,1901900000.0,4355100000.0,3818100000.0,3818100000.0,258900000.0,0.104,0.341,0.238,0.377,22100000.0,769800000.0,1.0,134629650.0,134629650.0,,28.36,5200600000.0,289600000.0,309200000.0,460800000.0,38.629,1219700000.0
12,FMC,MRT,2018-06-30,2018-06-30,2018-06-30,2021-09-07,-293200000.0,9718200000.0,8782600000.0,3993000000.0,5725200000.0,0.403,22.274,-66900000.0,326400000.0,326400000.0,2046600000.0,989000000.0,1.631,2.234,3112700000.0,219800000.0,2892900000.0,3112700000.0,0.0,125300000.0,0.0,0.007,0.66,1373200000.0,1498500000.0,0.423,1498500000.0,1373200000.0,1257800000.0,7.3,7.28,7.3,2996200000.0,2696225000.0,2996200000.0,15029316867.0,11.0,10.03,201900000.0,1.501,1.0,1494100000.0,0.422,3974000000.0,115400000.0,6082200000.0,5866850000.0,958700000.0,1500000.0,0.0,1500000.0,6692500000.0,2448300000.0,4244200000.0,12000016867.0,213200000.0,-1127400000.0,10000000.0,1286800000.0,-89100000.0,1207700000.0,-1265900000.0,0.0,268800000.0,2600000.0,982200000.0,982200000.0,982200000.0,-214300000.0,6800000.0,0.277,1007700000.0,486400000.0,947200000.0,0.09,4.005,12.217,12.221,1014300000.0,0.0,89.21,3.389,3.389,2194100000.0,4304700000.0,3540700000.0,3540700000.0,219000000.0,0.112,0.364,0.234,0.388,21900000.0,729700000.0,1.0,134514257.0,134514257.0,,26.322,5744200000.0,287200000.0,275600000.0,276000000.0,42.703,1544700000.0
13,FMC,MRT,2018-03-31,2018-03-31,2018-03-31,2021-09-07,-185500000.0,10149100000.0,7849125000.0,4335600000.0,5813500000.0,0.388,22.233,-54600000.0,359700000.0,359700000.0,1805000000.0,931800000.0,1.614,2.389,3389000000.0,395800000.0,2993200000.0,3389000000.0,0.0,109000000.0,0.0,0.009,0.66,1305400000.0,1414400000.0,0.465,1414400000.0,1305400000.0,1207200000.0,6.9,6.88,6.9,2986600000.0,2450150000.0,2986600000.0,13239790673.0,10.0,9.361,237400000.0,1.767,1.0,1238100000.0,0.407,4048000000.0,98200000.0,6444400000.0,5574950000.0,1035200000.0,1500000.0,0.0,1500000.0,7134400000.0,2686000000.0,4448400000.0,10285690673.0,263600000.0,-1127400000.0,10500000.0,1311500000.0,-89000000.0,1230500000.0,-1257600000.0,0.0,292000000.0,-1300000.0,927200000.0,927200000.0,927200000.0,-181600000.0,4600000.0,0.305,820000000.0,418100000.0,914100000.0,0.096,3.444,11.093,11.097,1030400000.0,0.0,76.57,3.38,3.38,2399700000.0,4197300000.0,3043100000.0,3043100000.0,175100000.0,0.118,0.378,0.234,0.429,21100000.0,659900000.0,1.0,134330556.0,134330556.0,,22.654,6101100000.0,261400000.0,280000000.0,334200000.0,45.419,1649600000.0
14,FMC,MRT,2017-12-31,2017-12-31,2017-12-31,2021-09-07,-240300000.0,9206300000.0,6820925000.0,3652700000.0,5553600000.0,0.371,19.974,-38300000.0,283000000.0,283000000.0,1579400000.0,538400000.0,1.653,2.423,3237100000.0,244100000.0,2993000000.0,3237100000.0,0.0,97800000.0,0.0,0.007,0.66,844700000.0,942500000.0,0.372,942500000.0,844700000.0,764700000.0,3.99,3.99,3.99,2681800000.0,2172825000.0,2681800000.0,14380420284.0,17.0,15.258,297200000.0,2.214,1.0,951800000.0,0.376,3830700000.0,80000000.0,6120300000.0,5291225000.0,992500000.0,1400000.0,0.0,1400000.0,6499200000.0,2209400000.0,4289800000.0,12709220284.0,218800000.0,-1225600000.0,19900000.0,1293500000.0,-88800000.0,1213100000.0,-1333800000.0,0.0,335500000.0,4000000.0,535800000.0,535800000.0,535800000.0,0.0,2600000.0,0.212,793300000.0,158500000.0,714200000.0,0.165,4.739,23.72,23.724,1025200000.0,0.0,94.66,5.021,5.021,2043500000.0,3952400000.0,2531200000.0,2531200000.0,138400000.0,0.079,0.247,0.16,0.334,21100000.0,581700000.0,1.0,134261782.0,134261782.0,,18.853,5375600000.0,252700000.0,228900000.0,272400000.0,40.038,1443300000.0
15,FMC,MRT,2017-09-30,2017-09-30,2017-09-30,2021-09-07,-288600000.0,6056800000.0,6054175000.0,3574200000.0,2482600000.0,0.427,15.808,-51700000.0,93800000.0,93800000.0,1605700000.0,23700000.0,2.192,1.85,1765000000.0,272100000.0,1492900000.0,1765000000.0,0.0,96600000.0,0.0,0.007,0.66,93800000.0,190400000.0,0.074,190400000.0,93800000.0,25400000.0,0.16,0.17,0.16,2120300000.0,1991800000.0,2120300000.0,13715806690.0,146.0,72.037,377500000.0,2.814,1.0,981700000.0,0.379,1276900000.0,68400000.0,4820500000.0,5115100000.0,614800000.0,1400000.0,0.0,1400000.0,3921600000.0,1630600000.0,2291000000.0,11979006690.0,-36900000.0,0.0,8600000.0,-269100000.0,-88800000.0,-380900000.0,-87800000.0,0.0,429200000.0,2600000.0,21600000.0,21600000.0,21600000.0,8100000.0,2100000.0,0.008,725300000.0,256400000.0,437700000.0,4.125,5.65,554.584,558.188,547000000.0,0.0,89.31,4.63,4.63,1457600000.0,3444600000.0,2587400000.0,2587400000.0,126900000.0,0.004,0.011,0.018,0.036,21000000.0,513800000.0,1.0,134128392.0,134128392.0,,19.29,4779900000.0,238800000.0,3800000.0,200300000.0,35.637,1943600000.0
16,FMC,MRT,2017-06-30,2017-06-30,2017-06-30,2021-09-07,-353400000.0,5984300000.0,6092425000.0,3485800000.0,2498500000.0,0.422,15.014,-70000000.0,113200000.0,113200000.0,1639600000.0,47500000.0,2.261,1.967,1850000000.0,257700000.0,1592300000.0,1850000000.0,0.0,97100000.0,0.0,0.009,0.66,133400000.0,230500000.0,0.09,230500000.0,133400000.0,68000000.0,0.34,0.35,0.34,2011900000.0,1982800000.0,2011900000.0,11786211547.0,88.0,51.133,463400000.0,3.458,1.0,930400000.0,0.362,1264600000.0,65400000.0,4914600000.0,5206725000.0,546300000.0,1300000.0,0.0,1300000.0,3957600000.0,1541900000.0,2415700000.0,9788811547.0,19600000.0,0.0,3000000.0,-258600000.0,-88600000.0,-375700000.0,-139500000.0,0.0,533400000.0,1400000.0,46100000.0,46100000.0,46100000.0,-38100000.0,1400000.0,0.018,678100000.0,252300000.0,433500000.0,1.941,4.865,212.339,214.853,538300000.0,0.0,73.05,3.809,3.809,1442300000.0,3411700000.0,2570000000.0,2570000000.0,127300000.0,0.008,0.023,0.026,0.052,20200000.0,459200000.0,1.0,134001527.0,134001527.0,,19.179,4719700000.0,237200000.0,21900000.0,175600000.0,35.221,1943900000.0
17,FMC,MRT,2017-03-31,2017-03-31,2017-03-31,2021-09-07,-425500000.0,6036300000.0,6166900000.0,3554200000.0,2482100000.0,0.41,14.042,-62300000.0,96100000.0,96100000.0,1597100000.0,39200000.0,2.387,2.208,2093500000.0,303100000.0,1790400000.0,2093500000.0,0.0,99300000.0,0.0,0.009,0.66,139100000.0,238400000.0,0.094,238400000.0,139100000.0,75700000.0,0.27,0.28,0.27,1877300000.0,1979100000.0,1877300000.0,11236894477.0,81.0,47.135,253900000.0,1.899,1.0,931400000.0,0.368,1235400000.0,63400000.0,5309500000.0,5311250000.0,526400000.0,1000000.0,0.0,1000000.0,4144900000.0,1488800000.0,2656100000.0,9303494477.0,31800000.0,0.0,-100000.0,-91900000.0,-88600000.0,-209500000.0,-122100000.0,0.0,316200000.0,500000.0,36600000.0,36600000.0,36600000.0,-58300000.0,2600000.0,0.014,661600000.0,269800000.0,390900000.0,2.444,4.956,254.194,257.741,535100000.0,0.0,69.59,3.679,3.679,1630600000.0,3359100000.0,2528500000.0,2528500000.0,128500000.0,0.006,0.018,0.026,0.055,20200000.0,439300000.0,1.0,133690106.0,133690106.0,,18.913,4800900000.0,235400000.0,39100000.0,156100000.0,35.911,2065400000.0
18,FMC,MRT,2016-12-31,2016-12-31,2016-12-31,2021-09-07,-478400000.0,6139300000.0,6255425000.0,2849200000.0,3290100000.0,0.406,14.627,-89300000.0,64200000.0,64200000.0,1607700000.0,211700000.0,1.981,2.118,1997500000.0,198700000.0,1798800000.0,1997500000.0,0.0,100600000.0,0.0,0.012,0.66,322700000.0,423300000.0,0.167,423300000.0,322700000.0,259200000.0,1.56,1.56,1.56,1957700000.0,1999825000.0,1957700000.0,9503722245.0,29.0,22.452,408500000.0,3.052,1.0,931200000.0,0.367,1218600000.0,63500000.0,5415800000.0,5330250000.0,478900000.0,1000000.0,0.0,1000000.0,4146300000.0,1438200000.0,2708100000.0,7569922245.0,-14400000.0,0.0,-8900000.0,-259200000.0,-88600000.0,-377000000.0,-135200000.0,0.0,497800000.0,0.0,209100000.0,209100000.0,209100000.0,-81000000.0,2600000.0,0.082,664600000.0,266600000.0,317400000.0,0.423,3.867,36.202,36.256,538100000.0,0.0,56.56,2.982,2.982,1692500000.0,3505500000.0,2538900000.0,2538900000.0,134500000.0,0.033,0.105,0.061,0.127,19800000.0,435100000.0,1.0,133838795.0,133838795.0,,18.97,4920700000.0,242100000.0,50100000.0,141400000.0,36.766,1411000000.0
19,FMC,MRT,2016-09-30,2016-09-30,2016-09-30,2021-09-07,-381500000.0,6209800000.0,6302075000.0,2804100000.0,3405700000.0,0.312,15.577,-38700000.0,130700000.0,130700000.0,1274700000.0,-7400000.0,2.142,1.962,2064500000.0,151200000.0,1913300000.0,2064500000.0,0.0,59800000.0,0.0,0.014,0.66,147800000.0,207600000.0,0.106,207600000.0,147800000.0,98100000.0,-0.08,-0.08,-0.08,2084300000.0,1976825000.0,2084300000.0,8519635906.0,58.0,41.039,301800000.0,2.255,1.0,689600000.0,0.351,1647800000.0,49700000.0,5187000000.0,5325550000.0,817400000.0,1100000.0,0.0,1100000.0,4089100000.0,1308800000.0,2780300000.0,6468335906.0,-43000000.0,-34500000.0,400000.0,-196600000.0,-88500000.0,-285100000.0,-101100000.0,66400000.0,340500000.0,2700000.0,-10900000.0,-10900000.0,-10900000.0,647500000.0,3500000.0,-0.006,626300000.0,63300000.0,371600000.0,-8.25,3.103,-593.425,-604.25,1031000000.0,0.0,48.34,3.293,3.293,1603400000.0,3511800000.0,1964300000.0,1964300000.0,131100000.0,-0.002,-0.006,0.028,0.075,18500000.0,390400000.0,1.0,133809183.0,133809183.0,,14.68,4562000000.0,268600000.0,109000000.0,199900000.0,34.093,1495300000.0
20,FMC,MRT,2016-06-30,2016-06-30,2016-06-30,2021-09-07,-406900000.0,6282200000.0,6361375000.0,2899100000.0,3383100000.0,0.341,14.931,-27300000.0,93600000.0,93600000.0,1470900000.0,-86600000.0,2.141,2.123,2144900000.0,156000000.0,1988900000.0,2144900000.0,0.0,72200000.0,0.0,0.014,0.66,38900000.0,111100000.0,0.051,111100000.0,38900000.0,-15600000.0,-0.69,-0.69,-0.69,1997100000.0,1984175000.0,1997100000.0,8310934188.0,214.0,74.806,11700000.0,0.087,1.0,695300000.0,0.321,1646700000.0,54500000.0,5332700000.0,5396925000.0,881900000.0,2800000.0,0.0,2800000.0,4240300000.0,1354100000.0,2886200000.0,6194034188.0,-383900000.0,0.0,700000.0,-273000000.0,-88500000.0,-361700000.0,-60600000.0,66400000.0,39000000.0,-600000.0,-93000000.0,-93000000.0,-93000000.0,683600000.0,6400000.0,-0.043,701500000.0,-6200000.0,440400000.0,-0.957,3.102,-66.603,-67.116,1025900000.0,0.0,46.31,2.859,2.859,1627600000.0,3454200000.0,2166200000.0,2166200000.0,137700000.0,-0.015,-0.047,0.007,0.018,18500000.0,427500000.0,1.0,133751548.0,133751548.0,,16.196,4635500000.0,277300000.0,77400000.0,203800000.0,34.658,1545000000.0
21,FMC,MRT,2016-03-31,2016-03-31,2016-03-31,2021-09-07,-394100000.0,6390400000.0,6559625000.0,2955200000.0,3435200000.0,0.372,14.666,-49800000.0,64300000.0,64300000.0,1672300000.0,592700000.0,2.036,2.238,2181200000.0,195000000.0,1986200000.0,2181200000.0,0.0,78900000.0,0.0,0.016,0.66,722800000.0,801700000.0,0.329,801700000.0,722800000.0,658800000.0,4.36,4.34,4.36,1960200000.0,2027350000.0,1960200000.0,7533183717.0,10.0,9.397,36000000.0,0.269,1.0,765700000.0,0.314,1670500000.0,64000000.0,5385500000.0,5419000000.0,854900000.0,2800000.0,0.0,2800000.0,4387100000.0,1451300000.0,2935800000.0,5395683717.0,-40900000.0,-1205100000.0,1000000.0,-364400000.0,-88400000.0,-452500000.0,374300000.0,66400000.0,85800000.0,-1800000.0,584100000.0,584100000.0,584100000.0,15600000.0,8600000.0,0.24,753900000.0,11800000.0,516400000.0,0.151,2.753,9.238,9.259,1027800000.0,0.0,40.37,2.213,2.213,1769200000.0,3411100000.0,2438000000.0,2438000000.0,143500000.0,0.089,0.288,0.133,0.296,17100000.0,472900000.0,1.0,133655777.0,133655777.0,,18.241,4719900000.0,282600000.0,74700000.0,210500000.0,35.314,1503900000.0
22,FMC,MRT,2015-12-31,2015-12-31,2015-12-31,2021-09-07,-457300000.0,6325900000.0,6289950000.0,2971900000.0,3354000000.0,0.396,13.962,-51500000.0,78600000.0,78600000.0,1690600000.0,498500000.0,2.045,2.368,2216100000.0,179800000.0,2036300000.0,2216100000.0,0.0,76800000.0,0.0,0.017,0.66,556400000.0,633200000.0,0.254,633200000.0,556400000.0,494200000.0,3.66,3.66,3.66,1865700000.0,1896025000.0,1865700000.0,7290367873.0,13.0,11.514,-409600000.0,-3.065,1.0,800400000.0,0.321,1613100000.0,62200000.0,5397000000.0,5262350000.0,800200000.0,2500000.0,0.0,2500000.0,4417600000.0,1453300000.0,2964300000.0,5228667873.0,-30900000.0,-1205100000.0,2200000.0,66100000.0,-86400000.0,-16700000.0,348700000.0,66400000.0,-358100000.0,-4800000.0,489000000.0,489000000.0,489000000.0,0.0,9500000.0,0.196,946900000.0,-146500000.0,403600000.0,0.18,2.803,10.693,10.691,1016400000.0,0.0,39.13,2.099,2.099,1851400000.0,3385000000.0,2491000000.0,2491000000.0,135900000.0,0.078,0.258,0.106,0.223,14000000.0,660700000.0,1.0,133622997.0,133622997.0,,18.642,4712800000.0,286900000.0,5200000.0,193100000.0,35.269,1518600000.0
23,FMC,MRT,2015-09-30,2015-09-30,2015-09-30,2021-09-07,-432700000.0,6447000000.0,6039975000.0,3238100000.0,3208900000.0,0.541,15.819,-125100000.0,173700000.0,173700000.0,2169900000.0,779500000.0,2.225,2.031,2235400000.0,186900000.0,2048500000.0,2235400000.0,0.0,114800000.0,0.0,0.019,0.645,767500000.0,882300000.0,0.27,882300000.0,767500000.0,694800000.0,5.74,5.72,5.74,2113700000.0,1812225000.0,2113700000.0,6429588346.0,8.0,7.287,-263600000.0,-1.973,1.0,1095100000.0,0.335,1581200000.0,72700000.0,5472500000.0,5018350000.0,906100000.0,3700000.0,0.0,3700000.0,4292400000.0,1455000000.0,2837400000.0,4530888346.0,49400000.0,-1170600000.0,3300000.0,35800000.0,-84300000.0,-122300000.0,316700000.0,27500000.0,-138500000.0,-6500000.0,769600000.0,769600000.0,769600000.0,-718200000.0,9900000.0,0.236,1036100000.0,59000000.0,484200000.0,0.112,2.144,5.887,5.908,1082800000.0,0.0,33.91,1.388,1.388,1689600000.0,3611200000.0,3265000000.0,3265000000.0,140600000.0,0.127,0.425,0.153,0.235,13600000.0,805800000.0,1.0,133615109.0,133615109.0,,24.436,4865800000.0,366200000.0,-74800000.0,302100000.0,36.417,1783100000.0
24,FMC,MRT,2015-06-30,2015-06-30,2015-06-30,2021-09-07,-399900000.0,7075200000.0,5741000000.0,3805700000.0,3269500000.0,0.567,16.249,-144400000.0,477500000.0,477500000.0,2095100000.0,839200000.0,1.921,2.243,2376200000.0,325300000.0,2050900000.0,2376200000.0,0.0,99800000.0,0.0,0.012,0.63,847500000.0,947300000.0,0.291,947300000.0,847500000.0,782200000.0,6.18,6.16,6.18,2169800000.0,1714600000.0,2169800000.0,9037620371.0,11.0,9.54,-57900000.0,-0.434,1.0,1158300000.0,0.356,1572300000.0,65300000.0,5421000000.0,4786575000.0,1041100000.0,4800000.0,0.0,4800000.0,4866900000.0,1980600000.0,2886300000.0,7017220371.0,363100000.0,-1205100000.0,3700000.0,215800000.0,-82300000.0,42200000.0,239100000.0,27500000.0,86500000.0,-4700000.0,828300000.0,828300000.0,828300000.0,-729600000.0,10900000.0,0.255,1029600000.0,128700000.0,578400000.0,0.102,3.234,8.472,8.503,1112800000.0,0.0,52.55,2.157,2.157,1865500000.0,3635700000.0,3253400000.0,3253400000.0,133600000.0,0.144,0.483,0.177,0.26,12000000.0,809500000.0,1.0,133534165.0,133534165.0,,24.364,5502900000.0,398300000.0,-46100000.0,602100000.0,41.21,1825100000.0
25,FMC,MRT,2015-03-31,2015-03-31,2015-03-31,2021-09-07,-409200000.0,5311700000.0,5254025000.0,3329600000.0,1982100000.0,0.602,10.763,-155300000.0,105200000.0,105200000.0,1992600000.0,206200000.0,1.652,2.678,2125600000.0,974700000.0,1150900000.0,2125600000.0,0.0,92400000.0,0.0,0.011,0.615,221400000.0,313800000.0,0.099,313800000.0,221400000.0,167600000.0,1.46,1.45,1.46,1434900000.0,1599800000.0,1434900000.0,9251736665.0,42.0,29.483,18000000.0,0.135,1.0,1168600000.0,0.37,557600000.0,53800000.0,4758900000.0,4535575000.0,640800000.0,4700000.0,0.0,4700000.0,3842300000.0,2015600000.0,1826700000.0,7632436665.0,12700000.0,0.0,3300000.0,251700000.0,-80200000.0,71600000.0,-228700000.0,27500000.0,173300000.0,-3500000.0,195100000.0,195100000.0,195100000.0,-56700000.0,11100000.0,0.062,992800000.0,175800000.0,316500000.0,0.421,5.319,39.121,39.212,902600000.0,0.0,57.25,2.414,2.414,1537400000.0,2915500000.0,3161200000.0,3161200000.0,127100000.0,0.037,0.122,0.049,0.07,12500000.0,773100000.0,1.0,133317671.0,133317671.0,,23.712,4754100000.0,382800000.0,-27500000.0,75200000.0,35.66,1314000000.0
26,FMC,MRT,2014-12-31,2014-12-31,2014-12-31,2021-09-07,-375800000.0,5326000000.0,5198775000.0,2934400000.0,2391600000.0,0.627,11.484,-182000000.0,109500000.0,109500000.0,2047800000.0,322100000.0,1.536,2.458,1714300000.0,575400000.0,1138900000.0,1714300000.0,0.0,93500000.0,0.0,0.011,0.6,415100000.0,508600000.0,0.156,508600000.0,415100000.0,363700000.0,2.3,2.29,2.3,1530500000.0,1649325000.0,1530500000.0,9261518208.0,22.0,18.21,191700000.0,1.438,1.0,1210900000.0,0.372,599400000.0,51400000.0,4421000000.0,4466250000.0,607600000.0,5500000.0,0.0,5500000.0,3762000000.0,1910400000.0,1851600000.0,7600218208.0,-13700000.0,0.0,3900000.0,-171200000.0,-78100000.0,-349900000.0,-35300000.0,27500000.0,373700000.0,-2200000.0,307500000.0,307500000.0,307500000.0,-14500000.0,14600000.0,0.094,796100000.0,414800000.0,378300000.0,0.261,4.966,24.716,24.796,930000000.0,0.0,57.03,2.332,2.332,1602500000.0,2984500000.0,3258700000.0,3258700000.0,126300000.0,0.059,0.186,0.093,0.127,10100000.0,589800000.0,1.0,133267021.0,133267021.0,,24.452,4726600000.0,422800000.0,56200000.0,73500000.0,35.467,1024000000.0
27,FMC,MRT,2014-09-30,2014-09-30,2014-09-30,2021-09-07,-163900000.0,5251100000.0,5176075000.0,2857300000.0,2393800000.0,0.533,12.933,-148400000.0,124300000.0,124300000.0,1649500000.0,275700000.0,1.641,2.012,1785600000.0,633700000.0,1151900000.0,1785600000.0,0.0,67200000.0,0.0,0.01,0.585,393900000.0,461100000.0,0.167,461100000.0,393900000.0,351200000.0,1.93,1.93,1.93,1723200000.0,1646650000.0,1723200000.0,9256059252.0,23.0,20.074,32800000.0,0.246,1.0,1108000000.0,0.402,625500000.0,42700000.0,4545400000.0,4446850000.0,754500000.0,26400000.0,0.0,26400000.0,3466800000.0,1741500000.0,1725300000.0,7620059252.0,14700000.0,0.0,3600000.0,19400000.0,-76100000.0,-82100000.0,-82100000.0,6200000.0,181200000.0,-2300000.0,258100000.0,258100000.0,258100000.0,10200000.0,17600000.0,0.094,688000000.0,420000000.0,440000000.0,0.303,4.422,29.524,29.632,1283300000.0,0.0,57.19,2.763,2.763,1572600000.0,2928300000.0,2757500000.0,2757500000.0,119400000.0,0.05,0.157,0.089,0.143,8700000.0,496900000.0,1.0,133241113.0,133241113.0,,20.696,4625600000.0,315100000.0,93100000.0,96700000.0,34.716,1115800000.0
28,FMC,MRT,2014-06-30,2014-06-30,2014-06-30,2021-09-07,-135700000.0,5127300000.0,5096000000.0,2752000000.0,2375300000.0,0.568,12.846,-180800000.0,114400000.0,114400000.0,1766900000.0,235500000.0,1.626,1.964,1750400000.0,596700000.0,1153700000.0,1750400000.0,0.0,78400000.0,0.0,0.008,0.57,380900000.0,459300000.0,0.159,459300000.0,380900000.0,341200000.0,1.64,1.64,1.64,1710600000.0,1546875000.0,1710600000.0,11256539870.0,30.0,24.508,29400000.0,0.221,1.0,1128900000.0,0.39,653400000.0,39700000.0,4417000000.0,4265975000.0,738200000.0,26700000.0,0.0,26700000.0,3358900000.0,1692900000.0,1666000000.0,9479839870.0,37000000.0,-339400000.0,-245800000.0,626900000.0,-74500000.0,292100000.0,-465300000.0,4500000.0,210200000.0,0.0,219700000.0,219700000.0,219700000.0,73200000.0,15800000.0,0.076,660700000.0,468200000.0,393300000.0,0.348,5.542,43.149,43.409,1284900000.0,0.0,71.19,3.274,3.274,1500000000.0,2891800000.0,2895800000.0,2895800000.0,118200000.0,0.043,0.142,0.089,0.132,9000000.0,481100000.0,1.0,133162521.0,133162521.0,,21.746,4473900000.0,317700000.0,121500000.0,112400000.0,33.597,1059100000.0
29,FMC,MRT,2014-03-31,2014-03-31,2014-03-31,2021-09-07,-142200000.0,5090700000.0,4901600000.0,2752500000.0,2338200000.0,0.607,12.289,-188500000.0,92500000.0,92500000.0,1836600000.0,243400000.0,1.594,2.084,1869200000.0,715200000.0,1154000000.0,1869200000.0,0.0,83300000.0,0.0,0.007,0.555,387000000.0,470300000.0,0.158,470300000.0,387000000.0,349400000.0,1.68,1.69,1.68,1633000000.0,1506125000.0,1633000000.0,11930328350.0,31.0,25.367,87900000.0,0.661,1.0,1140300000.0,0.383,659100000.0,37600000.0,4481600000.0,4059675000.0,702800000.0,26800000.0,0.0,26800000.0,3403300000.0,1726700000.0,1676600000.0,10173728350.0,9900000.0,-339400000.0,-241700000.0,536900000.0,-72900000.0,209200000.0,-474400000.0,3200000.0,276400000.0,-1300000.0,228600000.0,228600000.0,228600000.0,87000000.0,14800000.0,0.077,653100000.0,487200000.0,380200000.0,0.33,6.23,44.504,45.571,1268700000.0,0.0,76.56,3.418,3.418,1568300000.0,2802800000.0,2976900000.0,2976900000.0,113400000.0,0.047,0.152,0.095,0.13,6600000.0,488800000.0,1.0,132885689.0,132885689.0,,22.402,4431600000.0,313700000.0,120800000.0,106600000.0,33.349,1025800000.0
30,FMC,MRT,2013-12-31,2013-12-31,2013-12-31,2021-09-07,-201900000.0,5235200000.0,4740925000.0,2945000000.0,2290200000.0,0.66,11.404,-162900000.0,123200000.0,123200000.0,1929800000.0,308000000.0,1.482,2.41,1879800000.0,725700000.0,1154100000.0,1879800000.0,0.0,88000000.0,0.0,0.007,0.54,462000000.0,550000000.0,0.176,550000000.0,462000000.0,425500000.0,2.16,2.16,2.16,1519800000.0,1456900000.0,1519800000.0,11682744646.0,25.0,21.241,165800000.0,1.244,1.0,1200900000.0,0.384,661700000.0,36500000.0,4343400000.0,3983075000.0,688400000.0,26800000.0,0.0,26800000.0,3663100000.0,1986700000.0,1676400000.0,10056844646.0,46100000.0,-339600000.0,-356300000.0,888900000.0,-73600000.0,371200000.0,-653200000.0,0.0,328700000.0,-600000.0,293900000.0,293900000.0,293900000.0,63600000.0,14100000.0,0.094,662200000.0,538700000.0,475200000.0,0.25,6.617,34.219,34.935,1248300000.0,0.0,75.46,3.212,3.212,1484300000.0,2757300000.0,3130700000.0,3130700000.0,115600000.0,0.062,0.202,0.116,0.148,7100000.0,496100000.0,1.0,133273849.0,133273849.0,,23.491,4573500000.0,305400000.0,131600000.0,108400000.0,34.317,958300000.0
31,FMC,MRT,2013-09-30,2013-09-30,2013-09-30,2021-09-07,-385400000.0,4930800000.0,4525600000.0,2610700000.0,2320100000.0,0.809,9.71,-223800000.0,109600000.0,109600000.0,2352600000.0,382300000.0,1.263,2.687,1735500000.0,963700000.0,771800000.0,1735500000.0,0.0,123000000.0,0.0,0.008,0.54,545300000.0,668300000.0,0.183,668300000.0,545300000.0,503400000.0,2.68,2.67,2.68,1324100000.0,1447025000.0,1324100000.0,10787414076.0,20.0,16.142,116200000.0,0.852,1.0,1307000000.0,0.357,668300000.0,41900000.0,3821900000.0,3815675000.0,707700000.0,29500000.0,0.0,29500000.0,3557200000.0,2066500000.0,1490700000.0,9779814076.0,25200000.0,-368200000.0,-350900000.0,844300000.0,-68000000.0,342600000.0,-693800000.0,-10400000.0,340000000.0,100000.0,369000000.0,369000000.0,369000000.0,61100000.0,13300000.0,0.101,686500000.0,620500000.0,388900000.0,0.201,7.386,26.504,26.761,1163500000.0,0.0,71.72,2.672,2.672,1179600000.0,2748200000.0,3659600000.0,3659600000.0,114300000.0,0.082,0.255,0.143,0.149,6500000.0,506500000.0,1.0,136361044.0,136361044.0,,26.838,4262500000.0,333100000.0,134400000.0,80800000.0,31.259,544200000.0
32,FMC,MRT,2013-06-30,2013-06-30,2013-06-30,2021-09-07,-406700000.0,4349700000.0,4309375000.0,2182700000.0,2167000000.0,0.818,11.369,-176700000.0,77400000.0,77400000.0,2223500000.0,457000000.0,1.72,1.778,1085000000.0,322600000.0,762400000.0,1085000000.0,0.0,106700000.0,0.0,0.008,0.495,615300000.0,722000000.0,0.205,722000000.0,615300000.0,573400000.0,3.2,3.19,3.2,1547600000.0,1472150000.0,1547600000.0,9523906837.0,15.0,13.191,148200000.0,1.089,1.0,1300600000.0,0.369,496600000.0,41900000.0,3591800000.0,3687550000.0,661200000.0,43400000.0,0.0,43400000.0,2751100000.0,1268900000.0,1482200000.0,8312106837.0,1900000.0,-44600000.0,-101200000.0,213000000.0,-62000000.0,-36400000.0,-307300000.0,-11600000.0,324900000.0,-200000.0,441100000.0,441100000.0,441100000.0,15700000.0,15900000.0,0.125,652800000.0,647800000.0,344800000.0,0.155,5.371,18.844,19.081,1147300000.0,0.0,61.06,2.359,2.359,1092100000.0,2748400000.0,3524100000.0,3524100000.0,113400000.0,0.102,0.3,0.167,0.175,4800000.0,500300000.0,1.0,136130148.0,136130148.0,,25.888,3853100000.0,332600000.0,132300000.0,19200000.0,28.305,913800000.0
33,FMC,MRT,2013-03-31,2013-03-31,2013-03-31,2021-09-07,-406500000.0,4448000000.0,4198850000.0,2285300000.0,2162700000.0,0.846,10.431,-173400000.0,82600000.0,82600000.0,2242400000.0,446100000.0,2.314,2.064,1294400000.0,60500000.0,1233900000.0,1294400000.0,0.0,112300000.0,0.0,0.008,0.45,612200000.0,724500000.0,0.204,724500000.0,612200000.0,569900000.0,3.1,3.09,3.1,1436100000.0,1415100000.0,1436100000.0,8770741657.0,14.0,12.106,117400000.0,0.853,1.0,1310900000.0,0.369,496900000.0,42300000.0,4175200000.0,3601225000.0,678900000.0,44500000.0,0.0,44500000.0,2964800000.0,987700000.0,1977100000.0,7851341657.0,11800000.0,-121800000.0,-103600000.0,329900000.0,-56000000.0,90100000.0,-380900000.0,-14100000.0,290800000.0,-200000.0,428000000.0,428000000.0,428000000.0,25300000.0,18100000.0,0.12,654200000.0,656700000.0,361900000.0,0.145,5.467,18.344,18.397,1127300000.0,0.0,57.03,2.21,2.21,1223100000.0,2649000000.0,3553300000.0,3553300000.0,114100000.0,0.102,0.302,0.17,0.172,6100000.0,501300000.0,1.0,137670378.0,137670378.0,,25.81,3951100000.0,338900000.0,141900000.0,32800000.0,28.7,1297600000.0
34,FMC,MRT,2012-12-31,2012-12-31,2012-12-31,2021-09-07,-408900000.0,4373900000.0,4049750000.0,2181900000.0,2192000000.0,0.842,10.774,-174500000.0,77100000.0,77100000.0,2141600000.0,435700000.0,1.922,1.904,995800000.0,87000000.0,908800000.0,995800000.0,0.0,115900000.0,0.0,0.007,0.405,591500000.0,707400000.0,0.207,707400000.0,591500000.0,550700000.0,3.01,3.0,3.01,1480300000.0,1365450000.0,1480300000.0,8852702966.0,15.0,12.514,185200000.0,1.348,1.0,1268300000.0,0.372,483300000.0,40800000.0,3673800000.0,3412650000.0,642400000.0,26100000.0,0.0,26100000.0,2819100000.0,1135500000.0,1683600000.0,8040302966.0,-81800000.0,-142800000.0,-130300000.0,138100000.0,-47800000.0,-48200000.0,-393600000.0,-13900000.0,359700000.0,300000.0,416200000.0,416200000.0,416200000.0,27500000.0,19500000.0,0.122,629200000.0,639100000.0,404200000.0,0.135,5.432,19.318,19.442,956200000.0,0.0,58.52,2.358,2.358,1073700000.0,2536500000.0,3409900000.0,3409900000.0,112000000.0,0.103,0.305,0.173,0.173,6300000.0,489700000.0,1.0,137394104.0,137394104.0,,24.818,3890600000.0,358000000.0,134500000.0,32900000.0,28.317,1046400000.0
35,FMC,MRT,2012-09-30,2012-09-30,2012-09-30,2021-09-07,-369200000.0,4065900000.0,3892150000.0,2025500000.0,2040400000.0,0.831,10.374,-145400000.0,84400000.0,84400000.0,2025400000.0,411200000.0,1.863,1.809,896800000.0,88900000.0,807900000.0,896800000.0,0.0,89900000.0,0.0,0.006,0.345,586900000.0,676800000.0,0.209,676800000.0,586900000.0,548700000.0,2.83,2.81,2.83,1424600000.0,1305525000.0,1424600000.0,8414766077.0,14.0,12.433,401700000.0,2.925,1.0,1209400000.0,0.374,481600000.0,38200000.0,3309400000.0,3268100000.0,620500000.0,35600000.0,0.0,35600000.0,2577800000.0,1087300000.0,1490500000.0,7604666077.0,-25000000.0,-237500000.0,-188900000.0,300000000.0,-46000000.0,51600000.0,-491400000.0,-12900000.0,547100000.0,-1100000.0,391900000.0,391900000.0,391900000.0,41600000.0,19300000.0,0.121,559000000.0,650400000.0,384500000.0,0.122,5.338,19.405,19.569,1071300000.0,0.0,55.38,2.351,2.351,1009200000.0,2453000000.0,3234800000.0,3234800000.0,110600000.0,0.101,0.3,0.18,0.181,6500000.0,456500000.0,1.0,137317914.0,137317914.0,,23.557,3584300000.0,340600000.0,156800000.0,68600000.0,26.102,938200000.0
36,FMC,MRT,2012-06-30,2012-06-30,2012-06-30,2021-09-07,-390800000.0,3907600000.0,3723075000.0,1952700000.0,1954900000.0,0.88,9.621,-165800000.0,75500000.0,75500000.0,2076200000.0,407500000.0,1.96,1.911,885600000.0,75600000.0,810000000.0,885600000.0,0.0,103600000.0,0.0,0.006,0.33,582900000.0,686500000.0,0.21,686500000.0,582900000.0,545400000.0,2.79,2.77,2.79,1319400000.0,1278875000.0,1319400000.0,8236426855.0,14.0,11.998,445100000.0,3.246,1.0,1198800000.0,0.366,474800000.0,37500000.0,3246500000.0,3128600000.0,559600000.0,33000000.0,0.0,33000000.0,2521100000.0,996400000.0,1524700000.0,7333926855.0,-111100000.0,-223200000.0,-289100000.0,235200000.0,-44300000.0,-114400000.0,-478100000.0,-10000000.0,610900000.0,-3100000.0,388700000.0,388700000.0,388700000.0,36700000.0,18800000.0,0.119,558500000.0,640300000.0,366400000.0,0.118,5.559,18.868,19.168,1021000000.0,0.0,53.48,2.239,2.239,993700000.0,2375400000.0,3275000000.0,3275000000.0,110300000.0,0.104,0.304,0.186,0.178,7700000.0,448400000.0,1.0,137134010.0,137134010.0,,23.882,3432800000.0,356100000.0,156700000.0,60700000.0,25.032,956300000.0
37,FMC,MRT,2012-03-31,2012-03-31,2012-03-31,2021-09-07,-370700000.0,3851600000.0,3612725000.0,1943300000.0,1908300000.0,0.881,8.86,-164200000.0,70800000.0,70800000.0,2022200000.0,409400000.0,2.119,2.062,973300000.0,62900000.0,910400000.0,973300000.0,0.0,101400000.0,0.0,0.006,0.315,564600000.0,666000000.0,0.209,666000000.0,564600000.0,528100000.0,2.78,2.75,2.78,1237500000.0,1289200000.0,1237500000.0,8078161546.0,14.0,12.129,416900000.0,2.985,1.0,1159800000.0,0.364,416000000.0,36500000.0,3420900000.0,3011950000.0,509900000.0,31000000.0,0.0,31000000.0,2552000000.0,917200000.0,1634800000.0,7392961546.0,-15200000.0,-146000000.0,-301200000.0,284900000.0,-42700000.0,-74300000.0,-393400000.0,-6200000.0,581100000.0,-800000.0,391000000.0,391000000.0,391000000.0,37500000.0,18400000.0,0.123,539400000.0,620400000.0,376100000.0,0.113,5.974,18.908,19.04,1011800000.0,0.0,52.93,2.323,2.323,1051100000.0,2282900000.0,3182000000.0,3182000000.0,106900000.0,0.108,0.303,0.187,0.177,8000000.0,429000000.0,1.0,139674316.0,139674316.0,,22.782,3435600000.0,377100000.0,137100000.0,41300000.0,24.597,1026100000.0
38,FMC,MRT,2011-12-31,2011-12-31,2011-12-31,2021-09-07,-390000000.0,3743500000.0,3503875000.0,1869400000.0,1874100000.0,0.867,8.808,-155600000.0,158900000.0,158900000.0,1935700000.0,382200000.0,2.032,1.966,844100000.0,65000000.0,779100000.0,844100000.0,0.0,99600000.0,0.0,0.007,0.3,533900000.0,633500000.0,0.209,633500000.0,533900000.0,498800000.0,2.57,2.55,2.57,1240600000.0,1295250000.0,1240600000.0,6534695694.0,12.0,10.315,350400000.0,2.488,1.0,1100600000.0,0.362,413200000.0,35100000.0,3095600000.0,2882050000.0,470300000.0,28300000.0,0.0,28300000.0,2439400000.0,919900000.0,1519500000.0,6059195694.0,-2600000.0,-124800000.0,-158000000.0,187900000.0,-41200000.0,-25300000.0,-358000000.0,-3200000.0,506000000.0,-600000.0,365900000.0,365900000.0,365900000.0,38100000.0,16300000.0,0.121,513200000.0,587400000.0,382100000.0,0.117,4.884,16.56,16.739,986800000.0,0.0,43.02,1.996,1.996,931300000.0,2176200000.0,3036300000.0,3036300000.0,101100000.0,0.104,0.282,0.185,0.176,7400000.0,405800000.0,1.0,140846018.0,140846018.0,,21.558,3330300000.0,382400000.0,132900000.0,15500000.0,23.645,949500000.0
39,FMC,MRT,2011-09-30,2011-09-30,2011-09-30,2021-09-07,-293500000.0,3389600000.0,3397975000.0,1690300000.0,1699300000.0,0.965,9.196,-165500000.0,109400000.0,109400000.0,2141100000.0,250200000.0,1.858,1.526,584900000.0,91300000.0,493600000.0,584900000.0,0.0,128900000.0,0.0,0.008,0.287,395800000.0,524700000.0,0.16,524700000.0,395800000.0,355800000.0,1.65,1.64,1.65,1318000000.0,1267975000.0,1318000000.0,5405049990.0,14.0,10.301,253800000.0,1.771,1.0,1138700000.0,0.347,204200000.0,40000000.0,2751400000.0,2760300000.0,444300000.0,26000000.0,0.0,26000000.0,2011300000.0,909500000.0,1101800000.0,4955849990.0,-157900000.0,-9000000.0,-200200000.0,-98300000.0,-39700000.0,-343900000.0,-183600000.0,0.0,419300000.0,1900000.0,234500000.0,234500000.0,234500000.0,31500000.0,15700000.0,0.071,699800000.0,438900000.0,345600000.0,0.174,3.76,21.134,20.958,954800000.0,0.0,34.58,1.511,1.511,854300000.0,2108800000.0,3279800000.0,3279800000.0,106200000.0,0.069,0.185,0.143,0.121,4500000.0,450200000.0,1.0,143315500.0,143315500.0,,22.885,3185400000.0,367200000.0,121300000.0,33700000.0,22.226,780800000.0
40,FMC,MRT,2011-06-30,2011-06-30,2011-06-30,2021-09-07,-270000000.0,3466200000.0,3401525000.0,1753100000.0,1713100000.0,0.938,9.484,-154000000.0,186600000.0,186600000.0,2084200000.0,245200000.0,1.895,1.503,635800000.0,150300000.0,485500000.0,635800000.0,0.0,129800000.0,0.0,0.006,0.275,394900000.0,524700000.0,0.164,524700000.0,394900000.0,354400000.0,1.61,1.595,1.61,1360700000.0,1264025000.0,1360700000.0,6768907230.0,17.0,12.901,209500000.0,1.46,1.0,1106000000.0,0.347,210200000.0,40500000.0,2779900000.0,2769800000.0,421300000.0,25400000.0,0.0,25400000.0,2044900000.0,925300000.0,1119600000.0,6171107230.0,24200000.0,-7500000.0,-107200000.0,-19700000.0,-38000000.0,-123500000.0,-167300000.0,0.0,363500000.0,4000000.0,230600000.0,230600000.0,230600000.0,25500000.0,14600000.0,0.072,675600000.0,430400000.0,320900000.0,0.171,4.535,26.761,26.714,957400000.0,0.0,43.01,1.934,1.934,858400000.0,2032700000.0,3190200000.0,3190200000.0,102400000.0,0.068,0.182,0.143,0.124,-37500000.0,439500000.0,1.0,143480754.0,143480754.0,,22.234,3256000000.0,375800000.0,123800000.0,16500000.0,22.693,827800000.0
41,FMC,MRT,2011-03-31,2011-03-31,2011-03-31,2021-09-07,-277700000.0,3416200000.0,3339750000.0,1717500000.0,1698700000.0,0.945,8.825,-140100000.0,86000000.0,86000000.0,2083000000.0,201900000.0,1.895,1.663,683800000.0,149900000.0,533900000.0,683800000.0,0.0,130100000.0,0.0,0.006,0.263,360400000.0,490500000.0,0.155,490500000.0,360400000.0,321000000.0,1.31,1.305,1.31,1261700000.0,1212600000.0,1261700000.0,6571792731.0,18.0,13.398,210300000.0,1.471,1.0,1071800000.0,0.34,206400000.0,39400000.0,2901300000.0,2775900000.0,379600000.0,23800000.0,0.0,23800000.0,2098800000.0,906300000.0,1192500000.0,6071292731.0,-700000.0,-7500000.0,-119300000.0,-40600000.0,-36300000.0,-149300000.0,-156000000.0,0.0,350400000.0,2000000.0,189100000.0,189100000.0,189100000.0,35900000.0,12800000.0,0.06,665600000.0,406200000.0,351200000.0,0.201,4.812,32.106,32.416,938800000.0,0.0,42.465,1.924,1.924,973900000.0,1936300000.0,3154800000.0,3154800000.0,99700000.0,0.057,0.156,0.13,0.114,-45300000.0,426200000.0,1.0,142971688.0,142971688.0,,22.066,3209800000.0,387200000.0,131900000.0,11400000.0,22.451,811200000.0
42,FMC,MRT,2010-12-31,2010-12-31,2010-12-31,2021-09-07,-311700000.0,3319900000.0,3293950000.0,1646200000.0,1673700000.0,0.946,7.8,-139700000.0,161500000.0,161500000.0,2065600000.0,184900000.0,1.709,1.883,662000000.0,159000000.0,503000000.0,662000000.0,0.0,133600000.0,0.0,0.006,0.25,344000000.0,477600000.0,0.153,477600000.0,344000000.0,304500000.0,1.19,1.18,1.19,1131500000.0,1180250000.0,1131500000.0,6214170842.0,18.0,13.011,260000000.0,1.792,1.0,1050700000.0,0.337,248400000.0,39500000.0,2608600000.0,2793225000.0,347800000.0,22400000.0,0.0,22400000.0,2130700000.0,963400000.0,1167300000.0,5794870842.0,84900000.0,-7500000.0,-119600000.0,-5900000.0,-36400000.0,-116600000.0,-154000000.0,0.0,399700000.0,1000000.0,172500000.0,172500000.0,172500000.0,33600000.0,12400000.0,0.055,663600000.0,387100000.0,389300000.0,0.21,5.121,33.593,33.567,918500000.0,0.0,39.945,1.86,1.86,852900000.0,1853000000.0,3116300000.0,3116300000.0,100500000.0,0.052,0.146,0.123,0.11,-41600000.0,411200000.0,1.0,145071244.0,145071244.0,,21.481,3071500000.0,423400000.0,132000000.0,15400000.0,21.172,682800000.0
43,FMC,MRT,2010-09-30,2010-09-30,2010-09-30,2021-09-07,-290800000.0,3403800000.0,3248025000.0,1762400000.0,1641400000.0,0.932,8.983,-146200000.0,267300000.0,267300000.0,2021900000.0,302000000.0,2.112,1.572,686600000.0,151300000.0,535300000.0,686600000.0,0.0,132700000.0,0.0,0.007,0.25,410200000.0,542900000.0,0.179,542900000.0,410200000.0,373700000.0,1.975,1.97,1.975,1302200000.0,1166475000.0,1302200000.0,5464970839.0,13.0,10.066,231200000.0,1.595,1.0,1006000000.0,0.332,199200000.0,36500000.0,2789400000.0,2849650000.0,366900000.0,22400000.0,0.0,22400000.0,2046700000.0,834500000.0,1212200000.0,4958470839.0,207400000.0,-3900000.0,-20600000.0,51400000.0,-36300000.0,32000000.0,-166800000.0,0.0,377400000.0,-900000.0,288100000.0,288100000.0,288100000.0,22100000.0,13900000.0,0.095,556100000.0,449900000.0,322900000.0,0.127,3.808,17.211,17.319,943200000.0,0.0,34.205,1.638,1.638,813700000.0,1915600000.0,3027900000.0,3027900000.0,98400000.0,0.089,0.247,0.144,0.135,-37800000.0,374100000.0,1.0,144963334.0,144963334.0,,20.887,3204600000.0,399800000.0,85600000.0,5700000.0,22.106,927900000.0
44,FMC,MRT,2010-06-30,2010-06-30,2010-06-30,2021-09-07,-323800000.0,3219100000.0,3158450000.0,1658600000.0,1560500000.0,0.94,7.944,-143700000.0,162400000.0,162400000.0,2014100000.0,245500000.0,2.25,1.737,668900000.0,106000000.0,562900000.0,668900000.0,0.0,132500000.0,0.0,0.009,0.25,346800000.0,479300000.0,0.161,479300000.0,346800000.0,313700000.0,1.6,1.595,1.6,1155000000.0,1108275000.0,1155000000.0,4844953534.0,14.0,10.108,225100000.0,1.548,1.0,954600000.0,0.322,184100000.0,33100000.0,2804300000.0,2818650000.0,346000000.0,21400000.0,0.0,21400000.0,2006500000.0,737200000.0,1269300000.0,4175153534.0,95400000.0,-2500000.0,-30900000.0,-7800000.0,-36300000.0,-79600000.0,-159800000.0,0.0,368800000.0,-200000.0,233200000.0,233200000.0,233200000.0,27900000.0,12300000.0,0.079,563800000.0,390800000.0,288800000.0,0.156,3.615,17.904,17.947,917000000.0,0.0,28.715,1.406,1.406,830900000.0,1841800000.0,2968700000.0,2968700000.0,97600000.0,0.074,0.21,0.123,0.117,4200000.0,354000000.0,1.0,145399740.0,145399740.0,,20.418,3035000000.0,374700000.0,80500000.0,8700000.0,20.873,921400000.0
45,FMC,MRT,2010-03-31,2010-03-31,2010-03-31,2021-09-07,-298300000.0,3233000000.0,3110800000.0,1637900000.0,1595100000.0,0.93,7.807,-157000000.0,86700000.0,86700000.0,1979200000.0,248300000.0,2.23,1.807,756500000.0,146600000.0,609900000.0,756500000.0,0.0,130800000.0,0.0,0.008,0.25,327300000.0,458100000.0,0.158,458100000.0,327300000.0,297100000.0,1.625,1.615,1.625,1132300000.0,1080050000.0,1132300000.0,5007092995.0,15.0,10.93,160300000.0,1.105,1.0,913000000.0,0.316,197700000.0,30200000.0,2970600000.0,2793600000.0,345500000.0,21700000.0,0.0,21700000.0,2046000000.0,734500000.0,1311500000.0,4390292995.0,31800000.0,-21400000.0,-23200000.0,8900000.0,-36300000.0,-61200000.0,-186800000.0,0.0,317300000.0,1200000.0,236800000.0,236800000.0,236800000.0,13800000.0,11500000.0,0.082,556400000.0,356600000.0,272900000.0,0.154,3.877,18.54,18.628,937500000.0,0.0,30.27,1.518,1.518,892500000.0,1785100000.0,2892200000.0,2892200000.0,96300000.0,0.076,0.219,0.117,0.113,11300000.0,333100000.0,1.0,145037760.0,145037760.0,,19.941,3035300000.0,383700000.0,60300000.0,7400000.0,20.928,903400000.0
46,FMC,MRT,2009-12-31,2009-12-31,2009-12-31,2021-09-07,-279200000.0,3136200000.0,3057550000.0,1487700000.0,1648500000.0,0.924,7.444,-157300000.0,76600000.0,76600000.0,1943600000.0,238800000.0,2.098,1.861,693400000.0,105400000.0,588000000.0,693400000.0,0.0,127200000.0,0.0,0.009,0.25,308700000.0,435900000.0,0.154,435900000.0,308700000.0,281500000.0,1.575,1.56,1.575,1076400000.0,1034750000.0,1076400000.0,4629354524.0,15.0,10.62,186200000.0,1.288,1.0,882600000.0,0.312,209500000.0,27200000.0,2834300000.0,2735800000.0,350500000.0,22400000.0,0.0,22400000.0,2003100000.0,709200000.0,1293900000.0,4031454524.0,24200000.0,-34300000.0,-26400000.0,1300000.0,-36300000.0,-77800000.0,-200700000.0,0.0,343500000.0,1200000.0,228500000.0,228500000.0,228500000.0,18200000.0,10300000.0,0.081,547900000.0,334700000.0,290500000.0,0.159,3.745,17.643,17.702,964500000.0,0.0,27.88,1.426,1.426,749600000.0,1716900000.0,2826200000.0,2826200000.0,92800000.0,0.075,0.221,0.113,0.109,11200000.0,322300000.0,1.0,144600234.0,144600234.0,,19.545,2926700000.0,413700000.0,53000000.0,3600000.0,20.24,778500000.0
47,FMC,MRT,2009-09-30,2009-09-30,2009-09-30,2021-09-07,-227300000.0,3045500000.0,3021975000.0,1435100000.0,1610400000.0,0.94,7.376,-150400000.0,59900000.0,59900000.0,1959200000.0,223900000.0,1.875,1.799,657800000.0,115900000.0,541900000.0,657800000.0,0.0,123400000.0,0.0,0.009,0.25,332400000.0,455800000.0,0.16,455800000.0,332400000.0,304300000.0,1.47,1.445,1.47,1069400000.0,991375000.0,1069400000.0,4672453806.0,14.0,10.251,164100000.0,1.132,1.0,882600000.0,0.311,212800000.0,28100000.0,2665400000.0,2684550000.0,380600000.0,22200000.0,0.0,22200000.0,1923800000.0,765200000.0,1158600000.0,4077753806.0,-35100000.0,-31200000.0,-90400000.0,22000000.0,-36600000.0,-118400000.0,-191600000.0,0.0,314500000.0,3500000.0,212700000.0,212700000.0,212700000.0,20500000.0,11200000.0,0.075,522100000.0,360500000.0,262500000.0,0.17,3.813,19.171,19.133,948800000.0,0.0,28.125,1.435,1.435,715400000.0,1664200000.0,2841800000.0,2841800000.0,89800000.0,0.07,0.215,0.124,0.117,19700000.0,315800000.0,1.0,144986802.0,144986802.0,,19.6,2832700000.0,355800000.0,91600000.0,4000000.0,19.538,669900000.0
48,FMC,MRT,2009-06-30,2009-06-30,2009-06-30,2021-09-07,-249700000.0,3028500000.0,2993200000.0,1423700000.0,1604800000.0,0.985,7.17,-175400000.0,67000000.0,67000000.0,2030000000.0,279200000.0,1.985,1.849,661700000.0,100500000.0,561200000.0,661700000.0,0.0,123700000.0,0.0,0.011,0.25,381800000.0,505500000.0,0.171,505500000.0,381800000.0,352400000.0,1.81,1.78,1.81,1042100000.0,1011425000.0,1042100000.0,4074541359.0,11.0,8.06,217500000.0,1.496,1.0,919300000.0,0.312,201900000.0,29400000.0,2704100000.0,2638025000.0,390400000.0,21000000.0,0.0,21000000.0,1927300000.0,717200000.0,1210100000.0,3437541359.0,-56300000.0,-122400000.0,-136800000.0,93600000.0,-36800000.0,-95300000.0,-307700000.0,0.0,392900000.0,-3000000.0,264700000.0,264700000.0,264700000.0,20300000.0,14500000.0,0.09,507700000.0,411600000.0,266200000.0,0.138,3.299,12.987,13.066,948400000.0,0.0,23.65,1.166,1.166,701500000.0,1644900000.0,2949300000.0,2949300000.0,90000000.0,0.088,0.262,0.145,0.129,17200000.0,317900000.0,1.0,145350586.0,145350586.0,,20.291,2826600000.0,371300000.0,87700000.0,11300000.0,19.447,706500000.0
49,FMC,MRT,2009-03-31,2009-03-31,2009-03-31,2021-09-07,-291300000.0,3020000000.0,2980750000.0,1480900000.0,1539100000.0,1.025,6.558,-168200000.0,54900000.0,54900000.0,2089100000.0,295700000.0,2.049,2.116,691900000.0,74100000.0,617800000.0,691900000.0,0.0,123500000.0,0.0,0.012,0.25,427600000.0,551100000.0,0.18,551100000.0,427600000.0,396400000.0,1.9,1.86,1.9,951100000.0,1054775000.0,951100000.0,3719579631.0,9.0,6.749,268500000.0,1.851,1.0,966500000.0,0.316,194900000.0,31200000.0,2739400000.0,2578275000.0,409600000.0,20500000.0,0.0,20500000.0,2012300000.0,722700000.0,1289600000.0,3128079631.0,-15500000.0,-103500000.0,-147000000.0,75900000.0,-35600000.0,-121900000.0,-280700000.0,0.0,436700000.0,-2100000.0,279800000.0,279800000.0,279800000.0,22900000.0,15900000.0,0.092,505600000.0,460900000.0,305400000.0,0.132,3.289,11.18,11.353,915600000.0,0.0,21.57,1.024,1.024,724800000.0,1584700000.0,3055600000.0,3055600000.0,92000000.0,0.094,0.265,0.166,0.14,14700000.0,333200000.0,1.0,145019918.0,145019918.0,,21.07,2825100000.0,392000000.0,116600000.0,25200000.0,19.481,758200000.0
50,FMC,MRT,2008-12-31,2008-12-31,2008-12-31,2021-09-07,-276100000.0,2993900000.0,2951375000.0,1432800000.0,1561100000.0,1.056,6.099,-109700000.0,52400000.0,52400000.0,2134400000.0,321600000.0,1.887,2.246,643900000.0,51000000.0,592900000.0,643900000.0,0.0,124200000.0,0.0,0.011,0.24,462900000.0,587100000.0,0.188,587100000.0,462900000.0,430000000.0,2.05,2.01,2.05,902900000.0,1104525000.0,902900000.0,3813057586.0,8.0,6.495,247700000.0,1.673,1.0,980900000.0,0.315,197000000.0,32900000.0,2629300000.0,2518500000.0,380800000.0,20600000.0,0.0,20600000.0,2027500000.0,759100000.0,1268400000.0,3310957586.0,-23100000.0,-73900000.0,-173800000.0,83200000.0,-34400000.0,-137500000.0,-191700000.0,0.0,357400000.0,-1500000.0,304600000.0,304600000.0,304600000.0,24900000.0,17000000.0,0.098,480200000.0,500700000.0,372300000.0,0.117,3.667,10.87,10.91,939200000.0,0.0,22.365,1.063,1.063,687700000.0,1524700000.0,3115300000.0,3115300000.0,93800000.0,0.103,0.276,0.184,0.149,10600000.0,336800000.0,1.0,148041922.0,148041922.0,,21.043,2796900000.0,420500000.0,125400000.0,24600000.0,18.893,673700000.0
51,FMC,MRT,2008-09-30,2008-09-30,2008-09-30,2021-09-07,-50700000.0,2930400000.0,2886250000.0,1432900000.0,1497500000.0,1.057,7.684,-97600000.0,95000000.0,95000000.0,2095100000.0,320200000.0,1.883,1.549,597100000.0,55000000.0,542100000.0,597100000.0,0.0,127300000.0,0.0,0.009,0.23,444100000.0,571400000.0,0.187,571400000.0,444100000.0,409400000.0,1.99,1.955,1.99,1149600000.0,1144875000.0,1149600000.0,4300296719.0,10.0,7.526,304200000.0,2.033,1.0,956800000.0,0.314,192400000.0,34700000.0,2479300000.0,2436475000.0,361100000.0,23400000.0,0.0,23400000.0,1780800000.0,760800000.0,1020000000.0,3843996719.0,-20900000.0,-73100000.0,-143800000.0,5000000.0,-33000000.0,-184300000.0,-183300000.0,0.0,401800000.0,-1800000.0,299200000.0,299200000.0,299200000.0,25100000.0,21000000.0,0.098,478100000.0,478700000.0,364500000.0,0.116,3.344,12.848,12.912,930800000.0,0.0,25.695,1.26,1.26,719700000.0,1487600000.0,3051900000.0,3051900000.0,95400000.0,0.104,0.261,0.182,0.146,0.0,341800000.0,1.0,149600962.0,149600962.0,,20.4,2738000000.0,295200000.0,110200000.0,14500000.0,18.302,672100000.0
52,FMC,MRT,2008-06-30,2008-06-30,2008-06-30,2021-09-07,25100000.0,2978700000.0,2838200000.0,1515500000.0,1463200000.0,1.007,8.122,-70500000.0,123300000.0,123300000.0,1954500000.0,272600000.0,1.951,1.451,579600000.0,87900000.0,491700000.0,579600000.0,0.0,127000000.0,0.0,0.006,0.22,393500000.0,520500000.0,0.182,520500000.0,393500000.0,357700000.0,1.7,1.67,1.7,1215500000.0,1121250000.0,1215500000.0,6366820844.0,16.0,12.232,330000000.0,2.205,1.0,903200000.0,0.316,193000000.0,35800000.0,2465100000.0,2384075000.0,321200000.0,21400000.0,0.0,21400000.0,1763200000.0,776900000.0,986300000.0,5794320844.0,60100000.0,16700000.0,-108100000.0,-67800000.0,-31700000.0,-219700000.0,-70700000.0,0.0,400500000.0,4900000.0,256300000.0,256300000.0,256300000.0,23500000.0,16300000.0,0.09,475500000.0,427700000.0,370000000.0,0.129,4.767,22.608,22.776,917500000.0,0.0,38.72,2.028,2.028,754000000.0,1416800000.0,2857700000.0,2857700000.0,92500000.0,0.09,0.229,0.165,0.138,0.0,333700000.0,1.0,149646716.0,149646716.0,,19.096,2785700000.0,306000000.0,101400000.0,14300000.0,18.615,738600000.0
53,FMC,MRT,2008-03-31,2008-03-31,2008-03-31,2021-09-07,13100000.0,2902500000.0,2776025000.0,1410400000.0,1492100000.0,0.976,7.654,-62300000.0,70400000.0,70400000.0,1866000000.0,193000000.0,1.805,1.524,642900000.0,160000000.0,482900000.0,642900000.0,0.0,130200000.0,0.0,0.008,0.21,268900000.0,399100000.0,0.147,399100000.0,268900000.0,231400000.0,1.19,1.175,1.19,1150100000.0,1076125000.0,1150100000.0,4668330461.0,17.0,11.697,250200000.0,1.665,1.0,843000000.0,0.311,193500000.0,37500000.0,2500300000.0,2362675000.0,300500000.0,20900000.0,0.0,20900000.0,1752400000.0,781200000.0,971200000.0,4168930461.0,21200000.0,16700000.0,-112700000.0,-28300000.0,-30700000.0,-183800000.0,-60300000.0,0.0,312500000.0,3900000.0,180500000.0,180500000.0,180500000.0,21400000.0,12500000.0,0.067,546100000.0,296900000.0,333500000.0,0.176,3.625,23.097,23.315,920200000.0,0.0,27.745,1.539,1.539,759000000.0,1341800000.0,2709000000.0,2709000000.0,93200000.0,0.065,0.168,0.114,0.099,0.0,321600000.0,1.0,150258802.0,150258802.0,,18.029,2709000000.0,344500000.0,50900000.0,14700000.0,18.029,629200000.0
54,FMC,MRT,2007-12-31,2007-12-31,2007-12-31,2021-09-07,-9900000.0,2733400000.0,2741525000.0,1194100000.0,1539300000.0,0.96,7.038,-109800000.0,75500000.0,75500000.0,1830100000.0,142000000.0,1.589,1.568,574900000.0,155300000.0,419600000.0,574900000.0,0.0,133700000.0,0.0,0.007,0.203,198600000.0,332300000.0,0.126,332300000.0,198600000.0,161400000.0,0.87,0.855,0.87,1064300000.0,1053525000.0,1064300000.0,4602798488.0,23.0,13.851,204900000.0,1.355,1.0,802800000.0,0.305,180200000.0,37200000.0,2301200000.0,2366025000.0,275000000.0,20600000.0,0.0,20600000.0,1669100000.0,751400000.0,917700000.0,4124598488.0,-90000000.0,4400000.0,-101800000.0,-101000000.0,-29700000.0,-243400000.0,-120600000.0,0.0,314700000.0,4400000.0,132400000.0,132400000.0,132400000.0,24300000.0,9600000.0,0.05,574800000.0,228000000.0,327400000.0,0.233,3.875,31.153,31.351,934700000.0,0.0,27.275,1.567,1.567,599700000.0,1255800000.0,2632900000.0,2632900000.0,94600000.0,0.048,0.126,0.084,0.075,0.0,315300000.0,1.0,151222676.0,151222676.0,,17.411,2553200000.0,376000000.0,29000000.0,8100000.0,16.884,442700000.0
55,FMC,MRT,2007-09-30,2007-09-30,2007-09-30,2021-09-07,-23700000.0,2738200000.0,2743350000.0,1174200000.0,1564000000.0,0.928,6.933,-118600000.0,115900000.0,115900000.0,1767000000.0,103700000.0,1.522,1.595,594100000.0,177700000.0,416400000.0,594100000.0,0.0,134500000.0,0.0,0.007,0.195,194400000.0,328900000.0,0.129,328900000.0,194400000.0,150500000.0,0.68,0.67,0.68,1055100000.0,1040000000.0,1055100000.0,4507880489.0,23.0,13.706,167600000.0,1.101,1.0,778900000.0,0.306,175400000.0,43900000.0,2269700000.0,2378075000.0,256600000.0,21300000.0,0.0,21300000.0,1683100000.0,771300000.0,911800000.0,3958080489.0,-141600000.0,4400000.0,-83400000.0,-125500000.0,-28700000.0,-248500000.0,-120100000.0,2100000.0,286200000.0,3800000.0,103700000.0,103700000.0,103700000.0,39000000.0,0.0,0.041,549800000.0,229100000.0,296500000.0,0.287,3.751,38.169,38.25,935100000.0,0.0,26.01,1.555,1.555,613100000.0,1232200000.0,2545900000.0,2545900000.0,94100000.0,0.038,0.1,0.082,0.076,0.0,306500000.0,1.0,152175336.0,152175336.0,,16.73,2562800000.0,359600000.0,46800000.0,1300000.0,16.841,402900000.0
56,FMC,MRT,2007-06-30,2007-06-30,2007-06-30,2021-09-07,-39000000.0,2730000000.0,2755350000.0,1149600000.0,1580400000.0,0.904,6.758,-120300000.0,63200000.0,63200000.0,1739400000.0,101700000.0,1.57,1.638,613000000.0,172800000.0,440200000.0,613000000.0,0.0,134600000.0,0.0,0.008,0.188,192800000.0,327400000.0,0.131,327400000.0,192800000.0,150000000.0,0.665,0.65,0.665,1035000000.0,1032125000.0,1035000000.0,4007440329.0,21.0,12.24,158900000.0,1.037,1.0,752100000.0,0.302,168000000.0,42800000.0,2379500000.0,2394575000.0,230100000.0,21200000.0,0.0,21200000.0,1695000000.0,732300000.0,962700000.0,3422740329.0,-140600000.0,4400000.0,-105100000.0,-98000000.0,-27800000.0,-239800000.0,-117700000.0,1400000.0,279200000.0,2900000.0,101700000.0,101700000.0,101700000.0,38200000.0,0.0,0.041,527400000.0,224700000.0,289100000.0,0.283,3.307,33.655,33.605,946900000.0,0.0,22.348,1.374,1.374,683200000.0,1203100000.0,2491500000.0,2491500000.0,99200000.0,0.037,0.099,0.081,0.077,0.0,302200000.0,1.0,153159876.0,153159876.0,,16.267,2562000000.0,383800000.0,48300000.0,0.0,16.728,417300000.0
57,FMC,MRT,2007-03-31,2007-03-31,2007-03-31,2021-09-07,-44700000.0,2764500000.0,2768150000.0,1123400000.0,1641100000.0,0.876,6.914,-122900000.0,49200000.0,49200000.0,1699400000.0,139400000.0,1.679,1.609,633900000.0,118400000.0,515500000.0,633900000.0,0.0,134200000.0,0.0,0.01,0.18,245000000.0,379200000.0,0.156,379200000.0,245000000.0,203000000.0,0.91,0.885,0.91,1059700000.0,1034225000.0,1059700000.0,3380091212.0,14.0,8.914,148500000.0,0.969,1.0,726500000.0,0.299,166400000.0,42000000.0,2513700000.0,2410325000.0,217400000.0,19800000.0,0.0,19800000.0,1704800000.0,669100000.0,1035700000.0,2890291212.0,-134900000.0,4400000.0,-86300000.0,-136600000.0,-27900000.0,-259700000.0,-110000000.0,11700000.0,271400000.0,3500000.0,139400000.0,139400000.0,139400000.0,21500000.0,0.0,0.057,463900000.0,262600000.0,284900000.0,0.198,2.727,20.734,20.723,1017200000.0,0.0,18.858,1.191,1.191,690100000.0,1207900000.0,2425900000.0,2425900000.0,98100000.0,0.05,0.135,0.102,0.101,0.0,294800000.0,1.0,153270116.0,153270116.0,,15.828,2598100000.0,373700000.0,63600000.0,4600000.0,16.951,454300000.0
58,FMC,MRT,2006-12-31,2006-12-31,2006-12-31,2021-09-07,-57100000.0,2740700000.0,2771675000.0,1067800000.0,1672900000.0,0.846,6.583,-119300000.0,165500000.0,165500000.0,1636500000.0,131300000.0,1.488,1.713,655300000.0,131800000.0,523500000.0,655300000.0,0.0,131800000.0,0.0,0.009,0.18,241600000.0,373400000.0,0.159,373400000.0,241600000.0,199600000.0,0.855,0.83,0.855,1010200000.0,1021275000.0,1010200000.0,3354662005.0,14.0,8.984,187900000.0,1.224,1.0,709400000.0,0.302,163600000.0,42000000.0,2349400000.0,2412525000.0,219400000.0,22100000.0,0.0,22100000.0,1730500000.0,717500000.0,1013000000.0,2936962005.0,-40900000.0,0.0,-51600000.0,-118600000.0,-21000000.0,-198500000.0,-109800000.0,11700000.0,307200000.0,3400000.0,131300000.0,131300000.0,131300000.0,12800000.0,0.0,0.056,458600000.0,250800000.0,301400000.0,0.211,2.907,22.368,22.383,1025100000.0,0.0,19.137,1.252,1.252,537900000.0,1157100000.0,2345900000.0,2345900000.0,96900000.0,0.047,0.129,0.1,0.103,0.0,284900000.0,1.0,153466336.0,153466336.0,,15.286,2577100000.0,390200000.0,68300000.0,33300000.0,16.793,350300000.0
59,FMC,MRT,2006-09-30,2006-09-30,2006-09-30,2021-09-07,-54400000.0,2786200000.0,2771500000.0,1131300000.0,1654900000.0,0.821,6.553,-108500000.0,282500000.0,282500000.0,1581000000.0,141800000.0,1.597,1.722,700200000.0,122300000.0,577900000.0,700200000.0,0.0,130500000.0,0.0,0.008,0.135,277600000.0,408100000.0,0.179,408100000.0,277600000.0,237500000.0,0.925,0.888,0.925,1023600000.0,1008550000.0,1023600000.0,3001849082.0,11.0,7.356,208500000.0,1.335,1.0,695600000.0,0.306,159800000.0,40100000.0,2335700000.0,2444250000.0,193800000.0,25400000.0,0.0,25400000.0,1762600000.0,708400000.0,1054200000.0,2502049082.0,163700000.0,69500000.0,-34800000.0,-44900000.0,-14100000.0,-102400000.0,-31400000.0,9600000.0,317000000.0,1700000.0,141800000.0,141800000.0,141800000.0,12500000.0,0.0,0.062,459300000.0,236300000.0,272900000.0,0.146,2.444,17.645,17.316,1009000000.0,0.0,16.017,1.099,1.099,538100000.0,1160400000.0,2276600000.0,2276600000.0,93400000.0,0.051,0.141,0.114,0.122,0.0,280800000.0,1.0,156207216.0,156207216.0,,14.574,2626400000.0,378200000.0,95700000.0,27500000.0,16.814,422900000.0
60,FMC,MRT,2006-06-30,2006-06-30,2006-06-30,2021-09-07,-49100000.0,2781200000.0,2746025000.0,1133800000.0,1647400000.0,0.806,6.67,-97100000.0,203800000.0,203800000.0,1536200000.0,102300000.0,1.665,1.666,703600000.0,129100000.0,574500000.0,703600000.0,0.0,131800000.0,0.0,0.006,0.09,222700000.0,354500000.0,0.16,354500000.0,222700000.0,176800000.0,0.665,0.637,0.665,1043400000.0,993650000.0,1043400000.0,3090517246.0,14.0,8.718,112400000.0,0.719,1.0,678200000.0,0.306,157500000.0,45900000.0,2442500000.0,2489400000.0,196000000.0,26100000.0,0.0,26100000.0,1737800000.0,681000000.0,1056800000.0,2518017246.0,-65300000.0,69500000.0,25500000.0,-224200000.0,-7000000.0,-257500000.0,-17300000.0,10300000.0,209500000.0,19200000.0,102300000.0,102300000.0,102300000.0,10400000.0,0.0,0.046,445600000.0,232600000.0,254300000.0,0.135,2.413,24.614,24.207,1001900000.0,0.0,16.098,1.137,1.137,599900000.0,1132200000.0,2214400000.0,2214400000.0,90700000.0,0.037,0.103,0.089,0.101,0.0,274400000.0,1.0,156422876.0,156422876.0,,14.156,2623700000.0,384900000.0,74500000.0,28400000.0,16.773,452800000.0
61,FMC,MRT,2006-03-31,2006-03-31,2006-03-31,2021-09-07,-55400000.0,2778600000.0,2777225000.0,1118600000.0,1660000000.0,0.788,6.514,-94100000.0,184100000.0,184100000.0,1515700000.0,87200000.0,1.65,1.757,756600000.0,153100000.0,603500000.0,756600000.0,0.0,133800000.0,0.0,0.003,0.045,227300000.0,361100000.0,0.165,361100000.0,227300000.0,173600000.0,0.573,0.548,0.573,1007900000.0,967325000.0,1007900000.0,2941710546.0,13.0,8.147,111800000.0,0.723,1.0,672000000.0,0.307,150700000.0,53700000.0,2522500000.0,2557800000.0,209500000.0,25600000.0,0.0,25600000.0,1770700000.0,677900000.0,1092800000.0,2397510546.0,-45200000.0,69500000.0,44100000.0,-196800000.0,0.0,-206700000.0,-11100000.0,13700000.0,205900000.0,6900000.0,87200000.0,87200000.0,87200000.0,23500000.0,0.0,0.04,432400000.0,239600000.0,270600000.0,0.079,2.379,27.494,27.042,1002900000.0,0.0,15.495,1.096,1.096,591600000.0,1092800000.0,2187700000.0,2187700000.0,91800000.0,0.031,0.09,0.089,0.104,0.0,272400000.0,1.0,154728012.0,154728012.0,,14.139,2627900000.0,396000000.0,86400000.0,32000000.0,16.984,440700000.0
62,FMC,MRT,2005-12-31,2005-12-31,2005-12-31,2021-09-07,-46100000.0,2740000000.0,2825100000.0,1064400000.0,1675600000.0,0.76,6.316,-89600000.0,206400000.0,206400000.0,1505500000.0,114000000.0,1.614,1.856,750600000.0,110800000.0,639800000.0,750600000.0,0.0,136300000.0,0.0,0.0,0.0,257000000.0,393300000.0,0.183,393300000.0,257000000.0,194700000.0,0.755,0.725,0.755,959300000.0,951100000.0,959300000.0,2671162176.0,10.0,6.792,110000000.0,0.724,1.0,640500000.0,0.298,148600000.0,62300000.0,2476300000.0,2629425000.0,216300000.0,25300000.0,0.0,25300000.0,1780700000.0,659300000.0,1121400000.0,2018762176.0,-6000000.0,69500000.0,40200000.0,-212600000.0,0.0,-215300000.0,-6400000.0,13700000.0,199600000.0,-1300000.0,114000000.0,114000000.0,114000000.0,-6100000.0,0.0,0.053,405200000.0,235300000.0,301000000.0,0.0,2.104,17.708,17.606,1012000000.0,0.0,13.293,0.941,0.941,494300000.0,1062200000.0,2146000000.0,2146000000.0,94400000.0,0.04,0.12,0.098,0.12,0.0,270400000.0,1.0,151872272.0,151872272.0,,14.13,2591400000.0,406500000.0,80700000.0,16500000.0,17.063,405100000.0
63,FMC,MRT,2005-09-30,2005-09-30,2005-09-30,2021-09-07,-10800000.0,2684300000.0,2884700000.0,941300000.0,1743000000.0,0.742,6.367,-88800000.0,93800000.0,93800000.0,1504700000.0,185800000.0,1.407,1.785,746200000.0,127500000.0,618700000.0,746200000.0,0.0,138100000.0,0.0,0.0,0.0,223200000.0,361300000.0,0.169,361300000.0,223200000.0,155900000.0,1.262,1.215,1.262,964000000.0,930325000.0,964000000.0,2845372464.0,13.0,7.875,92900000.0,0.614,1.0,637000000.0,0.297,151200000.0,67300000.0,2516300000.0,2701875000.0,204400000.0,37500000.0,0.0,37500000.0,1720300000.0,669200000.0,1051100000.0,2165972464.0,-91400000.0,0.0,46100000.0,-360000000.0,0.0,-232000000.0,-75100000.0,13700000.0,181700000.0,14600000.0,185800000.0,185800000.0,185800000.0,-22600000.0,0.0,0.087,388400000.0,248600000.0,230500000.0,0.0,2.247,11.658,11.335,1017200000.0,0.0,14.305,1.011,1.011,482100000.0,1036900000.0,2141700000.0,2141700000.0,97500000.0,0.064,0.2,0.083,0.104,0.0,265200000.0,1.0,151413664.0,151413664.0,,14.145,2533100000.0,417100000.0,-29900000.0,36900000.0,16.73,272100000.0
64,FMC,MRT,2005-06-30,2005-06-30,2005-06-30,2021-09-07,-30600000.0,2906000000.0,2933300000.0,1136000000.0,1770000000.0,0.726,6.251,-85100000.0,269100000.0,269100000.0,1496600000.0,219700000.0,1.583,2.098,948500000.0,144400000.0,804100000.0,948500000.0,0.0,137700000.0,0.0,0.0,0.0,276100000.0,413800000.0,0.194,413800000.0,276100000.0,202200000.0,1.495,1.44,1.495,938100000.0,863800000.0,938100000.0,2861993111.0,10.0,6.916,158400000.0,1.056,1.0,632600000.0,0.297,151900000.0,73900000.0,2716100000.0,2764950000.0,202900000.0,34600000.0,0.0,34600000.0,1967900000.0,717400000.0,1250500000.0,2106093111.0,168500000.0,0.0,44000000.0,-199100000.0,0.0,-26300000.0,-72300000.0,12800000.0,243500000.0,-3300000.0,219700000.0,219700000.0,219700000.0,-23400000.0,0.0,0.103,389500000.0,243100000.0,254100000.0,0.0,2.245,9.586,9.388,1023800000.0,0.0,14.035,0.989,0.989,535700000.0,1041300000.0,2129200000.0,2129200000.0,97100000.0,0.075,0.254,0.1,0.13,0.0,262500000.0,1.0,150060072.0,150060072.0,,14.189,2754100000.0,428100000.0,-17500000.0,40300000.0,18.353,418600000.0
65,FMC,MRT,2005-03-31,2005-03-31,2005-03-31,2021-09-07,15900000.0,2970100000.0,2907775000.0,1126000000.0,1844100000.0,0.721,6.367,-78100000.0,229300000.0,229300000.0,1486800000.0,219200000.0,1.492,2.15,985200000.0,166100000.0,819100000.0,985200000.0,0.0,135700000.0,0.0,0.0,0.0,271600000.0,407300000.0,0.194,407300000.0,271600000.0,194100000.0,1.5,1.445,1.5,943000000.0,791425000.0,943000000.0,2750396843.0,10.0,6.753,196000000.0,1.323,1.0,611100000.0,0.291,162100000.0,77500000.0,2809000000.0,2793575000.0,202900000.0,36400000.0,0.0,36400000.0,2027100000.0,754900000.0,1272200000.0,1979196843.0,164200000.0,-35500000.0,50300000.0,-211500000.0,0.0,-30400000.0,-113400000.0,0.0,274100000.0,7100000.0,219200000.0,219200000.0,219200000.0,-15400000.0,0.0,0.104,355000000.0,256100000.0,279800000.0,0.0,2.099,9.029,8.908,1076700000.0,0.0,13.363,0.943,0.943,564800000.0,1010100000.0,2097900000.0,2097900000.0,94100000.0,0.075,0.277,0.097,0.129,0.0,255400000.0,1.0,148115760.0,148115760.0,,14.164,2808000000.0,442100000.0,-25100000.0,47000000.0,18.958,371100000.0
66,FMC,MRT,2004-12-31,2004-12-31,2004-12-31,2021-09-07,32700000.0,2978400000.0,2880250000.0,1072700000.0,1905700000.0,0.712,5.939,-79100000.0,222100000.0,222100000.0,1474200000.0,160200000.0,1.308,2.399,999700000.0,177500000.0,822200000.0,999700000.0,0.0,134300000.0,0.0,0.0,0.0,196600000.0,330900000.0,0.161,330900000.0,196600000.0,115700000.0,1.107,1.07,1.107,876200000.0,704900000.0,876200000.0,2585484961.0,13.0,7.813,159900000.0,1.084,1.0,577000000.0,0.281,169800000.0,80900000.0,2766100000.0,2838725000.0,217500000.0,35200000.0,0.0,35200000.0,2102200000.0,820100000.0,1282100000.0,1781584961.0,155400000.0,-35500000.0,51300000.0,-126800000.0,0.0,46100000.0,-114600000.0,0.0,239000000.0,13200000.0,160200000.0,160200000.0,160200000.0,15400000.0,0.0,0.078,351700000.0,225300000.0,339100000.0,0.0,2.033,11.121,10.908,1111900000.0,0.0,12.075,0.869,0.869,479700000.0,945600000.0,2051200000.0,2051200000.0,93400000.0,0.056,0.227,0.069,0.096,0.0,254800000.0,1.0,147543268.0,147543268.0,,13.902,2808600000.0,473200000.0,-44500000.0,39200000.0,19.036,252600000.0
67,FMC,MRT,2004-09-30,2004-09-30,2004-09-30,2021-09-07,-24300000.0,2878700000.0,2842850000.0,1110500000.0,1768200000.0,0.719,4.785,-73800000.0,322400000.0,322400000.0,1475100000.0,72000000.0,1.461,3.125,1126300000.0,157700000.0,968600000.0,1126300000.0,0.0,131900000.0,0.0,0.0,0.0,178500000.0,310400000.0,0.152,310400000.0,178500000.0,93200000.0,0.498,0.483,0.498,697900000.0,632925000.0,697900000.0,2648650894.0,15.0,8.533,169200000.0,1.16,1.0,569300000.0,0.278,153800000.0,85300000.0,2768600000.0,2858600000.0,164500000.0,53000000.0,0.0,53000000.0,2180800000.0,760200000.0,1420600000.0,1771050894.0,32100000.0,-83200000.0,41200000.0,-59000000.0,0.0,-19200000.0,-156600000.0,400000.0,243000000.0,-4800000.0,72000000.0,72000000.0,72000000.0,25800000.0,0.0,0.035,348100000.0,221200000.0,239300000.0,0.0,2.538,24.598,24.383,1079800000.0,0.0,12.143,0.866,0.866,482800000.0,840300000.0,2044400000.0,2044400000.0,92300000.0,0.025,0.114,0.062,0.087,0.0,249300000.0,1.0,145855540.0,145855540.0,,14.017,2724900000.0,370600000.0,21200000.0,58400000.0,18.682,350300000.0
68,FMC,MRT,2004-06-30,2004-06-30,2004-06-30,2021-09-07,-33600000.0,2803900000.0,2826275000.0,1034900000.0,1769000000.0,0.714,4.459,-58600000.0,237500000.0,237500000.0,1459800000.0,39100000.0,1.482,3.323,1115100000.0,120300000.0,994800000.0,1115100000.0,0.0,129900000.0,0.0,0.0,0.0,130400000.0,260300000.0,0.129,260300000.0,130400000.0,42000000.0,0.27,0.262,0.27,648600000.0,584050000.0,648600000.0,2544065001.0,20.0,9.774,217800000.0,1.497,1.0,557600000.0,0.276,152600000.0,88400000.0,2830600000.0,2854975000.0,162700000.0,50200000.0,0.0,50200000.0,2155300000.0,698300000.0,1457000000.0,1567565001.0,6900000.0,-104600000.0,31900000.0,-229200000.0,0.0,-75000000.0,-161800000.0,1400000.0,276400000.0,-1200000.0,39100000.0,39100000.0,39100000.0,25200000.0,0.0,0.019,333200000.0,224400000.0,238600000.0,0.0,2.417,40.091,39.917,1089700000.0,0.0,10.777,0.777,0.777,482900000.0,810800000.0,2017400000.0,2017400000.0,89900000.0,0.014,0.067,0.046,0.065,0.0,246100000.0,1.0,145447924.0,145447924.0,,13.87,2651300000.0,365500000.0,2900000.0,50600000.0,18.229,336600000.0
69,FMC,MRT,2004-03-31,2004-03-31,2004-03-31,2021-09-07,-37000000.0,2860000000.0,2870575000.0,1087300000.0,1772700000.0,0.694,4.24,-61500000.0,201800000.0,201800000.0,1452900000.0,30100000.0,1.565,3.791,1178300000.0,82000000.0,1096300000.0,1178300000.0,0.0,127300000.0,0.0,0.0,0.0,118900000.0,246200000.0,0.124,246200000.0,118900000.0,27700000.0,0.213,0.21,0.213,596900000.0,549375000.0,596900000.0,2407753439.0,20.0,9.78,204600000.0,1.453,1.0,540200000.0,0.271,152200000.0,91200000.0,2989600000.0,2894150000.0,180100000.0,57800000.0,0.0,57800000.0,2263100000.0,694700000.0,1568400000.0,1507153439.0,5100000.0,-95200000.0,16900000.0,-220300000.0,0.0,-83200000.0,-157400000.0,-700000.0,266100000.0,6700000.0,30100000.0,30100000.0,30100000.0,15100000.0,0.0,0.015,332400000.0,207800000.0,256700000.0,0.0,2.525,50.072,50.258,1102800000.0,0.0,10.705,0.756,0.756,550600000.0,780100000.0,1993100000.0,1993100000.0,91200000.0,0.01,0.055,0.041,0.06,0.0,245000000.0,1.0,140789672.0,140789672.0,,14.157,2707800000.0,352000000.0,-2400000.0,40300000.0,19.233,392600000.0
70,FMC,MRT,2003-12-31,2003-12-31,2003-12-31,2021-09-07,-21800000.0,2828800000.0,2884450000.0,980600000.0,1848200000.0,0.666,4.168,-65800000.0,193900000.0,193900000.0,1400500000.0,26500000.0,1.348,3.808,1094500000.0,61100000.0,1033400000.0,1094500000.0,0.0,124600000.0,0.0,0.0,0.0,120800000.0,245400000.0,0.128,245400000.0,120800000.0,24700000.0,0.188,0.188,0.188,588300000.0,510250000.0,588300000.0,2040224628.0,17.0,8.314,160900000.0,1.14,1.0,520900000.0,0.271,156300000.0,96100000.0,2845600000.0,2900250000.0,192600000.0,45000000.0,0.0,45000000.0,2240500000.0,727500000.0,1513000000.0,1204424628.0,-32600000.0,-95200000.0,4700000.0,-221500000.0,0.0,-82100000.0,-161000000.0,0.0,226700000.0,9900000.0,26500000.0,26500000.0,26500000.0,13300000.0,0.0,0.014,319200000.0,201700000.0,299500000.0,0.0,2.047,45.45,45.386,1128100000.0,0.0,8.533,0.627,0.627,478200000.0,774600000.0,1921400000.0,1921400000.0,87400000.0,0.009,0.052,0.042,0.063,0.0,236900000.0,1.0,141157296.0,141157296.0,,13.612,2672500000.0,355100000.0,-1800000.0,48900000.0,18.933,253100000.0
71,FMC,MRT,2003-09-30,2003-09-30,2003-09-30,2021-09-07,-100400000.0,2812400000.0,2895250000.0,1082900000.0,1729500000.0,0.647,3.559,-69400000.0,290500000.0,290500000.0,1370000000.0,29600000.0,1.444,4.598,1126300000.0,92200000.0,1034100000.0,1126300000.0,0.0,122500000.0,0.0,0.0,0.0,124300000.0,246800000.0,0.132,246800000.0,124300000.0,27700000.0,0.205,0.205,0.205,502400000.0,464675000.0,502400000.0,1854990965.0,15.0,7.516,52800000.0,0.374,1.0,504200000.0,0.269,144400000.0,96600000.0,2754100000.0,2886025000.0,185500000.0,78600000.0,0.0,78600000.0,2310000000.0,749700000.0,1560300000.0,889290965.0,115800000.0,-49300000.0,3400000.0,252500000.0,0.0,129900000.0,-131100000.0,-12400000.0,122200000.0,15300000.0,29600000.0,29600000.0,29600000.0,3300000.0,0.0,0.016,317800000.0,186400000.0,229600000.0,0.0,1.77,30.044,30.732,1074700000.0,0.0,6.3,0.474,0.474,432500000.0,768300000.0,1874200000.0,1874200000.0,83800000.0,0.01,0.064,0.043,0.066,0.0,227200000.0,1.0,141157296.0,141157296.0,,13.277,2668000000.0,355100000.0,-1900000.0,41600000.0,18.901,333200000.0
72,FMC,MRT,2003-06-30,2003-06-30,2003-06-30,2021-09-07,-96600000.0,2981100000.0,2784125000.0,1224500000.0,1756600000.0,0.675,3.62,-79600000.0,355300000.0,355300000.0,1375700000.0,61200000.0,1.503,4.846,1321000000.0,211700000.0,1109300000.0,1321000000.0,0.0,124800000.0,0.0,0.0,0.0,169800000.0,294600000.0,0.157,294600000.0,169800000.0,80500000.0,0.43,0.427,0.43,509900000.0,444550000.0,509900000.0,1833949689.0,11.0,6.225,-3100000.0,-0.022,1.0,504600000.0,0.268,144700000.0,89300000.0,2987300000.0,2755300000.0,188900000.0,71100000.0,0.0,71100000.0,2471200000.0,814800000.0,1656400000.0,796949689.0,43400000.0,-43100000.0,3300000.0,363400000.0,0.0,97700000.0,-125400000.0,-2700000.0,76500000.0,12600000.0,61200000.0,61200000.0,61200000.0,3300000.0,0.0,0.033,324500000.0,180100000.0,239400000.0,0.0,1.563,13.022,13.157,1090200000.0,0.0,5.657,0.424,0.424,487600000.0,771700000.0,1880300000.0,1880300000.0,83100000.0,0.022,0.138,0.062,0.09,0.0,225700000.0,1.0,140866052.0,140866052.0,,13.348,2836400000.0,353800000.0,19300000.0,26700000.0,20.135,409700000.0
73,FMC,MRT,2003-03-31,2003-03-31,2003-03-31,2021-09-07,-143600000.0,2915500000.0,2655525000.0,1197300000.0,1718200000.0,0.698,3.243,-72600000.0,319300000.0,319300000.0,1358100000.0,58700000.0,1.488,5.62,1356300000.0,233800000.0,1122500000.0,1356300000.0,0.0,123100000.0,0.0,0.0,0.0,158500000.0,281600000.0,0.152,281600000.0,158500000.0,75600000.0,0.422,0.417,0.422,440400000.0,414950000.0,440400000.0,1453345455.0,9.0,5.161,48900000.0,0.36,1.0,494600000.0,0.267,134100000.0,82900000.0,3014000000.0,2595725000.0,183900000.0,54600000.0,0.0,54600000.0,2475100000.0,804400000.0,1670700000.0,532345455.0,45800000.0,-29600000.0,109300000.0,274500000.0,0.0,56100000.0,-115600000.0,-13400000.0,121500000.0,6400000.0,58700000.0,58700000.0,58700000.0,3300000.0,0.0,0.032,327700000.0,166900000.0,231600000.0,0.0,1.209,9.069,9.289,1074600000.0,0.0,3.92,0.287,0.287,504900000.0,749900000.0,1852700000.0,1852700000.0,81500000.0,0.022,0.141,0.061,0.086,0.0,223100000.0,1.0,135802412.0,135802412.0,,13.643,2781400000.0,355500000.0,16900000.0,24700000.0,20.481,392900000.0
74,FMC,MRT,2002-12-31,2002-12-31,2002-12-31,2021-09-07,-172900000.0,2872000000.0,2534775000.0,1175700000.0,1696300000.0,0.731,2.893,-72500000.0,364200000.0,364200000.0,1359900000.0,65800000.0,1.344,6.074,1285200000.0,249300000.0,1035900000.0,1285200000.0,0.0,118800000.0,0.0,0.0,0.0,156200000.0,275000000.0,0.148,275000000.0,156200000.0,83200000.0,0.49,0.48,0.49,406000000.0,361225000.0,406000000.0,1830857798.0,12.0,6.658,-53100000.0,-0.378,1.0,493000000.0,0.266,129700000.0,73000000.0,2788700000.0,2436450000.0,178800000.0,39700000.0,0.0,39700000.0,2466000000.0,874600000.0,1591400000.0,958557798.0,66200000.0,-29600000.0,117000000.0,342600000.0,0.0,182600000.0,-110800000.0,-8700000.0,19400000.0,4600000.0,65800000.0,65800000.0,65800000.0,3300000.0,0.0,0.036,336200000.0,156800000.0,286500000.0,0.0,2.361,14.568,13.939,1075500000.0,0.0,6.83,0.517,0.517,462200000.0,748100000.0,1852900000.0,1852900000.0,82000000.0,0.026,0.182,0.064,0.084,0.0,224100000.0,1.0,140345212.0,140345212.0,,13.202,2742300000.0,355900000.0,17400000.0,24200000.0,19.54,301100000.0
75,FMC,MRT,2002-09-30,2002-09-30,2002-09-30,2021-09-07,-147800000.0,2367900000.0,2436075000.0,734600000.0,1633300000.0,0.773,3.006,-39200000.0,37300000.0,37300000.0,1389300000.0,23700000.0,0.83,4.612,909600000.0,340800000.0,568800000.0,909600000.0,0.0,125300000.0,0.0,0.0,0.0,77000000.0,202300000.0,0.107,202300000.0,77000000.0,10100000.0,0.163,0.153,0.163,421900000.0,314425000.0,421900000.0,1849328343.0,24.0,9.142,4500000.0,0.032,1.0,493700000.0,0.262,124300000.0,66900000.0,2231200000.0,2309625000.0,167500000.0,32100000.0,0.0,32100000.0,1946000000.0,884700000.0,1061300000.0,905928343.0,-68500000.0,-56100000.0,123600000.0,-331000000.0,0.0,-34600000.0,-83500000.0,11800000.0,43700000.0,8100000.0,23700000.0,23700000.0,23700000.0,-3000000.0,0.0,0.013,429800000.0,63900000.0,212300000.0,0.0,2.147,38.225,39.601,1058700000.0,0.0,6.455,0.481,0.481,367500000.0,738600000.0,1883000000.0,1883000000.0,86300000.0,0.01,0.075,0.033,0.041,0.0,233200000.0,1.0,140345212.0,140345212.0,,13.417,2243600000.0,326200000.0,-13600000.0,27600000.0,15.986,-150100000.0
76,FMC,MRT,2002-06-30,2002-06-30,2002-06-30,2021-09-07,-159800000.0,2466700000.0,2792300000.0,808700000.0,1658000000.0,0.677,3.089,-62900000.0,50300000.0,50300000.0,1406600000.0,16800000.0,0.862,5.301,993700000.0,370500000.0,623200000.0,993700000.0,0.0,121600000.0,0.0,0.0,0.0,60300000.0,181900000.0,0.096,181900000.0,60300000.0,-5300000.0,0.133,0.12,0.133,391500000.0,361550000.0,391500000.0,2059795644.0,34.0,11.324,-48800000.0,-0.385,1.0,482600000.0,0.255,123000000.0,65600000.0,2349000000.0,2488450000.0,189400000.0,34700000.0,0.0,34700000.0,2075200000.0,938100000.0,1137100000.0,955995644.0,35700000.0,-40900000.0,127300000.0,-181800000.0,0.0,137300000.0,-109400000.0,-5600000.0,14100000.0,5700000.0,16800000.0,16800000.0,16800000.0,-10400000.0,0.0,0.009,444000000.0,38600000.0,219100000.0,0.0,2.442,56.905,56.711,1068200000.0,0.0,7.543,0.506,0.506,407900000.0,720000000.0,1889200000.0,1889200000.0,91900000.0,0.006,0.046,0.024,0.032,0.0,233300000.0,1.0,126747848.0,126747848.0,,14.905,2343700000.0,338600000.0,-22100000.0,27000000.0,18.491,-129400000.0
77,FMC,MRT,2002-03-31,2002-03-31,2002-03-31,2021-09-07,-200100000.0,2432500000.0,3117375000.0,793600000.0,1638900000.0,0.619,1.785,-93700000.0,14200000.0,14200000.0,1417700000.0,-302200000.0,0.757,9.787,1118000000.0,494900000.0,623100000.0,1118000000.0,0.0,126200000.0,0.0,0.0,0.0,-409200000.0,-283000000.0,-0.147,-283000000.0,-409200000.0,-473200000.0,-2.42,-2.427,-2.42,225500000.0,414050000.0,225500000.0,2279679104.0,-6.0,-8.055,-187600000.0,-1.485,1.0,512300000.0,0.265,111100000.0,64000000.0,2376900000.0,2628625000.0,204800000.0,29100000.0,0.0,29100000.0,2207000000.0,1048300000.0,1158700000.0,1323579104.0,1700000.0,-28300000.0,-4500000.0,-481000000.0,0.0,226600000.0,-134300000.0,-12300000.0,-93900000.0,4400000.0,-302200000.0,-302200000.0,-302200000.0,-9500000.0,0.0,-0.157,945800000.0,-433500000.0,212200000.0,0.0,5.87,-4.38,-4.331,1058000000.0,0.0,10.48,0.686,0.686,406400000.0,700800000.0,1930000000.0,1930000000.0,96800000.0,-0.097,-0.73,-0.156,-0.212,0.0,239500000.0,1.0,126295716.0,126295716.0,,15.282,2321400000.0,349800000.0,-171000000.0,36200000.0,18.381,-254700000.0
78,FMC,MRT,2001-12-31,2001-12-31,2001-12-31,2021-09-07,-186800000.0,2477200000.0,3482025000.0,820300000.0,1656900000.0,0.558,1.752,-135300000.0,23400000.0,23400000.0,1417300000.0,-337700000.0,0.79,10.322,979500000.0,327700000.0,651800000.0,979500000.0,0.0,131600000.0,0.0,0.0,0.0,-441300000.0,-309700000.0,-0.159,-309700000.0,-441300000.0,-504300000.0,-2.715,-2.715,-2.715,218800000.0,553900000.0,218800000.0,2964398965.0,-7.0,-9.572,-188200000.0,-1.507,1.0,525700000.0,0.271,113500000.0,63000000.0,2281400000.0,2817225000.0,207200000.0,25200000.0,0.0,25200000.0,2258400000.0,1038400000.0,1220000000.0,1857498965.0,16100000.0,-31300000.0,39800000.0,-86600000.0,0.0,346700000.0,-169600000.0,-3000000.0,-52900000.0,3800000.0,-337700000.0,-337700000.0,-337700000.0,30500000.0,0.0,-0.174,946600000.0,-420900000.0,327700000.0,0.0,8.489,-5.5,-5.479,1087800000.0,0.0,14.875,0.956,0.956,441700000.0,691800000.0,1943000000.0,1943000000.0,99800000.0,-0.097,-0.61,-0.157,-0.227,0.0,243300000.0,1.0,124873880.0,124873880.0,,15.56,2363700000.0,343200000.0,-166600000.0,27800000.0,18.929,-218100000.0
79,FMC,MRT,2001-09-30,2001-09-30,2001-09-30,2021-09-07,-326000000.0,3792800000.0,3628150000.0,1575000000.0,2217800000.0,0.146,4.891,-189000000.0,123600000.0,123600000.0,354800000.0,-255000000.0,1.054,5.214,1230500000.0,228800000.0,1001700000.0,1230500000.0,0.0,83400000.0,0.0,0.0,0.0,-357900000.0,-274500000.0,-0.518,-274500000.0,-357900000.0,-390900000.0,-2.037,-2.06,-2.037,610400000.0,699300000.0,610400000.0,2656596404.0,-7.0,-9.678,-79600000.0,-0.638,1.0,175400000.0,0.331,459600000.0,33000000.0,2946500000.0,3024375000.0,468900000.0,78400000.0,0.0,78400000.0,3182400000.0,1493600000.0,1688800000.0,1524396404.0,94300000.0,136200000.0,13000000.0,-309300000.0,0.0,231900000.0,-124600000.0,-71800000.0,109400000.0,3400000.0,-255000000.0,-255000000.0,-255000000.0,-18200000.0,0.0,-0.481,571500000.0,-396100000.0,563000000.0,0.0,2.497,-5.978,-6.013,1348200000.0,0.0,12.248,2.875,2.883,669800000.0,1229000000.0,530200000.0,530200000.0,60500000.0,-0.07,-0.365,-0.118,-0.675,0.0,14700000.0,1.0,124465924.0,124800000.0,,4.248,3333200000.0,304700000.0,-135900000.0,40400000.0,26.708,81400000.0
80,FMC,MRT,2001-06-30,2001-06-30,2001-06-30,2021-09-07,-315100000.0,3767000000.0,3628500000.0,1510000000.0,2257000000.0,0.277,4.82,-198800000.0,32400000.0,32400000.0,684000000.0,-286500000.0,0.987,5.263,1164600000.0,232500000.0,932100000.0,1164600000.0,0.0,99500000.0,0.0,0.0,0.0,-360700000.0,-261200000.0,-0.26,-261200000.0,-360700000.0,-405600000.0,-2.292,-2.305,-2.292,601500000.0,728550000.0,601500000.0,3455245937.0,-10.0,-13.228,-87300000.0,-0.7,1.0,322000000.0,0.32,460000000.0,44900000.0,2909700000.0,3054825000.0,469500000.0,79300000.0,0.0,79300000.0,3165500000.0,1529500000.0,1636000000.0,2133345937.0,4800000.0,134200000.0,12900000.0,-436900000.0,0.0,105200000.0,-86500000.0,-21800000.0,111500000.0,-3300000.0,-286500000.0,-286500000.0,-286500000.0,55900000.0,0.0,-0.285,642600000.0,-320600000.0,589300000.0,0.0,3.547,-7.446,-7.478,1330500000.0,0.0,17.14,2.121,2.126,689000000.0,1212600000.0,1006000000.0,1006000000.0,70800000.0,-0.079,-0.393,-0.118,-0.359,0.0,84000000.0,1.0,124465924.0,124800000.0,,8.061,3307000000.0,344200000.0,-119100000.0,74800000.0,26.498,-19500000.0
81,FMC,MRT,2001-03-31,2001-03-31,2001-03-31,2021-09-07,-286800000.0,3891100000.0,3669125000.0,1521900000.0,2369200000.0,0.407,6.371,-182600000.0,30800000.0,30800000.0,1033800000.0,51300000.0,0.951,3.957,1352700000.0,509500000.0,843200000.0,1352700000.0,0.0,115700000.0,0.0,0.0,0.0,135100000.0,250800000.0,0.168,250800000.0,135100000.0,79100000.0,0.425,0.4,0.425,784900000.0,769475000.0,784900000.0,3293111160.0,24.0,13.13,-43900000.0,-0.356,1.0,459900000.0,0.308,481100000.0,56000000.0,3131300000.0,3130050000.0,483500000.0,115400000.0,0.0,115400000.0,3106200000.0,1600600000.0,1505600000.0,2269511160.0,6600000.0,134200000.0,40800000.0,-68000000.0,0.0,42700000.0,-45800000.0,2600000.0,138700000.0,2300000.0,51300000.0,51300000.0,51300000.0,55000000.0,0.0,0.034,285900000.0,174000000.0,602600000.0,0.0,2.891,44.24,43.318,1619200000.0,0.0,18.41,1.519,1.518,654700000.0,1372400000.0,1493700000.0,1493700000.0,84700000.0,0.014,0.067,0.043,0.09,0.0,154900000.0,1.0,123276000.0,123200000.0,,12.124,3410000000.0,167500000.0,27800000.0,58700000.0,27.679,-78700000.0
82,FMC,MRT,2000-12-31,2000-12-31,2000-12-31,2021-09-07,-272600000.0,3061700000.0,3695875000.0,1326000000.0,1735700000.0,0.555,6.568,-191800000.0,7300000.0,7300000.0,1469400000.0,110600000.0,1.503,2.825,1059300000.0,187500000.0,871800000.0,1059300000.0,0.0,129800000.0,0.0,0.0,0.0,209900000.0,339700000.0,0.166,339700000.0,209900000.0,143600000.0,0.91,0.875,0.91,800400000.0,760175000.0,800400000.0,3399645385.0,16.0,10.008,80600000.0,0.661,1.0,580900000.0,0.283,121500000.0,66300000.0,3110000000.0,3154325000.0,171400000.0,73000000.0,0.0,73000000.0,2261300000.0,882200000.0,1379100000.0,2184045385.0,-16600000.0,88800000.0,15200000.0,-263400000.0,0.0,-142000000.0,-97400000.0,5600000.0,272400000.0,500000.0,110600000.0,110600000.0,110600000.0,15000000.0,0.0,0.054,374400000.0,206500000.0,329100000.0,0.0,2.729,19.747,19.695,1358800000.0,0.0,17.922,1.065,1.065,358600000.0,1398900000.0,2050300000.0,2050300000.0,97800000.0,0.03,0.145,0.067,0.102,0.0,231300000.0,1.0,121860532.0,121860532.0,,16.825,2940200000.0,142900000.0,33000000.0,32300000.0,24.128,443800000.0
83,FMC,MRT,2000-09-30,2000-09-30,2000-09-30,2021-09-07,-286000000.0,3794200000.0,3929400000.0,1354900000.0,2439300000.0,0.563,5.982,-177800000.0,57900000.0,57900000.0,1608700000.0,92000000.0,0.932,4.216,1273500000.0,364200000.0,909300000.0,1273500000.0,0.0,123300000.0,0.0,0.0,0.0,191200000.0,314500000.0,0.142,314500000.0,191200000.0,119300000.0,0.76,0.74,0.76,727400000.0,745975000.0,727400000.0,3346079968.0,18.0,10.639,108000000.0,0.888,1.0,605500000.0,0.273,487900000.0,71900000.0,3068300000.0,3162700000.0,406500000.0,199900000.0,0.0,199900000.0,3066800000.0,1453600000.0,1613200000.0,2038879968.0,-32800000.0,-200000.0,-6300000.0,-299100000.0,0.0,-186200000.0,-130400000.0,47600000.0,285800000.0,-2800000.0,92000000.0,92000000.0,92000000.0,30800000.0,0.0,0.042,382400000.0,223100000.0,524700000.0,0.0,2.803,22.162,22.059,1571600000.0,0.0,16.765,0.921,0.921,642500000.0,1348900000.0,2214200000.0,2214200000.0,99100000.0,0.023,0.123,0.06,0.086,0.0,236300000.0,1.0,121615268.0,121600000.0,,18.209,3306300000.0,138500000.0,27300000.0,29300000.0,27.19,-98700000.0
84,FMC,MRT,2000-06-30,2000-06-30,2000-06-30,2021-09-07,-255000000.0,3929500000.0,4022700000.0,1383700000.0,2545800000.0,0.569,6.293,-182600000.0,56200000.0,56200000.0,1687100000.0,166300000.0,0.91,4.135,1363400000.0,453500000.0,909900000.0,1363400000.0,0.0,126500000.0,0.0,0.0,0.0,254900000.0,381400000.0,0.167,381400000.0,254900000.0,180800000.0,1.355,1.315,1.355,765200000.0,747550000.0,765200000.0,3123141462.0,12.0,8.189,188600000.0,1.551,1.0,602800000.0,0.263,504900000.0,74100000.0,3210600000.0,3340625000.0,409300000.0,282100000.0,0.0,282100000.0,3164300000.0,1521200000.0,1643100000.0,1761841462.0,-48600000.0,194500000.0,-77800000.0,-456400000.0,0.0,-416200000.0,-11000000.0,-23000000.0,371200000.0,4600000.0,166300000.0,166300000.0,166300000.0,-35900000.0,0.0,0.073,438400000.0,164400000.0,577700000.0,0.0,2.302,10.594,10.708,1569700000.0,0.0,14.51,0.769,0.771,625700000.0,1359100000.0,2289900000.0,2289900000.0,100600000.0,0.041,0.222,0.076,0.111,0.0,247000000.0,1.0,121422568.0,121600000.0,,18.831,3424600000.0,145300000.0,14500000.0,39500000.0,28.163,-137500000.0
85,FMC,MRT,2000-03-31,2000-03-31,2000-03-31,2021-09-07,-231900000.0,3998100000.0,4147425000.0,1414000000.0,2584100000.0,0.566,6.149,-203900000.0,52300000.0,52300000.0,1734600000.0,215200000.0,0.881,4.347,1413600000.0,485600000.0,928000000.0,1413600000.0,0.0,130700000.0,0.0,0.0,0.0,330000000.0,460700000.0,0.196,460700000.0,330000000.0,251600000.0,1.725,1.678,1.725,747700000.0,744825000.0,747700000.0,2991861000.0,9.0,6.494,222200000.0,1.827,1.0,614800000.0,0.262,526100000.0,78400000.0,3228400000.0,3527800000.0,447400000.0,201300000.0,0.0,201300000.0,3250400000.0,1604900000.0,1645500000.0,1762461000.0,-77600000.0,-66400000.0,-79400000.0,-261400000.0,0.0,-222700000.0,-294000000.0,-23700000.0,426100000.0,-1300000.0,215200000.0,215200000.0,215200000.0,-53900000.0,0.0,0.092,396000000.0,218800000.0,603400000.0,0.0,2.357,8.19,8.188,1690800000.0,0.0,14.125,0.75,0.731,621100000.0,1321100000.0,2349400000.0,2349400000.0,100200000.0,0.052,0.289,0.094,0.14,0.0,261600000.0,1.0,124776000.0,121600000.0,,19.321,3472000000.0,158300000.0,36400000.0,65000000.0,28.553,-190900000.0
86,FMC,MRT,1999-12-31,1999-12-31,1999-12-31,2021-09-07,-203500000.0,3995800000.0,4215450000.0,1416500000.0,2579300000.0,0.55,6.077,-192800000.0,64000000.0,64000000.0,1691600000.0,212600000.0,0.899,4.374,1293400000.0,348300000.0,945100000.0,1293400000.0,0.0,128500000.0,0.0,0.0,0.0,332800000.0,461300000.0,0.199,461300000.0,332800000.0,249000000.0,1.688,1.643,1.688,743600000.0,724525000.0,743600000.0,3273130609.0,10.0,7.095,231800000.0,1.894,1.0,628900000.0,0.271,505700000.0,83800000.0,3143500000.0,3685575000.0,457700000.0,206800000.0,0.0,206800000.0,3252200000.0,1576000000.0,1676200000.0,1753130609.0,-12400000.0,-37600000.0,-129000000.0,-194200000.0,0.0,-206300000.0,-248700000.0,-18300000.0,424600000.0,600000.0,212600000.0,212600000.0,212600000.0,-53900000.0,0.0,0.092,407800000.0,221100000.0,665500000.0,0.0,2.358,8.246,8.488,1691900000.0,0.0,14.328,0.755,0.755,635400000.0,1288300000.0,2320500000.0,2320500000.0,100600000.0,0.05,0.293,0.09,0.143,0.0,273000000.0,1.0,122361236.0,122361236.0,,18.964,3490100000.0,172900000.0,36400000.0,73200000.0,28.523,-159500000.0
87,FMC,MRT,1999-09-30,1999-09-30,1999-09-30,2021-09-07,-194100000.0,4167400000.0,4258100000.0,1618100000.0,2549300000.0,1.024,5.842,-206900000.0,76000000.0,76000000.0,3260700000.0,174100000.0,1.162,4.68,1596000000.0,199700000.0,1396300000.0,1596000000.0,0.0,199400000.0,0.0,0.0,0.0,347400000.0,546800000.0,0.125,546800000.0,347400000.0,225800000.0,1.382,1.345,1.382,733700000.0,720975000.0,733700000.0,3254276909.0,9.0,5.951,171100000.0,1.362,1.0,1098600000.0,0.252,515000000.0,121600000.0,3780000000.0,3843550000.0,490000000.0,215700000.0,0.0,215700000.0,3433700000.0,1392400000.0,2041300000.0,1533876909.0,-14900000.0,-84800000.0,-137600000.0,111400000.0,0.0,-30500000.0,-331000000.0,-39300000.0,378000000.0,-8700000.0,174100000.0,174100000.0,174100000.0,24700000.0,0.0,0.04,789500000.0,309100000.0,623800000.0,0.0,2.091,8.81,8.728,1688100000.0,0.0,12.062,0.352,0.348,781100000.0,1257000000.0,4359300000.0,4359300000.0,157500000.0,0.041,0.241,0.09,0.08,0.0,588200000.0,1.0,127160780.0,125600000.0,,34.708,3652400000.0,134000000.0,51700000.0,39700000.0,29.08,225700000.0
88,FMC,MRT,1999-06-30,1999-06-30,1999-06-30,2021-09-07,-177600000.0,4428400000.0,4257175000.0,1797500000.0,2630900000.0,1.042,5.93,-196100000.0,90100000.0,90100000.0,3310300000.0,165500000.0,1.082,4.871,1810500000.0,464500000.0,1346000000.0,1810500000.0,0.0,201900000.0,0.0,0.0,0.0,354700000.0,556600000.0,0.125,556600000.0,354700000.0,230900000.0,1.282,1.25,1.282,754300000.0,727400000.0,754300000.0,3720086652.0,10.0,6.684,294900000.0,2.318,1.0,1125400000.0,0.254,527700000.0,123800000.0,3959300000.0,3826850000.0,562700000.0,184600000.0,0.0,184600000.0,3674100000.0,1661800000.0,2012300000.0,2169286652.0,20100000.0,-277500000.0,-155100000.0,339700000.0,0.0,179500000.0,-609000000.0,-135400000.0,491000000.0,-8000000.0,165500000.0,165500000.0,165500000.0,24700000.0,0.0,0.037,753400000.0,372000000.0,639800000.0,0.0,2.876,13.107,13.321,1771800000.0,0.0,17.078,0.489,0.49,858300000.0,1192900000.0,4435700000.0,4435700000.0,157700000.0,0.039,0.228,0.093,0.08,0.0,595700000.0,1.0,127026008.0,127200000.0,,34.872,3900700000.0,151200000.0,65400000.0,63100000.0,30.666,135700000.0
89,FMC,MRT,1999-03-31,1999-03-31,1999-03-31,2021-09-07,-177400000.0,4270200000.0,4184475000.0,1818500000.0,2451700000.0,1.074,5.159,-190500000.0,115200000.0,115200000.0,3369200000.0,146200000.0,1.147,5.407,1666000000.0,329900000.0,1336100000.0,1666000000.0,0.0,196900000.0,0.0,0.0,0.0,335200000.0,532100000.0,0.118,532100000.0,335200000.0,211400000.0,1.087,1.06,1.087,666500000.0,732975000.0,666500000.0,3005600787.0,9.0,5.649,338700000.0,2.622,1.0,1125500000.0,0.25,376700000.0,123800000.0,3859500000.0,3779475000.0,534400000.0,190600000.0,0.0,190600000.0,3603700000.0,1584800000.0,2018900000.0,1585600787.0,57000000.0,-16600000.0,-169300000.0,107800000.0,0.0,-66700000.0,-343900000.0,-136800000.0,529200000.0,-8300000.0,146200000.0,146200000.0,146200000.0,42700000.0,0.0,0.033,753900000.0,371600000.0,670000000.0,0.0,2.379,10.845,11.357,1724100000.0,0.0,12.345,0.353,0.355,870400000.0,1106000000.0,4494700000.0,4494700000.0,156700000.0,0.035,0.199,0.089,0.075,0.0,597200000.0,1.0,128440728.0,129200000.0,,34.789,3893500000.0,164600000.0,65200000.0,63800000.0,30.135,233700000.0
90,FMC,MRT,1998-12-31,1998-12-31,1998-12-31,2021-09-07,-134100000.0,4166400000.0,4159825000.0,1681700000.0,2484700000.0,1.092,5.512,-204800000.0,61700000.0,61700000.0,3408000000.0,106500000.0,1.191,4.712,1481700000.0,155300000.0,1326400000.0,1481700000.0,0.0,206600000.0,0.0,0.0,0.0,291000000.0,497600000.0,0.11,497600000.0,291000000.0,170700000.0,0.782,0.762,0.782,729400000.0,747850000.0,729400000.0,3235568216.0,11.0,6.502,225200000.0,1.702,1.0,1134400000.0,0.25,399100000.0,120300000.0,3775400000.0,3778575000.0,517700000.0,186500000.0,0.0,186500000.0,3437000000.0,1411900000.0,2025100000.0,1852668216.0,-1000000.0,0.0,-139300000.0,137100000.0,0.0,-7500000.0,-351500000.0,-146700000.0,430000000.0,-10400000.0,106500000.0,106500000.0,106500000.0,42700000.0,0.0,0.023,770400000.0,364000000.0,685800000.0,0.0,2.54,17.396,17.903,1727500000.0,0.0,14.0,0.408,0.408,840600000.0,1075700000.0,4542400000.0,4542400000.0,157700000.0,0.026,0.142,0.077,0.064,0.0,612700000.0,1.0,132333444.0,132333444.0,,34.325,3767300000.0,178000000.0,64200000.0,66100000.0,28.468,269800000.0
91,FMC,MRT,1998-09-30,1998-09-30,1998-09-30,2021-09-07,-131900000.0,4163700000.0,4146500000.0,1704200000.0,2459500000.0,1.035,5.617,-209400000.0,90900000.0,90900000.0,3176100000.0,100600000.0,1.187,4.483,1473800000.0,171700000.0,1302100000.0,1473800000.0,0.0,211900000.0,0.0,0.0,0.0,233400000.0,445300000.0,0.104,445300000.0,233400000.0,113500000.0,0.753,0.763,0.753,759400000.0,755650000.0,759400000.0,3174535631.0,14.0,7.129,324000000.0,2.396,1.0,1115400000.0,0.26,397700000.0,119900000.0,3713200000.0,3711250000.0,538200000.0,162500000.0,0.0,162500000.0,3404300000.0,1435700000.0,1968600000.0,1780235631.0,5000000.0,0.0,-264500000.0,-216300000.0,0.0,-485700000.0,-336200000.0,-126800000.0,533400000.0,-6600000.0,100600000.0,100600000.0,100600000.0,-191400000.0,0.0,0.023,1044100000.0,71300000.0,668800000.0,0.0,2.344,17.696,17.118,1701000000.0,0.0,12.89,0.415,0.406,820800000.0,1082900000.0,4291500000.0,4291500000.0,160100000.0,0.024,0.133,0.063,0.054,0.0,619100000.0,1.0,138109824.0,135200000.0,,31.742,3766000000.0,150500000.0,12900000.0,55100000.0,27.855,268500000.0
92,FMC,MRT,1998-06-30,1998-06-30,1998-06-30,2021-09-07,-145000000.0,4137600000.0,4202200000.0,1766400000.0,2371200000.0,1.013,5.611,-224100000.0,70000000.0,70000000.0,3130800000.0,108000000.0,1.3,4.328,1464300000.0,179100000.0,1285200000.0,1464300000.0,0.0,221000000.0,0.0,0.0,0.0,228200000.0,449200000.0,0.106,449200000.0,228200000.0,111200000.0,0.765,0.77,0.765,776600000.0,797200000.0,776600000.0,3860926470.0,17.0,8.595,138600000.0,1.001,1.0,1124700000.0,0.264,403700000.0,117000000.0,3769800000.0,3802250000.0,592200000.0,36600000.0,0.0,36600000.0,3361000000.0,1358400000.0,2002600000.0,2364426470.0,-35600000.0,0.0,-219300000.0,-247200000.0,0.0,-473000000.0,-207700000.0,16400000.0,362700000.0,-8300000.0,108000000.0,108000000.0,108000000.0,-191400000.0,0.0,0.025,1056000000.0,68700000.0,645300000.0,0.0,3.045,21.893,22.284,1697900000.0,0.0,17.047,0.556,0.554,814100000.0,1027500000.0,4255500000.0,4255500000.0,166900000.0,0.026,0.135,0.06,0.054,0.0,624200000.0,1.0,138696376.0,138400000.0,,30.748,3733900000.0,162500000.0,3200000.0,48700000.0,26.979,408000000.0
93,FMC,MRT,1998-03-31,1998-03-31,1998-03-31,2021-09-07,-141000000.0,4171600000.0,4416025000.0,1815800000.0,2355800000.0,0.969,5.216,-254000000.0,58200000.0,58200000.0,3140700000.0,113100000.0,1.293,4.746,1554700000.0,245000000.0,1309700000.0,1554700000.0,0.0,235400000.0,0.0,0.0,0.0,214400000.0,449800000.0,0.105,449800000.0,214400000.0,99500000.0,0.765,0.772,0.765,726000000.0,833025000.0,726000000.0,4002036202.0,19.0,8.897,148700000.0,1.068,1.0,1138300000.0,0.266,408400000.0,114900000.0,3855900000.0,3902825000.0,572800000.0,38200000.0,0.0,38200000.0,3445600000.0,1403800000.0,2041800000.0,2724136202.0,6200000.0,0.0,-211400000.0,-235400000.0,0.0,-453200000.0,-242300000.0,11700000.0,402700000.0,-10600000.0,113100000.0,113100000.0,113100000.0,-191400000.0,0.0,0.026,1078800000.0,59500000.0,643000000.0,0.0,3.752,24.086,25.654,1689400000.0,0.0,19.625,0.637,0.638,874700000.0,959900000.0,4279000000.0,4279000000.0,171000000.0,0.026,0.136,0.055,0.05,0.0,642900000.0,1.0,138809488.0,139200000.0,,30.74,3763200000.0,171700000.0,-13600000.0,57200000.0,27.034,412000000.0
94,FMC,MRT,1997-12-31,1997-12-31,1997-12-31,2021-09-07,-135700000.0,4113100000.0,4604825000.0,1715600000.0,2397500000.0,0.925,5.167,-259600000.0,62700000.0,62700000.0,3136800000.0,162400000.0,1.171,4.408,1340600000.0,200400000.0,1140200000.0,1340600000.0,0.0,238400000.0,0.0,0.0,0.0,245500000.0,483900000.0,0.114,483900000.0,245500000.0,127200000.0,1.103,1.103,1.103,760600000.0,867600000.0,760600000.0,4075063351.0,17.0,8.421,328400000.0,2.231,1.0,1122200000.0,0.263,420400000.0,118300000.0,3506100000.0,3999250000.0,524100000.0,35900000.0,0.0,35900000.0,3352500000.0,1464500000.0,1888000000.0,2476863351.0,-12100000.0,0.0,-187400000.0,-509200000.0,0.0,-704600000.0,-238400000.0,21200000.0,588000000.0,-11000000.0,162400000.0,162400000.0,162400000.0,-191400000.0,0.0,0.038,1064200000.0,58000000.0,663500000.0,0.0,3.256,15.252,15.256,1679300000.0,0.0,16.828,0.582,0.582,834200000.0,969200000.0,4259000000.0,4259000000.0,174000000.0,0.035,0.187,0.061,0.058,0.0,625300000.0,1.0,147191404.0,147191404.0,,28.935,3692700000.0,172000000.0,-35200000.0,105800000.0,25.088,251100000.0
95,FMC,MRT,1997-09-30,1997-09-30,1997-09-30,2021-09-07,-129800000.0,4386500000.0,4693400000.0,1692700000.0,2693800000.0,0.913,6.22,-307400000.0,85900000.0,85900000.0,3124900000.0,220200000.0,1.154,3.739,1684100000.0,358300000.0,1325800000.0,1684100000.0,0.0,240100000.0,0.0,0.0,0.0,369400000.0,609500000.0,0.142,609500000.0,369400000.0,250700000.0,1.508,1.438,1.508,925600000.0,891400000.0,925600000.0,4899934026.0,13.0,8.039,85500000.0,0.575,1.0,1162500000.0,0.271,441100000.0,118700000.0,4077200000.0,4163850000.0,557100000.0,31500000.0,0.0,31500000.0,3460900000.0,1466400000.0,1994500000.0,3302534026.0,-30700000.0,0.0,-39900000.0,-116500000.0,7000000.0,-164200000.0,-251600000.0,55800000.0,392900000.0,-2900000.0,220200000.0,220200000.0,220200000.0,-13500000.0,0.0,0.051,806700000.0,355800000.0,569500000.0,0.0,3.568,14.998,14.713,1840200000.0,0.0,22.188,0.77,0.77,837600000.0,982400000.0,4287400000.0,4287400000.0,174900000.0,0.047,0.247,0.089,0.086,0.0,631800000.0,1.0,148846604.0,148800000.0,,28.813,3945400000.0,131400000.0,30500000.0,38000000.0,26.515,226300000.0
96,FMC,MRT,1997-06-30,1997-06-30,1997-06-30,2021-09-07,-113000000.0,4992900000.0,,2223900000.0,2769000000.0,,6.182,-353300000.0,105600000.0,105600000.0,3090000000.0,211900000.0,1.142,4.428,1703000000.0,387900000.0,1315100000.0,1703000000.0,0.0,220700000.0,0.0,0.0,0.0,367500000.0,588200000.0,0.139,588200000.0,367500000.0,251000000.0,1.445,1.39,1.445,919900000.0,,919900000.0,4688175168.0,13.0,7.97,-24800000.0,-0.167,1.0,1156500000.0,0.272,470100000.0,116500000.0,4172100000.0,,893400000.0,52500000.0,0.0,52500000.0,4073000000.0,1948100000.0,2124900000.0,2962175168.0,-14200000.0,0.0,2500000.0,-199400000.0,0.0,-192200000.0,-315100000.0,38200000.0,328500000.0,-2000000.0,211900000.0,211900000.0,211900000.0,-16700000.0,0.0,0.05,805000000.0,351500000.0,945700000.0,0.0,3.22,13.979,13.754,1958100000.0,0.0,19.875,0.698,0.696,985200000.0,919500000.0,4246500000.0,4246500000.0,176200000.0,,,,0.087,0.0,628800000.0,1.0,149040260.0,148800000.0,,28.538,4522800000.0,151000000.0,39100000.0,57800000.0,30.395,275800000.0
97,FMC,MRT,1997-03-31,1997-03-31,1997-03-31,2021-09-07,-101000000.0,4926800000.0,,2168400000.0,2758400000.0,,5.808,-426900000.0,52000000.0,52000000.0,3204200000.0,195500000.0,1.121,4.7,1778000000.0,484700000.0,1293300000.0,1778000000.0,0.0,219800000.0,0.0,0.0,0.0,361300000.0,581100000.0,0.133,581100000.0,361300000.0,250800000.0,1.328,1.285,1.328,864300000.0,,864300000.0,4040090992.0,11.0,6.952,-379300000.0,-2.549,1.0,1156200000.0,0.265,476300000.0,110500000.0,4241600000.0,,851800000.0,54500000.0,0.0,54500000.0,4062500000.0,1934900000.0,2127600000.0,2280490992.0,-55600000.0,0.0,15000000.0,122400000.0,0.0,129400000.0,-386100000.0,40800000.0,47600000.0,1700000.0,195500000.0,195500000.0,195500000.0,-16700000.0,0.0,0.045,801800000.0,354400000.0,898600000.0,0.0,2.639,11.665,11.53,1941300000.0,0.0,15.312,0.523,0.523,1013300000.0,846700000.0,4360400000.0,4360400000.0,179700000.0,,,,0.083,0.0,622100000.0,1.0,148930024.0,148800000.0,,29.304,4450500000.0,153900000.0,55300000.0,57400000.0,29.909,233500000.0
98,FMC,MRT,1996-12-31,1996-12-31,1996-12-31,2021-09-07,-65500000.0,4467400000.0,4349950000.0,1762800000.0,2704600000.0,0.908,5.746,-468400000.0,74800000.0,74800000.0,2849800000.0,210700000.0,1.108,4.22,1834400000.0,566000000.0,1268400000.0,1834400000.0,0.0,223400000.0,0.0,0.0,0.0,386700000.0,610100000.0,0.154,610100000.0,386700000.0,283700000.0,1.423,1.385,1.423,855800000.0,754650000.0,855800000.0,,,,-545400000.0,-3.662,1.0,1100900000.0,0.279,471700000.0,103000000.0,4164500000.0,3816700000.0,497300000.0,54500000.0,0.0,54500000.0,3611600000.0,1590800000.0,2020800000.0,2610743321.0,3900000.0,0.0,20300000.0,380800000.0,0.0,394200000.0,-433200000.0,35200000.0,-77000000.0,3200000.0,210700000.0,210700000.0,210700000.0,-47900000.0,0.0,0.053,762500000.0,338400000.0,538700000.0,0.0,3.051,12.391,12.319,1834500000.0,0.0,17.53,0.661,0.661,913700000.0,806800000.0,3950700000.0,3950700000.0,176500000.0,0.048,0.279,0.101,0.098,0.0,586000000.0,1.0,148930024.0,148930024.0,,26.527,3995700000.0,162000000.0,73000000.0,51000000.0,26.829,172000000.0
99,FMC,MRT,1996-09-30,1996-09-30,1996-09-30,2021-09-07,,,,,,,,,,,,,,,,,,,,,,0.0,0.0,,,,,,,,,,,,,,,,,,1.0,,,,,,,,,,,,,,,,,,,,,,,,,,,,,,,,,,,,,,,,16.97,,,,,,,,,,,,,,1.0,,152400000.0,,,,,,,,
100,FMC,MRT,1996-06-30,1996-06-30,1996-06-30,2021-09-07,,,,,,,,,,,,,,,,,,,,,,0.0,0.0,,,,,,,,,,,,,,,,,,1.0,,,,,,,,,,,,,,,,,,,,,,,,,,,,,,,,,,,,,,,,16.188,,,,,,,,,,,,,,1.0,,152400000.0,,,,,,,,
101,FMC,MRT,1996-03-31,1996-03-31,1996-03-31,2021-09-07,,,,,,,,,,,,,,,,,,,,,,0.0,0.0,,,,,,,,,,,,,,,,,,1.0,,,,,,,,,,,,,,,,,,,,,,,,,,,,,,,,,,,,,,,,18.719,,,,,,,,,,,,,,1.0,,152000000.0,,,,,,,,
102,FMC,MRT,1995-12-31,1995-12-31,1995-12-31,2021-09-07,-36800000.0,4232500000.0,,1780800000.0,2451700000.0,,,-474600000.0,70900000.0,70900000.0,2540500000.0,215600000.0,1.005,5.477,1425000000.0,450600000.0,974400000.0,1425000000.0,0.0,194000000.0,0.0,0.0,0.0,297600000.0,491600000.0,0.14,491600000.0,297600000.0,213600000.0,1.472,1.43,1.472,653500000.0,,653500000.0,,,,-642500000.0,,1.0,977600000.0,0.278,345600000.0,84000000.0,3468900000.0,,600200000.0,98400000.0,0.0,98400000.0,3579000000.0,1772100000.0,1806900000.0,,-27300000.0,0.0,9200000.0,409900000.0,0.0,590900000.0,-425900000.0,48700000.0,-167900000.0,8500000.0,215600000.0,215600000.0,215600000.0,-60900000.0,0.0,0.061,843100000.0,134500000.0,835600000.0,0.0,,,11.486,1705700000.0,0.0,16.907,,,832900000.0,596100000.0,3518100000.0,3518100000.0,175400000.0,,,,0.085,0.0,533200000.0,1.0,,,,,3886900000.0,169600000.0,-2000000.0,37700000.0,,8700000.0
103,FMC,MRT,1994-12-31,1994-12-31,1994-12-31,2021-09-07,,,,,,,,-279200000.0,,,2874000000.0,173400000.0,,,,,,,,213400000.0,,0.0,0.0,323000000.0,536400000.0,0.134,536400000.0,323000000.0,258900000.0,1.165,,1.165,,,,,,,38000000.0,,1.0,1115300000.0,0.28,,64100000.0,,,,,,,,,,,20800000.0,0.0,10500000.0,171700000.0,0.0,112200000.0,-335000000.0,-55800000.0,317200000.0,-4000000.0,173400000.0,173400000.0,173400000.0,2800000.0,0.0,0.043,735200000.0,380100000.0,,0.0,,,12.393,,0.0,14.438,,,,,3989300000.0,3989300000.0,166800000.0,,,,0.081,0.0,568400000.0,1.0,,,,,,,85500000.0,,,
