None,ticker,dimension,calendardate,datekey,reportperiod,lastupdated,accoci,assets,assetsavg,assetsc,assetsnc,assetturnover,bvps,capex,cashneq,cashnequsd,cor,consolinc,currentratio,de,debt,debtc,debtnc,debtusd,deferredrev,depamor,deposits,divyield,dps,ebit,ebitda,ebitdamargin,ebitdausd,ebitusd,ebt,eps,epsdil,epsusd,equity,equityavg,equityusd,ev,evebit,evebitda,fcf,fcfps,fxusd,gp,grossmargin,intangibles,intexp,invcap,invcapavg,inventory,investments,investmentsc,investmentsnc,liabilities,liabilitiesc,liabilitiesnc,marketcap,ncf,ncfbus,ncfcommon,ncfdebt,ncfdiv,ncff,ncfi,ncfinv,ncfo,ncfx,netinc,netinccmn,netinccmnusd,netincdis,netincnci,netmargin,opex,opinc,payables,payoutratio,pb,pe,pe1,ppnenet,prefdivis,price,ps,ps1,receivables,retearn,revenue,revenueusd,rnd,roa,roe,roic,ros,sbcomp,sgna,sharefactor,sharesbas,shareswa,shareswadil,sps,tangibles,taxassets,taxexp,taxliabilities,tbvps,workingcapital
0,CRM,MRY,2020-12-31,2021-01-31,2021-01-31,2021-08-30,-42000000.0,66301000000.0,59210000000.0,21889000000.0,44412000000.0,0.359,45.697,-710000000.0,6195000000.0,6195000000.0,5438000000.0,4072000000.0,1.235,0.598,6281000000.0,766000000.0,5515000000.0,6281000000.0,12607000000.0,2846000000.0,0.0,0.0,0.0,2561000000.0,5407000000.0,0.254,5407000000.0,2561000000.0,2561000000.0,4.48,4.38,4.48,41493000000.0,38702000000.0,41493000000.0,208503400000.0,81.0,38.562,4091000000.0,4.506,1.0,15814000000.0,0.744,32147000000.0,0.0,16512000000.0,14255250000.0,0.0,9680000000.0,5771000000.0,3909000000.0,24808000000.0,17728000000.0,7080000000.0,206387400000.0,2050000000.0,-1281000000.0,1321000000.0,-127000000.0,0.0,1194000000.0,-3971000000.0,-3031000000.0,4801000000.0,26000000.0,4072000000.0,4072000000.0,4072000000.0,0.0,0.0,0.192,15359000000.0,455000000.0,4355000000.0,0.0,4.974,50.685,50.348,5663000000.0,0.0,225.56,9.711,9.637,7786000000.0,5933000000.0,21252000000.0,21252000000.0,3598000000.0,0.069,0.105,0.18,0.121,2190000000.0,11761000000.0,1.0,915000000.0,908000000,930000000.0,23.405,34154000000.0,2693000000.0,-1511000000.0,0.0,37.615,4161000000.0
1,CRM,MRY,2019-12-31,2020-01-31,2020-01-31,2021-08-30,-93000000.0,55126000000.0,42889500000.0,15963000000.0,39163000000.0,0.399,40.875,-643000000.0,4145000000.0,4145000000.0,4235000000.0,126000000.0,1.075,0.627,5868000000.0,750000000.0,5118000000.0,5868000000.0,10662000000.0,2135000000.0,0.0,0.0,0.0,706000000.0,2841000000.0,0.166,2841000000.0,706000000.0,706000000.0,0.15,0.15,0.15,33885000000.0,25194000000.0,33885000000.0,163934970000.0,232.0,57.703,3688000000.0,4.449,1.0,12863000000.0,0.752,31206000000.0,0.0,10798000000.0,10385000000.0,0.0,5765000000.0,3802000000.0,1963000000.0,21241000000.0,14845000000.0,6396000000.0,161708970000.0,1476000000.0,-369000000.0,840000000.0,-676000000.0,0.0,164000000.0,-2980000000.0,-2402000000.0,4331000000.0,-39000000.0,126000000.0,126000000.0,126000000.0,0.0,0.0,0.007,12566000000.0,297000000.0,3433000000.0,0.0,4.772,1283.405,1215.4,5415000000.0,0.0,182.31,9.458,8.839,6174000000.0,1861000000.0,17098000000.0,17098000000.0,2766000000.0,0.003,0.005,0.068,0.041,1785000000.0,9634000000.0,1.0,887000000.0,829000000,850000000.0,20.625,23920000000.0,579000000.0,580000000.0,0.0,28.854,1118000000.0
2,CRM,MRY,2018-12-31,2019-01-31,2019-01-31,2021-08-30,-58000000.0,30737000000.0,26527750000.0,10683000000.0,20054000000.0,0.501,20.779,-595000000.0,2669000000.0,2669000000.0,3451000000.0,1110000000.0,0.949,0.97,3173000000.0,0.0,3173000000.0,3173000000.0,8564000000.0,982000000.0,0.0,0.0,0.0,983000000.0,1965000000.0,0.148,1965000000.0,983000000.0,983000000.0,1.48,1.43,1.48,15605000000.0,13721500000.0,15605000000.0,117828050000.0,120.0,59.963,2803000000.0,3.732,1.0,9831000000.0,0.74,15469000000.0,0.0,4517000000.0,4463250000.0,0.0,2975000000.0,1673000000.0,1302000000.0,15132000000.0,11255000000.0,3877000000.0,116257050000.0,126000000.0,-5115000000.0,704000000.0,1306000000.0,0.0,2010000000.0,-5308000000.0,142000000.0,3398000000.0,26000000.0,1110000000.0,1110000000.0,1110000000.0,0.0,0.0,0.084,9296000000.0,535000000.0,2691000000.0,0.0,7.45,104.736,102.682,2051000000.0,0.0,151.97,8.753,8.593,4924000000.0,1735000000.0,13282000000.0,13282000000.0,1886000000.0,0.042,0.081,0.22,0.074,1283000000.0,7410000000.0,1.0,765000000.0,751000000,775000000.0,17.686,15268000000.0,0.0,-127000000.0,0.0,20.33,-572000000.0
3,CRM,MRY,2017-12-31,2018-01-31,2018-01-31,2021-08-30,-12000000.0,21984000000.0,18487942250.0,9584000000.0,12400000000.0,0.57,14.512,-534000000.0,2543000000.0,2543000000.0,2773000000.0,360000000.0,0.952,1.119,1720000000.0,1025000000.0,695000000.0,1720000000.0,6995000000.0,784000000.0,0.0,0.0,0.0,420000000.0,1204000000.0,0.114,1204000000.0,420000000.0,420000000.0,0.5,0.49,0.5,10376000000.0,8897793000.0,10376000000.0,82050662000.0,195.0,68.148,2204000000.0,3.083,1.0,7767000000.0,0.737,8287000000.0,0.0,2807000000.0,1666127750.0,0.0,2655000000.0,1978000000.0,677000000.0,11608000000.0,10067000000.0,1541000000.0,82277193000.0,936000000.0,-25000000.0,650000000.0,-429000000.0,0.0,221000000.0,-2011000000.0,-1583000000.0,2738000000.0,-12000000.0,360000000.0,360000000.0,360000000.0,0.0,0.0,0.034,7313000000.0,454000000.0,2047000000.0,0.0,7.93,228.548,227.82,1947000000.0,0.0,113.91,7.806,7.727,3921000000.0,635000000.0,10540000000.0,10540000000.0,1553000000.0,0.019,0.04,0.252,0.04,997000000.0,5760000000.0,1.0,722300000.0,715000000,735000000.0,14.741,13697000000.0,0.0,60000000.0,0.0,19.157,-483000000.0
4,CRM,MRY,2016-12-31,2017-01-31,2017-01-31,2021-08-30,-75841000.0,17584923000.0,14792794000.0,5996827000.0,11588096000.0,0.57,10.901,-464000000.0,1606549000.0,1606549000.0,2234000000.0,323000000.0,0.822,1.345,2008391000.0,0.0,2008391000.0,2008391000.0,5542802000.0,632000000.0,0.0,0.0,0.0,268000000.0,900000000.0,0.107,900000000.0,268000000.0,179000000.0,0.47,0.46,0.47,7500127000.0,6505751000.0,7500127000.0,55767605000.0,208.0,61.964,1698000000.0,2.468,1.0,6203000000.0,0.735,8518891000.0,89000000.0,2172408000.0,2677170500.0,0.0,1169291000.0,602338000.0,566953000.0,10084796000.0,7295466000.0,2789330000.0,55108970000.0,449000000.0,-3193000000.0,401000000.0,597000000.0,0.0,998000000.0,-2684000000.0,893000000.0,2162000000.0,-27000000.0,323000000.0,323000000.0,323000000.0,0.0,0.0,0.038,5985000000.0,218000000.0,1752664000.0,0.0,7.348,170.616,168.298,1787534000.0,0.0,79.1,6.532,6.45,3196643000.0,-464910000.0,8437000000.0,8437000000.0,1208000000.0,0.022,0.05,0.1,0.032,820000000.0,4777000000.0,1.0,696700000.0,688000000,700000000.0,12.263,9066032000.0,0.0,-144000000.0,0.0,13.177,-1298639000.0
5,CRM,MRY,2015-12-31,2016-01-31,2016-01-31,2021-08-30,-49917000.0,12762920000.0,11208636250.0,5731323000.0,7031597000.0,0.595,7.561,-461487000.0,1158363000.0,1158363000.0,1654548000.0,-47426000.0,1.02,1.551,1286095000.0,0.0,1286095000.0,1286095000.0,4291553000.0,525750000.0,0.0,0.0,0.0,136764000.0,662514000.0,0.099,662514000.0,136764000.0,64279000.0,-0.07,-0.07,-0.07,5002869000.0,4630957250.0,5002869000.0,45256283000.0,331.0,68.31,1210594000.0,1.83,1.0,5012668000.0,0.752,4463008000.0,72485000.0,2810639000.0,2686092750.0,0.0,2087735000.0,1567014000.0,520721000.0,7760051000.0,5617005000.0,2143046000.0,45191840000.0,250246000.0,-58680000.0,455482000.0,-382330000.0,0.0,73152000.0,-1487878000.0,-987411000.0,1672081000.0,-7109000.0,-47426000.0,-47426000.0,-47426000.0,0.0,0.0,-0.007,4875953000.0,136715000.0,1349338000.0,0.0,9.033,-952.892,-972.286,1715828000.0,0.0,68.06,6.778,6.754,2496165000.0,-653271000.0,6667216000.0,6667216000.0,946300000.0,-0.004,-0.01,0.051,0.021,593628000.0,3988062000.0,1.0,664000000.0,661647000,661647000.0,10.077,8299912000.0,0.0,111705000.0,0.0,12.544,114318000.0
6,CRM,MRY,2014-12-31,2015-01-31,2015-01-31,2021-08-30,-24108000.0,10665127000.0,9432240500.0,3514544000.0,7150583000.0,0.57,6.369,-193649000.0,1023132000.0,1023132000.0,1289270000.0,-262688000.0,0.801,1.683,1370692000.0,0.0,1370692000.0,1370692000.0,3321449000.0,448296000.0,0.0,0.0,0.0,-139848000.0,308448000.0,0.057,308448000.0,-139848000.0,-213085000.0,-0.42,-0.42,-0.42,3975183000.0,3549569750.0,3975183000.0,36203128000.0,-259.0,117.372,987795000.0,1.583,1.0,4084316000.0,0.76,4216058000.0,73237000.0,2406526000.0,2337387750.0,0.0,1157941000.0,87312000.0,1070629000.0,6689944000.0,4390103000.0,2299841000.0,35619950000.0,126482000.0,38071000.0,308989000.0,-627200000.0,0.0,-318211000.0,-698360000.0,-542782000.0,1181444000.0,-38391000.0,-262688000.0,-262688000.0,-262688000.0,0.0,0.0,-0.049,4214324000.0,-130008000.0,1103335000.0,0.0,8.961,-135.598,-134.405,1269063000.0,0.0,56.45,6.629,6.557,1905506000.0,-605845000.0,5373586000.0,5373586000.0,792917000.0,-0.028,-0.074,-0.06,-0.026,564765000.0,3437032000.0,1.0,631000000.0,624148000,624148000.0,8.609,6449069000.0,0.0,49603000.0,0.0,10.333,-875559000.0
7,CRM,MRY,2013-12-31,2014-01-31,2014-01-31,2021-08-30,17680000.0,9152930000.0,7933542250.0,2680252000.0,6472678000.0,0.513,5.084,-299110000.0,781635000.0,781635000.0,968428000.0,-232175000.0,0.673,2.004,1874089000.0,572159000.0,1301930000.0,1874089000.0,2522115000.0,369423000.0,0.0,0.0,0.0,-280724000.0,88699000.0,0.022,88699000.0,-280724000.0,-357935000.0,-0.39,-0.39,-0.39,3038510000.0,2808077750.0,3038510000.0,37722548000.0,-134.0,425.287,576359000.0,0.964,1.0,3102575000.0,0.762,3982740000.0,77211000.0,2282456000.0,2084283500.0,0.0,539382000.0,57139000.0,482243000.0,6087715000.0,3980188000.0,2107527000.0,36499590000.0,34390000.0,-2617302000.0,374731000.0,1215359000.0,0.0,1598234000.0,-2431555000.0,484857000.0,875469000.0,-7758000.0,-232175000.0,-232175000.0,-232175000.0,0.0,0.0,-0.057,3388649000.0,-286074000.0,934324000.0,0.0,12.012,-157.207,-155.205,1240746000.0,0.0,60.53,8.966,8.886,1360837000.0,-343157000.0,4071003000.0,4071003000.0,623798000.0,-0.029,-0.083,-0.135,-0.069,495136000.0,2764851000.0,1.0,603000000.0,597613000,597613000.0,6.812,5170190000.0,0.0,-125760000.0,0.0,8.651,-1299936000.0
8,CRM,MRY,2012-12-31,2013-01-31,2013-01-31,2021-08-30,17137000.0,5528956000.0,4695227000.0,2015880000.0,3513076000.0,0.65,4.103,-179707000.0,747245000.0,747245000.0,683579000.0,-270445000.0,0.691,1.362,521278000.0,521278000.0,0.0,521278000.0,1862995000.0,216795000.0,0.0,0.0,0.0,-96846000.0,119949000.0,0.039,119949000.0,-96846000.0,-127794000.0,-0.48,-0.48,-0.48,2317633000.0,2025832750.0,2317633000.0,24435631000.0,-252.0,203.717,557190000.0,0.986,1.0,2366616000.0,0.776,1736701000.0,30948000.0,648664000.0,838935750.0,0.0,1011040000.0,120376000.0,890664000.0,3157711000.0,2917624000.0,240087000.0,24442460000.0,139961000.0,-579745000.0,351366000.0,-31754000.0,0.0,334545000.0,-938918000.0,-179466000.0,736897000.0,7437000.0,-270445000.0,-270445000.0,-270445000.0,0.0,0.0,-0.089,2477326000.0,-110710000.0,597706000.0,0.0,10.546,-90.379,-89.651,604669000.0,0.0,43.032,8.013,7.97,872634000.0,-110982000.0,3050195000.0,3050195000.0,429479000.0,-0.058,-0.133,-0.115,-0.032,364417000.0,2047847000.0,1.0,568000000.0,564896000,564896000.0,5.4,3792255000.0,0.0,142651000.0,0.0,6.713,-901744000.0
9,CRM,MRY,2011-12-31,2012-01-31,2012-01-31,2021-08-30,12683000.0,4164154000.0,3556207000.0,1672222000.0,2491932000.0,0.637,2.933,-171300000.0,607284000.0,607284000.0,488886000.0,-11572000.0,0.727,1.574,496149000.0,496149000.0,0.0,496149000.0,1380295000.0,157286000.0,0.0,0.0,0.0,-16272000.0,141014000.0,0.062,141014000.0,-16272000.0,-33317000.0,-0.02,-0.02,-0.02,1587360000.0,1439878500.0,1587360000.0,15871932000.0,-975.0,112.556,420207000.0,0.776,1.0,1777653000.0,0.784,973793000.0,17045000.0,779195000.0,752587000.0,0.0,839890000.0,170582000.0,669308000.0,2498053000.0,2300031000.0,198022000.0,15884800000.0,182992000.0,-422699000.0,116565000.0,-30533000.0,0.0,75850000.0,-489690000.0,104309000.0,591507000.0,5325000.0,-11572000.0,-11572000.0,-11572000.0,0.0,0.0,-0.005,1812738000.0,-35085000.0,512260000.0,0.0,10.007,-1372.693,-1460.0,527946000.0,0.0,29.2,7.008,6.972,683745000.0,159463000.0,2266539000.0,2266539000.0,295347000.0,-0.003,-0.008,-0.022,-0.007,223240000.0,1517391000.0,1.0,544000000.0,541208000,541208000.0,4.188,3190361000.0,119408000.0,-21745000.0,37258000.0,5.895,-627809000.0
10,CRM,MRY,2010-12-31,2011-01-31,2011-01-31,2021-08-30,6719000.0,3091165000.0,2754608000.0,1074924000.0,2016241000.0,0.602,2.451,-368831000.0,424292000.0,424292000.0,323813000.0,69697000.0,0.842,1.422,472538000.0,0.0,472538000.0,472538000.0,934941000.0,75746000.0,0.0,0.0,0.0,123984000.0,199730000.0,0.121,199730000.0,123984000.0,99075000.0,0.125,0.117,0.125,1276491000.0,1215478750.0,1276491000.0,16805540000.0,136.0,84.141,90250000.0,0.173,1.0,1333326000.0,0.805,524068000.0,24909000.0,1338877000.0,1390257000.0,0.0,983265000.0,72678000.0,910587000.0,1814674000.0,1276466000.0,538208000.0,16968996000.0,-587014000.0,-403331000.0,160402000.0,-10355000.0,0.0,14074000.0,-1062554000.0,-290392000.0,459081000.0,2385000.0,64474000.0,64474000.0,64474000.0,0.0,5223000.0,0.039,1235829000.0,97497000.0,18106000.0,0.0,13.293,263.191,258.28,387174000.0,0.0,32.285,10.24,10.148,426943000.0,171035000.0,1657139000.0,1657139000.0,187887000.0,0.023,0.053,0.089,0.075,84438000.0,1047942000.0,1.0,525600000.0,520888000,546392000.0,3.181,2567097000.0,68715000.0,34601000.0,18481000.0,4.928,-201542000.0
11,CRM,MRY,2009-12-31,2010-01-31,2010-01-31,2021-08-30,-1430000.0,2460201000.0,1781907250.0,1706159000.0,754042000.0,0.733,2.097,-49501000.0,1011306000.0,1011306000.0,257925000.0,84692000.0,1.879,1.345,450198000.0,0.0,450198000.0,450198000.0,704348000.0,53177000.0,0.0,0.0,0.0,140408000.0,193585000.0,0.148,193585000.0,140408000.0,138408000.0,0.163,0.158,0.163,1043802000.0,855416250.0,1043802000.0,7694507000.0,55.0,39.747,221410000.0,0.445,1.0,1047658000.0,0.802,83764000.0,2000000.0,907199000.0,597212500.0,0.0,715742000.0,230659000.0,485083000.0,1403535000.0,908130000.0,495405000.0,7937395000.0,527472000.0,-11999000.0,153139000.0,432475000.0,0.0,637153000.0,-378616000.0,-317116000.0,270911000.0,-1976000.0,80719000.0,80719000.0,80719000.0,0.0,3973000.0,0.062,932386000.0,115272000.0,14791000.0,0.0,7.604,98.334,97.469,89711000.0,0.0,15.887,6.08,6.058,320956000.0,106561000.0,1305583000.0,1305583000.0,131897000.0,0.045,0.094,0.235,0.108,37353000.0,800489000.0,1.0,499600000.0,497848000,512456000.0,2.622,2376437000.0,67695000.0,57689000.0,17551000.0,4.773,798029000.0
12,CRM,MRY,2008-12-31,2009-01-31,2009-01-31,2021-08-30,-2905000.0,1479822000.0,1269672250.0,1068557000.0,411265000.0,0.848,1.386,-61059000.0,483834000.0,483834000.0,220471000.0,48035000.0,1.393,1.187,0.0,0.0,0.0,0.0,594026000.0,35971000.0,0.0,0.0,0.0,81092000.0,117063000.0,0.109,117063000.0,81092000.0,80985000.0,0.09,0.087,0.09,671784000.0,589803500.0,671784000.0,2864106000.0,35.0,24.466,168498000.0,0.348,1.0,856298000.0,0.795,74861000.0,107000.0,154161000.0,161232250.0,0.0,398731000.0,213769000.0,184962000.0,797335000.0,766966000.0,30369000.0,3246420000.0,204739000.0,-27907000.0,43311000.0,-997000.0,0.0,75289000.0,-99375000.0,-10409000.0,229557000.0,-732000.0,43428000.0,43428000.0,43428000.0,0.0,4607000.0,0.04,792556000.0,63742000.0,16379000.0,0.0,4.833,74.754,73.917,77027000.0,0.0,6.652,3.015,2.995,266555000.0,25842000.0,1076769000.0,1076769000.0,99530000.0,0.034,0.074,0.503,0.075,22769000.0,693026000.0,1.0,488000000.0,484732000,500912000.0,2.221,1404961000.0,58489000.0,37557000.0,16109000.0,2.898,301591000.0
13,CRM,MRY,2007-12-31,2008-01-31,2008-01-31,2021-08-30,-2276000.0,1089593000.0,857112500.0,740811000.0,348782000.0,0.874,0.967,-43552000.0,279095000.0,279095000.0,171591000.0,22828000.0,1.223,1.41,0.0,0.0,0.0,0.0,480894000.0,24219000.0,0.0,0.0,0.0,41787000.0,66006000.0,0.088,66006000.0,41787000.0,41741000.0,0.04,0.037,0.04,452059000.0,378423000.0,452059000.0,5969810000.0,143.0,90.443,160723000.0,0.344,1.0,577109000.0,0.771,31617000.0,46000.0,172964000.0,202327500.0,0.0,390705000.0,171748000.0,218957000.0,637534000.0,605917000.0,31617000.0,6130571000.0,192487000.0,0.0,60910000.0,-175000.0,0.0,92713000.0,-102709000.0,-59157000.0,204275000.0,-1792000.0,18356000.0,18356000.0,18356000.0,0.0,4472000.0,0.025,556800000.0,20309000.0,7478000.0,0.0,13.561,333.982,324.438,41380000.0,0.0,12.977,8.188,8.101,220061000.0,-17586000.0,748700000.0,748700000.0,63812000.0,0.021,0.049,0.207,0.056,23229000.0,492988000.0,1.0,472400000.0,467360000,489688000.0,1.602,1057976000.0,33685000.0,23385000.0,12087000.0,2.264,134894000.0
14,CRM,MRY,2006-12-31,2007-01-31,2007-01-31,2021-08-30,-2187000.0,664832000.0,544832000.0,419096000.0,245736000.0,0.912,0.627,-22123000.0,86608000.0,86608000.0,118890000.0,481000.0,1.123,1.359,0.0,0.0,0.0,0.0,284063000.0,12504000.0,0.0,0.0,0.0,-4508000.0,7996000.0,0.016,7996000.0,-4508000.0,10276000.0,0.0,0.0,0.0,281791000.0,245042000.0,281791000.0,4904721000.0,-1088.0,613.397,89101000.0,0.198,1.0,378208000.0,0.761,17688000.0,-14784000.0,187345000.0,133313000.0,0.0,325904000.0,165816000.0,160088000.0,383041000.0,373191000.0,9850000.0,4974705000.0,-13234000.0,-15502000.0,29070000.0,-617000.0,0.0,45027000.0,-168596000.0,-130971000.0,111224000.0,-889000.0,481000.0,481000.0,481000.0,0.0,0.0,0.001,381806000.0,-3598000.0,8870000.0,,17.654,10342.422,,30155000.0,0.0,10.957,10.007,9.909,128693000.0,-35633000.0,497098000.0,497098000.0,44614000.0,0.001,0.002,-0.034,-0.009,22631000.0,337192000.0,1.0,454000000.0,449544000,480616000.0,1.106,647144000.0,20853000.0,9795000.0,6739000.0,1.44,45905000.0
15,CRM,MRY,2005-12-31,2006-01-31,2006-01-31,2021-08-30,-2105000.0,434749000.0,353124500.0,303217000.0,131532000.0,0.877,0.458,-20243000.0,99842000.0,99842000.0,69126000.0,28474000.0,1.292,1.214,799000.0,615000.0,184000.0,799000.0,169175000.0,6027000.0,0.0,0.0,0.0,27233000.0,33260000.0,0.107,33260000.0,27233000.0,27164000.0,0.068,0.06,0.068,196371000.0,174187500.0,196371000.0,4359310000.0,160.0,131.068,75650000.0,0.176,1.0,240731000.0,0.777,0.0,69000.0,101081000.0,113861000.0,0.0,196950000.0,107723000.0,89227000.0,238378000.0,234625000.0,3753000.0,4445715000.0,64111000.0,0.0,15707000.0,-614000.0,0.0,15820000.0,-47805000.0,-27562000.0,95893000.0,203000.0,28474000.0,28474000.0,28474000.0,0.0,0.0,0.092,220629000.0,20102000.0,10212000.0,0.0,22.639,156.132,150.919,24216000.0,0.0,10.262,14.348,14.212,76128000.0,-36114000.0,309857000.0,309857000.0,23330000.0,0.081,0.163,0.239,0.088,7110000.0,197584000.0,1.0,433200000.0,429096000,474948000.0,0.722,434749000.0,10416000.0,-1310000.0,5841000.0,1.013,68592000.0
16,CRM,MRY,2004-12-31,2005-01-31,2005-01-31,2021-08-30,-999000.0,280499000.0,211673000.0,178715000.0,101784000.0,0.833,0.481,-3587000.0,38922000.0,38922000.0,33454000.0,7346000.0,1.357,0.933,1284000.0,563000.0,721000.0,1284000.0,95900000.0,3147000.0,0.0,0.0,0.0,8600000.0,11747000.0,0.067,11747000.0,8600000.0,8563000.0,0.025,0.018,0.025,145131000.0,92904250.0,145131000.0,1388210000.0,161.0,118.176,52285000.0,0.173,1.0,142921000.0,0.81,0.0,37000.0,111190000.0,78033000.0,0.0,170207000.0,83087000.0,87120000.0,135368000.0,131671000.0,3697000.0,1412470000.0,25268000.0,0.0,118260000.0,-493000.0,0.0,118850000.0,-149199000.0,-145612000.0,55872000.0,-255000.0,7346000.0,7346000.0,7346000.0,0.0,0.0,0.042,136401000.0,6520000.0,2525000.0,0.0,9.732,192.277,137.0,7637000.0,0.0,3.425,8.008,5.865,48874000.0,-64588000.0,176375000.0,176375000.0,9822000.0,0.035,0.079,0.11,0.049,4412000.0,126579000.0,1.0,412400000.0,302012000,443496000.0,0.584,280499000.0,0.0,1217000.0,216000.0,0.929,47044000.0
17,CRM,MRY,2003-12-31,2004-01-31,2004-01-31,2021-08-30,10000.0,87511000.0,63592000.0,74146000.0,13365000.0,1.51,-0.39,-3095000.0,14375000.0,14375000.0,17273000.0,3514000.0,1.059,-1.57,78000.0,78000.0,0.0,78000.0,49677000.0,2591000.0,0.0,,0.0,4077000.0,6668000.0,0.069,6668000.0,4077000.0,4055000.0,0.03,0.01,0.03,-46237000.0,-51056000.0,-46237000.0,,,,18686000.0,0.158,1.0,78750000.0,0.82,0.0,22000.0,3208000.0,1126500.0,0.0,25349000.0,25349000.0,0.0,72611000.0,70006000.0,2605000.0,,1754000.0,0.0,1463000.0,-531000.0,0.0,1099000.0,-21144000.0,-18049000.0,21781000.0,18000.0,3514000.0,3514000.0,3514000.0,0.0,0.0,0.037,75032000.0,3718000.0,2035000.0,0.0,,,,5069000.0,0.0,,,,26536000.0,-71934000.0,96023000.0,96023000.0,6962000.0,0.055,-0.069,3.619,0.042,4359000.0,71515000.0,1.0,,118420000,381636000.0,0.811,87511000.0,0.0,541000.0,534000.0,0.739,4140000.0
18,CRM,MRY,2002-12-31,2003-01-31,2003-01-31,2021-08-30,6000.0,39673000.0,,29967000.0,9706000.0,,-0.53,-2255000.0,12442000.0,12442000.0,10363000.0,-9716000.0,1.041,-0.616,609000.0,531000.0,78000.0,609000.0,19171000.0,2664000.0,0.0,,0.0,-9639000.0,-6975000.0,-0.137,-6975000.0,-9639000.0,-9716000.0,-0.092,-0.092,-0.092,-55875000.0,,-55875000.0,,,,2958000.0,0.028,1.0,40628000.0,0.797,0.0,77000.0,-955000.0,,0.0,7300000.0,7300000.0,0.0,34411000.0,28795000.0,5616000.0,,-3000000.0,0.0,1238000.0,-757000.0,0.0,1032000.0,-9555000.0,-7300000.0,5213000.0,310000.0,-9716000.0,-9716000.0,-9716000.0,0.0,0.0,-0.191,51128000.0,-10500000.0,606000.0,0.0,,,,4988000.0,0.0,,,,9581000.0,-75448000.0,50991000.0,50991000.0,4648000.0,,,,-0.189,4767000.0,46480000.0,1.0,,105500000,105500000.0,0.483,39673000.0,0.0,0.0,0.0,0.376,1172000.0
19,CRM,MRY,2001-12-31,2002-01-31,2002-01-31,2021-08-30,,,,,,,,-713000.0,,,6047000.0,-28609000.0,,,,,,,,2403000.0,,,0.0,-28337000.0,-25934000.0,-1.157,-25934000.0,-28337000.0,-28609000.0,-0.34,-0.34,-0.34,,,,,,,-13879000.0,-0.165,1.0,16362000.0,0.73,,272000.0,,,,,,,,,,,-10332000.0,0.0,1659000.0,-656000.0,0.0,3547000.0,-713000.0,0.0,-13166000.0,-159000.0,-28609000.0,-28609000.0,-28609000.0,0.0,0.0,-1.277,45887000.0,-29525000.0,,0.0,,,,,0.0,,,,,,22409000.0,22409000.0,5308000.0,,,,-1.265,4451000.0,32922000.0,1.0,,84156000,84156000.0,0.266,,,0.0,,,
0,CRM,MRQ,2021-06-30,2021-07-31,2021-07-31,2021-08-30,-84000000.0,88658000000.0,,16256000000.0,72402000000.0,,59.507,-213000000.0,6299000000.0,6299000000.0,1613000000.0,535000000.0,0.935,0.597,15519000000.0,2052000000.0,13467000000.0,15519000000.0,11067000000.0,719000000.0,0.0,0.0,0.0,826000000.0,1545000000.0,0.244,1545000000.0,826000000.0,826000000.0,0.57,0.56,0.57,55520000000.0,,55520000000.0,221615180000.0,71.0,36.643,173000000.0,0.185,1.0,4727000000.0,0.746,59669000000.0,0.0,20816000000.0,,0.0,7456000000.0,3351000000.0,4105000000.0,33138000000.0,17393000000.0,15745000000.0,224027180000.0,-2245000000.0,-14356000000.0,375000000.0,8065000000.0,0.0,8440000000.0,-11054000000.0,2602000000.0,386000000.0,-17000000.0,535000000.0,535000000.0,535000000.0,0.0,0.0,0.084,4395000000.0,332000000.0,4274000000.0,0.0,4.035,95.25,94.875,5834000000.0,0.0,241.93,9.517,9.589,4074000000.0,6937000000.0,6340000000.0,6340000000.0,1020000000.0,,,,,640000000.0,3375000000.0,1.0,926000000.0,933000000,950000000.0,6.795,28989000000.0,2794000000.0,291000000.0,0.0,31.071,-1137000000.0
1,CRM,MRQ,2021-03-31,2021-04-30,2021-04-30,2021-08-30,-68000000.0,64885000000.0,,20444000000.0,44441000000.0,,46.218,-171000000.0,8544000000.0,8544000000.0,1555000000.0,469000000.0,1.334,0.524,6132000000.0,726000000.0,5406000000.0,6132000000.0,11158000000.0,685000000.0,0.0,0.0,0.0,604000000.0,1289000000.0,0.216,1289000000.0,604000000.0,604000000.0,0.51,0.5,0.51,42567000000.0,,42567000000.0,212210720000.0,68.0,35.422,3057000000.0,3.319,1.0,4408000000.0,0.739,32301000000.0,0.0,14849000000.0,,0.0,10423000000.0,6479000000.0,3944000000.0,22318000000.0,15323000000.0,6995000000.0,212124720000.0,2349000000.0,-425000000.0,225000000.0,-60000000.0,0.0,165000000.0,-1047000000.0,-1007000000.0,3228000000.0,3000000.0,469000000.0,469000000.0,469000000.0,0.0,0.0,0.079,4054000000.0,354000000.0,3439000000.0,0.0,4.983,47.754,47.197,5555000000.0,0.0,230.32,9.491,9.491,3174000000.0,6402000000.0,5963000000.0,5963000000.0,951000000.0,,,,,564000000.0,3103000000.0,1.0,921000000.0,921000000,940000000.0,6.474,32584000000.0,2641000000.0,135000000.0,0.0,35.379,5121000000.0
2,CRM,MRQ,2020-12-31,2021-01-31,2021-01-31,2021-08-30,-42000000.0,66301000000.0,,21889000000.0,44412000000.0,,45.249,-149000000.0,6195000000.0,6195000000.0,1479000000.0,267000000.0,1.235,0.598,6281000000.0,766000000.0,5515000000.0,6281000000.0,12607000000.0,869000000.0,0.0,0.0,0.0,425000000.0,1294000000.0,0.222,1294000000.0,425000000.0,425000000.0,0.28,0.27,0.28,41493000000.0,,41493000000.0,208503400000.0,81.0,38.562,2025000000.0,2.208,1.0,4338000000.0,0.746,32147000000.0,0.0,16512000000.0,,0.0,9680000000.0,5771000000.0,3909000000.0,24808000000.0,17728000000.0,7080000000.0,206387400000.0,2471000000.0,0.0,216000000.0,-40000000.0,0.0,176000000.0,94000000.0,-123000000.0,2174000000.0,27000000.0,267000000.0,267000000.0,267000000.0,0.0,0.0,0.046,4145000000.0,193000000.0,4355000000.0,0.0,4.974,50.685,50.348,5663000000.0,0.0,225.56,9.711,9.637,7786000000.0,5933000000.0,5817000000.0,5817000000.0,939000000.0,,,,,542000000.0,3206000000.0,1.0,915000000.0,917000000,942000000.0,6.344,34154000000.0,2693000000.0,158000000.0,0.0,37.245,4161000000.0
3,CRM,MRQ,2020-09-30,2020-10-31,2020-10-31,2021-08-30,-84000000.0,59136000000.0,,14946000000.0,44190000000.0,,44.248,-124000000.0,3724000000.0,3724000000.0,1394000000.0,1081000000.0,1.222,0.467,5840000000.0,765000000.0,5075000000.0,5840000000.0,7923000000.0,670000000.0,0.0,0.0,0.0,1250000000.0,1920000000.0,0.354,1920000000.0,1250000000.0,1250000000.0,1.19,1.15,1.19,40310000000.0,,40310000000.0,213160700000.0,100.0,44.952,215000000.0,0.236,1.0,4025000000.0,0.743,32173000000.0,0.0,16845000000.0,,0.0,9695000000.0,5768000000.0,3927000000.0,18826000000.0,12234000000.0,6592000000.0,211365700000.0,-328000000.0,-24000000.0,381000000.0,-13000000.0,0.0,368000000.0,-1035000000.0,-920000000.0,339000000.0,0.0,1081000000.0,1081000000.0,1081000000.0,0.0,0.0,0.199,3801000000.0,224000000.0,3546000000.0,0.0,5.244,59.422,59.71,5526000000.0,0.0,232.27,10.419,10.431,3316000000.0,5666000000.0,5419000000.0,5419000000.0,902000000.0,,,,,566000000.0,2899000000.0,1.0,910000000.0,911000000,939000000.0,5.948,26963000000.0,2564000000.0,169000000.0,0.0,29.597,2712000000.0
4,CRM,MRQ,2020-06-30,2020-07-31,2020-07-31,2021-08-30,-68000000.0,57780000000.0,,14846000000.0,42934000000.0,,42.522,-114000000.0,4052000000.0,4052000000.0,1311000000.0,2625000000.0,1.145,0.503,5847000000.0,767000000.0,5080000000.0,5847000000.0,8711000000.0,649000000.0,0.0,0.0,0.0,839000000.0,1488000000.0,0.289,1488000000.0,839000000.0,839000000.0,2.9,2.85,2.9,38440000000.0,,38440000000.0,175624850000.0,186.0,50.265,315000000.0,0.348,1.0,3840000000.0,0.745,32286000000.0,0.0,14326000000.0,,0.0,7786000000.0,5231000000.0,2555000000.0,19340000000.0,12963000000.0,6377000000.0,175559850000.0,-1720000000.0,-1154000000.0,466000000.0,-25000000.0,0.0,441000000.0,-2593000000.0,-1376000000.0,429000000.0,3000000.0,2625000000.0,2625000000.0,2625000000.0,0.0,0.0,0.51,3662000000.0,178000000.0,3485000000.0,0.0,4.567,74.17,75.523,5513000000.0,0.0,194.85,9.059,9.089,3445000000.0,4585000000.0,5151000000.0,5151000000.0,898000000.0,,,,,578000000.0,2764000000.0,1.0,901000000.0,904000000,922000000.0,5.698,25494000000.0,2580000000.0,-1786000000.0,0.0,28.201,1883000000.0
5,CRM,MRQ,2020-03-31,2020-04-30,2020-04-30,2021-08-30,-135000000.0,53623000000.0,,14713000000.0,38910000000.0,,38.577,-323000000.0,5772000000.0,5772000000.0,1254000000.0,99000000.0,1.146,0.551,5837000000.0,742000000.0,5095000000.0,5837000000.0,9112000000.0,658000000.0,0.0,0.0,0.0,47000000.0,705000000.0,0.145,705000000.0,47000000.0,47000000.0,0.11,0.11,0.11,34565000000.0,,34565000000.0,146668250000.0,541.0,55.831,1536000000.0,1.714,1.0,3611000000.0,0.742,31507000000.0,0.0,9338000000.0,,0.0,5932000000.0,4030000000.0,1902000000.0,19058000000.0,12843000000.0,6215000000.0,144945250000.0,1627000000.0,-103000000.0,258000000.0,-49000000.0,0.0,209000000.0,-437000000.0,-612000000.0,1859000000.0,-4000000.0,99000000.0,99000000.0,99000000.0,0.0,0.0,0.02,3751000000.0,-140000000.0,2989000000.0,0.0,4.193,-867.936,-809.75,5501000000.0,0.0,161.95,7.953,7.962,3076000000.0,1960000000.0,4865000000.0,4865000000.0,859000000.0,,,,,504000000.0,2892000000.0,1.0,895000000.0,896000000,913000000.0,5.43,22116000000.0,0.0,-52000000.0,0.0,24.683,1870000000.0
6,CRM,MRQ,2019-12-31,2020-01-31,2020-01-31,2021-08-30,-93000000.0,55126000000.0,,15963000000.0,39163000000.0,,38.116,-136000000.0,4145000000.0,4145000000.0,1220000000.0,-248000000.0,1.075,0.627,5868000000.0,750000000.0,5118000000.0,5868000000.0,10662000000.0,633000000.0,0.0,0.0,0.0,-4000000.0,629000000.0,0.13,629000000.0,-4000000.0,-4000000.0,-0.31,-0.3,-0.31,33885000000.0,,33885000000.0,163934970000.0,232.0,57.703,1496000000.0,1.683,1.0,3631000000.0,0.749,31206000000.0,0.0,10798000000.0,,0.0,5765000000.0,3802000000.0,1963000000.0,21241000000.0,14845000000.0,6396000000.0,161708970000.0,277000000.0,-30000000.0,290000000.0,-165000000.0,0.0,125000000.0,-1465000000.0,-1330000000.0,1632000000.0,-15000000.0,-248000000.0,-248000000.0,-248000000.0,0.0,0.0,-0.051,3667000000.0,-36000000.0,3433000000.0,0.0,4.772,1283.405,1215.4,5415000000.0,0.0,182.31,9.458,8.839,6174000000.0,1861000000.0,4851000000.0,4851000000.0,831000000.0,,,,,511000000.0,2836000000.0,1.0,887000000.0,889000000,913000000.0,5.457,23920000000.0,579000000.0,244000000.0,0.0,26.907,1118000000.0
7,CRM,MRQ,2019-09-30,2019-10-31,2019-10-31,2021-08-30,-74000000.0,49942000000.0,,11026000000.0,38916000000.0,,37.86,-170000000.0,3868000000.0,3868000000.0,1134000000.0,-109000000.0,1.053,0.501,6094000000.0,735000000.0,5359000000.0,6094000000.0,6858000000.0,608000000.0,0.0,0.0,0.0,64000000.0,672000000.0,0.149,672000000.0,64000000.0,64000000.0,-0.12,-0.12,-0.12,33279000000.0,,33279000000.0,139751730000.0,147.0,51.266,128000000.0,0.146,1.0,3379000000.0,0.749,30538000000.0,0.0,11156000000.0,,0.0,4421000000.0,2661000000.0,1760000000.0,16663000000.0,10474000000.0,6189000000.0,137241730000.0,358000000.0,94000000.0,179000000.0,-164000000.0,0.0,15000000.0,63000000.0,1000000.0,298000000.0,-18000000.0,-109000000.0,-109000000.0,-109000000.0,0.0,0.0,-0.024,3314000000.0,65000000.0,2881000000.0,0.0,4.124,186.47,158.071,5515000000.0,0.0,156.49,8.659,8.679,2573000000.0,2109000000.0,4513000000.0,4513000000.0,774000000.0,,,,,543000000.0,2540000000.0,1.0,877000000.0,879000000,879000000.0,5.134,19404000000.0,0.0,173000000.0,0.0,22.075,552000000.0
8,CRM,MRQ,2019-06-30,2019-07-31,2019-07-31,2021-08-30,-77000000.0,33336000000.0,,9903000000.0,23433000000.0,,22.121,-178000000.0,3510000000.0,3510000000.0,967000000.0,91000000.0,0.971,0.942,6020000000.0,706000000.0,5314000000.0,6020000000.0,7142000000.0,457000000.0,0.0,0.0,0.0,164000000.0,621000000.0,0.155,621000000.0,164000000.0,164000000.0,0.12,0.11,0.12,17166000000.0,,17166000000.0,122013000000.0,120.0,50.026,258000000.0,0.332,1.0,3030000000.0,0.758,15527000000.0,0.0,10124000000.0,,0.0,4146000000.0,2532000000.0,1614000000.0,16170000000.0,10195000000.0,5975000000.0,119892000000.0,-600000000.0,-423000000.0,152000000.0,-335000000.0,0.0,-183000000.0,-852000000.0,-322000000.0,436000000.0,-1000000.0,91000000.0,91000000.0,91000000.0,0.0,0.0,0.023,2972000000.0,58000000.0,2347000000.0,0.0,6.984,126.202,123.6,5187000000.0,0.0,154.5,8.14,8.14,2332000000.0,2218000000.0,3997000000.0,3997000000.0,607000000.0,,,,,388000000.0,2199000000.0,1.0,776000000.0,776000000,795000000.0,5.151,17809000000.0,0.0,73000000.0,0.0,22.95,-292000000.0
9,CRM,MRQ,2019-03-31,2019-04-30,2019-04-30,2021-08-30,-65000000.0,33154000000.0,,10035000000.0,23119000000.0,,21.331,-159000000.0,4110000000.0,4110000000.0,914000000.0,392000000.0,0.957,1.016,6231000000.0,675000000.0,5556000000.0,6231000000.0,7585000000.0,437000000.0,0.0,0.0,0.0,482000000.0,919000000.0,0.246,919000000.0,482000000.0,482000000.0,0.51,0.49,0.51,16446000000.0,,16446000000.0,127991850000.0,119.0,55.6,1806000000.0,2.342,1.0,2823000000.0,0.755,15325000000.0,0.0,9462000000.0,,0.0,3817000000.0,2269000000.0,1548000000.0,16708000000.0,10488000000.0,6220000000.0,127484850000.0,1441000000.0,-10000000.0,219000000.0,-12000000.0,0.0,207000000.0,-726000000.0,-751000000.0,1965000000.0,-5000000.0,392000000.0,392000000.0,392000000.0,0.0,0.0,0.105,2613000000.0,210000000.0,2228000000.0,0.0,7.752,110.091,108.072,5097000000.0,0.0,165.35,9.098,9.098,2153000000.0,2127000000.0,3737000000.0,3737000000.0,554000000.0,,,,,343000000.0,2059000000.0,1.0,771000000.0,771000000,793000000.0,4.847,17829000000.0,0.0,90000000.0,0.0,23.125,-453000000.0
10,CRM,MRQ,2018-12-31,2019-01-31,2019-01-31,2021-08-30,-58000000.0,30737000000.0,,10683000000.0,20054000000.0,,20.372,-167000000.0,2669000000.0,2669000000.0,946000000.0,362000000.0,0.949,0.97,3173000000.0,0.0,3173000000.0,3173000000.0,8564000000.0,275000000.0,0.0,0.0,0.0,239000000.0,514000000.0,0.143,514000000.0,239000000.0,239000000.0,0.48,0.46,0.48,15605000000.0,,15605000000.0,117828050000.0,120.0,59.963,1164000000.0,1.52,1.0,2657000000.0,0.737,15469000000.0,0.0,4517000000.0,,0.0,2975000000.0,1673000000.0,1302000000.0,15132000000.0,11255000000.0,3877000000.0,116257050000.0,564000000.0,0.0,136000000.0,-522000000.0,0.0,-386000000.0,-378000000.0,-382000000.0,1331000000.0,-3000000.0,362000000.0,362000000.0,362000000.0,0.0,0.0,0.1,2520000000.0,137000000.0,2691000000.0,0.0,7.45,104.736,102.682,2051000000.0,0.0,151.97,8.753,8.593,4924000000.0,1735000000.0,3603000000.0,3603000000.0,518000000.0,,,,,329000000.0,2002000000.0,1.0,765000000.0,766000000,784000000.0,4.704,15268000000.0,0.0,-123000000.0,0.0,19.932,-572000000.0
11,CRM,MRQ,2018-09-30,2018-10-31,2018-10-31,2021-08-30,-74000000.0,26588000000.0,,6870000000.0,19718000000.0,,19.333,-136000000.0,2105000000.0,2105000000.0,889000000.0,105000000.0,0.856,0.81,3676000000.0,503000000.0,3173000000.0,3676000000.0,5376000000.0,257000000.0,0.0,0.0,0.0,128000000.0,385000000.0,0.114,385000000.0,128000000.0,128000000.0,0.14,0.13,0.14,14693000000.0,,14693000000.0,105206508000.0,117.0,57.616,7000000.0,0.009,1.0,2503000000.0,0.738,15050000000.0,0.0,5087000000.0,,0.0,2596000000.0,1345000000.0,1251000000.0,11895000000.0,8022000000.0,3873000000.0,103849508000.0,-214000000.0,-130000000.0,185000000.0,-3000000.0,0.0,182000000.0,-545000000.0,-362000000.0,143000000.0,6000000.0,105000000.0,105000000.0,105000000.0,0.0,0.0,0.031,2411000000.0,92000000.0,2143000000.0,0.0,7.068,108.857,106.388,1998000000.0,0.0,137.24,8.279,8.315,2037000000.0,1373000000.0,3392000000.0,3392000000.0,481000000.0,,,,,351000000.0,1930000000.0,1.0,756700000.0,760000000,785000000.0,4.463,11538000000.0,0.0,23000000.0,0.0,15.182,-1152000000.0
12,CRM,MRQ,2018-06-30,2018-07-31,2018-07-31,2021-08-30,-50000000.0,25823000000.0,,6802000000.0,19021000000.0,,18.11,-170000000.0,2319000000.0,2319000000.0,849000000.0,299000000.0,0.803,0.909,3676000000.0,503000000.0,3173000000.0,3676000000.0,5883000000.0,253000000.0,0.0,0.0,0.0,231000000.0,484000000.0,0.148,484000000.0,231000000.0,231000000.0,0.4,0.39,0.4,13528000000.0,,13528000000.0,97907385000.0,104.0,54.514,288000000.0,0.386,1.0,2432000000.0,0.741,14375000000.0,0.0,4336000000.0,,0.0,2310000000.0,1108000000.0,1202000000.0,12295000000.0,8469000000.0,3826000000.0,100654385000.0,-3603000000.0,-4803000000.0,182000000.0,407000000.0,0.0,589000000.0,-4661000000.0,310000000.0,458000000.0,11000000.0,299000000.0,299000000.0,299000000.0,0.0,0.0,0.091,2317000000.0,115000000.0,2083000000.0,0.0,7.44,105.287,105.5,1986000000.0,0.0,137.15,8.492,8.643,1980000000.0,1269000000.0,3281000000.0,3281000000.0,463000000.0,,,,,351000000.0,1854000000.0,1.0,733900000.0,747000000,774000000.0,4.392,11448000000.0,0.0,-68000000.0,0.0,15.325,-1667000000.0
13,CRM,MRQ,2018-03-31,2018-04-30,2018-04-30,2021-08-30,-33000000.0,22963000000.0,,10151000000.0,12812000000.0,,15.171,-122000000.0,5922000000.0,5922000000.0,767000000.0,344000000.0,1.286,1.076,3175000000.0,3000000.0,3172000000.0,3175000000.0,6201000000.0,197000000.0,0.0,0.0,0.0,385000000.0,582000000.0,0.194,582000000.0,385000000.0,385000000.0,0.47,0.46,0.47,11060000000.0,,11060000000.0,87684066000.0,111.0,55.182,1344000000.0,1.844,1.0,2239000000.0,0.745,8408000000.0,0.0,3913000000.0,,0.0,2261000000.0,1237000000.0,1024000000.0,11903000000.0,7895000000.0,4008000000.0,88504185000.0,3379000000.0,-182000000.0,201000000.0,1424000000.0,0.0,1625000000.0,276000000.0,576000000.0,1466000000.0,12000000.0,344000000.0,344000000.0,344000000.0,0.0,0.0,0.114,2048000000.0,191000000.0,1691000000.0,0.0,8.002,125.895,126.031,1950000000.0,0.0,120.99,7.938,7.911,1763000000.0,969000000.0,3006000000.0,3006000000.0,424000000.0,,,,,252000000.0,1624000000.0,1.0,731500000.0,729000000,754000000.0,4.123,14555000000.0,0.0,41000000.0,0.0,19.966,2256000000.0
14,CRM,MRQ,2017-12-31,2018-01-31,2018-01-31,2021-08-30,-12000000.0,21984000000.0,,9584000000.0,12400000000.0,,14.331,-138000000.0,2543000000.0,2543000000.0,738000000.0,206000000.0,0.952,1.119,1720000000.0,1025000000.0,695000000.0,1720000000.0,6995000000.0,219000000.0,0.0,0.0,0.0,156000000.0,375000000.0,0.131,375000000.0,156000000.0,221000000.0,0.28,0.28,0.28,10376000000.0,,10376000000.0,82050662000.0,195.0,68.148,914000000.0,1.262,1.0,2127000000.0,0.742,8287000000.0,-65000000.0,2807000000.0,,0.0,2655000000.0,1978000000.0,677000000.0,11608000000.0,10067000000.0,1541000000.0,82277193000.0,471000000.0,-5000000.0,165000000.0,-146000000.0,0.0,19000000.0,-584000000.0,-516000000.0,1052000000.0,-16000000.0,206000000.0,206000000.0,206000000.0,0.0,0.0,0.072,1916000000.0,211000000.0,2047000000.0,0.0,7.93,228.548,227.82,1947000000.0,0.0,113.91,7.806,7.727,3921000000.0,635000000.0,2865000000.0,2865000000.0,396000000.0,,,,,238000000.0,1520000000.0,1.0,722300000.0,724000000,750000000.0,3.957,13697000000.0,0.0,15000000.0,0.0,18.919,-483000000.0
15,CRM,MRQ,2017-09-30,2017-10-31,2017-10-31,2021-08-30,3554000.0,17490036000.0,,5946170000.0,11543866000.0,,12.314,-111000000.0,2071837000.0,2071837000.0,714000000.0,107000000.0,0.824,0.98,1845306000.0,1137954000.0,707352000.0,1845306000.0,4392082000.0,188000000.0,0.0,0.0,0.0,167000000.0,355000000.0,0.131,355000000.0,167000000.0,146000000.0,0.15,0.14,0.15,8829370000.0,,8829370000.0,73446799000.0,176.0,63.098,14000000.0,0.02,1.0,1987000000.0,0.736,8330677000.0,21000000.0,1716384000.0,,0.0,2227234000.0,1556828000.0,670406000.0,8649869000.0,7216444000.0,1433425000.0,73551758000.0,123000000.0,0.0,142000000.0,-8000000.0,0.0,134000000.0,-135000000.0,-65000000.0,125000000.0,-1000000.0,107000000.0,107000000.0,107000000.0,0.0,0.0,0.04,1832000000.0,155000000.0,1686408000.0,0.0,8.33,299.078,301.0,1864891000.0,0.0,102.34,7.345,7.328,1519916000.0,-404987000.0,2701000000.0,2701000000.0,394000000.0,,,,,251000000.0,1438000000.0,1.0,718700000.0,717000000,738000000.0,3.767,9159359000.0,0.0,39000000.0,0.0,12.775,-1270274000.0
16,CRM,MRQ,2017-06-30,2017-07-31,2017-07-31,2021-08-30,17535000.0,17418803000.0,,5811341000.0,11607462000.0,,11.87,-128000000.0,1949110000.0,1949110000.0,670000000.0,46000000.0,0.772,1.059,1844151000.0,1130729000.0,713422000.0,1844151000.0,4818634000.0,192000000.0,0.0,0.0,0.0,85000000.0,277000000.0,0.107,277000000.0,85000000.0,63000000.0,0.06,0.06,0.06,8451314000.0,,8451314000.0,64462226000.0,247.0,65.264,203000000.0,0.285,1.0,1907000000.0,0.74,8400971000.0,22000000.0,1386688000.0,,0.0,2209822000.0,1552135000.0,657687000.0,8950266000.0,7526185000.0,1424081000.0,64667760000.0,-76000000.0,0.0,183000000.0,-66000000.0,0.0,117000000.0,-524000000.0,-399000000.0,331000000.0,0.0,46000000.0,46000000.0,46000000.0,0.0,0.0,0.018,1823000000.0,84000000.0,1576822000.0,0.0,7.652,636.375,648.571,1866576000.0,0.0,90.8,6.838,6.836,1569322000.0,-456381000.0,2577000000.0,2577000000.0,387000000.0,,,,,256000000.0,1436000000.0,1.0,712200000.0,712000000,729000000.0,3.619,9017832000.0,0.0,17000000.0,0.0,12.665,-1714844000.0
17,CRM,MRQ,2017-03-31,2017-04-30,2017-04-30,2021-08-30,9513000.0,17058930000.0,,5404491000.0,11654439000.0,,11.239,-157000000.0,2024904000.0,2024904000.0,651000000.0,1000000.0,0.709,1.15,1819370000.0,1123525000.0,695845000.0,1819370000.0,5042652000.0,185000000.0,0.0,0.0,0.0,12000000.0,197000000.0,0.082,197000000.0,12000000.0,-10000000.0,0.0,0.0,0.0,7934488000.0,,7934488000.0,61331742000.0,278.0,67.765,1073000000.0,1.52,1.0,1746000000.0,0.728,8473094000.0,22000000.0,754439000.0,,0.0,1833837000.0,1194646000.0,639191000.0,9124442000.0,7625863000.0,1498579000.0,60929900000.0,418000000.0,-20000000.0,160000000.0,-209000000.0,0.0,-49000000.0,-768000000.0,-603000000.0,1230000000.0,5000000.0,1000000.0,1000000.0,1000000.0,0.0,0.0,0.0,1742000000.0,4000000.0,1459686000.0,,7.679,213.608,205.048,1846413000.0,0.0,86.12,6.833,6.818,1439875000.0,-474117000.0,2397000000.0,2397000000.0,376000000.0,,,,,252000000.0,1366000000.0,1.0,707500000.0,706000000,722000000.0,3.395,8585836000.0,0.0,-11000000.0,0.0,12.161,-2221372000.0
18,CRM,MRQ,2016-12-31,2017-01-31,2017-01-31,2021-08-30,-75841000.0,17584923000.0,,5996827000.0,11588096000.0,,10.672,-144016000.0,1606549000.0,1606549000.0,625918000.0,91928000.0,0.822,1.345,2008391000.0,0.0,2008391000.0,2008391000.0,5542802000.0,180521000.0,0.0,0.0,0.0,154483000.0,335004000.0,0.143,335004000.0,154483000.0,130148000.0,0.13,0.13,0.13,7500127000.0,,7500127000.0,55767605000.0,208.0,61.964,561932000.0,0.8,1.0,1713086000.0,0.732,8518891000.0,24335000.0,2172408000.0,,0.0,1169291000.0,602338000.0,566953000.0,10084796000.0,7295466000.0,2789330000.0,55108970000.0,461627000.0,-360890000.0,85135000.0,175210000.0,0.0,260345000.0,-497506000.0,-46094000.0,705948000.0,-7160000.0,91928000.0,91928000.0,91928000.0,0.0,0.0,0.039,1582659000.0,130427000.0,1752664000.0,0.0,7.348,170.616,168.298,1787534000.0,0.0,79.1,6.532,6.45,3196643000.0,-464910000.0,2339004000.0,2339004000.0,344065000.0,,,,,244020000.0,1238594000.0,1.0,696700000.0,702775000,711229000.0,3.328,9066032000.0,0.0,38220000.0,0.0,12.9,-1298639000.0
19,CRM,MRQ,2016-09-30,2016-10-31,2016-10-31,2021-08-30,-62943000.0,14387669000.0,,3001554000.0,11386115000.0,,9.857,-140653000.0,1145736000.0,1145736000.0,585522000.0,-37309000.0,0.603,1.114,1804371000.0,0.0,1804371000.0,1804371000.0,3495133000.0,169346000.0,0.0,0.0,0.0,9360000.0,178706000.0,0.083,178706000.0,9360000.0,-12586000.0,-0.05,-0.05,-0.05,6806037000.0,,6806037000.0,52166303000.0,405.0,73.244,13659000.0,0.02,1.0,1559253000.0,0.727,7254876000.0,21946000.0,2815894000.0,,0.0,1161362000.0,55071000.0,1106291000.0,7581632000.0,4975534000.0,2606098000.0,51484600000.0,30510000.0,-32117000.0,92846000.0,-10997000.0,0.0,81849000.0,-193784000.0,-32797000.0,154312000.0,-11867000.0,-37309000.0,-37309000.0,-37309000.0,0.0,0.0,-0.017,1556217000.0,3036000.0,1496841000.0,0.0,7.565,250.457,242.452,1756673000.0,0.0,75.16,6.511,6.563,1281425000.0,-413470000.0,2144775000.0,2144775000.0,311459000.0,,,,,204751000.0,1244758000.0,1.0,685000000.0,690468000,690468000.0,3.106,7132793000.0,0.0,24723000.0,0.0,10.33,-1973980000.0
20,CRM,MRQ,2016-06-30,2016-07-31,2016-07-31,2021-08-30,-11215000.0,14381314000.0,,3277999000.0,11103315000.0,,9.004,-96030000.0,1115226000.0,1115226000.0,525579000.0,229622000.0,0.61,1.345,1796929000.0,0.0,1796929000.0,1796929000.0,3823561000.0,149361000.0,0.0,0.0,0.0,44991000.0,194352000.0,0.095,194352000.0,44991000.0,24283000.0,0.34,0.33,0.34,6132576000.0,,6132576000.0,54913587000.0,303.0,75.286,154648000.0,0.227,1.0,1511039000.0,0.742,6656109000.0,20708000.0,3030812000.0,,0.0,1152978000.0,59057000.0,1093921000.0,8248738000.0,5376096000.0,2872642000.0,55419500000.0,-683857000.0,-2798194000.0,133878000.0,482755000.0,0.0,616633000.0,-1542432000.0,1351792000.0,250678000.0,-8736000.0,229622000.0,229622000.0,229622000.0,0.0,0.0,0.113,1478488000.0,32551000.0,1567896000.0,0.0,9.037,254.551,255.625,1728243000.0,0.0,81.8,7.414,7.454,1323114000.0,-376161000.0,2036618000.0,2036618000.0,291506000.0,,,,,182310000.0,1186982000.0,1.0,677500000.0,681126000,695968000.0,2.99,7725205000.0,0.0,-205339000.0,0.0,11.342,-2098097000.0
21,CRM,MRQ,2016-03-31,2016-04-30,2016-04-30,2021-08-30,-28577000.0,12817270000.0,,3774672000.0,9042598000.0,,8.242,-83301000.0,1799083000.0,1799083000.0,496981000.0,38759000.0,0.742,1.295,1293170000.0,0.0,1293170000.0,1293170000.0,4006914000.0,132772000.0,0.0,0.0,0.0,59166000.0,191938000.0,0.1,191938000.0,59166000.0,37155000.0,0.06,0.06,0.06,5584264000.0,,5584264000.0,50989804000.0,316.0,73.708,967761000.0,1.428,1.0,1419622000.0,0.741,4536686000.0,22011000.0,2689568000.0,,0.0,2437119000.0,232109000.0,2205010000.0,7233006000.0,5085103000.0,2147903000.0,50854220000.0,640720000.0,-1799000.0,89141000.0,-49968000.0,0.0,39173000.0,-450278000.0,-365178000.0,1051062000.0,763000.0,38759000.0,38759000.0,38759000.0,0.0,0.0,0.02,1367636000.0,51986000.0,1093197000.0,0.0,9.107,-3985.753,-3790.0,1711472000.0,0.0,75.8,7.19,7.261,1192965000.0,-605783000.0,1916603000.0,1916603000.0,260970000.0,,,,,188919000.0,1106666000.0,1.0,670900000.0,677514000,686799000.0,2.829,8280584000.0,0.0,-1604000.0,0.0,12.222,-1310431000.0
22,CRM,MRQ,2015-12-31,2016-01-31,2016-01-31,2021-08-30,-49917000.0,12762920000.0,,5731323000.0,7031597000.0,,7.477,-68465000.0,1158363000.0,1158363000.0,443679000.0,-25509000.0,1.02,1.551,1286095000.0,0.0,1286095000.0,1286095000.0,4291553000.0,131912000.0,0.0,0.0,0.0,15322000.0,147234000.0,0.081,147234000.0,15322000.0,-4143000.0,-0.04,-0.04,-0.04,5002869000.0,,5002869000.0,45256283000.0,331.0,68.31,401743000.0,0.6,1.0,1365719000.0,0.755,4463008000.0,19465000.0,2810639000.0,,0.0,2087735000.0,1567014000.0,520721000.0,7760051000.0,5617005000.0,2143046000.0,45191840000.0,-64955000.0,0.0,87652000.0,-13486000.0,0.0,74166000.0,-605232000.0,-556467000.0,470208000.0,-4097000.0,-25509000.0,-25509000.0,-25509000.0,0.0,0.0,-0.014,1345159000.0,20560000.0,1349338000.0,0.0,9.033,-952.892,-972.286,1715828000.0,0.0,68.06,6.778,6.754,2496165000.0,-653271000.0,1809398000.0,1809398000.0,250860000.0,,,,,158972000.0,1094299000.0,1.0,664000000.0,669108000,669108000.0,2.704,8299912000.0,0.0,21366000.0,0.0,12.404,114318000.0
23,CRM,MRQ,2015-09-30,2015-10-31,2015-10-31,2021-08-30,-33325000.0,10911966000.0,,2938773000.0,7973193000.0,,7.152,47025000.0,1223318000.0,1223318000.0,423683000.0,-25157000.0,0.739,1.297,1287761000.0,0.0,1287761000.0,1287761000.0,2846510000.0,134236000.0,0.0,0.0,0.0,61640000.0,195876000.0,0.114,195876000.0,61640000.0,43391000.0,-0.04,-0.04,-0.04,4749954000.0,,4749954000.0,51480861000.0,607.0,86.29,209539000.0,0.316,1.0,1288284000.0,0.753,4246067000.0,18249000.0,2753364000.0,,0.0,1574797000.0,134687000.0,1440110000.0,6162012000.0,3976978000.0,2185034000.0,51288600000.0,133967000.0,-27759000.0,98016000.0,-10945000.0,0.0,87071000.0,-112746000.0,-132012000.0,162514000.0,-2872000.0,-25157000.0,-25157000.0,-25157000.0,0.0,0.0,-0.015,1223058000.0,65226000.0,1149693000.0,0.0,10.798,-584.939,-597.769,1742142000.0,0.0,77.71,8.138,8.189,1060726000.0,-627762000.0,1711967000.0,1711967000.0,239212000.0,,,,,144317000.0,1005638000.0,1.0,660000000.0,664131000,664131000.0,2.578,6665899000.0,0.0,68548000.0,0.0,10.037,-1038205000.0
24,CRM,MRQ,2015-06-30,2015-07-31,2015-07-31,2021-08-30,-28144000.0,10793977000.0,,2916787000.0,7877190000.0,,6.879,-61451000.0,1089351000.0,1089351000.0,405384000.0,-852000.0,0.709,1.38,1281612000.0,0.0,1281612000.0,1281612000.0,3034991000.0,131675000.0,0.0,0.0,0.0,25054000.0,156729000.0,0.096,156729000.0,25054000.0,6958000.0,0.0,0.0,0.0,4535803000.0,,4535803000.0,48418347000.0,2546.0,95.216,242827000.0,0.368,1.0,1229300000.0,0.752,4218323000.0,18096000.0,2654921000.0,,0.0,1455498000.0,81118000.0,1374380000.0,6258174000.0,4112994000.0,2145180000.0,48084800000.0,147395000.0,-18451000.0,114799000.0,-41074000.0,0.0,73725000.0,-233777000.0,-153875000.0,304278000.0,3169000.0,-852000.0,-852000.0,-852000.0,0.0,0.0,-0.001,1209476000.0,19824000.0,1098054000.0,,10.601,-473.98,-488.667,1862098000.0,0.0,73.3,8.049,8.09,1067799000.0,-602605000.0,1634684000.0,1634684000.0,234100000.0,,,,,147779000.0,975376000.0,1.0,656000000.0,659366000,659366000.0,2.479,6575654000.0,0.0,7810000.0,0.0,9.973,-1196207000.0
25,CRM,MRQ,2015-03-31,2015-04-30,2015-04-30,2021-08-30,-28352000.0,10365682000.0,,2604825000.0,7760857000.0,,6.478,-378596000.0,941956000.0,941956000.0,381802000.0,4092000.0,0.658,1.448,1275503000.0,0.0,1275503000.0,1275503000.0,3056820000.0,127927000.0,0.0,0.0,0.0,34748000.0,162675000.0,0.108,162675000.0,34748000.0,18073000.0,0.01,0.01,0.01,4235203000.0,,4235203000.0,47724252000.0,-1173.0,112.365,356485000.0,0.545,1.0,1129365000.0,0.747,4212906000.0,16675000.0,2525447000.0,,0.0,980520000.0,77059000.0,903461000.0,6130479000.0,3960876000.0,2169603000.0,47376692000.0,33839000.0,-12470000.0,155015000.0,-316825000.0,0.0,-161810000.0,-536123000.0,-145057000.0,735081000.0,-3309000.0,4092000.0,4092000.0,4092000.0,0.0,0.0,0.003,1098260000.0,31105000.0,928105000.0,0.0,11.186,-293.018,-291.28,1877439000.0,0.0,72.82,8.373,8.415,926381000.0,-601753000.0,1511167000.0,1511167000.0,222128000.0,,,,,142560000.0,912749000.0,1.0,650600000.0,653809000,664310000.0,2.311,6152776000.0,0.0,13981000.0,0.0,9.411,-1356051000.0
26,CRM,MRQ,2014-12-31,2015-01-31,2015-01-31,2021-08-30,-24108000.0,10665127000.0,,3514544000.0,7150583000.0,,6.237,-96854000.0,1023132000.0,1023132000.0,355923000.0,-65765000.0,0.801,1.683,1370692000.0,0.0,1370692000.0,1370692000.0,3321449000.0,117938000.0,0.0,0.0,0.0,-36616000.0,81322000.0,0.056,81322000.0,-36616000.0,-53498000.0,-0.1,-0.1,-0.1,3975183000.0,,3975183000.0,36203128000.0,-259.0,117.372,243099000.0,0.381,1.0,1088685000.0,0.754,4216058000.0,16882000.0,2406526000.0,,0.0,1157941000.0,87312000.0,1070629000.0,6689944000.0,4390103000.0,2299841000.0,35619950000.0,61792000.0,0.0,82428000.0,-191016000.0,0.0,-112035000.0,-145248000.0,-48394000.0,339953000.0,-20878000.0,-65765000.0,-65765000.0,-65765000.0,0.0,0.0,-0.046,1123501000.0,-34816000.0,1103335000.0,0.0,8.961,-135.598,-134.405,1269063000.0,0.0,56.45,6.629,6.557,1905506000.0,-605845000.0,1444608000.0,1444608000.0,205990000.0,,,,,155249000.0,917511000.0,1.0,631000000.0,637348000,637348000.0,2.267,6449069000.0,0.0,12267000.0,0.0,10.119,-875559000.0
27,CRM,MRQ,2014-09-30,2014-10-31,2014-10-31,2021-08-30,-1251000.0,9412663000.0,,2439155000.0,6973508000.0,,6.021,3879000.0,961260000.0,961260000.0,333211000.0,-38924000.0,0.737,1.483,1544438000.0,179755000.0,1364683000.0,1544438000.0,2223977000.0,111954000.0,0.0,0.0,0.0,-4167000.0,107787000.0,0.078,107787000.0,-4167000.0,-21849000.0,-0.06,-0.06,-0.06,3790614000.0,,3790614000.0,40428924000.0,-199.0,167.383,126390000.0,0.201,1.0,1050444000.0,0.759,4230657000.0,17682000.0,2456832000.0,,0.0,980952000.0,79779000.0,901173000.0,5620167000.0,3308352000.0,2311815000.0,39609810000.0,71600000.0,38071000.0,91337000.0,-72665000.0,0.0,19893000.0,-56266000.0,-98216000.0,122511000.0,-14538000.0,-38924000.0,-38924000.0,-38924000.0,0.0,0.0,-0.028,1056861000.0,-6417000.0,935942000.0,0.0,10.449,-126.329,-123.058,1253013000.0,0.0,63.99,7.806,7.939,794590000.0,-540080000.0,1383655000.0,1383655000.0,195460000.0,,,,,138239000.0,877026000.0,1.0,619000000.0,629548000,629548000.0,2.198,5182006000.0,0.0,17075000.0,0.0,8.231,-869197000.0
28,CRM,MRQ,2014-06-30,2014-07-31,2014-07-31,2021-08-30,11163000.0,9009828000.0,,2304687000.0,6705141000.0,,5.349,-70576000.0,774725000.0,774725000.0,307831000.0,-61088000.0,0.658,1.728,1593839000.0,295102000.0,1298737000.0,1593839000.0,2352904000.0,107596000.0,0.0,0.0,0.0,-34655000.0,72941000.0,0.055,72941000.0,-34655000.0,-52969000.0,-0.1,-0.1,-0.1,3300568000.0,,3300568000.0,34086953000.0,-113.0,231.911,175317000.0,0.284,1.0,1010720000.0,0.767,3942212000.0,18314000.0,2383992000.0,,0.0,897033000.0,69850000.0,827183000.0,5703082000.0,3502738000.0,2200344000.0,33309500000.0,-53166000.0,0.0,61429000.0,-61533000.0,0.0,-6919000.0,-286476000.0,-215900000.0,245893000.0,-5664000.0,-61088000.0,-61088000.0,-61088000.0,0.0,0.0,-0.046,1044154000.0,-33434000.0,891062000.0,0.0,10.092,-83.471,-80.97,1350111000.0,0.0,54.25,6.988,7.022,834323000.0,-501156000.0,1318551000.0,1318551000.0,203109000.0,,,,,149226000.0,841045000.0,1.0,614000000.0,617016000,617016000.0,2.137,5067616000.0,0.0,8119000.0,0.0,8.213,-1198051000.0
29,CRM,MRQ,2014-03-31,2014-04-30,2014-04-30,2021-08-30,15298000.0,8641344000.0,,2039381000.0,6601963000.0,,5.113,-30098000.0,827891000.0,827891000.0,292305000.0,-96911000.0,0.607,1.756,1605344000.0,305029000.0,1300315000.0,1605344000.0,2324615000.0,110808000.0,0.0,0.0,0.0,-64410000.0,46398000.0,0.038,46398000.0,-64410000.0,-84769000.0,-0.16,-0.16,-0.16,3131914000.0,,3131914000.0,32598954000.0,-108.0,283.815,442989000.0,0.723,1.0,934467000.0,0.762,3956642000.0,20359000.0,2102201000.0,,0.0,701997000.0,51233000.0,650764000.0,5499487000.0,3359954000.0,2139533000.0,31506500000.0,46256000.0,0.0,73795000.0,-301986000.0,0.0,-219150000.0,-210370000.0,-180272000.0,473087000.0,2689000.0,-96911000.0,-96911000.0,-96911000.0,0.0,0.0,-0.079,989808000.0,-55341000.0,766601000.0,0.0,10.06,-120.546,-117.386,1251000000.0,0.0,51.65,7.152,7.182,684155000.0,-440068000.0,1226772000.0,1226772000.0,188358000.0,,,,,122051000.0,801450000.0,1.0,610000000.0,612512000,612512000.0,2.003,4684702000.0,0.0,12142000.0,0.0,7.648,-1320573000.0
30,CRM,MRQ,2013-12-31,2014-01-31,2014-01-31,2021-08-30,17680000.0,9152930000.0,,2680252000.0,6472678000.0,,5.002,-69849000.0,781635000.0,781635000.0,273530000.0,-116623000.0,0.673,2.004,1874089000.0,572159000.0,1301930000.0,1874089000.0,2522115000.0,114813000.0,0.0,0.0,0.0,-100404000.0,14409000.0,0.013,14409000.0,-100404000.0,-123147000.0,-0.2,-0.2,-0.2,3038510000.0,,3038510000.0,37722548000.0,-134.0,425.287,201389000.0,0.332,1.0,871712000.0,0.761,3982740000.0,22743000.0,2282456000.0,,0.0,539382000.0,57139000.0,482243000.0,6087715000.0,3980188000.0,2107527000.0,36499590000.0,129885000.0,-2570000.0,72502000.0,-21544000.0,0.0,56936000.0,-193437000.0,-121018000.0,271238000.0,-4852000.0,-116623000.0,-116623000.0,-116623000.0,0.0,0.0,-0.102,975458000.0,-103746000.0,934324000.0,0.0,12.012,-157.207,-155.205,1240746000.0,0.0,60.53,8.966,8.886,1360837000.0,-343157000.0,1145242000.0,1145242000.0,173090000.0,,,,,130561000.0,802368000.0,1.0,603000000.0,607414000,607414000.0,1.885,5170190000.0,0.0,-6524000.0,0.0,8.512,-1299936000.0
31,CRM,MRQ,2013-09-30,2013-10-31,2013-10-31,2021-08-30,16806000.0,8097634000.0,,1800886000.0,6296748000.0,,4.85,-72702000.0,651750000.0,651750000.0,268187000.0,-124434000.0,0.582,1.769,1874708000.0,571125000.0,1303583000.0,1874708000.0,1734619000.0,114347000.0,0.0,0.0,0.0,-101112000.0,13235000.0,0.012,13235000.0,-101112000.0,-124041000.0,-0.21,-0.21,-0.21,2912356000.0,,2912356000.0,33092341000.0,-167.0,290.291,65157000.0,0.109,1.0,807847000.0,0.751,4000850000.0,22929000.0,2223053000.0,,0.0,433557000.0,51792000.0,381765000.0,5151547000.0,3096689000.0,2054858000.0,31802560000.0,71869000.0,0.0,110710000.0,-19940000.0,0.0,92348000.0,-163522000.0,-90820000.0,137859000.0,5184000.0,-124434000.0,-124434000.0,-124434000.0,0.0,0.0,-0.116,905778000.0,-97931000.0,839302000.0,0.0,10.92,-233.163,-232.0,1205349000.0,0.0,53.36,8.457,8.521,604045000.0,-226534000.0,1076034000.0,1076034000.0,170690000.0,,,,,139958000.0,735088000.0,1.0,596000000.0,600467000,600467000.0,1.792,4096784000.0,0.0,393000.0,0.0,6.823,-1295803000.0
32,CRM,MRQ,2013-06-30,2013-07-31,2013-07-31,2021-08-30,11239000.0,7969896000.0,,1698165000.0,6271731000.0,,4.746,-102549000.0,579881000.0,579881000.0,217717000.0,76603000.0,0.554,1.813,1869662000.0,564391000.0,1305271000.0,1869662000.0,1789648000.0,77966000.0,0.0,0.0,0.0,-37148000.0,40818000.0,0.043,40818000.0,-37148000.0,-56804000.0,0.13,0.12,0.13,2818649000.0,,2818649000.0,25441815000.0,-168.0,239.879,80634000.0,0.136,1.0,739377000.0,0.773,4041061000.0,19656000.0,2155301000.0,,0.0,350127000.0,43610000.0,306517000.0,5110748000.0,3063315000.0,2047433000.0,25812500000.0,-1348109000.0,-2592571000.0,40195000.0,286392000.0,0.0,325309000.0,-1855320000.0,839800000.0,183183000.0,-1281000.0,76603000.0,76603000.0,76603000.0,0.0,0.0,0.08,779234000.0,-39857000.0,764083000.0,0.0,9.158,-111.137,-106.707,1184861000.0,0.0,43.75,7.433,7.483,599543000.0,-102100000.0,957094000.0,957094000.0,148079000.0,,,,,111754000.0,631155000.0,1.0,590000000.0,593955000,624656000.0,1.611,3928835000.0,0.0,-133407000.0,0.0,6.615,-1365150000.0
33,CRM,MRQ,2013-03-31,2013-04-30,2013-04-30,2021-08-30,13726000.0,6513709000.0,,2876039000.0,3637670000.0,,4.186,-54010000.0,1927990000.0,1927990000.0,208994000.0,-67721000.0,1.054,1.626,1557305000.0,527810000.0,1029495000.0,1557305000.0,1733160000.0,62297000.0,0.0,0.0,0.0,-42060000.0,20237000.0,0.023,20237000.0,-42060000.0,-53943000.0,-0.12,-0.12,-0.12,2462796000.0,,2462796000.0,23848049000.0,-198.0,218.303,229179000.0,0.39,1.0,683639000.0,0.766,1737013000.0,11883000.0,1676324000.0,,0.0,1151467000.0,171827000.0,979640000.0,4003833000.0,2729687000.0,1274146000.0,24074016000.0,1180745000.0,-22161000.0,151324000.0,970451000.0,0.0,1123641000.0,-219276000.0,-143105000.0,283189000.0,-6809000.0,-67721000.0,-67721000.0,-67721000.0,0.0,0.0,-0.076,728179000.0,-44540000.0,527080000.0,0.0,9.775,-75.54,-73.411,623684000.0,0.0,41.11,7.413,7.449,502609000.0,-178703000.0,892633000.0,892633000.0,131939000.0,,,,,112863000.0,596240000.0,1.0,585600000.0,588385000,588385000.0,1.517,4776696000.0,0.0,13778000.0,49239000.0,8.118,146352000.0
34,CRM,MRQ,2012-12-31,2013-01-31,2013-01-31,2021-08-30,17137000.0,5528956000.0,,2015880000.0,3513076000.0,,3.995,-50522000.0,747245000.0,747245000.0,183362000.0,-20844000.0,0.691,1.362,521278000.0,521278000.0,0.0,521278000.0,1862995000.0,57395000.0,0.0,0.0,0.0,-17688000.0,39707000.0,0.048,39707000.0,-17688000.0,-26043000.0,-0.03,-0.03,-0.03,2317633000.0,,2317633000.0,24435631000.0,-252.0,203.717,231051000.0,0.398,1.0,651319000.0,0.78,1736701000.0,8355000.0,648664000.0,,0.0,1011040000.0,120376000.0,890664000.0,3157711000.0,2917624000.0,240087000.0,24442460000.0,225525000.0,-4994000.0,147492000.0,-9037000.0,0.0,124483000.0,-178318000.0,-122802000.0,281573000.0,-2213000.0,-20844000.0,-20844000.0,-20844000.0,0.0,0.0,-0.025,672126000.0,-20807000.0,597706000.0,0.0,10.546,-90.379,-89.651,604669000.0,0.0,43.032,8.013,7.97,872634000.0,-110982000.0,834681000.0,834681000.0,121187000.0,,,,,121527000.0,550939000.0,1.0,568000000.0,580076000,580076000.0,1.439,3792255000.0,0.0,-5199000.0,0.0,6.538,-901744000.0
35,CRM,MRQ,2012-09-30,2012-10-31,2012-10-31,2021-08-30,23649000.0,4642290000.0,,1257285000.0,3385005000.0,,3.663,-51054000.0,521720000.0,521720000.0,186248000.0,-220297000.0,0.541,1.199,514891000.0,514891000.0,0.0,514891000.0,1291703000.0,59960000.0,0.0,0.0,0.0,-54661000.0,5299000.0,0.007,5299000.0,-54661000.0,-62851000.0,-0.39,-0.39,-0.39,2083615000.0,,2083615000.0,19799023000.0,-244.0,159.314,54861000.0,0.096,1.0,602150000.0,0.764,1750291000.0,8190000.0,561954000.0,,0.0,894330000.0,83844000.0,810486000.0,2498676000.0,2323216000.0,175460000.0,20291220000.0,-479010000.0,-515760000.0,76483000.0,-7664000.0,0.0,71979000.0,-657899000.0,-91085000.0,105915000.0,995000.0,-220297000.0,-220297000.0,-220297000.0,0.0,0.0,-0.279,656338000.0,-54188000.0,582207000.0,0.0,9.738,-79.988,-80.209,583839000.0,0.0,36.495,7.126,7.29,418590000.0,-90138000.0,788398000.0,788398000.0,114074000.0,,,,,101952000.0,542264000.0,1.0,556000000.0,568812000,568812000.0,1.386,2891999000.0,21008000.0,157446000.0,46246000.0,5.084,-1065931000.0
36,CRM,MRQ,2012-06-30,2012-07-31,2012-07-31,2021-08-30,19730000.0,4453570000.0,,1853125000.0,2600445000.0,,3.393,-29304000.0,1000730000.0,1000730000.0,162418000.0,-9829000.0,0.796,1.318,508533000.0,508533000.0,0.0,508533000.0,1337184000.0,49999000.0,0.0,0.0,0.0,-5999000.0,44000000.0,0.06,44000000.0,-5999000.0,-14032000.0,-0.02,-0.02,-0.02,1892314000.0,,1892314000.0,17223221000.0,-549.0,110.732,106893000.0,0.192,1.0,569231000.0,0.778,1013987000.0,8033000.0,618219000.0,,0.0,803535000.0,106933000.0,696602000.0,2494899000.0,2329167000.0,165732000.0,17161680000.0,559945000.0,-10078000.0,33824000.0,-7479000.0,0.0,41047000.0,372286000.0,411668000.0,136197000.0,10415000.0,-9829000.0,-9829000.0,-9829000.0,0.0,0.0,-0.013,582697000.0,-13466000.0,552227000.0,0.0,9.069,-462.106,-425.89,556776000.0,0.0,31.09,6.493,6.56,446917000.0,130159000.0,731649000.0,731649000.0,99442000.0,,,,,70715000.0,483255000.0,1.0,552000000.0,557700000,557700000.0,1.312,3439583000.0,164754000.0,-4203000.0,47165000.0,6.167,-476042000.0
37,CRM,MRQ,2012-03-31,2012-04-30,2012-04-30,2021-08-30,10197000.0,4156092000.0,,1323033000.0,2833059000.0,,3.275,-48827000.0,440785000.0,440785000.0,151551000.0,-19475000.0,0.789,1.296,502326000.0,0.0,502326000.0,502326000.0,1334716000.0,49441000.0,0.0,0.0,0.0,-18498000.0,30943000.0,0.044,30943000.0,-18498000.0,-24868000.0,-0.04,-0.04,-0.04,1809769000.0,,1809769000.0,21223875000.0,-541.0,153.894,164385000.0,0.297,1.0,543916000.0,0.782,1013875000.0,6370000.0,1526906000.0,,0.0,1216304000.0,269603000.0,946701000.0,2346323000.0,1676852000.0,669471000.0,21335010000.0,-166499000.0,-48913000.0,93567000.0,-7574000.0,0.0,97036000.0,-474987000.0,-377247000.0,213212000.0,-1760000.0,-19475000.0,-19475000.0,-19475000.0,0.0,0.0,-0.028,566165000.0,-22249000.0,19752000.0,0.0,11.789,-675.65,-648.875,549732000.0,0.0,38.932,8.681,8.754,371395000.0,139988000.0,695467000.0,695467000.0,94776000.0,,,,,70223000.0,471389000.0,1.0,548000000.0,552600000,552600000.0,1.259,3142217000.0,140226000.0,-5393000.0,42010000.0,5.686,-353819000.0
38,CRM,MRQ,2011-12-31,2012-01-31,2012-01-31,2021-08-30,12683000.0,4164154000.0,,1672222000.0,2491932000.0,,2.902,-51167000.0,607284000.0,607284000.0,136345000.0,-4078000.0,0.727,1.574,496149000.0,496149000.0,0.0,496149000.0,1380295000.0,45901000.0,0.0,0.0,0.0,-1866000.0,44035000.0,0.07,44035000.0,-1866000.0,-7535000.0,-0.005,-0.005,-0.005,1587360000.0,,1587360000.0,15871932000.0,-975.0,112.556,189180000.0,0.346,1.0,495568000.0,0.784,973793000.0,5669000.0,779195000.0,,0.0,839890000.0,170582000.0,669308000.0,2498053000.0,2300031000.0,198022000.0,15884800000.0,104297000.0,-57914000.0,26203000.0,-8737000.0,0.0,12472000.0,-157336000.0,-48255000.0,240347000.0,8814000.0,-4078000.0,-4078000.0,-4078000.0,0.0,0.0,-0.006,501945000.0,-6377000.0,512260000.0,0.0,10.007,-1372.693,-1460.0,527946000.0,0.0,29.2,7.008,6.972,683745000.0,159463000.0,631913000.0,631913000.0,80613000.0,,,,,75094000.0,421332000.0,1.0,544000000.0,546944000,546944000.0,1.155,3190361000.0,119408000.0,-3457000.0,37258000.0,5.833,-627809000.0
39,CRM,MRQ,2011-09-30,2011-10-31,2011-10-31,2021-08-30,3977000.0,3511278000.0,,1148240000.0,2363038000.0,,2.757,-41332000.0,502987000.0,502987000.0,128565000.0,-3756000.0,0.627,1.287,490119000.0,490119000.0,0.0,490119000.0,917821000.0,41553000.0,0.0,0.0,0.0,-4991000.0,36562000.0,0.063,36562000.0,-4991000.0,-8850000.0,-0.007,-0.007,-0.007,1498389000.0,,1498389000.0,18078869000.0,-2701.0,140.769,87377000.0,0.161,1.0,455695000.0,0.78,931475000.0,3859000.0,734346000.0,,0.0,793706000.0,142861000.0,650845000.0,1928118000.0,1832589000.0,95529000.0,18044535000.0,53193000.0,-66115000.0,15794000.0,-7685000.0,0.0,15001000.0,-89788000.0,17659000.0,128709000.0,-729000.0,-3756000.0,-3756000.0,-3756000.0,0.0,0.0,-0.006,465852000.0,-10157000.0,437415000.0,0.0,12.043,5277.723,4161.562,504827000.0,0.0,33.292,8.628,8.65,312331000.0,163541000.0,584260000.0,584260000.0,76049000.0,,,,,50114000.0,389803000.0,1.0,542000000.0,543388000,543388000.0,1.075,2579803000.0,109691000.0,-5094000.0,30204000.0,4.748,-684349000.0
40,CRM,MRQ,2011-06-30,2011-07-31,2011-07-31,2021-08-30,7219000.0,3421328000.0,,1114822000.0,2306506000.0,,2.624,-50473000.0,449794000.0,449794000.0,120910000.0,-4268000.0,0.615,1.349,484128000.0,484128000.0,0.0,484128000.0,935266000.0,40239000.0,0.0,0.0,0.0,-13867000.0,26372000.0,0.048,26372000.0,-13867000.0,-17713000.0,-0.007,-0.007,-0.007,1418123000.0,,1418123000.0,19190426000.0,447.0,122.846,32460000.0,0.06,1.0,425092000.0,0.779,869861000.0,3846000.0,771744000.0,,0.0,836864000.0,127582000.0,709282000.0,1912433000.0,1814057000.0,98376000.0,19376669000.0,-214818000.0,-285335000.0,42282000.0,-10549000.0,0.0,20419000.0,-321928000.0,13880000.0,82933000.0,3758000.0,-4268000.0,-4268000.0,-4268000.0,0.0,0.0,-0.008,440840000.0,-15748000.0,412174000.0,0.0,13.664,685.973,657.773,470070000.0,0.0,36.178,10.007,10.096,342397000.0,167297000.0,546002000.0,546002000.0,73393000.0,,,,,52508000.0,367447000.0,1.0,535600000.0,540372000,540372000.0,1.01,2551467000.0,98134000.0,-13445000.0,34777000.0,4.722,-699235000.0
41,CRM,MRQ,2011-03-31,2011-04-30,2011-04-30,2021-08-30,76000.0,3128068000.0,,1188129000.0,1939939000.0,,2.352,-28328000.0,664612000.0,664612000.0,103066000.0,530000.0,0.705,1.414,478369000.0,478369000.0,0.0,478369000.0,915133000.0,29593000.0,0.0,0.0,0.0,4452000.0,34045000.0,0.068,34045000.0,4452000.0,781000.0,0.0,0.0,0.0,1255642000.0,,1255642000.0,18468186000.0,202.0,101.224,111190000.0,0.208,1.0,401298000.0,0.796,531550000.0,3671000.0,725063000.0,,0.0,857673000.0,99224000.0,758449000.0,1775795000.0,1685212000.0,90583000.0,18419940000.0,240320000.0,-13335000.0,32286000.0,-3562000.0,0.0,27958000.0,79362000.0,121025000.0,139518000.0,-6518000.0,530000.0,530000.0,530000.0,0.0,0.0,0.001,404101000.0,-2803000.0,16969000.0,,14.67,389.766,385.0,446268000.0,0.0,34.65,10.321,10.364,270816000.0,171565000.0,504364000.0,504364000.0,65292000.0,,,,,45524000.0,338809000.0,1.0,531600000.0,533816000,564248000.0,0.945,2596518000.0,71223000.0,251000.0,20292000.0,4.864,-497083000.0
42,CRM,MRQ,2010-12-31,2011-01-31,2011-01-31,2021-08-30,6719000.0,3091165000.0,,1074924000.0,2016241000.0,,2.408,-300520000.0,424292000.0,424292000.0,92311000.0,10870000.0,0.842,1.422,472538000.0,0.0,472538000.0,472538000.0,934941000.0,23738000.0,0.0,0.0,0.0,7712000.0,31450000.0,0.069,31450000.0,7712000.0,4422000.0,0.023,0.017,0.023,1276491000.0,,1276491000.0,16805540000.0,136.0,84.141,-134758000.0,-0.254,1.0,364556000.0,0.798,524068000.0,3290000.0,1338877000.0,,0.0,983265000.0,72678000.0,910587000.0,1814674000.0,1276466000.0,538208000.0,16968996000.0,-206011000.0,-247994000.0,44406000.0,-3198000.0,0.0,10710000.0,-382773000.0,165741000.0,165762000.0,290000.0,10913000.0,10913000.0,10913000.0,0.0,-43000.0,0.024,364947000.0,-391000.0,18106000.0,0.0,13.293,263.191,258.28,387174000.0,0.0,32.285,10.24,10.148,426943000.0,171035000.0,456867000.0,456867000.0,57530000.0,,,,,52491000.0,307417000.0,1.0,525600000.0,530020000,565484000.0,0.862,2567097000.0,68715000.0,-6491000.0,18481000.0,4.843,-201542000.0
43,CRM,MRQ,2010-09-30,2010-10-31,2010-10-31,2021-08-30,9030000.0,2740694000.0,,1192936000.0,1547758000.0,,2.312,-28790000.0,630303000.0,630303000.0,82131000.0,22368000.0,1.201,1.263,466847000.0,0.0,466847000.0,466847000.0,694557000.0,19710000.0,0.0,0.0,0.0,44638000.0,64348000.0,0.15,64348000.0,44638000.0,37264000.0,0.04,0.037,0.04,1210288000.0,,1210288000.0,15128750000.0,101.0,69.58,45250000.0,0.086,1.0,346956000.0,0.809,266537000.0,7374000.0,1317656000.0,,0.0,1172137000.0,139545000.0,1032592000.0,1528228000.0,993045000.0,535183000.0,15077493000.0,220378000.0,-3834000.0,44353000.0,-3116000.0,0.0,-95155000.0,243716000.0,276340000.0,74040000.0,-2223000.0,21072000.0,21072000.0,21072000.0,0.0,1296000.0,0.049,311800000.0,35156000.0,23320000.0,0.0,12.458,203.874,202.92,116078000.0,0.0,29.017,9.7,9.774,258764000.0,160122000.0,429087000.0,429087000.0,47305000.0,,,,,11054000.0,264495000.0,1.0,519600000.0,523552000,548176000.0,0.82,2474157000.0,80121000.0,16192000.0,27928000.0,4.726,199891000.0
44,CRM,MRQ,2010-06-30,2010-07-31,2010-07-31,2021-08-30,7855000.0,2698476000.0,,1112136000.0,1586340000.0,,2.396,-27831000.0,409925000.0,409925000.0,77790000.0,16583000.0,1.198,1.163,461182000.0,0.0,461182000.0,461182000.0,683019000.0,17793000.0,0.0,0.0,0.0,34813000.0,52606000.0,0.133,52606000.0,34813000.0,27628000.0,0.028,0.028,0.028,1240626000.0,,1240626000.0,12499719901.0,88.0,61.502,48265000.0,0.093,1.0,316582000.0,0.803,248725000.0,7185000.0,1572442000.0,,0.0,1449003000.0,332342000.0,1116661000.0,1442921000.0,928566000.0,514355000.0,12734864901.0,-280869000.0,-151503000.0,34127000.0,-2123000.0,0.0,54906000.0,-415364000.0,-236030000.0,76096000.0,3493000.0,14744000.0,14744000.0,14744000.0,0.0,1839000.0,0.037,286900000.0,29682000.0,20745000.0,0.0,10.265,173.089,170.603,100946000.0,0.0,24.738,8.748,8.8,228550000.0,139050000.0,394372000.0,394372000.0,42930000.0,,,,,3713000.0,243970000.0,1.0,514799996.0,517848000,536704000.0,0.762,2449751000.0,80343000.0,12884000.0,27364000.0,4.731,183570000.0
45,CRM,MRQ,2010-03-31,2010-04-30,2010-04-30,2021-08-30,70000.0,2488097000.0,,1263752000.0,1224345000.0,,2.215,-11690000.0,690794000.0,690794000.0,71581000.0,19876000.0,1.508,1.181,455649000.0,0.0,455649000.0,455649000.0,664529000.0,14505000.0,0.0,0.0,0.0,36821000.0,51326000.0,0.136,51326000.0,36821000.0,29761000.0,0.035,0.033,0.035,1134510000.0,,1134510000.0,10327212000.0,72.0,52.079,131493000.0,0.257,1.0,305232000.0,0.81,82799000.0,7060000.0,1332053000.0,,0.0,1210754000.0,260958000.0,949796000.0,1339730000.0,838100000.0,501630000.0,10888320000.0,-320512000.0,0.0,37516000.0,-1918000.0,0.0,43613000.0,-508133000.0,-496443000.0,143183000.0,825000.0,17745000.0,17745000.0,17745000.0,0.0,2131000.0,0.047,272182000.0,33050000.0,13133000.0,0.0,9.597,136.056,133.75,86710000.0,0.0,21.4,7.905,7.956,183612000.0,124306000.0,376813000.0,376813000.0,40122000.0,,,,,17180000.0,232060000.0,1.0,508800000.0,512128000,529004000.0,0.736,2405298000.0,70496000.0,12016000.0,23002000.0,4.697,425652000.0
46,CRM,MRQ,2009-12-31,2010-01-31,2010-01-31,2021-08-30,-1430000.0,2460201000.0,,1706159000.0,754042000.0,,2.067,-7056000.0,1011306000.0,1011306000.0,68059000.0,22415000.0,1.879,1.345,450198000.0,0.0,450198000.0,450198000.0,704348000.0,15287000.0,0.0,0.0,0.0,33864000.0,49151000.0,0.139,49151000.0,33864000.0,32657000.0,0.04,0.038,0.04,1043802000.0,,1043802000.0,7694507000.0,55.0,39.747,84504000.0,0.167,1.0,285990000.0,0.808,83764000.0,1207000.0,907199000.0,,0.0,715742000.0,230659000.0,485083000.0,1403535000.0,908130000.0,495405000.0,7937395000.0,768418000.0,-7499000.0,120273000.0,438379000.0,0.0,577655000.0,95003000.0,109558000.0,91560000.0,4200000.0,20394000.0,20394000.0,20394000.0,0.0,2021000.0,0.058,260471000.0,25519000.0,14791000.0,0.0,7.604,98.334,97.469,89711000.0,0.0,15.887,6.08,6.058,320956000.0,106561000.0,354049000.0,354049000.0,36447000.0,,,,,6942000.0,224024000.0,1.0,499600000.0,504940000,525908000.0,0.701,2376437000.0,67695000.0,12263000.0,17551000.0,4.706,798029000.0
47,CRM,MRQ,2009-09-30,2009-10-31,2009-10-31,2021-08-30,-3239000.0,1643201000.0,,762915000.0,880286000.0,,1.724,-10389000.0,242888000.0,242888000.0,65570000.0,21443000.0,1.05,0.9,0.0,0.0,0.0,0.0,545435000.0,13601000.0,0.0,0.0,0.0,36556000.0,50157000.0,0.152,50157000.0,36556000.0,36264000.0,0.043,0.04,0.043,858891000.0,,858891000.0,6790831000.0,47.0,34.921,25131000.0,0.05,1.0,264979000.0,0.802,78182000.0,292000.0,595653000.0,,0.0,827204000.0,202446000.0,624758000.0,772661000.0,726478000.0,46183000.0,7037000000.0,-3281000.0,-4500000.0,18559000.0,-2398000.0,0.0,23562000.0,-59832000.0,-44943000.0,35520000.0,-2531000.0,20691000.0,20691000.0,20691000.0,0.0,752000.0,0.063,234838000.0,30141000.0,15617000.0,0.0,8.193,94.994,94.583,95598000.0,0.0,14.188,5.67,5.696,191297000.0,86167000.0,330549000.0,330549000.0,32763000.0,,,,,13006000.0,202075000.0,1.0,496000000.0,498244000,514384000.0,0.663,1565019000.0,57687000.0,15573000.0,22348000.0,3.141,36437000.0
48,CRM,MRQ,2009-06-30,2009-07-31,2009-07-31,2021-08-30,-2016000.0,1556527000.0,,701318000.0,855209000.0,,1.597,-18628000.0,246169000.0,246169000.0,62496000.0,21841000.0,0.984,0.953,0.0,0.0,0.0,0.0,549010000.0,12144000.0,0.0,0.0,0.0,35521000.0,47665000.0,0.151,47665000.0,35521000.0,35228000.0,0.043,0.043,0.043,791117000.0,,791117000.0,5010785000.0,40.0,29.947,27227000.0,0.055,1.0,253565000.0,0.802,73853000.0,293000.0,523917000.0,,0.0,784237000.0,173957000.0,610280000.0,754137000.0,712588000.0,41549000.0,5352490000.0,-95536000.0,0.0,5139000.0,-2258000.0,0.0,18568000.0,-157721000.0,-139093000.0,45855000.0,-2238000.0,21198000.0,21198000.0,21198000.0,0.0,643000.0,0.067,224076000.0,29489000.0,13389000.0,0.0,6.766,84.277,84.648,96470000.0,0.0,10.835,4.509,4.522,168842000.0,65476000.0,316061000.0,316061000.0,31103000.0,,,,,5190000.0,192973000.0,1.0,494000000.0,495384000,506264000.0,0.638,1482674000.0,56692000.0,14030000.0,19338000.0,2.993,-11270000.0
49,CRM,MRQ,2009-03-31,2009-04-30,2009-04-30,2021-08-30,-4050000.0,1467700000.0,,762860000.0,704840000.0,,1.477,-13428000.0,341705000.0,341705000.0,61800000.0,18993000.0,1.105,1.001,0.0,0.0,0.0,0.0,549373000.0,12145000.0,0.0,0.0,0.0,34467000.0,46612000.0,0.153,46612000.0,34467000.0,34259000.0,0.037,0.037,0.037,727855000.0,,727855000.0,4777515000.0,47.0,33.556,84548000.0,0.172,1.0,243124000.0,0.797,73820000.0,208000.0,362081000.0,,0.0,642119000.0,174909000.0,467210000.0,728897000.0,690094000.0,38803000.0,5261349000.0,-142129000.0,0.0,9168000.0,-1248000.0,0.0,17368000.0,-256066000.0,-242638000.0,97976000.0,-1407000.0,18436000.0,18436000.0,18436000.0,0.0,557000.0,0.06,213001000.0,30123000.0,15757000.0,0.0,7.229,100.582,101.929,88479000.0,0.0,10.703,4.639,4.651,145869000.0,44278000.0,304924000.0,304924000.0,31584000.0,,,,,12215000.0,181417000.0,1.0,491600000.0,492824000,501396000.0,0.619,1393880000.0,54873000.0,15823000.0,17184000.0,2.828,72766000.0
50,CRM,MRQ,2008-12-31,2009-01-31,2009-01-31,2021-08-30,-2905000.0,1479822000.0,,1068557000.0,411265000.0,,1.371,-12232000.0,483834000.0,483834000.0,58734000.0,13875000.0,1.393,1.187,0.0,0.0,0.0,0.0,594026000.0,11033000.0,0.0,0.0,0.0,38994000.0,50027000.0,0.173,50027000.0,38994000.0,21617000.0,0.027,0.027,0.027,671784000.0,,671784000.0,2864106000.0,35.0,24.466,63297000.0,0.129,1.0,230849000.0,0.797,74861000.0,17377000.0,154161000.0,,0.0,398731000.0,213769000.0,184962000.0,797335000.0,766966000.0,30369000.0,3246420000.0,101520000.0,-563000.0,2706000.0,-706000.0,0.0,-7272000.0,32330000.0,45125000.0,75529000.0,933000.0,13753000.0,13753000.0,13753000.0,0.0,122000.0,0.047,214759000.0,16090000.0,16379000.0,0.0,4.833,74.754,73.917,77027000.0,0.0,6.652,3.015,2.995,266555000.0,25842000.0,289583000.0,289583000.0,29460000.0,,,,,8791000.0,185299000.0,1.0,488000000.0,489820000,501572000.0,0.591,1404961000.0,58489000.0,7864000.0,16109000.0,2.868,301591000.0
51,CRM,MRQ,2008-09-30,2008-10-31,2008-10-31,2021-08-30,-7592000.0,1275731000.0,,848559000.0,427172000.0,,1.271,-11614000.0,382314000.0,382314000.0,56348000.0,11683000.0,1.379,1.063,0.0,0.0,0.0,0.0,469534000.0,7910000.0,0.0,0.0,0.0,15108000.0,23018000.0,0.083,23018000.0,15108000.0,18948000.0,0.02,0.02,0.02,618387000.0,,618387000.0,3319117000.0,44.0,31.165,5507000.0,0.011,1.0,220139000.0,0.796,59649000.0,-3840000.0,218326000.0,,0.0,422292000.0,219144000.0,203148000.0,657344000.0,615442000.0,41902000.0,3746160000.0,-44729000.0,-27344000.0,6595000.0,-286000.0,0.0,24015000.0,-85914000.0,-46956000.0,17121000.0,49000.0,10124000.0,10124000.0,10124000.0,0.0,1559000.0,0.037,204006000.0,16133000.0,20875000.0,0.0,6.058,101.1,100.519,66833000.0,0.0,7.74,3.731,3.75,157680000.0,12089000.0,276487000.0,276487000.0,26270000.0,,,,,1570000.0,177736000.0,1.0,484000000.0,486540000,500532000.0,0.568,1216082000.0,50577000.0,8824000.0,12757000.0,2.499,233117000.0
52,CRM,MRQ,2008-06-30,2008-07-31,2008-07-31,2021-08-30,-4188000.0,1203543000.0,,802128000.0,401415000.0,,1.171,-13036000.0,427043000.0,427043000.0,54091000.0,11408000.0,1.337,1.126,0.0,0.0,0.0,0.0,479546000.0,8870000.0,0.0,0.0,0.0,13846000.0,22716000.0,0.086,22716000.0,13846000.0,20554000.0,0.02,0.02,0.02,565976000.0,,565976000.0,7282631000.0,110.0,75.239,40039000.0,0.083,1.0,208986000.0,0.794,32774000.0,-6708000.0,143901000.0,,0.0,396374000.0,151298000.0,245076000.0,637567000.0,599825000.0,37742000.0,7661179000.0,48495000.0,0.0,22525000.0,0.0,0.0,34368000.0,-38154000.0,-25118000.0,53075000.0,-794000.0,9996000.0,9996000.0,9996000.0,0.0,1412000.0,0.038,192888000.0,16098000.0,14428000.0,0.0,13.536,229.089,218.459,56643000.0,0.0,15.947,8.324,8.377,146982000.0,1965000.0,263077000.0,263077000.0,24033000.0,,,,,7041000.0,168855000.0,1.0,480400000.0,483452000,502504000.0,0.544,1170769000.0,42895000.0,10558000.0,11558000.0,2.422,202303000.0
53,CRM,MRQ,2008-03-31,2008-04-30,2008-04-30,2021-08-30,-3643000.0,1119593000.0,,713409000.0,406184000.0,,1.05,-24177000.0,378548000.0,378548000.0,51298000.0,11069000.0,1.228,1.226,0.0,0.0,0.0,0.0,470297000.0,8158000.0,0.0,0.0,0.0,13144000.0,21302000.0,0.086,21302000.0,13144000.0,19866000.0,0.02,0.02,0.02,503067000.0,,503067000.0,7681794000.0,139.0,92.669,59655000.0,0.125,1.0,196324000.0,0.793,31525000.0,-6722000.0,128541000.0,,0.0,372085000.0,116535000.0,255550000.0,616526000.0,580979000.0,35547000.0,7960889000.0,99453000.0,0.0,11485000.0,-5000.0,0.0,24178000.0,-7637000.0,16540000.0,83832000.0,-920000.0,9555000.0,9555000.0,9555000.0,0.0,1514000.0,0.039,180903000.0,15421000.0,19315000.0,0.0,15.825,292.884,278.042,56816000.0,0.0,16.683,9.546,9.585,143909000.0,-8031000.0,247622000.0,247622000.0,19767000.0,,,,,5367000.0,161136000.0,1.0,477200000.0,479112000,497656000.0,0.517,1088068000.0,39611000.0,10311000.0,10666000.0,2.271,132430000.0
54,CRM,MRQ,2007-12-31,2008-01-31,2008-01-31,2021-08-30,-2276000.0,1089593000.0,,740811000.0,348782000.0,,0.952,-8369000.0,279095000.0,279095000.0,46731000.0,11851000.0,1.223,1.41,0.0,0.0,0.0,0.0,480894000.0,6568000.0,0.0,0.0,0.0,32899000.0,39467000.0,0.182,39467000.0,32899000.0,15675000.0,0.018,0.015,0.018,452059000.0,,452059000.0,5969810000.0,143.0,90.443,72424000.0,0.152,1.0,170175000.0,0.785,31617000.0,17224000.0,172964000.0,,0.0,390705000.0,171748000.0,218957000.0,637534000.0,605917000.0,31617000.0,6130571000.0,118334000.0,0.0,16620000.0,-6000.0,0.0,24088000.0,13902000.0,22271000.0,80793000.0,-449000.0,7379000.0,7379000.0,7379000.0,0.0,4472000.0,0.034,159445000.0,10730000.0,7478000.0,0.0,13.561,333.982,324.438,41380000.0,0.0,12.977,8.188,8.101,220061000.0,-17586000.0,216906000.0,216906000.0,17703000.0,,,,,8112000.0,141742000.0,1.0,472400000.0,474944000,501604000.0,0.457,1057976000.0,33685000.0,8296000.0,12087000.0,2.228,134894000.0
55,CRM,MRQ,2007-09-30,2007-10-31,2007-10-31,2021-08-30,-3093000.0,865109000.0,,554950000.0,310159000.0,,0.855,-9122000.0,160761000.0,160761000.0,44281000.0,6512000.0,1.233,1.156,0.0,0.0,0.0,0.0,340808000.0,6758000.0,0.0,0.0,0.0,6550000.0,13308000.0,0.069,13308000.0,6550000.0,13106000.0,0.015,0.013,0.015,401295000.0,,401295000.0,6461067000.0,-2226.0,349.511,42876000.0,0.091,1.0,148522000.0,0.77,32346000.0,-6556000.0,222061000.0,,0.0,410242000.0,213307000.0,196935000.0,463814000.0,449941000.0,13873000.0,6584016000.0,37812000.0,0.0,20586000.0,-6000.0,0.0,29878000.0,-42603000.0,-33481000.0,51998000.0,-1461000.0,6512000.0,6512000.0,6512000.0,0.0,0.0,0.034,142404000.0,6118000.0,12618000.0,0.0,16.407,572.872,563.7,38913000.0,0.0,14.092,9.739,9.786,121961000.0,-24965000.0,192803000.0,192803000.0,16892000.0,,,,,4880000.0,125512000.0,1.0,467200000.0,469444000,488676000.0,0.411,832763000.0,29292000.0,6594000.0,8427000.0,1.774,105009000.0
56,CRM,MRQ,2007-06-30,2007-07-31,2007-07-31,2021-08-30,-2094000.0,775779000.0,,477171000.0,298608000.0,,0.755,-10104000.0,122949000.0,122949000.0,41412000.0,3735000.0,1.158,1.21,0.0,0.0,0.0,0.0,321852000.0,6045000.0,0.0,0.0,0.0,2773000.0,8818000.0,0.05,8818000.0,2773000.0,8388000.0,0.007,0.007,0.007,351056000.0,,351056000.0,4400838000.0,-775.0,357.995,24550000.0,0.053,1.0,135167000.0,0.765,30661000.0,-5615000.0,210055000.0,,0.0,374242000.0,184881000.0,189361000.0,424723000.0,412114000.0,12609000.0,4488330000.0,35457000.0,0.0,15404000.0,-6000.0,0.0,24318000.0,-23839000.0,-13735000.0,34654000.0,324000.0,3735000.0,3735000.0,3735000.0,0.0,0.0,0.021,131820000.0,3347000.0,7215000.0,0.0,12.785,843.671,971.5,36690000.0,0.0,9.715,7.319,7.369,114046000.0,-31477000.0,176579000.0,176579000.0,15096000.0,,,,,4511000.0,116724000.0,1.0,462000000.0,465176000,485332000.0,0.38,745118000.0,24726000.0,4653000.0,6696000.0,1.602,65057000.0
57,CRM,MRQ,2007-03-31,2007-04-30,2007-04-30,2021-08-30,-2087000.0,697969000.0,,400133000.0,297836000.0,,0.672,-15957000.0,87492000.0,87492000.0,39167000.0,730000.0,1.06,1.257,0.0,0.0,0.0,0.0,295672000.0,4848000.0,0.0,0.0,0.0,-435000.0,4413000.0,0.027,4413000.0,-435000.0,4572000.0,0.003,0.003,0.003,309282000.0,,309282000.0,4743574000.0,-705.0,571.722,20873000.0,0.045,1.0,123245000.0,0.759,28930000.0,-5007000.0,204230000.0,,0.0,360579000.0,162881000.0,197698000.0,388687000.0,377317000.0,11370000.0,4830000000.0,884000.0,0.0,8300000.0,-157000.0,0.0,14429000.0,-50169000.0,-34212000.0,36830000.0,-206000.0,730000.0,730000.0,730000.0,0.0,0.0,0.004,123131000.0,114000.0,11606000.0,0.0,15.617,3354.167,3500.0,33849000.0,0.0,10.5,8.705,8.704,105013000.0,-35212000.0,162412000.0,162412000.0,14121000.0,,,,,5726000.0,109010000.0,1.0,460000000.0,459948000,482540000.0,0.353,669039000.0,19739000.0,3842000.0,5956000.0,1.455,22816000.0
58,CRM,MRQ,2006-12-31,2007-01-31,2007-01-31,2021-08-30,-2187000.0,664832000.0,,419096000.0,245736000.0,,0.619,-7625000.0,86608000.0,86608000.0,33839000.0,516000.0,1.123,1.359,0.0,0.0,0.0,0.0,284063000.0,3737000.0,0.0,0.0,0.0,-11790000.0,-8053000.0,-0.056,-8053000.0,-11790000.0,3175000.0,0.0,0.0,0.0,281791000.0,,281791000.0,4904721000.0,-1088.0,613.397,30534000.0,0.067,1.0,110383000.0,0.765,17688000.0,-14965000.0,187345000.0,,0.0,325904000.0,165816000.0,160088000.0,383041000.0,373191000.0,9850000.0,4974705000.0,16284000.0,0.0,8040000.0,-158000.0,0.0,13650000.0,-35444000.0,-27819000.0,38159000.0,-81000.0,516000.0,516000.0,516000.0,0.0,0.0,0.004,112459000.0,-2076000.0,8870000.0,,17.654,10342.422,,30155000.0,0.0,10.957,10.007,9.909,128693000.0,-35633000.0,144222000.0,144222000.0,13331000.0,,,,,5398000.0,99128000.0,1.0,454000000.0,455508000,480616000.0,0.317,647144000.0,20853000.0,2659000.0,6739000.0,1.421,45905000.0
59,CRM,MRQ,2006-09-30,2006-10-31,2006-10-31,2021-08-30,-1949000.0,555689000.0,,355934000.0,199755000.0,,0.568,-9085000.0,70324000.0,70324000.0,31360000.0,339000.0,1.209,1.167,340000.0,327000.0,13000.0,340000.0,219431000.0,3339000.0,0.0,0.0,0.0,3776000.0,7115000.0,0.055,7115000.0,3776000.0,3757000.0,0.0,0.0,0.0,256381000.0,,256381000.0,4232449000.0,290.0,167.31,21542000.0,0.048,1.0,98693000.0,0.759,6743000.0,19000.0,184675000.0,,0.0,300954000.0,174574000.0,126380000.0,299308000.0,294287000.0,5021000.0,4381946000.0,-79668000.0,0.0,10149000.0,-155000.0,0.0,14872000.0,-125294000.0,-116209000.0,30627000.0,127000.0,339000.0,339000.0,339000.0,0.0,0.0,0.003,98816000.0,-123000.0,5660000.0,,17.092,739.944,650.333,28151000.0,0.0,9.755,9.871,9.922,82808000.0,-36149000.0,130053000.0,130053000.0,11450000.0,,,,,5362000.0,87366000.0,1.0,449200000.0,451540000,481116000.0,0.288,548946000.0,20850000.0,3418000.0,9844000.0,1.216,61647000.0
60,CRM,MRQ,2006-06-30,2006-07-31,2006-07-31,2021-08-30,-2360000.0,501351000.0,,369664000.0,131687000.0,,0.514,-2818000.0,149992000.0,149992000.0,29131000.0,-145000.0,1.386,1.179,495000.0,475000.0,20000.0,495000.0,202836000.0,3103000.0,0.0,0.0,0.0,1719000.0,4822000.0,0.041,4822000.0,1719000.0,1568000.0,0.0,0.0,0.0,230119000.0,,230119000.0,2737625000.0,146.0,98.903,27204000.0,0.061,1.0,89006000.0,0.753,7239000.0,151000.0,77899000.0,,0.0,184115000.0,116697000.0,67418000.0,271232000.0,266716000.0,4516000.0,2865550000.0,21419000.0,0.0,5378000.0,-153000.0,0.0,8553000.0,-16969000.0,-14151000.0,30022000.0,-187000.0,-145000.0,-145000.0,-145000.0,0.0,0.0,-0.001,90285000.0,-1279000.0,6026000.0,,12.452,153.402,142.778,24842000.0,0.0,6.425,7.226,7.248,75704000.0,-36488000.0,118137000.0,118137000.0,11008000.0,,,,,6865000.0,79277000.0,1.0,446000000.0,447352000,447352000.0,0.264,494112000.0,17512000.0,1713000.0,8129000.0,1.105,102948000.0
61,CRM,MRQ,2006-03-31,2006-04-30,2006-04-30,2021-08-30,-2258000.0,457456000.0,,328616000.0,128840000.0,,0.477,-2595000.0,128573000.0,128573000.0,24560000.0,-229000.0,1.375,1.159,648000.0,620000.0,28000.0,648000.0,182036000.0,2325000.0,0.0,0.0,0.0,1787000.0,4112000.0,0.039,4112000.0,1787000.0,1776000.0,0.0,0.0,0.0,211877000.0,,211877000.0,3784497000.0,161.0,123.245,9821000.0,0.022,1.0,80126000.0,0.765,7239000.0,11000.0,83333000.0,,0.0,169740000.0,104584000.0,65156000.0,245579000.0,238959000.0,6620000.0,3883540000.0,28731000.0,-15502000.0,5503000.0,-151000.0,0.0,7952000.0,9111000.0,27208000.0,12416000.0,-748000.0,-229000.0,-229000.0,-229000.0,0.0,0.0,-0.002,80246000.0,-120000.0,7720000.0,,18.329,162.73,151.078,24786000.0,0.0,8.762,11.084,11.1,72337000.0,-36343000.0,104686000.0,104686000.0,8825000.0,,,,,5006000.0,71421000.0,1.0,443200000.0,443828000,443828000.0,0.236,450217000.0,18458000.0,2005000.0,10672000.0,1.014,89657000.0
62,CRM,MRQ,2005-12-31,2006-01-31,2006-01-31,2021-08-30,-2105000.0,434749000.0,,303217000.0,131532000.0,,0.449,-5614000.0,99842000.0,99842000.0,21340000.0,5957000.0,1.292,1.214,799000.0,615000.0,184000.0,799000.0,169175000.0,1948000.0,0.0,0.0,0.0,7300000.0,9248000.0,0.102,9248000.0,7300000.0,7287000.0,0.015,0.012,0.015,196371000.0,,196371000.0,4359310000.0,160.0,131.068,33726000.0,0.077,1.0,69724000.0,0.766,0.0,13000.0,101081000.0,,0.0,196950000.0,107723000.0,89227000.0,238378000.0,234625000.0,3753000.0,4445715000.0,12487000.0,0.0,6084000.0,-151000.0,0.0,5933000.0,-32893000.0,-27279000.0,39340000.0,107000.0,5957000.0,5957000.0,5957000.0,0.0,0.0,0.065,64472000.0,5252000.0,10212000.0,0.0,22.639,156.132,150.919,24216000.0,0.0,10.262,14.348,14.212,76128000.0,-36114000.0,91064000.0,91064000.0,6956000.0,,,,,1779000.0,57516000.0,1.0,433200000.0,437820000,486624000.0,0.208,434749000.0,10416000.0,1330000.0,5841000.0,0.993,68592000.0
63,CRM,MRQ,2005-09-30,2005-10-31,2005-10-31,2021-08-30,-2580000.0,359440000.0,,244864000.0,114576000.0,,0.422,-1984000.0,87355000.0,87355000.0,19584000.0,13097000.0,1.408,0.975,950000.0,610000.0,340000.0,950000.0,127110000.0,1490000.0,0.0,0.0,0.0,8008000.0,9498000.0,0.115,9498000.0,8008000.0,7996000.0,0.03,0.028,0.03,181979000.0,,181979000.0,2661572000.0,110.0,91.344,22587000.0,0.052,1.0,63089000.0,0.763,0.0,12000.0,99175000.0,,0.0,169498000.0,85370000.0,84128000.0,177461000.0,173860000.0,3601000.0,2688924000.0,62215000.0,0.0,2209000.0,-152000.0,0.0,2057000.0,35766000.0,37750000.0,24571000.0,-179000.0,13097000.0,13097000.0,13097000.0,0.0,0.0,0.158,56702000.0,6387000.0,5868000.0,0.0,14.776,103.012,100.766,20853000.0,0.0,6.247,9.836,9.852,53407000.0,-42071000.0,82673000.0,82673000.0,6602000.0,,,,,1619000.0,50100000.0,1.0,430400000.0,431124000,474620000.0,0.192,359440000.0,6458000.0,-5101000.0,1632000.0,0.834,71004000.0
64,CRM,MRQ,2005-06-30,2005-07-31,2005-07-31,2021-08-30,-2160000.0,323675000.0,,199821000.0,123854000.0,,0.388,-3394000.0,28447000.0,28447000.0,16237000.0,5040000.0,1.291,0.957,1095000.0,606000.0,489000.0,1095000.0,117311000.0,1468000.0,0.0,0.0,0.0,6381000.0,7849000.0,0.109,7849000.0,6381000.0,6350000.0,0.013,0.01,0.013,165402000.0,,165402000.0,2453555000.0,132.0,106.913,10678000.0,0.025,1.0,55706000.0,0.774,0.0,31000.0,141516000.0,,0.0,207570000.0,109270000.0,98300000.0,158273000.0,154807000.0,3466000.0,2496300000.0,-15464000.0,0.0,5266000.0,-171000.0,0.0,5095000.0,-34912000.0,-31518000.0,14072000.0,281000.0,5040000.0,5040000.0,5040000.0,0.0,0.0,0.07,51513000.0,4193000.0,3941000.0,0.0,15.092,164.674,159.122,17280000.0,0.0,5.888,10.53,10.591,50184000.0,-55168000.0,71943000.0,71943000.0,5470000.0,,,,,2856000.0,46043000.0,1.0,424000000.0,426456000,471896000.0,0.169,323675000.0,0.0,1310000.0,864000.0,0.759,45014000.0
65,CRM,MRQ,2005-03-31,2005-04-30,2005-04-30,2021-08-30,-1327000.0,294634000.0,,180604000.0,114030000.0,,0.364,-9251000.0,43889000.0,43889000.0,11965000.0,4380000.0,1.307,0.926,1144000.0,566000.0,578000.0,1144000.0,104645000.0,1121000.0,0.0,0.0,0.0,5544000.0,6665000.0,0.104,6665000.0,5544000.0,5531000.0,0.01,0.01,0.01,152998000.0,,152998000.0,1484727000.0,109.0,86.543,8659000.0,0.021,1.0,52212000.0,0.814,0.0,13000.0,113672000.0,,0.0,176400000.0,84941000.0,91459000.0,141636000.0,138217000.0,3419000.0,1522365000.0,4873000.0,0.0,2148000.0,-140000.0,0.0,2735000.0,-15766000.0,-6515000.0,17910000.0,-6000.0,4380000.0,4380000.0,4380000.0,0.0,0.0,0.068,47942000.0,4270000.0,3635000.0,0.0,9.95,134.854,120.25,15289000.0,0.0,3.607,7.4,7.381,42383000.0,-60208000.0,64177000.0,64177000.0,4302000.0,,,,,856000.0,43925000.0,1.0,422000000.0,420884000,465468000.0,0.152,294634000.0,0.0,1151000.0,1482000.0,0.7,42387000.0
66,CRM,MRQ,2004-12-31,2005-01-31,2005-01-31,2021-08-30,-999000.0,280499000.0,,178715000.0,101784000.0,,0.481,-2529000.0,38922000.0,38922000.0,10004000.0,3586000.0,1.357,0.933,1284000.0,563000.0,721000.0,1284000.0,95900000.0,920000.0,0.0,0.0,0.0,4206000.0,5126000.0,0.094,5126000.0,4206000.0,4189000.0,0.01,0.01,0.01,145131000.0,,145131000.0,1388210000.0,161.0,118.176,18599000.0,0.062,1.0,44590000.0,0.817,0.0,17000.0,111190000.0,,0.0,170207000.0,83087000.0,87120000.0,135368000.0,131671000.0,3697000.0,1412470000.0,12975000.0,0.0,2553000.0,-139000.0,0.0,3457000.0,-11232000.0,-8703000.0,21128000.0,-378000.0,3586000.0,3586000.0,3586000.0,0.0,0.0,0.066,41369000.0,3221000.0,2525000.0,0.0,9.732,192.277,137.0,7637000.0,0.0,3.425,8.008,5.865,48874000.0,-64588000.0,54594000.0,54594000.0,3159000.0,,,,,1244000.0,38210000.0,1.0,412400000.0,302012000,469572000.0,0.181,280499000.0,0.0,603000.0,216000.0,0.929,47044000.0
67,CRM,MRQ,2004-09-30,2004-10-31,2004-10-31,2021-08-30,38000.0,246703000.0,,162920000.0,83783000.0,,0.336,-1050000.0,25683000.0,25683000.0,8905000.0,2153000.0,1.54,0.796,1423000.0,561000.0,862000.0,1423000.0,74240000.0,800000.0,0.0,0.0,0.0,2509000.0,3309000.0,0.071,3309000.0,2509000.0,2495000.0,0.005,0.005,0.005,137355000.0,,137355000.0,2028239000.0,556.0,311.653,12100000.0,0.03,1.0,37456000.0,0.808,0.0,14000.0,116629000.0,,0.0,162258000.0,91641000.0,70617000.0,109348000.0,105814000.0,3534000.0,2090928000.0,-38337000.0,0.0,248000.0,-139000.0,0.0,109000.0,-51774000.0,-50724000.0,13150000.0,178000.0,2153000.0,2153000.0,2153000.0,0.0,0.0,0.046,35683000.0,1773000.0,3844000.0,0.0,15.223,698.14,1016.0,6525000.0,0.0,5.08,13.771,13.696,37535000.0,-68174000.0,46361000.0,46361000.0,2462000.0,,,,,1191000.0,33221000.0,1.0,411600000.0,409348000,464704000.0,0.113,246703000.0,0.0,342000.0,414000.0,0.603,57106000.0
68,CRM,MRQ,2004-06-30,2004-07-31,2004-07-31,2021-08-30,-100000.0,226513000.0,,156968000.0,69545000.0,,0.516,276000.0,64251000.0,64251000.0,8182000.0,1170000.0,1.75,0.701,1562000.0,558000.0,1004000.0,1562000.0,61557000.0,679000.0,0.0,0.0,0.0,1377000.0,2056000.0,0.051,2056000.0,1377000.0,1372000.0,0.005,0.003,0.005,133187000.0,,133187000.0,1307894009.0,243.0,161.888,15211000.0,0.059,1.0,32399000.0,0.798,0.0,5000.0,74144000.0,,0.0,111534000.0,55057000.0,56477000.0,93326000.0,89680000.0,3646000.0,1317352009.0,55533000.0,0.0,113853000.0,-157000.0,0.0,113736000.0,-73085000.0,-73361000.0,14935000.0,-53000.0,1170000.0,1170000.0,1170000.0,0.0,0.0,0.029,31234000.0,1165000.0,1947000.0,0.0,9.891,284.464,98.561,5986000.0,0.0,3.252,10.063,6.413,29944000.0,-70327000.0,40581000.0,40581000.0,2074000.0,,,,,1100000.0,29160000.0,1.0,405027520.0,258096000,430996000.0,0.157,226513000.0,0.0,202000.0,540000.0,0.878,67288000.0
69,CRM,MRQ,2004-03-31,2004-04-30,2004-04-30,2021-08-30,8000.0,92977000.0,,80692000.0,12285000.0,,-0.348,-284000.0,9478000.0,9478000.0,6363000.0,437000.0,1.1,-1.723,20000.0,20000.0,0.0,20000.0,52340000.0,748000.0,0.0,,0.0,508000.0,1256000.0,0.036,1256000.0,508000.0,507000.0,0.003,0.0,0.003,-44056000.0,,-44056000.0,,,,6375000.0,0.05,1.0,28476000.0,0.817,0.0,1000.0,10169000.0,,0.0,38173000.0,38173000.0,0.0,75896000.0,73350000.0,2546000.0,,-4903000.0,0.0,1606000.0,-58000.0,0.0,1548000.0,-13108000.0,-12824000.0,6659000.0,-2000.0,437000.0,437000.0,437000.0,0.0,0.0,0.013,28115000.0,361000.0,1782000.0,0.0,,,,4548000.0,0.0,,,,24490000.0,-71497000.0,34839000.0,34839000.0,2127000.0,,,,,877000.0,25988000.0,1.0,405027520.0,126752000,401592000.0,0.275,92977000.0,0.0,70000.0,560000.0,0.734,7342000.0
70,CRM,MRQ,2003-12-31,2004-01-31,2004-01-31,2021-08-30,10000.0,87511000.0,,74146000.0,13365000.0,,-0.378,-1385000.0,14375000.0,14375000.0,5422000.0,-765000.0,1.059,-1.57,78000.0,78000.0,0.0,78000.0,49677000.0,635000.0,0.0,,0.0,-748000.0,-113000.0,-0.004,-113000.0,-748000.0,-750000.0,-0.007,0.0,-0.007,-46237000.0,,-46237000.0,,,,4761000.0,0.039,1.0,24631000.0,0.82,0.0,2000.0,3208000.0,,0.0,25349000.0,25349000.0,0.0,72611000.0,70006000.0,2605000.0,,3927000.0,0.0,664000.0,-85000.0,0.0,579000.0,-2784000.0,-1399000.0,6146000.0,-14000.0,-765000.0,-765000.0,-765000.0,0.0,0.0,-0.025,25375000.0,-744000.0,2035000.0,0.0,,,,5069000.0,0.0,,,,26536000.0,-71934000.0,30053000.0,30053000.0,2157000.0,,,,,1222000.0,22321000.0,1.0,,122476000,338844000.0,0.245,87511000.0,0.0,15000.0,534000.0,0.715,4140000.0
71,CRM,MRQ,2003-09-30,2003-10-31,2003-10-31,2021-08-30,,,,,,,,-864000.0,,,4668000.0,3789000.0,,,,,,,,631000.0,,,0.0,4249000.0,4880000.0,0.192,4880000.0,4249000.0,4244000.0,0.033,0.01,0.033,,,,,,,6024000.0,0.05,1.0,20766000.0,0.816,,5000.0,,,,,,,,,,,406000.0,0.0,640000.0,-136000.0,0.0,671000.0,-7164000.0,-6300000.0,6888000.0,11000.0,3789000.0,3789000.0,3789000.0,0.0,0.0,0.149,16455000.0,4311000.0,,0.0,,,,,0.0,,,,,,25434000.0,25434000.0,1880000.0,,,,,1009000.0,18917000.0,1.0,,119624000,382084000.0,0.213,,,455000.0,,,
72,CRM,MRQ,2003-06-30,2003-07-31,2003-07-31,2021-08-30,,,,,,,,-496000.0,,,3828000.0,122000.0,,,,,,,,707000.0,,,0.0,150000.0,857000.0,0.04,857000.0,150000.0,144000.0,0.0,0.0,0.0,,,,,,,3490000.0,0.03,1.0,17795000.0,0.823,,6000.0,,,,,,,,,,,1189000.0,0.0,103000.0,-159000.0,0.0,-56000.0,-2752000.0,-2256000.0,3986000.0,11000.0,122000.0,122000.0,122000.0,0.0,0.0,0.006,17661000.0,134000.0,,,,,,,0.0,,,,,,21623000.0,21623000.0,1685000.0,,,,,1044000.0,15976000.0,1.0,,116944000,367892000.0,0.185,,,22000.0,,,
73,CRM,MRQ,2003-03-31,2003-04-30,2003-04-30,2021-08-30,,,,,,,,-350000.0,,,3355000.0,368000.0,,,,,,,,618000.0,,,0.0,426000.0,1044000.0,0.055,1044000.0,426000.0,417000.0,0.003,0.0,0.003,,,,,,,4411000.0,0.038,1.0,15558000.0,0.823,,9000.0,,,,,,,,,,,-3778000.0,0.0,56000.0,-151000.0,0.0,-95000.0,-8444000.0,-8094000.0,4761000.0,10000.0,368000.0,368000.0,368000.0,0.0,0.0,0.019,15541000.0,17000.0,,0.0,,,,,0.0,,,,,,18913000.0,18913000.0,1240000.0,,,,,1084000.0,14301000.0,1.0,,114640000,366472000.0,0.165,,,49000.0,,,
74,CRM,MRQ,2002-12-31,2003-01-31,2003-01-31,2021-08-30,6000.0,39673000.0,,29967000.0,9706000.0,,-0.53,,12442000.0,12442000.0,,,1.041,-0.616,609000.0,531000.0,78000.0,609000.0,19171000.0,,0.0,,0.0,,,,,,,,,,-55875000.0,,-55875000.0,,,,,,1.0,,,0.0,,-955000.0,,0.0,7300000.0,7300000.0,0.0,34411000.0,28795000.0,5616000.0,,,,,,,,,,,,,,,,,,,,606000.0,,,,,4988000.0,,,,,9581000.0,-75448000.0,,,,,,,,,,1.0,,105500000,,,39673000.0,0.0,,0.0,0.376,1172000.0
0,CRM,MRT,2021-06-30,2021-07-31,2021-07-31,2021-08-30,-84000000.0,88658000000.0,69745000000.0,16256000000.0,72402000000.0,0.338,59.507,-657000000.0,6299000000.0,6299000000.0,6041000000.0,2352000000.0,0.935,0.597,15519000000.0,2052000000.0,13467000000.0,15519000000.0,11067000000.0,2943000000.0,0.0,0.0,0.0,3105000000.0,6048000000.0,0.257,6048000000.0,3105000000.0,3105000000.0,2.55,2.48,2.55,55520000000.0,44972500000.0,55520000000.0,221615180000.0,71.0,36.643,5470000000.0,5.863,1.0,17498000000.0,0.743,59669000000.0,0.0,20816000000.0,17255500000.0,0.0,7456000000.0,3351000000.0,4105000000.0,33138000000.0,17393000000.0,15745000000.0,224027180000.0,2247000000.0,-14805000000.0,1197000000.0,7952000000.0,0.0,9149000000.0,-13042000000.0,552000000.0,6127000000.0,13000000.0,2352000000.0,2352000000.0,2352000000.0,0.0,0.0,0.1,16395000000.0,1103000000.0,4274000000.0,0.0,4.035,95.25,94.875,5834000000.0,0.0,241.93,9.517,9.589,4074000000.0,6937000000.0,23539000000.0,23539000000.0,3812000000.0,0.034,0.052,0.18,0.132,2312000000.0,12583000000.0,1.0,926000000.0,933000000,950000000.0,25.229,28989000000.0,2794000000.0,753000000.0,0.0,31.071,-1137000000.0
1,CRM,MRT,2021-03-31,2021-04-30,2021-04-30,2021-08-30,-68000000.0,64885000000.0,62025500000.0,20444000000.0,44441000000.0,0.36,46.218,-558000000.0,8544000000.0,8544000000.0,5739000000.0,4442000000.0,1.334,0.524,6132000000.0,726000000.0,5406000000.0,6132000000.0,11158000000.0,2873000000.0,0.0,0.0,0.0,3118000000.0,5991000000.0,0.268,5991000000.0,3118000000.0,3118000000.0,4.88,4.77,4.88,42567000000.0,40702500000.0,42567000000.0,212210720000.0,68.0,35.422,5612000000.0,6.093,1.0,16611000000.0,0.743,32301000000.0,0.0,14849000000.0,15633000000.0,0.0,10423000000.0,6479000000.0,3944000000.0,22318000000.0,15323000000.0,6995000000.0,212124720000.0,2772000000.0,-1603000000.0,1288000000.0,-138000000.0,0.0,1150000000.0,-4581000000.0,-3426000000.0,6170000000.0,33000000.0,4442000000.0,4442000000.0,4442000000.0,0.0,0.0,0.199,15662000000.0,949000000.0,3439000000.0,0.0,4.983,47.754,47.197,5555000000.0,0.0,230.32,9.491,9.491,3174000000.0,6402000000.0,22350000000.0,22350000000.0,3690000000.0,0.072,0.109,0.199,0.14,2250000000.0,11972000000.0,1.0,921000000.0,921000000,940000000.0,24.267,32584000000.0,2641000000.0,-1324000000.0,0.0,35.379,5121000000.0
2,CRM,MRT,2020-12-31,2021-01-31,2021-01-31,2021-08-30,-42000000.0,66301000000.0,59210000000.0,21889000000.0,44412000000.0,0.359,45.697,-710000000.0,6195000000.0,6195000000.0,5438000000.0,4072000000.0,1.235,0.598,6281000000.0,766000000.0,5515000000.0,6281000000.0,12607000000.0,2846000000.0,0.0,0.0,0.0,2561000000.0,5407000000.0,0.254,5407000000.0,2561000000.0,2561000000.0,4.48,4.38,4.48,41493000000.0,38702000000.0,41493000000.0,208503400000.0,81.0,38.562,4091000000.0,4.506,1.0,15814000000.0,0.744,32147000000.0,0.0,16512000000.0,14255250000.0,0.0,9680000000.0,5771000000.0,3909000000.0,24808000000.0,17728000000.0,7080000000.0,206387400000.0,2050000000.0,-1281000000.0,1321000000.0,-127000000.0,0.0,1194000000.0,-3971000000.0,-3031000000.0,4801000000.0,26000000.0,4072000000.0,4072000000.0,4072000000.0,0.0,0.0,0.192,15359000000.0,455000000.0,4355000000.0,0.0,4.974,50.685,50.348,5663000000.0,0.0,225.56,9.711,9.637,7786000000.0,5933000000.0,21252000000.0,21252000000.0,3598000000.0,0.069,0.105,0.18,0.121,2190000000.0,11761000000.0,1.0,915000000.0,908000000,930000000.0,23.405,34154000000.0,2693000000.0,-1511000000.0,0.0,37.615,4161000000.0
3,CRM,MRT,2020-09-30,2020-10-31,2020-10-31,2021-08-30,-84000000.0,59136000000.0,56416250000.0,14946000000.0,44190000000.0,0.36,44.248,-697000000.0,3724000000.0,3724000000.0,5179000000.0,3557000000.0,1.222,0.467,5840000000.0,765000000.0,5075000000.0,5840000000.0,7923000000.0,2610000000.0,0.0,0.0,0.0,2132000000.0,4742000000.0,0.234,4742000000.0,2132000000.0,2132000000.0,3.89,3.81,3.89,40310000000.0,36800000000.0,40310000000.0,213160700000.0,100.0,44.952,3562000000.0,3.91,1.0,15107000000.0,0.745,32173000000.0,0.0,16845000000.0,12826750000.0,0.0,9695000000.0,5768000000.0,3927000000.0,18826000000.0,12234000000.0,6592000000.0,211365700000.0,-144000000.0,-1311000000.0,1395000000.0,-252000000.0,0.0,1143000000.0,-5530000000.0,-4238000000.0,4259000000.0,-16000000.0,3557000000.0,3557000000.0,3557000000.0,0.0,0.0,0.175,14881000000.0,226000000.0,3546000000.0,0.0,5.244,59.422,59.71,5526000000.0,0.0,232.27,10.419,10.431,3316000000.0,5666000000.0,20286000000.0,20286000000.0,3490000000.0,0.063,0.097,0.166,0.105,2159000000.0,11391000000.0,1.0,910000000.0,911000000,939000000.0,22.268,26963000000.0,2564000000.0,-1425000000.0,0.0,29.597,2712000000.0
4,CRM,MRT,2020-06-30,2020-07-31,2020-07-31,2021-08-30,-68000000.0,57780000000.0,54117750000.0,14846000000.0,42934000000.0,0.358,42.522,-743000000.0,4052000000.0,4052000000.0,4919000000.0,2367000000.0,1.145,0.503,5847000000.0,767000000.0,5080000000.0,5847000000.0,8711000000.0,2548000000.0,0.0,0.0,0.0,946000000.0,3494000000.0,0.18,3494000000.0,946000000.0,946000000.0,2.58,2.54,2.58,38440000000.0,35042250000.0,38440000000.0,175624850000.0,186.0,50.265,3475000000.0,3.844,1.0,14461000000.0,0.746,32286000000.0,0.0,14326000000.0,11404500000.0,0.0,7786000000.0,5231000000.0,2555000000.0,19340000000.0,12963000000.0,6377000000.0,175559850000.0,542000000.0,-1193000000.0,1193000000.0,-403000000.0,0.0,790000000.0,-4432000000.0,-3317000000.0,4218000000.0,-34000000.0,2367000000.0,2367000000.0,2367000000.0,0.0,0.0,0.122,14394000000.0,67000000.0,3485000000.0,0.0,4.567,74.17,75.523,5513000000.0,0.0,194.85,9.059,9.089,3445000000.0,4585000000.0,19380000000.0,19380000000.0,3362000000.0,0.044,0.068,0.083,0.049,2136000000.0,11032000000.0,1.0,901000000.0,904000000,922000000.0,21.438,25494000000.0,2580000000.0,-1421000000.0,0.0,28.201,1883000000.0
5,CRM,MRT,2020-03-31,2020-04-30,2020-04-30,2021-08-30,-135000000.0,53623000000.0,48006750000.0,14713000000.0,38910000000.0,0.38,38.577,-807000000.0,5772000000.0,5772000000.0,4575000000.0,-167000000.0,1.146,0.551,5837000000.0,742000000.0,5095000000.0,5837000000.0,9112000000.0,2356000000.0,0.0,0.0,0.0,271000000.0,2627000000.0,0.144,2627000000.0,271000000.0,271000000.0,-0.2,-0.2,-0.2,34565000000.0,29723750000.0,34565000000.0,146668250000.0,541.0,55.831,3418000000.0,3.815,1.0,13651000000.0,0.749,31507000000.0,0.0,9338000000.0,10354000000.0,0.0,5932000000.0,4030000000.0,1902000000.0,19058000000.0,12843000000.0,6215000000.0,144945250000.0,1662000000.0,-462000000.0,879000000.0,-713000000.0,0.0,166000000.0,-2691000000.0,-2263000000.0,4225000000.0,-38000000.0,-167000000.0,-167000000.0,-167000000.0,0.0,0.0,-0.009,13704000000.0,-53000000.0,2989000000.0,0.0,4.193,-867.936,-809.75,5501000000.0,0.0,161.95,7.953,7.962,3076000000.0,1960000000.0,18226000000.0,18226000000.0,3071000000.0,-0.003,-0.006,0.026,0.015,1946000000.0,10467000000.0,1.0,895000000.0,896000000,913000000.0,20.342,22116000000.0,0.0,438000000.0,0.0,24.683,1870000000.0
6,CRM,MRT,2019-12-31,2020-01-31,2020-01-31,2021-08-30,-93000000.0,55126000000.0,42889500000.0,15963000000.0,39163000000.0,0.399,40.875,-643000000.0,4145000000.0,4145000000.0,4235000000.0,126000000.0,1.075,0.627,5868000000.0,750000000.0,5118000000.0,5868000000.0,10662000000.0,2135000000.0,0.0,0.0,0.0,706000000.0,2841000000.0,0.166,2841000000.0,706000000.0,706000000.0,0.15,0.15,0.15,33885000000.0,25194000000.0,33885000000.0,163934970000.0,232.0,57.703,3688000000.0,4.449,1.0,12863000000.0,0.752,31206000000.0,0.0,10798000000.0,10385000000.0,0.0,5765000000.0,3802000000.0,1963000000.0,21241000000.0,14845000000.0,6396000000.0,161708970000.0,1476000000.0,-369000000.0,840000000.0,-676000000.0,0.0,164000000.0,-2980000000.0,-2402000000.0,4331000000.0,-39000000.0,126000000.0,126000000.0,126000000.0,0.0,0.0,0.007,12566000000.0,297000000.0,3433000000.0,0.0,4.772,1283.405,1215.4,5415000000.0,0.0,182.31,9.458,8.839,6174000000.0,1861000000.0,17098000000.0,17098000000.0,2766000000.0,0.003,0.005,0.068,0.041,1785000000.0,9634000000.0,1.0,887000000.0,829000000,850000000.0,20.625,23920000000.0,579000000.0,580000000.0,0.0,28.854,1118000000.0
7,CRM,MRT,2019-09-30,2019-10-31,2019-10-31,2021-08-30,-74000000.0,49942000000.0,36792250000.0,11026000000.0,38916000000.0,0.431,37.86,-674000000.0,3868000000.0,3868000000.0,3961000000.0,736000000.0,1.053,0.501,6094000000.0,735000000.0,5359000000.0,6094000000.0,6858000000.0,1777000000.0,0.0,0.0,0.0,949000000.0,2726000000.0,0.172,2726000000.0,949000000.0,949000000.0,0.99,0.94,0.99,33279000000.0,20624000000.0,33279000000.0,139751730000.0,147.0,51.266,3356000000.0,3.818,1.0,11889000000.0,0.75,30538000000.0,0.0,11156000000.0,8814750000.0,0.0,4421000000.0,2661000000.0,1760000000.0,16663000000.0,10474000000.0,6189000000.0,137241730000.0,1763000000.0,-339000000.0,686000000.0,-1033000000.0,0.0,-347000000.0,-1893000000.0,-1454000000.0,4030000000.0,-27000000.0,736000000.0,736000000.0,736000000.0,0.0,0.0,0.046,11419000000.0,470000000.0,2881000000.0,0.0,4.124,186.47,158.071,5515000000.0,0.0,156.49,8.659,8.679,2573000000.0,2109000000.0,15850000000.0,15850000000.0,2453000000.0,0.02,0.036,0.108,0.06,1603000000.0,8800000000.0,1.0,877000000.0,879000000,879000000.0,18.032,19404000000.0,0.0,213000000.0,0.0,22.075,552000000.0
8,CRM,MRT,2019-06-30,2019-07-31,2019-07-31,2021-08-30,-77000000.0,33336000000.0,30953750000.0,9903000000.0,23433000000.0,0.476,22.121,-640000000.0,3510000000.0,3510000000.0,3716000000.0,950000000.0,0.971,0.942,6020000000.0,706000000.0,5314000000.0,6020000000.0,7142000000.0,1426000000.0,0.0,0.0,0.0,1013000000.0,2439000000.0,0.166,2439000000.0,1013000000.0,1013000000.0,1.25,1.19,1.25,17166000000.0,15977500000.0,17166000000.0,122013000000.0,120.0,50.026,3235000000.0,4.169,1.0,11013000000.0,0.748,15527000000.0,0.0,10124000000.0,7297500000.0,0.0,4146000000.0,2532000000.0,1614000000.0,16170000000.0,10195000000.0,5975000000.0,119892000000.0,1191000000.0,-563000000.0,692000000.0,-872000000.0,0.0,-180000000.0,-2501000000.0,-1817000000.0,3875000000.0,-3000000.0,950000000.0,950000000.0,950000000.0,0.0,0.0,0.064,10516000000.0,497000000.0,2347000000.0,0.0,6.984,126.202,123.6,5187000000.0,0.0,154.5,8.14,8.14,2332000000.0,2218000000.0,14729000000.0,14729000000.0,2160000000.0,0.031,0.059,0.139,0.069,1411000000.0,8190000000.0,1.0,776000000.0,776000000,795000000.0,18.981,17809000000.0,0.0,63000000.0,0.0,22.95,-292000000.0
9,CRM,MRT,2019-03-31,2019-04-30,2019-04-30,2021-08-30,-65000000.0,33154000000.0,29075500000.0,10035000000.0,23119000000.0,0.482,21.331,-632000000.0,4110000000.0,4110000000.0,3598000000.0,1158000000.0,0.957,1.016,6231000000.0,675000000.0,5556000000.0,6231000000.0,7585000000.0,1222000000.0,0.0,0.0,0.0,1080000000.0,2302000000.0,0.164,2302000000.0,1080000000.0,1080000000.0,1.53,1.47,1.53,16446000000.0,15068000000.0,16446000000.0,127991850000.0,119.0,55.6,3265000000.0,4.235,1.0,10415000000.0,0.743,15325000000.0,0.0,9462000000.0,5850500000.0,0.0,3817000000.0,2269000000.0,1548000000.0,16708000000.0,10488000000.0,6220000000.0,127484850000.0,-1812000000.0,-4943000000.0,722000000.0,-130000000.0,0.0,592000000.0,-6310000000.0,-1185000000.0,3897000000.0,9000000.0,1158000000.0,1158000000.0,1158000000.0,0.0,0.0,0.083,9861000000.0,554000000.0,2228000000.0,0.0,7.752,110.091,108.072,5097000000.0,0.0,165.35,9.098,9.098,2153000000.0,2127000000.0,14013000000.0,14013000000.0,2016000000.0,0.04,0.077,0.185,0.077,1374000000.0,7845000000.0,1.0,771000000.0,771000000,793000000.0,18.175,17829000000.0,0.0,-78000000.0,0.0,23.125,-453000000.0
10,CRM,MRT,2018-12-31,2019-01-31,2019-01-31,2021-08-30,-58000000.0,30737000000.0,26527750000.0,10683000000.0,20054000000.0,0.501,20.779,-595000000.0,2669000000.0,2669000000.0,3451000000.0,1110000000.0,0.949,0.97,3173000000.0,0.0,3173000000.0,3173000000.0,8564000000.0,982000000.0,0.0,0.0,0.0,983000000.0,1965000000.0,0.148,1965000000.0,983000000.0,983000000.0,1.48,1.43,1.48,15605000000.0,13721500000.0,15605000000.0,117828050000.0,120.0,59.963,2803000000.0,3.732,1.0,9831000000.0,0.74,15469000000.0,0.0,4517000000.0,4463250000.0,0.0,2975000000.0,1673000000.0,1302000000.0,15132000000.0,11255000000.0,3877000000.0,116257050000.0,126000000.0,-5115000000.0,704000000.0,1306000000.0,0.0,2010000000.0,-5308000000.0,142000000.0,3398000000.0,26000000.0,1110000000.0,1110000000.0,1110000000.0,0.0,0.0,0.084,9296000000.0,535000000.0,2691000000.0,0.0,7.45,104.736,102.682,2051000000.0,0.0,151.97,8.753,8.593,4924000000.0,1735000000.0,13282000000.0,13282000000.0,1886000000.0,0.042,0.081,0.22,0.074,1283000000.0,7410000000.0,1.0,765000000.0,751000000,775000000.0,17.686,15268000000.0,0.0,-127000000.0,0.0,20.33,-572000000.0
11,CRM,MRT,2018-09-30,2018-10-31,2018-10-31,2021-08-30,-74000000.0,26588000000.0,24339500000.0,6870000000.0,19718000000.0,0.515,19.333,-566000000.0,2105000000.0,2105000000.0,3243000000.0,954000000.0,0.856,0.81,3676000000.0,503000000.0,3173000000.0,3676000000.0,5376000000.0,926000000.0,0.0,0.0,0.0,900000000.0,1826000000.0,0.146,1826000000.0,900000000.0,965000000.0,1.29,1.26,1.29,14693000000.0,12414250000.0,14693000000.0,105206508000.0,117.0,57.616,2553000000.0,3.359,1.0,9301000000.0,0.741,15050000000.0,-65000000.0,5087000000.0,4035750000.0,0.0,2596000000.0,1345000000.0,1251000000.0,11895000000.0,8022000000.0,3873000000.0,103849508000.0,33000000.0,-5120000000.0,733000000.0,1682000000.0,0.0,2415000000.0,-5514000000.0,8000000.0,3119000000.0,13000000.0,954000000.0,954000000.0,954000000.0,0.0,0.0,0.076,8692000000.0,609000000.0,2143000000.0,0.0,7.068,108.857,106.388,1998000000.0,0.0,137.24,8.279,8.315,2037000000.0,1373000000.0,12544000000.0,12544000000.0,1764000000.0,0.039,0.077,0.223,0.072,1192000000.0,6928000000.0,1.0,756700000.0,760000000,785000000.0,16.505,11538000000.0,0.0,11000000.0,0.0,15.182,-1152000000.0
12,CRM,MRT,2018-06-30,2018-07-31,2018-07-31,2021-08-30,-50000000.0,25823000000.0,22065009000.0,6802000000.0,19021000000.0,0.537,18.11,-541000000.0,2319000000.0,2319000000.0,3068000000.0,956000000.0,0.803,0.909,3676000000.0,503000000.0,3173000000.0,3676000000.0,5883000000.0,857000000.0,0.0,0.0,0.0,939000000.0,1796000000.0,0.152,1796000000.0,939000000.0,983000000.0,1.3,1.27,1.3,13528000000.0,10948342500.0,13528000000.0,97907385000.0,104.0,54.514,2560000000.0,3.427,1.0,8785000000.0,0.741,14375000000.0,-44000000.0,4336000000.0,3193096000.0,0.0,2310000000.0,1108000000.0,1202000000.0,12295000000.0,8469000000.0,3826000000.0,100654385000.0,370000000.0,-4990000000.0,690000000.0,1677000000.0,0.0,2367000000.0,-5104000000.0,305000000.0,3101000000.0,6000000.0,956000000.0,956000000.0,956000000.0,0.0,0.0,0.081,8113000000.0,672000000.0,2083000000.0,0.0,7.44,105.287,105.5,1986000000.0,0.0,137.15,8.492,8.643,1980000000.0,1269000000.0,11853000000.0,11853000000.0,1677000000.0,0.043,0.087,0.294,0.079,1092000000.0,6436000000.0,1.0,733900000.0,747000000,774000000.0,15.867,11448000000.0,0.0,27000000.0,0.0,15.325,-1667000000.0
13,CRM,MRT,2018-03-31,2018-04-30,2018-04-30,2021-08-30,-33000000.0,22963000000.0,19963959750.0,10151000000.0,12812000000.0,0.558,15.171,-499000000.0,5922000000.0,5922000000.0,2889000000.0,703000000.0,1.286,1.076,3175000000.0,3000000.0,3172000000.0,3175000000.0,6201000000.0,796000000.0,0.0,0.0,0.0,793000000.0,1589000000.0,0.143,1589000000.0,793000000.0,815000000.0,0.96,0.94,0.96,11060000000.0,9679171000.0,11060000000.0,87684066000.0,111.0,55.182,2475000000.0,3.395,1.0,8260000000.0,0.741,8408000000.0,-22000000.0,3913000000.0,2455768000.0,0.0,2261000000.0,1237000000.0,1024000000.0,11903000000.0,7895000000.0,4008000000.0,88504185000.0,3897000000.0,-187000000.0,691000000.0,1204000000.0,0.0,1895000000.0,-967000000.0,-404000000.0,2974000000.0,-5000000.0,703000000.0,703000000.0,703000000.0,0.0,0.0,0.063,7619000000.0,641000000.0,1691000000.0,0.0,8.002,125.895,126.031,1950000000.0,0.0,120.99,7.938,7.911,1763000000.0,969000000.0,11149000000.0,11149000000.0,1601000000.0,0.035,0.073,0.323,0.071,997000000.0,6018000000.0,1.0,731500000.0,729000000,754000000.0,15.294,14555000000.0,0.0,112000000.0,0.0,19.966,2256000000.0
14,CRM,MRT,2017-12-31,2018-01-31,2018-01-31,2021-08-30,-12000000.0,21984000000.0,18487942250.0,9584000000.0,12400000000.0,0.57,14.512,-534000000.0,2543000000.0,2543000000.0,2773000000.0,360000000.0,0.952,1.119,1720000000.0,1025000000.0,695000000.0,1720000000.0,6995000000.0,784000000.0,0.0,0.0,0.0,420000000.0,1204000000.0,0.114,1204000000.0,420000000.0,420000000.0,0.5,0.49,0.5,10376000000.0,8897793000.0,10376000000.0,82050662000.0,195.0,68.148,2204000000.0,3.083,1.0,7767000000.0,0.737,8287000000.0,0.0,2807000000.0,1666127750.0,0.0,2655000000.0,1978000000.0,677000000.0,11608000000.0,10067000000.0,1541000000.0,82277193000.0,936000000.0,-25000000.0,650000000.0,-429000000.0,0.0,221000000.0,-2011000000.0,-1583000000.0,2738000000.0,-12000000.0,360000000.0,360000000.0,360000000.0,0.0,0.0,0.034,7313000000.0,454000000.0,2047000000.0,0.0,7.93,228.548,227.82,1947000000.0,0.0,113.91,7.806,7.727,3921000000.0,635000000.0,10540000000.0,10540000000.0,1553000000.0,0.019,0.04,0.252,0.04,997000000.0,5760000000.0,1.0,722300000.0,715000000,735000000.0,14.741,13697000000.0,0.0,60000000.0,0.0,19.157,-483000000.0
15,CRM,MRT,2017-09-30,2017-10-31,2017-10-31,2021-08-30,3554000.0,17490036000.0,17388173000.0,5946170000.0,11543866000.0,0.576,12.314,-540016000.0,2071837000.0,2071837000.0,2660918000.0,245928000.0,0.824,0.98,1845306000.0,1137954000.0,707352000.0,1845306000.0,4392082000.0,745521000.0,0.0,0.0,0.0,418483000.0,1164004000.0,0.116,1164004000.0,418483000.0,329148000.0,0.34,0.33,0.34,8829370000.0,8178824750.0,8829370000.0,73446799000.0,176.0,63.098,1851932000.0,2.583,1.0,7353086000.0,0.734,8330677000.0,89335000.0,1716384000.0,1507479750.0,0.0,2227234000.0,1556828000.0,670406000.0,8649869000.0,7216444000.0,1433425000.0,73551758000.0,926627000.0,-380890000.0,570135000.0,-107790000.0,0.0,462345000.0,-1924506000.0,-1113094000.0,2391948000.0,-3160000.0,245928000.0,245928000.0,245928000.0,0.0,0.0,0.025,6979659000.0,373427000.0,1686408000.0,0.0,8.33,299.078,301.0,1864891000.0,0.0,102.34,7.345,7.328,1519916000.0,-404987000.0,10014004000.0,10014004000.0,1501065000.0,0.014,0.03,0.278,0.042,1003020000.0,5478594000.0,1.0,718700000.0,717000000,738000000.0,13.967,9159359000.0,0.0,83220000.0,0.0,12.775,-1270274000.0
16,CRM,MRT,2017-06-30,2017-07-31,2017-07-31,2021-08-30,17535000.0,17418803000.0,16612581250.0,5811341000.0,11607462000.0,0.569,11.87,-569669000.0,1949110000.0,1949110000.0,2532440000.0,101619000.0,0.772,1.059,1844151000.0,1130729000.0,713422000.0,1844151000.0,4818634000.0,726867000.0,0.0,0.0,0.0,260843000.0,987710000.0,0.104,987710000.0,260843000.0,170562000.0,0.14,0.14,0.14,8451314000.0,7672991500.0,8451314000.0,64462226000.0,247.0,65.264,1851591000.0,2.601,1.0,6925339000.0,0.732,8400971000.0,90281000.0,1386688000.0,1782357250.0,0.0,2209822000.0,1552135000.0,657687000.0,8950266000.0,7526185000.0,1424081000.0,64667760000.0,834137000.0,-413007000.0,520981000.0,-110787000.0,0.0,410194000.0,-1983290000.0,-1080891000.0,2421260000.0,-14027000.0,101619000.0,101619000.0,101619000.0,0.0,0.0,0.011,6703876000.0,221463000.0,1576822000.0,0.0,7.652,636.375,648.571,1866576000.0,0.0,90.8,6.838,6.836,1569322000.0,-456381000.0,9457779000.0,9457779000.0,1418524000.0,0.006,0.013,0.146,0.028,956771000.0,5285352000.0,1.0,712200000.0,712000000,729000000.0,13.283,9017832000.0,0.0,68943000.0,0.0,12.665,-1714844000.0
17,CRM,MRT,2017-03-31,2017-04-30,2017-04-30,2021-08-30,9513000.0,17058930000.0,15853209000.0,5404491000.0,11654439000.0,0.562,11.239,-537699000.0,2024904000.0,2024904000.0,2388019000.0,285241000.0,0.709,1.15,1819370000.0,1123525000.0,695845000.0,1819370000.0,5042652000.0,684228000.0,0.0,0.0,0.0,220834000.0,905062000.0,0.101,905062000.0,220834000.0,131845000.0,0.42,0.41,0.42,7934488000.0,7093307000.0,7934488000.0,61331742000.0,278.0,67.765,1803239000.0,2.554,1.0,6529378000.0,0.732,8473094000.0,88989000.0,754439000.0,2193388250.0,0.0,1833837000.0,1194646000.0,639191000.0,9124442000.0,7625863000.0,1498579000.0,60929900000.0,226280000.0,-3211201000.0,471859000.0,437968000.0,0.0,909827000.0,-3001722000.0,669901000.0,2340938000.0,-22763000.0,285241000.0,285241000.0,285241000.0,0.0,0.0,0.032,6359364000.0,170014000.0,1459686000.0,0.0,7.679,213.608,205.048,1846413000.0,0.0,86.12,6.833,6.818,1439875000.0,-474117000.0,8917397000.0,8917397000.0,1323030000.0,0.018,0.04,0.101,0.025,883081000.0,5036334000.0,1.0,707500000.0,706000000,722000000.0,12.631,8585836000.0,0.0,-153396000.0,0.0,12.161,-2221372000.0
18,CRM,MRT,2016-12-31,2017-01-31,2017-01-31,2021-08-30,-75841000.0,17584923000.0,14792794000.0,5996827000.0,11588096000.0,0.57,10.901,-464000000.0,1606549000.0,1606549000.0,2234000000.0,323000000.0,0.822,1.345,2008391000.0,0.0,2008391000.0,2008391000.0,5542802000.0,632000000.0,0.0,0.0,0.0,268000000.0,900000000.0,0.107,900000000.0,268000000.0,179000000.0,0.47,0.46,0.47,7500127000.0,6505751000.0,7500127000.0,55767605000.0,208.0,61.964,1698000000.0,2.468,1.0,6203000000.0,0.735,8518891000.0,89000000.0,2172408000.0,2677170500.0,0.0,1169291000.0,602338000.0,566953000.0,10084796000.0,7295466000.0,2789330000.0,55108970000.0,449000000.0,-3193000000.0,401000000.0,597000000.0,0.0,998000000.0,-2684000000.0,893000000.0,2162000000.0,-27000000.0,323000000.0,323000000.0,323000000.0,0.0,0.0,0.038,5985000000.0,218000000.0,1752664000.0,0.0,7.348,170.616,168.298,1787534000.0,0.0,79.1,6.532,6.45,3196643000.0,-464910000.0,8437000000.0,8437000000.0,1208000000.0,0.022,0.05,0.1,0.032,820000000.0,4777000000.0,1.0,696700000.0,688000000,700000000.0,12.263,9066032000.0,0.0,-144000000.0,0.0,13.177,-1298639000.0
19,CRM,MRT,2016-09-30,2016-10-31,2016-10-31,2021-08-30,-62943000.0,14387669000.0,13587293250.0,3001554000.0,11386115000.0,0.582,9.857,-388449000.0,1145736000.0,1145736000.0,2051761000.0,205563000.0,0.603,1.114,1804371000.0,0.0,1804371000.0,1804371000.0,3495133000.0,583391000.0,0.0,0.0,0.0,128839000.0,712230000.0,0.09,712230000.0,128839000.0,44709000.0,0.31,0.3,0.31,6806037000.0,5881436500.0,6806037000.0,52166303000.0,405.0,73.244,1537811000.0,2.227,1.0,5855633000.0,0.741,7254876000.0,84130000.0,2815894000.0,2836728250.0,0.0,1161362000.0,55071000.0,1106291000.0,7581632000.0,4975534000.0,2606098000.0,51484600000.0,-77582000.0,-2832110000.0,403517000.0,408304000.0,0.0,811821000.0,-2791726000.0,397350000.0,1926260000.0,-23937000.0,205563000.0,205563000.0,205563000.0,0.0,0.0,0.026,5747500000.0,108133000.0,1496841000.0,0.0,7.565,250.457,242.452,1756673000.0,0.0,75.16,6.511,6.563,1281425000.0,-413470000.0,7907394000.0,7907394000.0,1114795000.0,0.015,0.035,0.045,0.016,734952000.0,4632705000.0,1.0,685000000.0,690468000,690468000.0,11.452,7132793000.0,0.0,-160854000.0,0.0,10.33,-1973980000.0
20,CRM,MRT,2016-06-30,2016-07-31,2016-07-31,2021-08-30,-11215000.0,14381314000.0,12718367500.0,3277999000.0,11103315000.0,0.588,9.004,-200771000.0,1115226000.0,1115226000.0,1889922000.0,217715000.0,0.61,1.345,1796929000.0,0.0,1796929000.0,1796929000.0,3823561000.0,548281000.0,0.0,0.0,0.0,181119000.0,729400000.0,0.098,729400000.0,181119000.0,100686000.0,0.32,0.31,0.32,6132576000.0,5367415750.0,6132576000.0,54913587000.0,303.0,75.286,1733691000.0,2.545,1.0,5584664000.0,0.747,6656109000.0,80433000.0,3030812000.0,2821095750.0,0.0,1152978000.0,59057000.0,1093921000.0,8248738000.0,5376096000.0,2872642000.0,55419500000.0,25875000.0,-2827752000.0,408687000.0,408356000.0,0.0,817043000.0,-2710688000.0,298135000.0,1934462000.0,-14942000.0,217715000.0,217715000.0,217715000.0,0.0,0.0,0.029,5414341000.0,170323000.0,1567896000.0,0.0,9.037,254.551,255.625,1728243000.0,0.0,81.8,7.414,7.454,1323114000.0,-376161000.0,7474586000.0,7474586000.0,1042548000.0,0.017,0.041,0.064,0.024,674518000.0,4393585000.0,1.0,677500000.0,681126000,695968000.0,10.974,7725205000.0,0.0,-117029000.0,0.0,11.342,-2098097000.0
21,CRM,MRT,2016-03-31,2016-04-30,2016-04-30,2021-08-30,-28577000.0,12817270000.0,11821533250.0,3774672000.0,9042598000.0,0.598,8.242,-166192000.0,1799083000.0,1799083000.0,1769727000.0,-12759000.0,0.742,1.295,1293170000.0,0.0,1293170000.0,1293170000.0,4006914000.0,530595000.0,0.0,0.0,0.0,161182000.0,691777000.0,0.098,691777000.0,161182000.0,83361000.0,-0.02,-0.02,-0.02,5584264000.0,4968222500.0,5584264000.0,50989804000.0,316.0,73.708,1821870000.0,2.689,1.0,5302925000.0,0.75,4536686000.0,77821000.0,2689568000.0,2727123000.0,0.0,2437119000.0,232109000.0,2205010000.0,7233006000.0,5085103000.0,2147903000.0,50854220000.0,857127000.0,-48009000.0,389608000.0,-115473000.0,0.0,274135000.0,-1402033000.0,-1207532000.0,1988062000.0,-3037000.0,-12759000.0,-12759000.0,-12759000.0,0.0,0.0,-0.002,5145329000.0,157596000.0,1093197000.0,0.0,9.107,-3985.753,-3790.0,1711472000.0,0.0,75.8,7.19,7.261,1192965000.0,-605783000.0,7072652000.0,7072652000.0,985142000.0,-0.001,-0.003,0.059,0.023,639987000.0,4181979000.0,1.0,670900000.0,677514000,686799000.0,10.439,8280584000.0,0.0,96120000.0,0.0,12.222,-1310431000.0
22,CRM,MRT,2015-12-31,2016-01-31,2016-01-31,2021-08-30,-49917000.0,12762920000.0,11208636250.0,5731323000.0,7031597000.0,0.595,7.561,-461487000.0,1158363000.0,1158363000.0,1654548000.0,-47426000.0,1.02,1.551,1286095000.0,0.0,1286095000.0,1286095000.0,4291553000.0,525750000.0,0.0,0.0,0.0,136764000.0,662514000.0,0.099,662514000.0,136764000.0,64279000.0,-0.07,-0.07,-0.07,5002869000.0,4630957250.0,5002869000.0,45256283000.0,331.0,68.31,1210594000.0,1.83,1.0,5012668000.0,0.752,4463008000.0,72485000.0,2810639000.0,2686092750.0,0.0,2087735000.0,1567014000.0,520721000.0,7760051000.0,5617005000.0,2143046000.0,45191840000.0,250246000.0,-58680000.0,455482000.0,-382330000.0,0.0,73152000.0,-1487878000.0,-987411000.0,1672081000.0,-7109000.0,-47426000.0,-47426000.0,-47426000.0,0.0,0.0,-0.007,4875953000.0,136715000.0,1349338000.0,0.0,9.033,-952.892,-972.286,1715828000.0,0.0,68.06,6.778,6.754,2496165000.0,-653271000.0,6667216000.0,6667216000.0,946300000.0,-0.004,-0.01,0.051,0.021,593628000.0,3988062000.0,1.0,664000000.0,661647000,661647000.0,10.077,8299912000.0,0.0,111705000.0,0.0,12.544,114318000.0
23,CRM,MRT,2015-09-30,2015-10-31,2015-10-31,2021-08-30,-33325000.0,10911966000.0,10684188000.0,2938773000.0,7973193000.0,0.59,7.152,-489876000.0,1223318000.0,1223318000.0,1566792000.0,-87682000.0,0.739,1.297,1287761000.0,0.0,1287761000.0,1287761000.0,2846510000.0,511776000.0,0.0,0.0,0.0,84826000.0,596602000.0,0.095,596602000.0,84826000.0,14924000.0,-0.13,-0.13,-0.13,4749954000.0,4374035750.0,4749954000.0,51480861000.0,607.0,86.29,1051950000.0,1.584,1.0,4735634000.0,0.751,4246067000.0,69902000.0,2753364000.0,2585064500.0,0.0,1574797000.0,134687000.0,1440110000.0,6162012000.0,3976978000.0,2185034000.0,51288600000.0,376993000.0,-58680000.0,450258000.0,-559860000.0,0.0,-113049000.0,-1027894000.0,-479338000.0,1541826000.0,-23890000.0,-87682000.0,-87682000.0,-87682000.0,0.0,0.0,-0.014,4654295000.0,81339000.0,1149693000.0,0.0,10.798,-584.939,-597.769,1742142000.0,0.0,77.71,8.138,8.189,1060726000.0,-627762000.0,6302426000.0,6302426000.0,901430000.0,-0.008,-0.02,0.033,0.013,589905000.0,3811274000.0,1.0,660000000.0,664131000,664131000.0,9.49,6665899000.0,0.0,102606000.0,0.0,10.037,-1038205000.0
24,CRM,MRT,2015-06-30,2015-07-31,2015-07-31,2021-08-30,-28144000.0,10793977000.0,10309362250.0,2916787000.0,7877190000.0,0.579,6.879,-533022000.0,1089351000.0,1089351000.0,1476320000.0,-101449000.0,0.709,1.38,1281612000.0,0.0,1281612000.0,1281612000.0,3034991000.0,489494000.0,0.0,0.0,0.0,19019000.0,508513000.0,0.085,508513000.0,19019000.0,-50316000.0,-0.15,-0.15,-0.15,4535803000.0,4134200750.0,4535803000.0,48418347000.0,2546.0,95.216,968801000.0,1.469,1.0,4497794000.0,0.753,4218323000.0,69335000.0,2654921000.0,2510931500.0,0.0,1455498000.0,81118000.0,1374380000.0,6258174000.0,4112994000.0,2145180000.0,48084800000.0,314626000.0,7150000.0,443579000.0,-621580000.0,0.0,-180227000.0,-971414000.0,-445542000.0,1501823000.0,-35556000.0,-101449000.0,-101449000.0,-101449000.0,0.0,0.0,-0.017,4488098000.0,9696000.0,1098054000.0,0.0,10.601,-473.98,-488.667,1862098000.0,0.0,73.3,8.049,8.09,1067799000.0,-602605000.0,5974114000.0,5974114000.0,857678000.0,-0.01,-0.025,0.008,0.003,583827000.0,3682662000.0,1.0,656000000.0,659366000,659366000.0,9.06,6575654000.0,0.0,51133000.0,0.0,9.973,-1196207000.0
25,CRM,MRT,2015-03-31,2015-04-30,2015-04-30,2021-08-30,-28352000.0,10365682000.0,9863325000.0,2604825000.0,7760857000.0,0.574,6.478,-542147000.0,941956000.0,941956000.0,1378767000.0,-161685000.0,0.658,1.448,1275503000.0,0.0,1275503000.0,1275503000.0,3056820000.0,465415000.0,0.0,0.0,0.0,-40690000.0,424725000.0,0.075,424725000.0,-40690000.0,-110243000.0,-0.25,-0.25,-0.25,4235203000.0,3825392000.0,4235203000.0,47724252000.0,-1173.0,112.365,901291000.0,1.379,1.0,4279214000.0,0.756,4212906000.0,69553000.0,2525447000.0,2443199250.0,0.0,980520000.0,77059000.0,903461000.0,6130479000.0,3960876000.0,2169603000.0,47376692000.0,114065000.0,25601000.0,390209000.0,-642039000.0,0.0,-260871000.0,-1024113000.0,-507567000.0,1443438000.0,-44389000.0,-161685000.0,-161685000.0,-161685000.0,0.0,0.0,-0.029,4322776000.0,-43562000.0,928105000.0,0.0,11.186,-293.018,-291.28,1877439000.0,0.0,72.82,8.373,8.415,926381000.0,-601753000.0,5657981000.0,5657981000.0,826687000.0,-0.016,-0.042,-0.017,-0.007,585274000.0,3548331000.0,1.0,650600000.0,653809000,664310000.0,8.654,6152776000.0,0.0,51442000.0,0.0,9.411,-1356051000.0
26,CRM,MRT,2014-12-31,2015-01-31,2015-01-31,2021-08-30,-24108000.0,10665127000.0,9432240500.0,3514544000.0,7150583000.0,0.57,6.369,-193649000.0,1023132000.0,1023132000.0,1289270000.0,-262688000.0,0.801,1.683,1370692000.0,0.0,1370692000.0,1370692000.0,3321449000.0,448296000.0,0.0,0.0,0.0,-139848000.0,308448000.0,0.057,308448000.0,-139848000.0,-213085000.0,-0.42,-0.42,-0.42,3975183000.0,3549569750.0,3975183000.0,36203128000.0,-259.0,117.372,987795000.0,1.583,1.0,4084316000.0,0.76,4216058000.0,73237000.0,2406526000.0,2337387750.0,0.0,1157941000.0,87312000.0,1070629000.0,6689944000.0,4390103000.0,2299841000.0,35619950000.0,126482000.0,38071000.0,308989000.0,-627200000.0,0.0,-318211000.0,-698360000.0,-542782000.0,1181444000.0,-38391000.0,-262688000.0,-262688000.0,-262688000.0,0.0,0.0,-0.049,4214324000.0,-130008000.0,1103335000.0,0.0,8.961,-135.598,-134.405,1269063000.0,0.0,56.45,6.629,6.557,1905506000.0,-605845000.0,5373586000.0,5373586000.0,792917000.0,-0.028,-0.074,-0.06,-0.026,564765000.0,3437032000.0,1.0,631000000.0,624148000,624148000.0,8.609,6449069000.0,0.0,49603000.0,0.0,10.333,-875559000.0
27,CRM,MRT,2014-09-30,2014-10-31,2014-10-31,2021-08-30,-1251000.0,9412663000.0,9054191250.0,2439155000.0,6973508000.0,0.56,6.021,-166644000.0,961260000.0,961260000.0,1206877000.0,-313546000.0,0.737,1.483,1544438000.0,179755000.0,1364683000.0,1544438000.0,2223977000.0,445171000.0,0.0,0.0,0.0,-203636000.0,241535000.0,0.048,241535000.0,-203636000.0,-282734000.0,-0.52,-0.52,-0.52,3790614000.0,3315401500.0,3790614000.0,40428924000.0,-199.0,167.383,946085000.0,1.503,1.0,3867343000.0,0.762,4230657000.0,79098000.0,2456832000.0,2306370250.0,0.0,980952000.0,79779000.0,901173000.0,5620167000.0,3308352000.0,2311815000.0,39609810000.0,194575000.0,35501000.0,299063000.0,-457728000.0,0.0,-149240000.0,-746549000.0,-615406000.0,1112729000.0,-22365000.0,-313546000.0,-313546000.0,-313546000.0,0.0,0.0,-0.062,4066281000.0,-198938000.0,935942000.0,0.0,10.449,-126.329,-123.058,1253013000.0,0.0,63.99,7.806,7.939,794590000.0,-540080000.0,5074220000.0,5074220000.0,760017000.0,-0.035,-0.095,-0.088,-0.04,540077000.0,3321889000.0,1.0,619000000.0,629548000,629548000.0,8.06,5182006000.0,0.0,30812000.0,0.0,8.231,-869197000.0
28,CRM,MRT,2014-06-30,2014-07-31,2014-07-31,2021-08-30,11163000.0,9009828000.0,8725434000.0,2304687000.0,6705141000.0,0.546,5.349,-243225000.0,774725000.0,774725000.0,1141853000.0,-399056000.0,0.658,1.728,1593839000.0,295102000.0,1298737000.0,1593839000.0,2352904000.0,447564000.0,0.0,0.0,0.0,-300581000.0,146983000.0,0.031,146983000.0,-300581000.0,-384926000.0,-0.67,-0.67,-0.67,3300568000.0,3095837000.0,3300568000.0,34086953000.0,-113.0,231.911,884852000.0,1.434,1.0,3624746000.0,0.76,3942212000.0,84345000.0,2383992000.0,2247925500.0,0.0,897033000.0,69850000.0,827183000.0,5703082000.0,3502738000.0,2200344000.0,33309500000.0,194844000.0,-2570000.0,318436000.0,-405003000.0,0.0,-76785000.0,-853805000.0,-608010000.0,1128077000.0,-2643000.0,-399056000.0,-399056000.0,-399056000.0,0.0,0.0,-0.084,3915198000.0,-290452000.0,891062000.0,0.0,10.092,-83.471,-80.97,1350111000.0,0.0,54.25,6.988,7.022,834323000.0,-501156000.0,4766599000.0,4766599000.0,735247000.0,-0.046,-0.129,-0.134,-0.063,541796000.0,3179951000.0,1.0,614000000.0,617016000,617016000.0,7.725,5067616000.0,0.0,14130000.0,0.0,8.213,-1198051000.0
29,CRM,MRT,2014-03-31,2014-04-30,2014-04-30,2021-08-30,15298000.0,8641344000.0,8465451000.0,2039381000.0,6601963000.0,0.52,5.113,-275198000.0,827891000.0,827891000.0,1051739000.0,-261365000.0,0.607,1.756,1605344000.0,305029000.0,1300315000.0,1605344000.0,2324615000.0,417934000.0,0.0,0.0,0.0,-303074000.0,114860000.0,0.026,114860000.0,-303074000.0,-388761000.0,-0.44,-0.45,-0.44,3131914000.0,2975357250.0,3131914000.0,32598954000.0,-108.0,283.815,790169000.0,1.29,1.0,3353403000.0,0.761,3956642000.0,85687000.0,2102201000.0,2190752750.0,0.0,701997000.0,51233000.0,650764000.0,5499487000.0,3359954000.0,2139533000.0,31506500000.0,-1100099000.0,-2595141000.0,297202000.0,-57078000.0,0.0,255443000.0,-2422649000.0,447690000.0,1065367000.0,1740000.0,-261365000.0,-261365000.0,-261365000.0,0.0,0.0,-0.059,3650278000.0,-296875000.0,766601000.0,0.0,10.06,-120.546,-117.386,1251000000.0,0.0,51.65,7.152,7.182,684155000.0,-440068000.0,4405142000.0,4405142000.0,680217000.0,-0.031,-0.088,-0.138,-0.069,504324000.0,2970061000.0,1.0,610000000.0,612512000,612512000.0,7.192,4684702000.0,0.0,-127396000.0,0.0,7.648,-1320573000.0
30,CRM,MRT,2013-12-31,2014-01-31,2014-01-31,2021-08-30,17680000.0,9152930000.0,7933542250.0,2680252000.0,6472678000.0,0.513,5.084,-299110000.0,781635000.0,781635000.0,968428000.0,-232175000.0,0.673,2.004,1874089000.0,572159000.0,1301930000.0,1874089000.0,2522115000.0,369423000.0,0.0,0.0,0.0,-280724000.0,88699000.0,0.022,88699000.0,-280724000.0,-357935000.0,-0.39,-0.39,-0.39,3038510000.0,2808077750.0,3038510000.0,37722548000.0,-134.0,425.287,576359000.0,0.964,1.0,3102575000.0,0.762,3982740000.0,77211000.0,2282456000.0,2084283500.0,0.0,539382000.0,57139000.0,482243000.0,6087715000.0,3980188000.0,2107527000.0,36499590000.0,34390000.0,-2617302000.0,374731000.0,1215359000.0,0.0,1598234000.0,-2431555000.0,484857000.0,875469000.0,-7758000.0,-232175000.0,-232175000.0,-232175000.0,0.0,0.0,-0.057,3388649000.0,-286074000.0,934324000.0,0.0,12.012,-157.207,-155.205,1240746000.0,0.0,60.53,8.966,8.886,1360837000.0,-343157000.0,4071003000.0,4071003000.0,623798000.0,-0.029,-0.083,-0.135,-0.069,495136000.0,2764851000.0,1.0,603000000.0,597613000,597613000.0,6.812,5170190000.0,0.0,-125760000.0,0.0,8.651,-1299936000.0
31,CRM,MRT,2013-09-30,2013-10-31,2013-10-31,2021-08-30,16806000.0,8097634000.0,7027548750.0,1800886000.0,6296748000.0,0.535,4.85,-279783000.0,651750000.0,651750000.0,878260000.0,-136396000.0,0.582,1.769,1874708000.0,571125000.0,1303583000.0,1874708000.0,1734619000.0,312005000.0,0.0,0.0,0.0,-198008000.0,113997000.0,0.03,113997000.0,-198008000.0,-260831000.0,-0.23,-0.24,-0.23,2912356000.0,2627858500.0,2912356000.0,33092341000.0,-167.0,290.291,606021000.0,1.009,1.0,2882182000.0,0.766,4000850000.0,62823000.0,2223053000.0,1675835500.0,0.0,433557000.0,51792000.0,381765000.0,5151547000.0,3096689000.0,2054858000.0,31802560000.0,130030000.0,-2619726000.0,449721000.0,1227866000.0,0.0,1665781000.0,-2416436000.0,483073000.0,885804000.0,-5119000.0,-136396000.0,-136396000.0,-136396000.0,0.0,0.0,-0.036,3085317000.0,-203135000.0,839302000.0,0.0,10.92,-233.163,-232.0,1205349000.0,0.0,53.36,8.457,8.521,604045000.0,-226534000.0,3760442000.0,3760442000.0,571895000.0,-0.019,-0.052,-0.118,-0.053,486102000.0,2513422000.0,1.0,596000000.0,600467000,600467000.0,6.263,4096784000.0,0.0,-124435000.0,0.0,6.823,-1295803000.0
32,CRM,MRT,2013-06-30,2013-07-31,2013-07-31,2021-08-30,11239000.0,7969896000.0,6163712750.0,1698165000.0,6271731000.0,0.563,4.746,-258135000.0,579881000.0,579881000.0,796321000.0,-232259000.0,0.554,1.813,1869662000.0,564391000.0,1305271000.0,1869662000.0,1789648000.0,257618000.0,0.0,0.0,0.0,-151557000.0,106061000.0,0.031,106061000.0,-151557000.0,-199641000.0,-0.41,-0.42,-0.41,2818649000.0,2420673250.0,2818649000.0,25441815000.0,-168.0,239.879,595725000.0,1.003,1.0,2676485000.0,0.771,4041061000.0,48084000.0,2155301000.0,1260560750.0,0.0,350127000.0,43610000.0,306517000.0,5110748000.0,3063315000.0,2047433000.0,25812500000.0,-420849000.0,-3135486000.0,415494000.0,1240142000.0,0.0,1645412000.0,-2910813000.0,482808000.0,853860000.0,-9308000.0,-232259000.0,-232259000.0,-232259000.0,0.0,0.0,-0.067,2835877000.0,-159392000.0,764083000.0,0.0,9.158,-111.137,-106.707,1184861000.0,0.0,43.75,7.433,7.483,599543000.0,-102100000.0,3472806000.0,3472806000.0,515279000.0,-0.038,-0.096,-0.12,-0.044,448096000.0,2320598000.0,1.0,590000000.0,593955000,624656000.0,5.847,3928835000.0,0.0,32618000.0,0.0,6.615,-1365150000.0
33,CRM,MRT,2013-03-31,2013-04-30,2013-04-30,2021-08-30,13726000.0,6513709000.0,5284631250.0,2876039000.0,3637670000.0,0.614,4.186,-184890000.0,1927990000.0,1927990000.0,741022000.0,-318691000.0,1.054,1.626,1557305000.0,527810000.0,1029495000.0,1557305000.0,1733160000.0,229651000.0,0.0,0.0,0.0,-120408000.0,109243000.0,0.034,109243000.0,-120408000.0,-156869000.0,-0.56,-0.56,-0.56,2462796000.0,2189089500.0,2462796000.0,23848049000.0,-198.0,218.303,621984000.0,1.057,1.0,2506339000.0,0.772,1737013000.0,36461000.0,1676324000.0,876290250.0,0.0,1151467000.0,171827000.0,979640000.0,4003833000.0,2729687000.0,1274146000.0,24074016000.0,1487205000.0,-552993000.0,409123000.0,946271000.0,0.0,1361150000.0,-683207000.0,54676000.0,806874000.0,2388000.0,-318691000.0,-318691000.0,-318691000.0,0.0,0.0,-0.098,2639340000.0,-133001000.0,527080000.0,0.0,9.775,-75.54,-73.411,623684000.0,0.0,41.11,7.413,7.449,502609000.0,-178703000.0,3247361000.0,3247361000.0,466642000.0,-0.06,-0.146,-0.137,-0.037,407057000.0,2172698000.0,1.0,585600000.0,588385000,588385000.0,5.519,4776696000.0,0.0,161822000.0,49239000.0,8.118,146352000.0
34,CRM,MRT,2012-12-31,2013-01-31,2013-01-31,2021-08-30,17137000.0,5528956000.0,4695227000.0,2015880000.0,3513076000.0,0.65,4.103,-179707000.0,747245000.0,747245000.0,683579000.0,-270445000.0,0.691,1.362,521278000.0,521278000.0,0.0,521278000.0,1862995000.0,216795000.0,0.0,0.0,0.0,-96846000.0,119949000.0,0.039,119949000.0,-96846000.0,-127794000.0,-0.48,-0.48,-0.48,2317633000.0,2025832750.0,2317633000.0,24435631000.0,-252.0,203.717,557190000.0,0.986,1.0,2366616000.0,0.776,1736701000.0,30948000.0,648664000.0,838935750.0,0.0,1011040000.0,120376000.0,890664000.0,3157711000.0,2917624000.0,240087000.0,24442460000.0,139961000.0,-579745000.0,351366000.0,-31754000.0,0.0,334545000.0,-938918000.0,-179466000.0,736897000.0,7437000.0,-270445000.0,-270445000.0,-270445000.0,0.0,0.0,-0.089,2477326000.0,-110710000.0,597706000.0,0.0,10.546,-90.379,-89.651,604669000.0,0.0,43.032,8.013,7.97,872634000.0,-110982000.0,3050195000.0,3050195000.0,429479000.0,-0.058,-0.133,-0.115,-0.032,364417000.0,2047847000.0,1.0,568000000.0,564896000,564896000.0,5.4,3792255000.0,0.0,142651000.0,0.0,6.713,-901744000.0
35,CRM,MRT,2012-09-30,2012-10-31,2012-10-31,2021-08-30,23649000.0,4642290000.0,4354026500.0,1257285000.0,3385005000.0,0.654,3.663,-180352000.0,521720000.0,521720000.0,636562000.0,-253679000.0,0.541,1.199,514891000.0,514891000.0,0.0,514891000.0,1291703000.0,205301000.0,0.0,0.0,0.0,-81024000.0,124277000.0,0.044,124277000.0,-81024000.0,-109286000.0,-0.455,-0.455,-0.455,2083615000.0,1843264500.0,2083615000.0,19799023000.0,-244.0,159.314,515319000.0,0.906,1.0,2210865000.0,0.776,1750291000.0,28262000.0,561954000.0,871568500.0,0.0,894330000.0,83844000.0,810486000.0,2498676000.0,2323216000.0,175460000.0,20291220000.0,18733000.0,-632665000.0,230077000.0,-31454000.0,0.0,222534000.0,-917936000.0,-104919000.0,695671000.0,18464000.0,-253679000.0,-253679000.0,-253679000.0,0.0,0.0,-0.089,2307145000.0,-96280000.0,582207000.0,0.0,9.738,-79.988,-80.209,583839000.0,0.0,36.495,7.126,7.29,418590000.0,-90138000.0,2847427000.0,2847427000.0,388905000.0,-0.058,-0.138,-0.093,-0.028,317984000.0,1918240000.0,1.0,556000000.0,568812000,568812000.0,5.006,2891999000.0,21008000.0,144393000.0,46246000.0,5.084,-1065931000.0
36,CRM,MRT,2012-06-30,2012-07-31,2012-07-31,2021-08-30,19730000.0,4453570000.0,4071273500.0,1853125000.0,2600445000.0,0.649,3.393,-170630000.0,1000730000.0,1000730000.0,578879000.0,-37138000.0,0.796,1.318,508533000.0,508533000.0,0.0,508533000.0,1337184000.0,186894000.0,0.0,0.0,0.0,-31354000.0,155540000.0,0.059,155540000.0,-31354000.0,-55285000.0,-0.073,-0.073,-0.073,1892314000.0,1696958000.0,1892314000.0,17223221000.0,-549.0,110.732,547835000.0,0.982,1.0,2064410000.0,0.781,1013987000.0,23931000.0,618219000.0,914666500.0,0.0,803535000.0,106933000.0,696602000.0,2494899000.0,2329167000.0,165732000.0,17161680000.0,550936000.0,-183020000.0,169388000.0,-31475000.0,0.0,165556000.0,-349825000.0,3825000.0,718465000.0,16740000.0,-37138000.0,-37138000.0,-37138000.0,0.0,0.0,-0.014,2116659000.0,-52249000.0,552227000.0,0.0,9.069,-462.106,-425.89,556776000.0,0.0,31.09,6.493,6.56,446917000.0,130159000.0,2643289000.0,2643289000.0,350880000.0,-0.009,-0.022,-0.034,-0.012,266146000.0,1765779000.0,1.0,552000000.0,557700000,557700000.0,4.74,3439583000.0,164754000.0,-18147000.0,47165000.0,6.167,-476042000.0
37,CRM,MRT,2012-03-31,2012-04-30,2012-04-30,2021-08-30,10197000.0,4156092000.0,3813213000.0,1323033000.0,2833059000.0,0.645,3.275,-191799000.0,440785000.0,440785000.0,537371000.0,-31577000.0,0.789,1.296,502326000.0,0.0,502326000.0,502326000.0,1334716000.0,177134000.0,0.0,0.0,0.0,-39222000.0,137912000.0,0.056,137912000.0,-39222000.0,-58966000.0,-0.06,-0.06,-0.06,1809769000.0,1578410250.0,1809769000.0,21223875000.0,-541.0,153.894,473402000.0,0.857,1.0,1920271000.0,0.781,1013875000.0,19744000.0,1526906000.0,953047750.0,0.0,1216304000.0,269603000.0,946701000.0,2346323000.0,1676852000.0,669471000.0,21335010000.0,-223827000.0,-458277000.0,177846000.0,-34545000.0,0.0,144928000.0,-1044039000.0,-393963000.0,665201000.0,10083000.0,-31577000.0,-31577000.0,-31577000.0,0.0,0.0,-0.013,1974802000.0,-54531000.0,19752000.0,0.0,11.789,-675.65,-648.875,549732000.0,0.0,38.932,8.681,8.754,371395000.0,139988000.0,2457642000.0,2457642000.0,324831000.0,-0.008,-0.02,-0.041,-0.016,247939000.0,1649971000.0,1.0,548000000.0,552600000,552600000.0,4.447,3142217000.0,140226000.0,-27389000.0,42010000.0,5.686,-353819000.0
38,CRM,MRT,2011-12-31,2012-01-31,2012-01-31,2021-08-30,12683000.0,4164154000.0,3556207000.0,1672222000.0,2491932000.0,0.637,2.933,-171300000.0,607284000.0,607284000.0,488886000.0,-11572000.0,0.727,1.574,496149000.0,496149000.0,0.0,496149000.0,1380295000.0,157286000.0,0.0,0.0,0.0,-16272000.0,141014000.0,0.062,141014000.0,-16272000.0,-33317000.0,-0.02,-0.02,-0.02,1587360000.0,1439878500.0,1587360000.0,15871932000.0,-975.0,112.556,420207000.0,0.776,1.0,1777653000.0,0.784,973793000.0,17045000.0,779195000.0,752587000.0,0.0,839890000.0,170582000.0,669308000.0,2498053000.0,2300031000.0,198022000.0,15884800000.0,182992000.0,-422699000.0,116565000.0,-30533000.0,0.0,75850000.0,-489690000.0,104309000.0,591507000.0,5325000.0,-11572000.0,-11572000.0,-11572000.0,0.0,0.0,-0.005,1812738000.0,-35085000.0,512260000.0,0.0,10.007,-1372.693,-1460.0,527946000.0,0.0,29.2,7.008,6.972,683745000.0,159463000.0,2266539000.0,2266539000.0,295347000.0,-0.003,-0.008,-0.022,-0.007,223240000.0,1517391000.0,1.0,544000000.0,541208000,541208000.0,4.188,3190361000.0,119408000.0,-21745000.0,37258000.0,5.895,-627809000.0
39,CRM,MRT,2011-09-30,2011-10-31,2011-10-31,2021-08-30,3977000.0,3511278000.0,3287959750.0,1148240000.0,2363038000.0,0.636,2.757,-420653000.0,502987000.0,502987000.0,444852000.0,3376000.0,0.627,1.287,490119000.0,490119000.0,0.0,490119000.0,917821000.0,135123000.0,0.0,0.0,0.0,-6694000.0,128429000.0,0.061,128429000.0,-6694000.0,-21360000.0,0.008,0.002,0.008,1498389000.0,1362161250.0,1498389000.0,18078869000.0,-2701.0,140.769,96269000.0,0.177,1.0,1646641000.0,0.787,931475000.0,14666000.0,734346000.0,892507500.0,0.0,793706000.0,142861000.0,650845000.0,1928118000.0,1832589000.0,95529000.0,18044535000.0,-127316000.0,-612779000.0,134768000.0,-24994000.0,0.0,74088000.0,-715127000.0,318305000.0,516922000.0,-3199000.0,3419000.0,3419000.0,3419000.0,0.0,-43000.0,0.002,1675740000.0,-29099000.0,437415000.0,0.0,12.043,5277.723,4161.562,504827000.0,0.0,33.292,8.628,8.65,312331000.0,163541000.0,2091493000.0,2091493000.0,272264000.0,0.001,0.003,-0.008,-0.003,200637000.0,1403476000.0,1.0,542000000.0,543388000,543388000.0,3.849,2579803000.0,109691000.0,-24779000.0,30204000.0,4.748,-684349000.0
40,CRM,MRT,2011-06-30,2011-07-31,2011-07-31,2021-08-30,7219000.0,3421328000.0,3095313750.0,1114822000.0,2306506000.0,0.626,2.624,-408111000.0,449794000.0,449794000.0,398418000.0,29500000.0,0.615,1.349,484128000.0,484128000.0,0.0,484128000.0,935266000.0,113280000.0,0.0,0.0,0.0,42935000.0,156215000.0,0.081,156215000.0,42935000.0,24754000.0,0.055,0.047,0.055,1418123000.0,1290136000.0,1418123000.0,19190426000.0,447.0,122.846,54142000.0,0.1,1.0,1537902000.0,0.794,869861000.0,18181000.0,771744000.0,1038335000.0,0.0,836864000.0,127582000.0,709282000.0,1912433000.0,1814057000.0,98376000.0,19376669000.0,39869000.0,-550498000.0,163327000.0,-20425000.0,0.0,-36068000.0,-381623000.0,576986000.0,462253000.0,-4693000.0,28247000.0,28247000.0,28247000.0,0.0,1253000.0,0.015,1521688000.0,16214000.0,412174000.0,0.0,13.664,685.973,657.773,470070000.0,0.0,36.178,10.007,10.096,342397000.0,167297000.0,1936320000.0,1936320000.0,243520000.0,0.009,0.022,0.041,0.022,161577000.0,1278168000.0,1.0,535600000.0,540372000,540372000.0,3.583,2551467000.0,98134000.0,-3493000.0,34777000.0,4.722,-699235000.0
41,CRM,MRT,2011-03-31,2011-04-30,2011-04-30,2021-08-30,76000.0,3128068000.0,2914600750.0,1188129000.0,1939939000.0,0.612,2.352,-385469000.0,664612000.0,664612000.0,355298000.0,50351000.0,0.705,1.414,478369000.0,478369000.0,0.0,478369000.0,915133000.0,90834000.0,0.0,0.0,0.0,91615000.0,182449000.0,0.102,182449000.0,91615000.0,70095000.0,0.09,0.082,0.09,1255642000.0,1245761750.0,1255642000.0,18468186000.0,202.0,101.224,69947000.0,0.131,1.0,1429392000.0,0.801,531550000.0,21520000.0,725063000.0,1238509500.0,0.0,857673000.0,99224000.0,758449000.0,1775795000.0,1685212000.0,90583000.0,18419940000.0,-26182000.0,-416666000.0,155172000.0,-11999000.0,0.0,-1581000.0,-475059000.0,327076000.0,455416000.0,-4958000.0,47259000.0,47259000.0,47259000.0,0.0,3092000.0,0.026,1367748000.0,61644000.0,16969000.0,0.0,14.67,389.766,385.0,446268000.0,0.0,34.65,10.321,10.364,270816000.0,171565000.0,1784690000.0,1784690000.0,213057000.0,0.016,0.038,0.074,0.051,112782000.0,1154691000.0,1.0,531600000.0,533816000,564248000.0,3.343,2596518000.0,71223000.0,22836000.0,20292000.0,4.864,-497083000.0
42,CRM,MRT,2010-12-31,2011-01-31,2011-01-31,2021-08-30,6719000.0,3091165000.0,2754608000.0,1074924000.0,2016241000.0,0.602,2.451,-368831000.0,424292000.0,424292000.0,323813000.0,69697000.0,0.842,1.422,472538000.0,0.0,472538000.0,472538000.0,934941000.0,75746000.0,0.0,0.0,0.0,123984000.0,199730000.0,0.121,199730000.0,123984000.0,99075000.0,0.125,0.117,0.125,1276491000.0,1215478750.0,1276491000.0,16805540000.0,136.0,84.141,90250000.0,0.173,1.0,1333326000.0,0.805,524068000.0,24909000.0,1338877000.0,1390257000.0,0.0,983265000.0,72678000.0,910587000.0,1814674000.0,1276466000.0,538208000.0,16968996000.0,-587014000.0,-403331000.0,160402000.0,-10355000.0,0.0,14074000.0,-1062554000.0,-290392000.0,459081000.0,2385000.0,64474000.0,64474000.0,64474000.0,0.0,5223000.0,0.039,1235829000.0,97497000.0,18106000.0,0.0,13.293,263.191,258.28,387174000.0,0.0,32.285,10.24,10.148,426943000.0,171035000.0,1657139000.0,1657139000.0,187887000.0,0.023,0.053,0.089,0.075,84438000.0,1047942000.0,1.0,525600000.0,520888000,546392000.0,3.181,2567097000.0,68715000.0,34601000.0,18481000.0,4.928,-201542000.0
43,CRM,MRT,2010-09-30,2010-10-31,2010-10-31,2021-08-30,9030000.0,2740694000.0,2596867000.0,1192936000.0,1547758000.0,0.599,2.312,-75367000.0,630303000.0,630303000.0,299561000.0,81242000.0,1.201,1.263,466847000.0,0.0,466847000.0,466847000.0,694557000.0,67295000.0,0.0,0.0,0.0,150136000.0,217431000.0,0.14,217431000.0,150136000.0,127310000.0,0.143,0.135,0.143,1210288000.0,1157306500.0,1210288000.0,15128750000.0,101.0,69.58,309512000.0,0.591,1.0,1254760000.0,0.807,266537000.0,22826000.0,1317656000.0,1282337500.0,0.0,1172137000.0,139545000.0,1032592000.0,1528228000.0,993045000.0,535183000.0,15077493000.0,387415000.0,-162836000.0,236269000.0,431222000.0,0.0,581019000.0,-584778000.0,-346575000.0,384879000.0,6295000.0,73955000.0,73955000.0,73955000.0,0.0,7287000.0,0.048,1131353000.0,123407000.0,23320000.0,0.0,12.458,203.874,202.92,116078000.0,0.0,29.017,9.7,9.774,258764000.0,160122000.0,1554321000.0,1554321000.0,166804000.0,0.028,0.064,0.117,0.097,38889000.0,964549000.0,1.0,519600000.0,523552000,548176000.0,2.969,2474157000.0,80121000.0,53355000.0,27928000.0,4.726,199891000.0
44,CRM,MRT,2010-06-30,2010-07-31,2010-07-31,2021-08-30,7855000.0,2698476000.0,2322493750.0,1112136000.0,1586340000.0,0.627,2.396,-56966000.0,409925000.0,409925000.0,283000000.0,80317000.0,1.198,1.163,461182000.0,0.0,461182000.0,461182000.0,683019000.0,61186000.0,0.0,0.0,0.0,142054000.0,203240000.0,0.14,203240000.0,142054000.0,126310000.0,0.145,0.138,0.145,1240626000.0,1069457250.0,1240626000.0,12499719901.0,88.0,61.502,289393000.0,0.559,1.0,1172783000.0,0.806,248725000.0,15744000.0,1572442000.0,1101836750.0,0.0,1449003000.0,332342000.0,1116661000.0,1442921000.0,928566000.0,514355000.0,12734864901.0,163756000.0,-163502000.0,210475000.0,431940000.0,0.0,699736000.0,-888326000.0,-667858000.0,346359000.0,5987000.0,73574000.0,73574000.0,73574000.0,0.0,6743000.0,0.051,1054391000.0,118392000.0,20745000.0,0.0,10.265,173.089,170.603,100946000.0,0.0,24.738,8.748,8.8,228550000.0,139050000.0,1455783000.0,1455783000.0,152262000.0,0.032,0.069,0.129,0.098,40841000.0,902129000.0,1.0,514799996.0,517848000,536704000.0,2.811,2449751000.0,80343000.0,52736000.0,27364000.0,4.731,183570000.0
45,CRM,MRT,2010-03-31,2010-04-30,2010-04-30,2021-08-30,70000.0,2488097000.0,2037006500.0,1263752000.0,1224345000.0,0.676,2.215,-47763000.0,690794000.0,690794000.0,267706000.0,85575000.0,1.508,1.181,455649000.0,0.0,455649000.0,455649000.0,664529000.0,55537000.0,0.0,0.0,0.0,142762000.0,198299000.0,0.144,198299000.0,142762000.0,133910000.0,0.16,0.153,0.16,1134510000.0,957080000.0,1134510000.0,10327212000.0,72.0,52.079,268355000.0,0.524,1.0,1109766000.0,0.806,82799000.0,8852000.0,1332053000.0,839705500.0,0.0,1210754000.0,260958000.0,949796000.0,1339730000.0,838100000.0,501630000.0,10888320000.0,349089000.0,-11999000.0,181487000.0,431805000.0,0.0,663398000.0,-630683000.0,-570921000.0,316118000.0,256000.0,80028000.0,80028000.0,80028000.0,0.0,5547000.0,0.058,991567000.0,118199000.0,13133000.0,0.0,9.597,136.056,133.75,86710000.0,0.0,21.4,7.905,7.956,183612000.0,124306000.0,1377472000.0,1377472000.0,140435000.0,0.039,0.084,0.17,0.104,42318000.0,851132000.0,1.0,508800000.0,512128000,529004000.0,2.69,2405298000.0,70496000.0,53882000.0,23002000.0,4.697,425652000.0
46,CRM,MRT,2009-12-31,2010-01-31,2010-01-31,2021-08-30,-1430000.0,2460201000.0,1781907250.0,1706159000.0,754042000.0,0.733,2.097,-49501000.0,1011306000.0,1011306000.0,257925000.0,84692000.0,1.879,1.345,450198000.0,0.0,450198000.0,450198000.0,704348000.0,53177000.0,0.0,0.0,0.0,140408000.0,193585000.0,0.148,193585000.0,140408000.0,138408000.0,0.163,0.158,0.163,1043802000.0,855416250.0,1043802000.0,7694507000.0,55.0,39.747,221410000.0,0.445,1.0,1047658000.0,0.802,83764000.0,2000000.0,907199000.0,597212500.0,0.0,715742000.0,230659000.0,485083000.0,1403535000.0,908130000.0,495405000.0,7937395000.0,527472000.0,-11999000.0,153139000.0,432475000.0,0.0,637153000.0,-378616000.0,-317116000.0,270911000.0,-1976000.0,80719000.0,80719000.0,80719000.0,0.0,3973000.0,0.062,932386000.0,115272000.0,14791000.0,0.0,7.604,98.334,97.469,89711000.0,0.0,15.887,6.08,6.058,320956000.0,106561000.0,1305583000.0,1305583000.0,131897000.0,0.045,0.094,0.235,0.108,37353000.0,800489000.0,1.0,499600000.0,497848000,512456000.0,2.622,2376437000.0,67695000.0,57689000.0,17551000.0,4.773,798029000.0
47,CRM,MRT,2009-09-30,2009-10-31,2009-10-31,2021-08-30,-3239000.0,1643201000.0,1536812500.0,762915000.0,880286000.0,0.808,1.724,-54677000.0,242888000.0,242888000.0,248600000.0,76152000.0,1.05,0.9,0.0,0.0,0.0,0.0,545435000.0,48923000.0,0.0,0.0,0.0,145538000.0,194461000.0,0.157,194461000.0,145538000.0,127368000.0,0.15,0.147,0.15,858891000.0,762411750.0,858891000.0,6790831000.0,47.0,34.921,200203000.0,0.402,1.0,992517000.0,0.8,78182000.0,18170000.0,595653000.0,408953000.0,0.0,827204000.0,202446000.0,624758000.0,772661000.0,726478000.0,46183000.0,7037000000.0,-139426000.0,-5063000.0,35572000.0,-6610000.0,0.0,52226000.0,-441289000.0,-381549000.0,254880000.0,-5243000.0,74078000.0,74078000.0,74078000.0,0.0,2074000.0,0.06,886674000.0,105843000.0,15617000.0,0.0,8.193,94.994,94.583,95598000.0,0.0,14.188,5.67,5.696,191297000.0,86167000.0,1241117000.0,1241117000.0,124910000.0,0.048,0.097,0.356,0.117,39202000.0,761764000.0,1.0,496000000.0,498244000,514384000.0,2.491,1565019000.0,57687000.0,53290000.0,22348000.0,3.141,36437000.0
48,CRM,MRT,2009-06-30,2009-07-31,2009-07-31,2021-08-30,-2016000.0,1556527000.0,1444945000.0,701318000.0,855209000.0,0.822,1.597,-55902000.0,246169000.0,246169000.0,239378000.0,66392000.0,0.984,0.953,0.0,0.0,0.0,0.0,549010000.0,43232000.0,0.0,0.0,0.0,124090000.0,167322000.0,0.141,167322000.0,124090000.0,110052000.0,0.128,0.128,0.128,791117000.0,702285750.0,791117000.0,5010785000.0,40.0,29.947,180579000.0,0.365,1.0,947677000.0,0.798,73853000.0,14038000.0,523917000.0,314621250.0,0.0,784237000.0,173957000.0,610280000.0,754137000.0,712588000.0,41549000.0,5352490000.0,-180874000.0,-27907000.0,23608000.0,-4498000.0,0.0,52679000.0,-467371000.0,-383562000.0,236481000.0,-2663000.0,63511000.0,63511000.0,63511000.0,0.0,2881000.0,0.054,855842000.0,91835000.0,13389000.0,0.0,6.766,84.277,84.648,96470000.0,0.0,10.835,4.509,4.522,168842000.0,65476000.0,1187055000.0,1187055000.0,118417000.0,0.044,0.09,0.394,0.105,27766000.0,737425000.0,1.0,494000000.0,495384000,506264000.0,2.396,1482674000.0,56692000.0,46541000.0,19338000.0,2.993,-11270000.0
49,CRM,MRT,2009-03-31,2009-04-30,2009-04-30,2021-08-30,-4050000.0,1467700000.0,1356699000.0,762860000.0,704840000.0,0.836,1.477,-50310000.0,341705000.0,341705000.0,230973000.0,55959000.0,1.105,1.001,0.0,0.0,0.0,0.0,549373000.0,39958000.0,0.0,0.0,0.0,102415000.0,142373000.0,0.126,142373000.0,102415000.0,95378000.0,0.105,0.105,0.105,727855000.0,646000500.0,727855000.0,4777515000.0,47.0,33.556,193391000.0,0.392,1.0,903098000.0,0.796,73820000.0,7037000.0,362081000.0,219617250.0,0.0,642119000.0,174909000.0,467210000.0,728897000.0,690094000.0,38803000.0,5261349000.0,-36843000.0,-27907000.0,40994000.0,-2240000.0,0.0,68479000.0,-347804000.0,-269587000.0,243701000.0,-1219000.0,52309000.0,52309000.0,52309000.0,0.0,3650000.0,0.046,824654000.0,78444000.0,15757000.0,0.0,7.229,100.582,101.929,88479000.0,0.0,10.703,4.639,4.651,145869000.0,44278000.0,1134071000.0,1134071000.0,111347000.0,0.039,0.081,0.466,0.09,29617000.0,713307000.0,1.0,491600000.0,492824000,501396000.0,2.301,1393880000.0,54873000.0,43069000.0,17184000.0,2.828,72766000.0
50,CRM,MRT,2008-12-31,2009-01-31,2009-01-31,2021-08-30,-2905000.0,1479822000.0,1269672250.0,1068557000.0,411265000.0,0.848,1.386,-61059000.0,483834000.0,483834000.0,220471000.0,48035000.0,1.393,1.187,0.0,0.0,0.0,0.0,594026000.0,35971000.0,0.0,0.0,0.0,81092000.0,117063000.0,0.109,117063000.0,81092000.0,80985000.0,0.09,0.087,0.09,671784000.0,589803500.0,671784000.0,2864106000.0,35.0,24.466,168498000.0,0.348,1.0,856298000.0,0.795,74861000.0,107000.0,154161000.0,161232250.0,0.0,398731000.0,213769000.0,184962000.0,797335000.0,766966000.0,30369000.0,3246420000.0,204739000.0,-27907000.0,43311000.0,-997000.0,0.0,75289000.0,-99375000.0,-10409000.0,229557000.0,-732000.0,43428000.0,43428000.0,43428000.0,0.0,4607000.0,0.04,792556000.0,63742000.0,16379000.0,0.0,4.833,74.754,73.917,77027000.0,0.0,6.652,3.015,2.995,266555000.0,25842000.0,1076769000.0,1076769000.0,99530000.0,0.034,0.074,0.503,0.075,22769000.0,693026000.0,1.0,488000000.0,484732000,500912000.0,2.221,1404961000.0,58489000.0,37557000.0,16109000.0,2.898,301591000.0
51,CRM,MRT,2008-09-30,2008-10-31,2008-10-31,2021-08-30,-7592000.0,1275731000.0,1172115000.0,848559000.0,427172000.0,0.857,1.271,-57196000.0,382314000.0,382314000.0,208468000.0,46011000.0,1.379,1.063,0.0,0.0,0.0,0.0,469534000.0,31506000.0,0.0,0.0,0.0,74997000.0,106503000.0,0.106,106503000.0,74997000.0,75043000.0,0.077,0.075,0.077,618387000.0,534872250.0,618387000.0,3319117000.0,44.0,31.165,177625000.0,0.365,1.0,795624000.0,0.792,59649000.0,-46000.0,218326000.0,165933000.0,0.0,422292000.0,219144000.0,203148000.0,657344000.0,615442000.0,41902000.0,3746160000.0,221553000.0,-27344000.0,57225000.0,-297000.0,0.0,106649000.0,-117803000.0,-33263000.0,234821000.0,-2114000.0,37054000.0,37054000.0,37054000.0,0.0,8957000.0,0.037,737242000.0,58382000.0,20875000.0,0.0,6.058,101.1,100.519,66833000.0,0.0,7.74,3.731,3.75,157680000.0,12089000.0,1004092000.0,1004092000.0,87773000.0,0.032,0.069,0.452,0.075,22090000.0,649469000.0,1.0,484000000.0,486540000,500532000.0,2.064,1216082000.0,50577000.0,37989000.0,12757000.0,2.499,233117000.0
52,CRM,MRT,2008-06-30,2008-07-31,2008-07-31,2021-08-30,-4188000.0,1203543000.0,1069459500.0,802128000.0,401415000.0,0.861,1.171,-54704000.0,427043000.0,427043000.0,196401000.0,40840000.0,1.337,1.126,0.0,0.0,0.0,0.0,479546000.0,30354000.0,0.0,0.0,0.0,66439000.0,96793000.0,0.105,96793000.0,66439000.0,69201000.0,0.073,0.068,0.073,565976000.0,480599250.0,565976000.0,7282631000.0,110.0,75.239,214994000.0,0.445,1.0,724007000.0,0.787,32774000.0,-2762000.0,143901000.0,166866750.0,0.0,396374000.0,151298000.0,245076000.0,637567000.0,599825000.0,37742000.0,7661179000.0,304094000.0,0.0,71216000.0,-17000.0,0.0,112512000.0,-74492000.0,-19788000.0,269698000.0,-3624000.0,33442000.0,33442000.0,33442000.0,0.0,7398000.0,0.036,675640000.0,48367000.0,14428000.0,0.0,13.536,229.089,218.459,56643000.0,0.0,15.947,8.324,8.377,146982000.0,1965000.0,920408000.0,920408000.0,78395000.0,0.031,0.07,0.398,0.072,25400000.0,597245000.0,1.0,480400000.0,483452000,502504000.0,1.904,1170769000.0,42895000.0,35759000.0,11558000.0,2.422,202303000.0
53,CRM,MRT,2008-03-31,2008-04-30,2008-04-30,2021-08-30,-3643000.0,1119593000.0,962518500.0,713409000.0,406184000.0,0.866,1.05,-51772000.0,378548000.0,378548000.0,183722000.0,33167000.0,1.228,1.226,0.0,0.0,0.0,0.0,470297000.0,27529000.0,0.0,0.0,0.0,55366000.0,82895000.0,0.099,82895000.0,55366000.0,57035000.0,0.06,0.055,0.06,503067000.0,426869250.0,503067000.0,7681794000.0,139.0,92.669,199505000.0,0.416,1.0,650188000.0,0.78,31525000.0,-1669000.0,128541000.0,183405250.0,0.0,372085000.0,116535000.0,255550000.0,616526000.0,580979000.0,35547000.0,7960889000.0,291056000.0,0.0,64095000.0,-23000.0,0.0,102462000.0,-60177000.0,-8405000.0,251277000.0,-2506000.0,27181000.0,27181000.0,27181000.0,0.0,5986000.0,0.033,614572000.0,35616000.0,19315000.0,0.0,15.825,292.884,278.042,56816000.0,0.0,16.683,9.546,9.585,143909000.0,-8031000.0,833910000.0,833910000.0,69458000.0,0.028,0.064,0.302,0.066,22870000.0,545114000.0,1.0,477200000.0,479112000,497656000.0,1.741,1088068000.0,39611000.0,29854000.0,10666000.0,2.271,132430000.0
54,CRM,MRT,2007-12-31,2008-01-31,2008-01-31,2021-08-30,-2276000.0,1089593000.0,857112500.0,740811000.0,348782000.0,0.874,0.967,-43552000.0,279095000.0,279095000.0,171591000.0,22828000.0,1.223,1.41,0.0,0.0,0.0,0.0,480894000.0,24219000.0,0.0,0.0,0.0,41787000.0,66006000.0,0.088,66006000.0,41787000.0,41741000.0,0.04,0.037,0.04,452059000.0,378423000.0,452059000.0,5969810000.0,143.0,90.443,160723000.0,0.344,1.0,577109000.0,0.771,31617000.0,46000.0,172964000.0,202327500.0,0.0,390705000.0,171748000.0,218957000.0,637534000.0,605917000.0,31617000.0,6130571000.0,192487000.0,0.0,60910000.0,-175000.0,0.0,92713000.0,-102709000.0,-59157000.0,204275000.0,-1792000.0,18356000.0,18356000.0,18356000.0,0.0,4472000.0,0.025,556800000.0,20309000.0,7478000.0,0.0,13.561,333.982,324.438,41380000.0,0.0,12.977,8.188,8.101,220061000.0,-17586000.0,748700000.0,748700000.0,63812000.0,0.021,0.049,0.207,0.056,23229000.0,492988000.0,1.0,472400000.0,467360000,489688000.0,1.602,1057976000.0,33685000.0,23385000.0,12087000.0,2.264,134894000.0
55,CRM,MRT,2007-09-30,2007-10-31,2007-10-31,2021-08-30,-3093000.0,865109000.0,750922250.0,554950000.0,310159000.0,0.9,0.855,-42808000.0,160761000.0,160761000.0,158699000.0,11493000.0,1.233,1.156,0.0,0.0,0.0,0.0,340808000.0,21388000.0,0.0,0.0,0.0,-2902000.0,18486000.0,0.027,18486000.0,-2902000.0,29241000.0,0.025,0.022,0.025,401295000.0,335856000.0,401295000.0,6461067000.0,-2226.0,349.511,118833000.0,0.253,1.0,517317000.0,0.765,32346000.0,-32143000.0,222061000.0,205922750.0,0.0,410242000.0,213307000.0,196935000.0,463814000.0,449941000.0,13873000.0,6584016000.0,90437000.0,0.0,52330000.0,-327000.0,0.0,82275000.0,-152055000.0,-109247000.0,161641000.0,-1424000.0,11493000.0,11493000.0,11493000.0,0.0,0.0,0.017,509814000.0,7503000.0,12618000.0,0.0,16.407,572.872,563.7,38913000.0,0.0,14.092,9.739,9.786,121961000.0,-24965000.0,676016000.0,676016000.0,59440000.0,0.015,0.034,-0.014,-0.004,20515000.0,450374000.0,1.0,467200000.0,469444000,488676000.0,1.44,832763000.0,29292000.0,17748000.0,8427000.0,1.774,105009000.0
56,CRM,MRT,2007-06-30,2007-07-31,2007-07-31,2021-08-30,-2094000.0,775779000.0,673567250.0,477171000.0,298608000.0,0.91,0.755,-42771000.0,122949000.0,122949000.0,145778000.0,5320000.0,1.158,1.21,0.0,0.0,0.0,0.0,321852000.0,17969000.0,0.0,0.0,0.0,-5676000.0,12293000.0,0.02,12293000.0,-5676000.0,19892000.0,0.01,0.01,0.01,351056000.0,299627500.0,351056000.0,4400838000.0,-775.0,357.995,97499000.0,0.21,1.0,467488000.0,0.762,30661000.0,-25568000.0,210055000.0,196576250.0,0.0,374242000.0,184881000.0,189361000.0,424723000.0,412114000.0,12609000.0,4488330000.0,-27043000.0,0.0,41893000.0,-476000.0,0.0,67269000.0,-234746000.0,-191975000.0,140270000.0,164000.0,5320000.0,5320000.0,5320000.0,0.0,0.0,0.009,466226000.0,1262000.0,7215000.0,0.0,12.785,843.671,971.5,36690000.0,0.0,9.715,7.319,7.369,114046000.0,-31477000.0,613266000.0,613266000.0,53998000.0,0.008,0.018,-0.029,-0.009,20997000.0,412228000.0,1.0,462000000.0,465176000,485332000.0,1.318,745118000.0,24726000.0,14572000.0,6696000.0,1.602,65057000.0
57,CRM,MRT,2007-03-31,2007-04-30,2007-04-30,2021-08-30,-2087000.0,697969000.0,604960250.0,400133000.0,297836000.0,0.917,0.672,-35485000.0,87492000.0,87492000.0,133497000.0,1440000.0,1.06,1.257,0.0,0.0,0.0,0.0,295672000.0,15027000.0,0.0,0.0,0.0,-6730000.0,8297000.0,0.015,8297000.0,-6730000.0,13072000.0,0.003,0.003,0.003,309282000.0,269393250.0,309282000.0,4743574000.0,-705.0,571.722,100153000.0,0.218,1.0,421327000.0,0.759,28930000.0,-19802000.0,204230000.0,163537250.0,0.0,360579000.0,162881000.0,197698000.0,388687000.0,377317000.0,11370000.0,4830000000.0,-41081000.0,0.0,31867000.0,-623000.0,0.0,51504000.0,-227876000.0,-192391000.0,135638000.0,-347000.0,1440000.0,1440000.0,1440000.0,0.0,0.0,0.003,424691000.0,-3364000.0,11606000.0,0.0,15.617,3354.167,3500.0,33849000.0,0.0,10.5,8.705,8.704,105013000.0,-35212000.0,554824000.0,554824000.0,49910000.0,0.002,0.005,-0.041,-0.012,23351000.0,374781000.0,1.0,460000000.0,459948000,482540000.0,1.206,669039000.0,19739000.0,11632000.0,5956000.0,1.455,22816000.0
58,CRM,MRT,2006-12-31,2007-01-31,2007-01-31,2021-08-30,-2187000.0,664832000.0,544832000.0,419096000.0,245736000.0,0.912,0.627,-22123000.0,86608000.0,86608000.0,118890000.0,481000.0,1.123,1.359,0.0,0.0,0.0,0.0,284063000.0,12504000.0,0.0,0.0,0.0,-4508000.0,7996000.0,0.016,7996000.0,-4508000.0,10276000.0,0.0,0.0,0.0,281791000.0,245042000.0,281791000.0,4904721000.0,-1088.0,613.397,89101000.0,0.198,1.0,378208000.0,0.761,17688000.0,-14784000.0,187345000.0,133313000.0,0.0,325904000.0,165816000.0,160088000.0,383041000.0,373191000.0,9850000.0,4974705000.0,-13234000.0,-15502000.0,29070000.0,-617000.0,0.0,45027000.0,-168596000.0,-130971000.0,111224000.0,-889000.0,481000.0,481000.0,481000.0,0.0,0.0,0.001,381806000.0,-3598000.0,8870000.0,,17.654,10342.422,,30155000.0,0.0,10.957,10.007,9.909,128693000.0,-35633000.0,497098000.0,497098000.0,44614000.0,0.001,0.002,-0.034,-0.009,22631000.0,337192000.0,1.0,454000000.0,449544000,480616000.0,1.106,647144000.0,20853000.0,9795000.0,6739000.0,1.44,45905000.0
59,CRM,MRT,2006-09-30,2006-10-31,2006-10-31,2021-08-30,-1949000.0,555689000.0,487311250.0,355934000.0,199755000.0,0.911,0.568,-20112000.0,70324000.0,70324000.0,106391000.0,5922000.0,1.209,1.167,340000.0,327000.0,13000.0,340000.0,219431000.0,10715000.0,0.0,0.0,0.0,14582000.0,25297000.0,0.057,25297000.0,14582000.0,14388000.0,0.015,0.012,0.015,256381000.0,223687000.0,256381000.0,4232449000.0,290.0,167.31,92293000.0,0.204,1.0,337549000.0,0.76,6743000.0,194000.0,184675000.0,111747000.0,0.0,300954000.0,174574000.0,126380000.0,299308000.0,294287000.0,5021000.0,4381946000.0,-17031000.0,-15502000.0,27114000.0,-610000.0,0.0,37310000.0,-166045000.0,-130431000.0,112405000.0,-701000.0,5922000.0,5922000.0,5922000.0,0.0,0.0,0.013,333819000.0,3730000.0,5660000.0,0.0,17.092,739.944,650.333,28151000.0,0.0,9.755,9.871,9.922,82808000.0,-36149000.0,443940000.0,443940000.0,38239000.0,0.012,0.026,0.13,0.033,19012000.0,295580000.0,1.0,449200000.0,451540000,481116000.0,0.983,548946000.0,20850000.0,8466000.0,9844000.0,1.216,61647000.0
60,CRM,MRT,2006-06-30,2006-07-31,2006-07-31,2021-08-30,-2360000.0,501351000.0,438249000.0,369664000.0,131687000.0,0.905,0.514,-13011000.0,149992000.0,149992000.0,94615000.0,18680000.0,1.386,1.179,495000.0,475000.0,20000.0,495000.0,202836000.0,8866000.0,0.0,0.0,0.0,18814000.0,27680000.0,0.07,27680000.0,18814000.0,18627000.0,0.045,0.04,0.045,230119000.0,205086500.0,230119000.0,2737625000.0,146.0,98.903,93338000.0,0.209,1.0,301945000.0,0.761,7239000.0,187000.0,77899000.0,90372000.0,0.0,184115000.0,116697000.0,67418000.0,271232000.0,266716000.0,4516000.0,2865550000.0,124852000.0,-15502000.0,19174000.0,-607000.0,0.0,24495000.0,-4985000.0,23528000.0,106349000.0,-1007000.0,18680000.0,18680000.0,18680000.0,0.0,0.0,0.047,291705000.0,10240000.0,6026000.0,0.0,12.452,153.402,142.778,24842000.0,0.0,6.425,7.226,7.248,75704000.0,-36488000.0,396560000.0,396560000.0,33391000.0,0.043,0.091,0.208,0.047,15269000.0,258314000.0,1.0,446000000.0,447352000,447352000.0,0.886,494112000.0,17512000.0,-53000.0,8129000.0,1.105,102948000.0
61,CRM,MRT,2006-03-31,2006-04-30,2006-04-30,2021-08-30,-2258000.0,457456000.0,393830000.0,328616000.0,128840000.0,0.89,0.477,-13587000.0,128573000.0,128573000.0,81721000.0,23865000.0,1.375,1.159,648000.0,620000.0,28000.0,648000.0,182036000.0,7231000.0,0.0,0.0,0.0,23476000.0,30707000.0,0.088,30707000.0,23476000.0,23409000.0,0.058,0.05,0.058,211877000.0,188907250.0,211877000.0,3784497000.0,161.0,123.245,76812000.0,0.173,1.0,268645000.0,0.767,7239000.0,67000.0,83333000.0,106276250.0,0.0,169740000.0,104584000.0,65156000.0,245579000.0,238959000.0,6620000.0,3883540000.0,87969000.0,-15502000.0,19062000.0,-625000.0,0.0,21037000.0,-22928000.0,6161000.0,90399000.0,-539000.0,23865000.0,23865000.0,23865000.0,0.0,0.0,0.068,252933000.0,15712000.0,7720000.0,0.0,18.329,162.73,151.078,24786000.0,0.0,8.762,11.084,11.1,72337000.0,-36343000.0,350366000.0,350366000.0,27853000.0,0.061,0.126,0.221,0.067,11260000.0,225080000.0,1.0,443200000.0,443828000,443828000.0,0.789,450217000.0,18458000.0,-456000.0,10672000.0,1.014,89657000.0
62,CRM,MRT,2005-12-31,2006-01-31,2006-01-31,2021-08-30,-2105000.0,434749000.0,353124500.0,303217000.0,131532000.0,0.877,0.458,-20243000.0,99842000.0,99842000.0,69126000.0,28474000.0,1.292,1.214,799000.0,615000.0,184000.0,799000.0,169175000.0,6027000.0,0.0,0.0,0.0,27233000.0,33260000.0,0.107,33260000.0,27233000.0,27164000.0,0.068,0.06,0.068,196371000.0,174187500.0,196371000.0,4359310000.0,160.0,131.068,75650000.0,0.176,1.0,240731000.0,0.777,0.0,69000.0,101081000.0,113861000.0,0.0,196950000.0,107723000.0,89227000.0,238378000.0,234625000.0,3753000.0,4445715000.0,64111000.0,0.0,15707000.0,-614000.0,0.0,15820000.0,-47805000.0,-27562000.0,95893000.0,203000.0,28474000.0,28474000.0,28474000.0,0.0,0.0,0.092,220629000.0,20102000.0,10212000.0,0.0,22.639,156.132,150.919,24216000.0,0.0,10.262,14.348,14.212,76128000.0,-36114000.0,309857000.0,309857000.0,23330000.0,0.081,0.163,0.239,0.088,7110000.0,197584000.0,1.0,433200000.0,429096000,474948000.0,0.722,434749000.0,10416000.0,-1310000.0,5841000.0,1.013,68592000.0
63,CRM,MRT,2005-09-30,2005-10-31,2005-10-31,2021-08-30,-2580000.0,359440000.0,314562000.0,244864000.0,114576000.0,0.869,0.422,-17158000.0,87355000.0,87355000.0,57790000.0,26103000.0,1.408,0.975,950000.0,610000.0,340000.0,950000.0,127110000.0,4999000.0,0.0,0.0,0.0,24139000.0,29138000.0,0.107,29138000.0,24139000.0,24066000.0,0.062,0.058,0.062,181979000.0,161377500.0,181979000.0,2661572000.0,110.0,91.344,60523000.0,0.14,1.0,215597000.0,0.789,0.0,73000.0,99175000.0,116388250.0,0.0,169498000.0,85370000.0,84128000.0,177461000.0,173860000.0,3601000.0,2688924000.0,64599000.0,0.0,12176000.0,-602000.0,0.0,13344000.0,-26144000.0,-8986000.0,77681000.0,-282000.0,26103000.0,26103000.0,26103000.0,0.0,0.0,0.095,197526000.0,18071000.0,5868000.0,0.0,14.776,103.012,100.766,20853000.0,0.0,6.247,9.836,9.852,53407000.0,-42071000.0,273387000.0,273387000.0,19533000.0,0.083,0.162,0.207,0.088,6575000.0,178278000.0,1.0,430400000.0,431124000,474620000.0,0.634,359440000.0,6458000.0,-2037000.0,1632000.0,0.834,71004000.0
64,CRM,MRT,2005-06-30,2005-07-31,2005-07-31,2021-08-30,-2160000.0,323675000.0,286377750.0,199821000.0,123854000.0,0.828,0.388,-16224000.0,28447000.0,28447000.0,47111000.0,15159000.0,1.291,0.957,1095000.0,606000.0,489000.0,1095000.0,117311000.0,4309000.0,0.0,0.0,0.0,18640000.0,22949000.0,0.097,22949000.0,18640000.0,18565000.0,0.037,0.035,0.037,165402000.0,150221500.0,165402000.0,2453555000.0,132.0,106.913,50036000.0,0.117,1.0,189964000.0,0.801,0.0,75000.0,141516000.0,120751750.0,0.0,207570000.0,109270000.0,98300000.0,158273000.0,154807000.0,3466000.0,2496300000.0,-35953000.0,0.0,10215000.0,-589000.0,0.0,11396000.0,-113684000.0,-97460000.0,66260000.0,75000.0,15159000.0,15159000.0,15159000.0,0.0,0.0,0.064,176507000.0,13457000.0,3941000.0,0.0,15.092,164.674,159.122,17280000.0,0.0,5.888,10.53,10.591,50184000.0,-55168000.0,237075000.0,237075000.0,15393000.0,0.053,0.101,0.154,0.079,6147000.0,161399000.0,1.0,424000000.0,426456000,471896000.0,0.556,323675000.0,0.0,3406000.0,864000.0,0.759,45014000.0
65,CRM,MRT,2005-03-31,2005-04-30,2005-04-30,2021-08-30,-1327000.0,294634000.0,262087250.0,180604000.0,114030000.0,0.785,0.364,-12554000.0,43889000.0,43889000.0,39056000.0,11289000.0,1.307,0.926,1144000.0,566000.0,578000.0,1144000.0,104645000.0,3520000.0,0.0,0.0,0.0,13636000.0,17156000.0,0.083,17156000.0,13636000.0,13587000.0,0.03,0.028,0.03,152998000.0,142167750.0,152998000.0,1484727000.0,109.0,86.543,54569000.0,0.13,1.0,166657000.0,0.81,0.0,49000.0,113672000.0,103908750.0,0.0,176400000.0,84941000.0,91459000.0,141636000.0,138217000.0,3419000.0,1522365000.0,35044000.0,0.0,118802000.0,-575000.0,0.0,120037000.0,-151857000.0,-139303000.0,67123000.0,-259000.0,11289000.0,11289000.0,11289000.0,0.0,0.0,0.055,156228000.0,10429000.0,3635000.0,0.0,9.95,134.854,120.25,15289000.0,0.0,3.607,7.4,7.381,42383000.0,-60208000.0,205713000.0,205713000.0,11997000.0,0.043,0.079,0.131,0.066,4391000.0,144516000.0,1.0,422000000.0,420884000,465468000.0,0.489,294634000.0,0.0,2298000.0,1482000.0,0.7,42387000.0
66,CRM,MRT,2004-12-31,2005-01-31,2005-01-31,2021-08-30,-999000.0,280499000.0,211673000.0,178715000.0,101784000.0,0.833,0.481,-3587000.0,38922000.0,38922000.0,33454000.0,7346000.0,1.357,0.933,1284000.0,563000.0,721000.0,1284000.0,95900000.0,3147000.0,0.0,0.0,0.0,8600000.0,11747000.0,0.067,11747000.0,8600000.0,8563000.0,0.025,0.018,0.025,145131000.0,92904250.0,145131000.0,1388210000.0,161.0,118.176,52285000.0,0.173,1.0,142921000.0,0.81,0.0,37000.0,111190000.0,78033000.0,0.0,170207000.0,83087000.0,87120000.0,135368000.0,131671000.0,3697000.0,1412470000.0,25268000.0,0.0,118260000.0,-493000.0,0.0,118850000.0,-149199000.0,-145612000.0,55872000.0,-255000.0,7346000.0,7346000.0,7346000.0,0.0,0.0,0.042,136401000.0,6520000.0,2525000.0,0.0,9.732,192.277,137.0,7637000.0,0.0,3.425,8.008,5.865,48874000.0,-64588000.0,176375000.0,176375000.0,9822000.0,0.035,0.079,0.11,0.049,4412000.0,126579000.0,1.0,412400000.0,302012000,443496000.0,0.584,280499000.0,0.0,1217000.0,216000.0,0.929,47044000.0
67,CRM,MRT,2004-09-30,2004-10-31,2004-10-31,2021-08-30,38000.0,246703000.0,163426000.0,162920000.0,83783000.0,0.929,0.336,-2443000.0,25683000.0,25683000.0,28872000.0,2995000.0,1.54,0.796,1423000.0,561000.0,862000.0,1423000.0,74240000.0,2862000.0,0.0,0.0,0.0,3646000.0,6508000.0,0.043,6508000.0,3646000.0,3624000.0,0.005,0.007,0.005,137355000.0,45062250.0,137355000.0,2028239000.0,556.0,311.653,38447000.0,0.094,1.0,122962000.0,0.81,0.0,22000.0,116629000.0,51037500.0,0.0,162258000.0,91641000.0,70617000.0,109348000.0,105814000.0,3534000.0,2090928000.0,16220000.0,0.0,116371000.0,-439000.0,0.0,115972000.0,-140751000.0,-138308000.0,40890000.0,109000.0,2995000.0,2995000.0,2995000.0,0.0,0.0,0.02,120407000.0,2555000.0,3844000.0,0.0,15.223,698.14,1016.0,6525000.0,0.0,5.08,13.771,13.696,37535000.0,-68174000.0,151834000.0,151834000.0,8820000.0,0.018,0.066,0.071,0.024,4390000.0,110690000.0,1.0,411600000.0,409348000,464704000.0,0.371,246703000.0,0.0,629000.0,414000.0,0.603,57106000.0
68,CRM,MRT,2004-06-30,2004-07-31,2004-07-31,2021-08-30,-100000.0,226513000.0,,156968000.0,69545000.0,,0.516,-2257000.0,64251000.0,64251000.0,24635000.0,4631000.0,1.75,0.701,1562000.0,558000.0,1004000.0,1562000.0,61557000.0,2693000.0,0.0,0.0,0.0,5386000.0,8079000.0,0.062,8079000.0,5386000.0,5373000.0,0.033,0.013,0.033,133187000.0,,133187000.0,1307894009.0,243.0,161.888,32371000.0,0.125,1.0,106272000.0,0.812,0.0,13000.0,74144000.0,,0.0,111534000.0,55057000.0,56477000.0,93326000.0,89680000.0,3646000.0,1317352009.0,54963000.0,0.0,116763000.0,-436000.0,0.0,116534000.0,-96141000.0,-93884000.0,34628000.0,-58000.0,4631000.0,4631000.0,4631000.0,0.0,0.0,0.035,101179000.0,5093000.0,1947000.0,0.0,9.891,284.464,98.561,5986000.0,0.0,3.252,10.063,6.413,29944000.0,-70327000.0,130907000.0,130907000.0,8238000.0,,,,0.041,4208000.0,96386000.0,1.0,405027520.0,258096000,430996000.0,0.507,226513000.0,0.0,742000.0,540000.0,0.878,67288000.0
69,CRM,MRT,2004-03-31,2004-04-30,2004-04-30,2021-08-30,8000.0,92977000.0,,80692000.0,12285000.0,,-0.348,-3029000.0,9478000.0,9478000.0,20281000.0,3583000.0,1.1,-1.723,20000.0,20000.0,0.0,20000.0,52340000.0,2721000.0,0.0,,0.0,4159000.0,6880000.0,0.061,6880000.0,4159000.0,4145000.0,0.028,0.01,0.028,-44056000.0,,-44056000.0,,,,20650000.0,0.163,1.0,91668000.0,0.819,0.0,14000.0,10169000.0,,0.0,38173000.0,38173000.0,0.0,75896000.0,73350000.0,2546000.0,,619000.0,0.0,3013000.0,-438000.0,0.0,2742000.0,-25808000.0,-22779000.0,23679000.0,6000.0,3583000.0,3583000.0,3583000.0,0.0,0.0,0.032,87606000.0,4062000.0,1782000.0,0.0,,,,4548000.0,0.0,,,,24490000.0,-71497000.0,111949000.0,111949000.0,7849000.0,,,,0.037,4152000.0,83202000.0,1.0,405027520.0,126752000,401592000.0,0.883,92977000.0,0.0,562000.0,560000.0,0.734,7342000.0
70,CRM,MRT,2003-12-31,2004-01-31,2004-01-31,2021-08-30,10000.0,87511000.0,63592000.0,74146000.0,13365000.0,1.51,-0.39,-3095000.0,14375000.0,14375000.0,17273000.0,3514000.0,1.059,-1.57,78000.0,78000.0,0.0,78000.0,49677000.0,2591000.0,0.0,,0.0,4077000.0,6668000.0,0.069,6668000.0,4077000.0,4055000.0,0.03,0.01,0.03,-46237000.0,-51056000.0,-46237000.0,,,,18686000.0,0.158,1.0,78750000.0,0.82,0.0,22000.0,3208000.0,1126500.0,0.0,25349000.0,25349000.0,0.0,72611000.0,70006000.0,2605000.0,,1754000.0,0.0,1463000.0,-531000.0,0.0,1099000.0,-21144000.0,-18049000.0,21781000.0,18000.0,3514000.0,3514000.0,3514000.0,0.0,0.0,0.037,75032000.0,3718000.0,2035000.0,0.0,,,,5069000.0,0.0,,,,26536000.0,-71934000.0,96023000.0,96023000.0,6962000.0,0.055,-0.069,3.619,0.042,4359000.0,71515000.0,1.0,,118420000,381636000.0,0.811,87511000.0,0.0,541000.0,534000.0,0.739,4140000.0
71,CRM,MRT,2003-09-30,2003-10-31,2003-10-31,2021-08-30,,,,,,,,,,,,,,,,,,,,,,,0.0,,,,,,,,,,,,,,,,,,1.0,,,,,,,,,,,,,,,,,,,,,,,,,,,,,,,,,,,,,,,,,,,,,,,,,,,,,,1.0,,119624000,,,,,,,,
72,CRM,MRT,2003-06-30,2003-07-31,2003-07-31,2021-08-30,,,,,,,,,,,,,,,,,,,,,,,0.0,,,,,,,,,,,,,,,,,,1.0,,,,,,,,,,,,,,,,,,,,,,,,,,,,,,,,,,,,,,,,,,,,,,,,,,,,,,1.0,,116944000,,,,,,,,
73,CRM,MRT,2003-03-31,2003-04-30,2003-04-30,2021-08-30,,,,,,,,,,,,,,,,,,,,,,,0.0,,,,,,,,,,,,,,,,,,1.0,,,,,,,,,,,,,,,,,,,,,,,,,,,,,,,,,,,,,,,,,,,,,,,,,,,,,,1.0,,114640000,,,,,,,,
74,CRM,MRT,2002-12-31,2003-01-31,2003-01-31,2021-08-30,6000.0,39673000.0,,29967000.0,9706000.0,,-0.53,-2255000.0,12442000.0,12442000.0,10363000.0,-9716000.0,1.041,-0.616,609000.0,531000.0,78000.0,609000.0,19171000.0,2664000.0,0.0,,0.0,-9639000.0,-6975000.0,-0.137,-6975000.0,-9639000.0,-9716000.0,-0.092,-0.092,-0.092,-55875000.0,,-55875000.0,,,,2958000.0,0.028,1.0,40628000.0,0.797,0.0,77000.0,-955000.0,,0.0,7300000.0,7300000.0,0.0,34411000.0,28795000.0,5616000.0,,-3000000.0,0.0,1238000.0,-757000.0,0.0,1032000.0,-9555000.0,-7300000.0,5213000.0,310000.0,-9716000.0,-9716000.0,-9716000.0,0.0,0.0,-0.191,51128000.0,-10500000.0,606000.0,0.0,,,,4988000.0,0.0,,,,9581000.0,-75448000.0,50991000.0,50991000.0,4648000.0,,,,-0.189,4767000.0,46480000.0,1.0,,105500000,105500000.0,0.483,39673000.0,0.0,0.0,0.0,0.376,1172000.0
75,CRM,MRT,2001-12-31,2002-01-31,2002-01-31,2021-08-30,,,,,,,,-713000.0,,,6047000.0,-28609000.0,,,,,,,,2403000.0,,,0.0,-28337000.0,-25934000.0,-1.157,-25934000.0,-28337000.0,-28609000.0,-0.34,-0.34,-0.34,,,,,,,-13879000.0,-0.165,1.0,16362000.0,0.73,,272000.0,,,,,,,,,,,-10332000.0,0.0,1659000.0,-656000.0,0.0,3547000.0,-713000.0,0.0,-13166000.0,-159000.0,-28609000.0,-28609000.0,-28609000.0,0.0,0.0,-1.277,45887000.0,-29525000.0,,0.0,,,,,0.0,,,,,,22409000.0,22409000.0,5308000.0,,,,-1.265,4451000.0,32922000.0,1.0,,84156000,84156000.0,0.266,,,0.0,,,
