None,ticker,dimension,calendardate,datekey,reportperiod,lastupdated,accoci,assets,assetsavg,assetsc,assetsnc,assetturnover,bvps,capex,cashneq,cashnequsd,cor,consolinc,currentratio,de,debt,debtc,debtnc,debtusd,deferredrev,depamor,deposits,divyield,dps,ebit,ebitda,ebitdamargin,ebitdausd,ebitusd,ebt,eps,epsdil,epsusd,equity,equityavg,equityusd,ev,evebit,evebitda,fcf,fcfps,fxusd,gp,grossmargin,intangibles,intexp,invcap,invcapavg,inventory,investments,investmentsc,investmentsnc,liabilities,liabilitiesc,liabilitiesnc,marketcap,ncf,ncfbus,ncfcommon,ncfdebt,ncfdiv,ncff,ncfi,ncfinv,ncfo,ncfx,netinc,netinccmn,netinccmnusd,netincdis,netincnci,netmargin,opex,opinc,payables,payoutratio,pb,pe,pe1,ppnenet,prefdivis,price,ps,ps1,receivables,retearn,revenue,revenueusd,rnd,roa,roe,roic,ros,sbcomp,sgna,sharefactor,sharesbas,shareswa,shareswadil,sps,tangibles,taxassets,taxexp,taxliabilities,tbvps,workingcapital
0,CNP,MRY,2020-12-31,2020-12-31,2020-12-31,2021-08-25,-90000000.0,33471000000.0,32929750000.0,2920000000.0,30551000000.0,0.225,15.721,-2596000000.0,147000000.0,147000000.0,5005000000.0,-773000000.0,0.605,3.009,14393000000.0,2872000000.0,11521000000.0,14393000000.0,0.0,1191000000.0,119000000.0,0.034,0.74,-518000000.0,673000000.0,0.091,673000000.0,-518000000.0,-1047000000.0,-1.79,-1.79,-1.79,8348000000.0,8024500000.0,8348000000.0,25843929037.0,-50.0,38.401,-601000000.0,-1.132,1.0,2413000000.0,0.325,4697000000.0,529000000.0,38195000000.0,38392750000.0,500000000.0,2017000000.0,871000000.0,1146000000.0,25123000000.0,4825000000.0,20298000000.0,11789929037.0,-104000000.0,1295000000.0,672000000.0,-1694000000.0,-392000000.0,-834000000.0,-1265000000.0,0.0,1995000000.0,0.0,-773000000.0,-949000000.0,-949000000.0,182000000.0,0.0,-0.128,1374000000.0,1039000000.0,853000000.0,-0.413,1.412,-12.424,-12.089,22362000000.0,176000000.0,21.64,1.589,1.549,1181000000.0,-845000000.0,7418000000.0,7418000000.0,0.0,-0.029,-0.118,-0.013,-0.07,0.0,0.0,1.0,544821120.0,531000000.0,531000000.0,13.97,28774000000.0,82000000.0,-274000000.0,3868000000.0,54.188,-1905000000.0
1,CNP,MRY,2019-12-31,2019-12-31,2019-12-31,2021-08-25,-98000000.0,35529000000.0,34565500000.0,3937000000.0,31592000000.0,0.219,16.651,-2506000000.0,241000000.0,241000000.0,5268000000.0,791000000.0,0.99,3.25,16005000000.0,1761000000.0,14244000000.0,16005000000.0,0.0,1311000000.0,124000000.0,0.042,1.149,1450000000.0,2761000000.0,0.365,2761000000.0,1450000000.0,883000000.0,1.34,1.33,1.34,8359000000.0,8294500000.0,8359000000.0,29136131786.0,20.0,10.553,-868000000.0,-1.729,1.0,2296000000.0,0.304,4882000000.0,567000000.0,42433000000.0,41012500000.0,472000000.0,3593000000.0,822000000.0,2771000000.0,27170000000.0,3978000000.0,23192000000.0,13696131786.0,-4007000000.0,-5949000000.0,0.0,3485000000.0,-577000000.0,2776000000.0,-8421000000.0,-6000000.0,1638000000.0,0.0,791000000.0,674000000.0,674000000.0,-109000000.0,0.0,0.089,1225000000.0,1071000000.0,884000000.0,0.857,1.638,20.321,20.351,20624000000.0,117000000.0,27.27,1.811,1.81,1171000000.0,632000000.0,7564000000.0,7564000000.0,0.0,0.019,0.081,0.035,0.192,0.0,0.0,1.0,502241723.0,502000000.0,505000000.0,15.068,30647000000.0,106000000.0,92000000.0,4167000000.0,61.05,-41000000.0
2,CNP,MRY,2018-12-31,2018-12-31,2018-12-31,2021-08-25,-108000000.0,27009000000.0,23438750000.0,7025000000.0,19984000000.0,0.268,17.947,-1651000000.0,4231000000.0,4231000000.0,4179000000.0,368000000.0,2.127,2.352,9765000000.0,1083000000.0,8682000000.0,9765000000.0,0.0,1243000000.0,86000000.0,0.039,1.111,943000000.0,2186000000.0,0.348,2186000000.0,943000000.0,523000000.0,0.74,0.74,0.74,8058000000.0,5773250000.0,8058000000.0,22323632855.0,24.0,10.212,485000000.0,1.08,1.0,2098000000.0,0.334,932000000.0,420000000.0,28309000000.0,27702750000.0,394000000.0,3385000000.0,540000000.0,2845000000.0,18951000000.0,3302000000.0,15649000000.0,14148632855.0,3982000000.0,30000000.0,1844000000.0,382000000.0,-499000000.0,3053000000.0,-1207000000.0,398000000.0,2136000000.0,0.0,368000000.0,333000000.0,333000000.0,28000000.0,0.0,0.053,1230000000.0,868000000.0,1240000000.0,1.501,1.756,42.488,38.149,14044000000.0,35000000.0,28.23,2.254,2.019,1568000000.0,349000000.0,6277000000.0,6277000000.0,0.0,0.014,0.058,0.034,0.15,0.0,0.0,1.0,501191387.0,449000000.0,452000000.0,13.98,26077000000.0,0.0,155000000.0,3443000000.0,58.078,3723000000.0
3,CNP,MRY,2017-12-31,2017-12-31,2017-12-31,2021-08-25,-68000000.0,22736000000.0,22211750000.0,3395000000.0,19341000000.0,0.433,10.877,-1426000000.0,260000000.0,260000000.0,7442000000.0,1792000000.0,1.106,3.85,9508000000.0,1313000000.0,8195000000.0,9508000000.0,0.0,1036000000.0,0.0,0.038,1.072,1376000000.0,2412000000.0,0.251,2412000000.0,1376000000.0,1063000000.0,4.16,4.13,4.16,4688000000.0,3851500000.0,4688000000.0,21480110315.0,16.0,8.906,-9000000.0,-0.021,1.0,2172000000.0,0.226,867000000.0,313000000.0,28048000000.0,27564500000.0,397000000.0,3795000000.0,960000000.0,2835000000.0,18048000000.0,3069000000.0,14979000000.0,12224110315.0,-85000000.0,165000000.0,0.0,238000000.0,-461000000.0,-245000000.0,-1257000000.0,0.0,1417000000.0,0.0,1792000000.0,1792000000.0,1792000000.0,0.0,0.0,0.186,1036000000.0,1136000000.0,963000000.0,0.258,2.608,6.821,6.817,13057000000.0,0.0,28.36,1.271,1.271,1427000000.0,543000000.0,9614000000.0,9614000000.0,0.0,0.081,0.465,0.05,0.143,0.0,0.0,1.0,431033509.0,431000000.0,434000000.0,22.306,21869000000.0,0.0,-729000000.0,3355000000.0,50.74,326000000.0
4,CNP,MRY,2016-12-31,2016-12-31,2016-12-31,2021-08-25,-71000000.0,21829000000.0,21282750000.0,2923000000.0,18906000000.0,0.354,8.028,-1414000000.0,341000000.0,341000000.0,5379000000.0,432000000.0,0.949,5.309,9309000000.0,1777000000.0,7532000000.0,9309000000.0,0.0,1126000000.0,0.0,0.042,1.03,1024000000.0,2150000000.0,0.286,2150000000.0,1024000000.0,686000000.0,1.0,1.0,1.0,3460000000.0,3458750000.0,3460000000.0,19455014829.0,19.0,9.049,509000000.0,1.181,1.0,2149000000.0,0.285,862000000.0,338000000.0,26855000000.0,26700250000.0,312000000.0,3821000000.0,953000000.0,2868000000.0,18369000000.0,3080000000.0,15289000000.0,10612014829.0,81000000.0,195000000.0,0.0,-154000000.0,-443000000.0,-808000000.0,-1034000000.0,178000000.0,1923000000.0,0.0,432000000.0,432000000.0,432000000.0,0.0,0.0,0.057,1126000000.0,1023000000.0,657000000.0,1.03,3.067,24.565,24.64,12307000000.0,0.0,24.64,1.41,1.411,1075000000.0,-668000000.0,7528000000.0,7528000000.0,0.0,0.02,0.125,0.038,0.136,0.0,0.0,1.0,430682420.0,431000000.0,434000000.0,17.466,20967000000.0,30000000.0,254000000.0,5435000000.0,48.647,-157000000.0
5,CNP,MRY,2015-12-31,2015-12-31,2015-12-31,2021-08-25,-66000000.0,21290000000.0,22085000000.0,2689000000.0,18601000000.0,0.334,8.049,-1584000000.0,264000000.0,264000000.0,5483000000.0,-692000000.0,1.094,5.151,9212000000.0,1346000000.0,7866000000.0,9212000000.0,0.0,970000000.0,0.0,0.054,0.991,-778000000.0,192000000.0,0.026,192000000.0,-778000000.0,-1130000000.0,-1.61,-1.61,-1.61,3461000000.0,4160750000.0,3461000000.0,16775613827.0,-22.0,87.373,286000000.0,0.665,1.0,1903000000.0,0.258,840000000.0,352000000.0,26940000000.0,27150250000.0,347000000.0,3762000000.0,805000000.0,2957000000.0,17829000000.0,2458000000.0,15371000000.0,7899613827.0,-34000000.0,148000000.0,0.0,-54000000.0,-426000000.0,-517000000.0,-1387000000.0,32000000.0,1870000000.0,0.0,-692000000.0,-692000000.0,-692000000.0,0.0,0.0,-0.094,970000000.0,933000000.0,483000000.0,-0.616,2.282,-11.416,-11.404,11537000000.0,0.0,18.36,1.07,1.069,872000000.0,-657000000.0,7386000000.0,7386000000.0,0.0,-0.031,-0.166,-0.029,-0.105,0.0,0.0,1.0,430262191.0,430000000.0,430000000.0,17.177,20450000000.0,172000000.0,-438000000.0,5205000000.0,47.558,231000000.0
6,CNP,MRY,2014-12-31,2014-12-31,2014-12-31,2021-08-25,0.0,23200000000.0,22358000000.0,3268000000.0,19932000000.0,0.413,10.577,-1372000000.0,298000000.0,298000000.0,7278000000.0,611000000.0,1.17,4.101,9398000000.0,1389000000.0,8009000000.0,9398000000.0,0.0,1013000000.0,0.0,0.041,0.95,1238000000.0,2251000000.0,0.244,2251000000.0,1238000000.0,885000000.0,1.42,1.42,1.42,4548000000.0,4465000000.0,4548000000.0,18922116297.0,15.0,8.406,25000000.0,0.058,1.0,1948000000.0,0.211,840000000.0,353000000.0,28668000000.0,27374500000.0,379000000.0,5814000000.0,930000000.0,4884000000.0,18652000000.0,2792000000.0,15860000000.0,10070116297.0,90000000.0,-1000000.0,0.0,479000000.0,-408000000.0,77000000.0,-1384000000.0,0.0,1397000000.0,0.0,611000000.0,611000000.0,611000000.0,0.0,0.0,0.066,1013000000.0,935000000.0,716000000.0,0.669,2.214,16.481,16.5,10502000000.0,0.0,23.43,1.091,1.092,1194000000.0,461000000.0,9226000000.0,9226000000.0,0.0,0.027,0.137,0.045,0.134,0.0,0.0,1.0,429795830.0,430000000.0,432000000.0,21.456,22360000000.0,190000000.0,274000000.0,5601000000.0,52.0,476000000.0
7,CNP,MRY,2013-12-31,2013-12-31,2013-12-31,2021-08-25,0.0,21870000000.0,21868250000.0,2658000000.0,19212000000.0,0.371,10.114,-1286000000.0,208000000.0,208000000.0,6142000000.0,311000000.0,0.88,4.052,8812000000.0,995000000.0,7817000000.0,8812000000.0,0.0,954000000.0,0.0,0.036,0.83,1265000000.0,2219000000.0,0.274,2219000000.0,1265000000.0,781000000.0,0.73,0.72,0.73,4329000000.0,4288000000.0,4329000000.0,18479879071.0,15.0,8.328,327000000.0,0.764,1.0,1964000000.0,0.242,840000000.0,484000000.0,26615000000.0,26737250000.0,285000000.0,5648000000.0,767000000.0,4881000000.0,17541000000.0,3019000000.0,14522000000.0,9935879071.0,-438000000.0,-38000000.0,4000000.0,-418000000.0,-355000000.0,-751000000.0,-1300000000.0,9000000.0,1613000000.0,0.0,311000000.0,311000000.0,311000000.0,0.0,0.0,0.038,954000000.0,1010000000.0,689000000.0,1.137,2.295,31.948,31.753,9593000000.0,0.0,23.18,1.226,1.224,1249000000.0,258000000.0,8106000000.0,8106000000.0,0.0,0.014,0.073,0.047,0.156,0.0,0.0,1.0,428640167.0,428000000.0,431000000.0,18.939,21030000000.0,0.0,470000000.0,5334000000.0,49.136,-361000000.0
8,CNP,MRY,2012-12-31,2012-12-31,2012-12-31,2021-08-25,0.0,22871000000.0,22543500000.0,2874000000.0,19997000000.0,0.331,10.073,-1212000000.0,646000000.0,646000000.0,5112000000.0,417000000.0,0.804,4.318,10063000000.0,1706000000.0,8357000000.0,10063000000.0,0.0,1050000000.0,0.0,0.042,0.81,1326000000.0,2376000000.0,0.319,2376000000.0,1326000000.0,757000000.0,0.98,0.97,0.98,4301000000.0,4294000000.0,4301000000.0,17649253456.0,13.0,7.428,648000000.0,1.518,1.0,2340000000.0,0.314,1468000000.0,569000000.0,27245000000.0,27015000000.0,322000000.0,945000000.0,540000000.0,405000000.0,18570000000.0,3575000000.0,14995000000.0,8228253456.0,426000000.0,-365000000.0,4000000.0,511000000.0,-346000000.0,169000000.0,-1603000000.0,0.0,1860000000.0,0.0,417000000.0,417000000.0,417000000.0,0.0,0.0,0.056,1302000000.0,1038000000.0,561000000.0,0.827,1.913,19.732,19.643,13597000000.0,0.0,19.25,1.104,1.103,1107000000.0,302000000.0,7452000000.0,7452000000.0,0.0,0.018,0.097,0.049,0.178,0.0,0.0,1.0,427441738.0,427000000.0,430000000.0,17.452,21403000000.0,7000000.0,340000000.0,4917000000.0,50.124,-701000000.0
9,CNP,MRY,2011-12-31,2011-12-31,2011-12-31,2021-08-25,0.0,21703000000.0,20481250000.0,2337000000.0,19366000000.0,0.413,9.911,-1303000000.0,220000000.0,220000000.0,6266000000.0,1357000000.0,0.901,4.14,9384000000.0,743000000.0,8641000000.0,9384000000.0,0.0,886000000.0,0.0,0.039,0.79,2344000000.0,3230000000.0,0.382,3230000000.0,2344000000.0,1761000000.0,3.19,3.17,3.19,4222000000.0,3752000000.0,4222000000.0,17684988365.0,8.0,5.475,585000000.0,1.373,1.0,2184000000.0,0.258,1696000000.0,583000000.0,26578000000.0,25606000000.0,353000000.0,858000000.0,386000000.0,472000000.0,17481000000.0,2593000000.0,14888000000.0,8556988365.0,21000000.0,-12000000.0,6000000.0,-330000000.0,-337000000.0,-661000000.0,-1206000000.0,0.0,1888000000.0,0.0,1357000000.0,1357000000.0,1357000000.0,0.0,0.0,0.161,886000000.0,1298000000.0,560000000.0,0.248,2.027,6.306,6.298,12402000000.0,0.0,20.09,1.013,1.013,1099000000.0,231000000.0,8450000000.0,8450000000.0,0.0,0.066,0.362,0.092,0.277,0.0,0.0,1.0,425932721.0,426000000.0,429000000.0,19.836,20007000000.0,0.0,404000000.0,4546000000.0,46.965,-256000000.0
10,CNP,MRY,2010-12-31,2010-12-31,2010-12-31,2021-08-25,0.0,20111000000.0,19595500000.0,2582000000.0,17529000000.0,0.448,7.8,-1509000000.0,199000000.0,199000000.0,6672000000.0,442000000.0,0.985,5.289,9714000000.0,713000000.0,9001000000.0,9714000000.0,0.0,864000000.0,0.0,0.05,0.78,1326000000.0,2190000000.0,0.249,2190000000.0,1326000000.0,705000000.0,1.08,1.07,1.08,3198000000.0,3024250000.0,3198000000.0,16072456190.0,12.0,7.339,-123000000.0,-0.3,1.0,2113000000.0,0.241,1696000000.0,621000000.0,25310000000.0,24375750000.0,375000000.0,835000000.0,367000000.0,468000000.0,16913000000.0,2620000000.0,14293000000.0,6652456190.0,-541000000.0,-18000000.0,416000000.0,-604000000.0,-319000000.0,-507000000.0,-1420000000.0,0.0,1386000000.0,0.0,442000000.0,442000000.0,442000000.0,0.0,0.0,0.05,864000000.0,1249000000.0,667000000.0,0.722,2.08,15.051,14.556,11732000000.0,0.0,15.72,0.757,0.734,1175000000.0,-789000000.0,8785000000.0,8785000000.0,0.0,0.023,0.146,0.054,0.151,0.0,0.0,1.0,423184236.0,410000000.0,413000000.0,21.427,18415000000.0,138000000.0,263000000.0,3497000000.0,44.915,-38000000.0
11,CNP,MRY,2009-12-31,2009-12-31,2009-12-31,2021-08-25,0.0,19773000000.0,18988250000.0,2904000000.0,16869000000.0,0.436,7.23,-1160000000.0,740000000.0,740000000.0,6414000000.0,372000000.0,0.956,6.493,10278000000.0,1159000000.0,9119000000.0,10278000000.0,0.0,743000000.0,0.0,0.052,0.76,1192000000.0,1935000000.0,0.234,1935000000.0,1192000000.0,548000000.0,1.02,1.01,1.02,2639000000.0,2383250000.0,2639000000.0,15217289493.0,13.0,7.864,681000000.0,1.866,1.0,1867000000.0,0.225,1696000000.0,644000000.0,24577000000.0,24789250000.0,327000000.0,763000000.0,300000000.0,463000000.0,17134000000.0,3038000000.0,14096000000.0,5664289493.0,573000000.0,208000000.0,504000000.0,-606000000.0,-276000000.0,-372000000.0,-896000000.0,0.0,1841000000.0,0.0,372000000.0,372000000.0,372000000.0,0.0,0.0,0.045,743000000.0,1124000000.0,648000000.0,0.745,2.146,15.227,14.225,10788000000.0,0.0,14.51,0.684,0.64,1275000000.0,-912000000.0,8281000000.0,8281000000.0,0.0,0.02,0.156,0.048,0.144,0.0,0.0,1.0,390371433.0,365000000.0,368000000.0,22.688,18077000000.0,0.0,176000000.0,3346000000.0,49.526,-134000000.0
12,CNP,MRY,2008-12-31,2008-12-31,2008-12-31,2021-08-25,0.0,19676000000.0,18579750000.0,3035000000.0,16641000000.0,0.609,6.018,-1020000000.0,167000000.0,167000000.0,9341000000.0,446000000.0,1.066,8.731,10800000000.0,619000000.0,10181000000.0,10800000000.0,0.0,708000000.0,0.0,0.058,0.73,1327000000.0,2035000000.0,0.18,2035000000.0,1327000000.0,723000000.0,1.32,1.3,1.32,2022000000.0,1981500000.0,2022000000.0,14732307958.0,11.0,7.239,-169000000.0,-0.503,1.0,1981000000.0,0.175,1696000000.0,604000000.0,25765000000.0,24119500000.0,569000000.0,563000000.0,218000000.0,345000000.0,17654000000.0,2848000000.0,14806000000.0,4343307958.0,38000000.0,-381000000.0,80000000.0,720000000.0,-246000000.0,555000000.0,-1368000000.0,0.0,851000000.0,0.0,446000000.0,446000000.0,446000000.0,0.0,0.0,0.039,708000000.0,1273000000.0,897000000.0,0.553,2.148,9.738,9.561,10296000000.0,0.0,12.62,0.384,0.375,1873000000.0,-1008000000.0,11322000000.0,11322000000.0,0.0,0.024,0.225,0.055,0.117,0.0,0.0,1.0,344160694.0,336000000.0,344000000.0,33.696,17980000000.0,0.0,277000000.0,3193000000.0,53.512,187000000.0
13,CNP,MRY,2007-12-31,2007-12-31,2007-12-31,2021-08-25,0.0,17872000000.0,17414000000.0,2788000000.0,15084000000.0,0.553,5.634,-1114000000.0,129000000.0,129000000.0,7807000000.0,395000000.0,0.735,8.874,10172000000.0,1808000000.0,8364000000.0,10172000000.0,0.0,631000000.0,0.0,0.04,0.68,1220000000.0,1851000000.0,0.192,1851000000.0,1220000000.0,588000000.0,1.23,1.15,1.23,1810000000.0,1719750000.0,1810000000.0,15446085217.0,13.0,8.345,-340000000.0,-1.058,1.0,1816000000.0,0.189,1696000000.0,632000000.0,22428000000.0,21944750000.0,490000000.0,445000000.0,357000000.0,88000000.0,16062000000.0,3791000000.0,12271000000.0,5503085217.0,2000000.0,-187000000.0,22000000.0,719000000.0,-218000000.0,528000000.0,-1300000000.0,0.0,774000000.0,0.0,395000000.0,395000000.0,395000000.0,0.0,0.0,0.041,631000000.0,1185000000.0,726000000.0,0.553,3.04,13.932,13.927,9740000000.0,0.0,17.13,0.572,0.572,1616000000.0,-1172000000.0,9623000000.0,9623000000.0,0.0,0.023,0.23,0.056,0.127,0.0,0.0,1.0,321254245.0,321254245.0,,29.954,16176000000.0,0.0,193000000.0,2932000000.0,50.353,-1003000000.0
14,CNP,MRY,2006-12-31,2006-12-31,2006-12-31,2021-08-25,0.0,17633000000.0,16932750000.0,2995000000.0,14638000000.0,0.55,4.974,-1007000000.0,127000000.0,127000000.0,7675000000.0,432000000.0,0.71,10.332,9559000000.0,1757000000.0,7802000000.0,9559000000.0,0.0,599000000.0,0.0,0.036,0.6,1094000000.0,1693000000.0,0.182,1693000000.0,1094000000.0,494000000.0,1.39,1.33,1.39,1556000000.0,1493000000.0,1556000000.0,14351872195.0,13.0,8.477,-16000000.0,-0.051,1.0,1644000000.0,0.176,1705000000.0,600000000.0,21139000000.0,21161250000.0,399000000.0,471000000.0,471000000.0,0.0,16077000000.0,4221000000.0,11856000000.0,5186872195.0,53000000.0,-13000000.0,27000000.0,274000000.0,-187000000.0,118000000.0,-1056000000.0,0.0,991000000.0,0.0,432000000.0,432000000.0,432000000.0,0.0,0.0,0.046,599000000.0,1045000000.0,1010000000.0,0.432,3.333,12.007,11.928,9204000000.0,0.0,16.58,0.557,0.557,1468000000.0,-1355000000.0,9319000000.0,9319000000.0,0.0,0.026,0.289,0.052,0.117,0.0,0.0,1.0,312839095.0,312839095.0,,29.788,15928000000.0,0.0,62000000.0,3042000000.0,50.914,-1226000000.0
15,CNP,MRY,2005-12-31,2005-12-31,2005-12-31,2021-08-25,0.0,17116000000.0,16718865250.0,2891000000.0,14225000000.0,0.581,4.179,-693000000.0,74000000.0,74000000.0,8242000000.0,252000000.0,0.959,12.207,9199000000.0,631000000.0,8568000000.0,9199000000.0,0.0,541000000.0,0.0,0.031,0.4,1115000000.0,1656000000.0,0.17,1656000000.0,1115000000.0,405000000.0,0.81,0.75,0.81,1296000000.0,1207488000.0,1296000000.0,12681864387.0,11.0,7.658,-630000000.0,-2.032,1.0,1480000000.0,0.152,1709000000.0,710000000.0,21518000000.0,20112833500.0,382000000.0,377000000.0,377000000.0,0.0,15820000000.0,3014000000.0,12806000000.0,3984864387.0,-91000000.0,724000000.0,17000000.0,-66000000.0,-124000000.0,-171000000.0,17000000.0,0.0,63000000.0,0.0,252000000.0,252000000.0,252000000.0,0.0,0.0,0.026,541000000.0,939000000.0,1161000000.0,0.494,3.075,15.813,15.864,8492000000.0,0.0,12.85,0.41,0.41,1706000000.0,-1600000000.0,9722000000.0,9722000000.0,0.0,0.015,0.209,0.055,0.115,0.0,0.0,1.0,310106178.0,310106178.0,,31.351,15407000000.0,53000000.0,153000000.0,3072000000.0,49.683,-123000000.0
16,CNP,MRY,2004-12-31,2004-12-31,2004-12-31,2021-08-25,0.0,18096000000.0,19973487750.0,2771000000.0,15325000000.0,0.4,3.593,-604000000.0,165000000.0,165000000.0,6645000000.0,-905000000.0,0.541,15.362,9371000000.0,2178000000.0,7193000000.0,9371000000.0,0.0,490000000.0,0.0,0.035,0.4,11000000.0,501000000.0,0.063,501000000.0,11000000.0,-766000000.0,-2.94,-2.48,-2.94,1106000000.0,1360743250.0,1106000000.0,14729186509.0,1339.0,29.4,132000000.0,0.429,1.0,1354000000.0,0.169,1799000000.0,777000000.0,20382000000.0,25609996750.0,254000000.0,421000000.0,421000000.0,0.0,16990000000.0,5121000000.0,11869000000.0,3478382509.0,78000000.0,2040000000.0,12000000.0,-1998000000.0,-123000000.0,-2124000000.0,1466000000.0,0.0,736000000.0,0.0,-905000000.0,-905000000.0,-905000000.0,0.0,0.0,-0.113,490000000.0,864000000.0,802000000.0,-0.136,3.145,-3.844,-3.844,8186000000.0,0.0,11.3,0.435,0.435,1250000000.0,-1727000000.0,7999000000.0,7999000000.0,0.0,-0.045,-0.665,0.0,0.001,0.0,0.0,1.0,307821461.0,307821461.0,,25.986,16297000000.0,0.0,139000000.0,3339000000.0,52.943,-2350000000.0
17,CNP,MRY,2003-12-31,2003-12-31,2003-12-31,2021-08-25,0.0,21461090000.0,20411623250.0,2356631000.0,19104459000.0,0.382,5.752,-659000000.0,86922000.0,86922000.0,5969000000.0,484000000.0,0.929,11.19,11323213000.0,545279000.0,10777934000.0,11323213000.0,0.0,466000000.0,0.0,0.041,0.4,1430000000.0,1896000000.0,0.243,1896000000.0,1430000000.0,689000000.0,1.59,1.46,1.59,1760557000.0,1560091000.0,1760557000.0,14309266258.0,10.0,7.547,235000000.0,0.768,1.0,1821000000.0,0.234,1799621000.0,741000000.0,28360533000.0,27230405750.0,243235000.0,389302000.0,389302000.0,0.0,19700533000.0,2537227000.0,17163306000.0,2965895258.0,-217000000.0,0.0,9000000.0,-339000000.0,-122000000.0,-450000000.0,-661000000.0,0.0,894000000.0,0.0,484000000.0,484000000.0,484000000.0,0.0,0.0,0.062,466000000.0,1355000000.0,588883000.0,0.252,1.685,6.128,6.094,8084924000.0,0.0,9.69,0.381,0.381,961611000.0,-700033000.0,7790000000.0,7790000000.0,0.0,0.024,0.31,0.053,0.184,0.0,0.0,1.0,306077942.0,306077942.0,,25.451,19661469000.0,228746000.0,205000000.0,2728015000.0,64.237,-180596000.0
18,CNP,MRY,2002-12-31,2002-12-31,2002-12-31,2021-08-25,0.0,20456609000.0,28659945250.0,2035353000.0,18421256000.0,0.225,4.672,-823792000.0,304281000.0,304281000.0,4540154000.0,-3920234000.0,0.634,13.386,10576526000.0,1382206000.0,9194320000.0,10576526000.0,48940000.0,457608000.0,0.0,0.126,1.07,-2936176000.0,-2478568000.0,-0.385,-2478568000.0,-2936176000.0,-3647988000.0,-13.16,-13.08,-13.16,1421950000.0,4441168750.0,1421950000.0,12520335986.0,-4.0,-5.051,-488950000.0,-1.607,1.0,1897351000.0,0.295,1806390000.0,711812000.0,25711311000.0,28223068500.0,351816000.0,283486000.0,283486000.0,0.0,19034659000.0,3211153000.0,15823506000.0,2586876986.0,286096000.0,43419000.0,12994000.0,1050976000.0,-324682000.0,722763000.0,-771509000.0,0.0,334842000.0,0.0,-3920234000.0,-3920234000.0,-3920234000.0,0.0,0.0,-0.609,457608000.0,1439743000.0,621528000.0,-0.081,1.819,-0.66,-0.646,12115222000.0,0.0,8.5,0.402,0.402,912825000.0,-1062083000.0,6437505000.0,6437505000.0,0.0,-0.137,-0.883,-0.104,-0.456,0.0,0.0,1.0,304338469.0,304338469.0,,21.152,18650219000.0,72027000.0,272246000.0,3152954000.0,61.281,-1175800000.0
19,CNP,MRY,2001-12-31,2001-12-31,2001-12-31,2021-08-25,0.0,31266363000.0,32050498500.0,6792520000.0,24473843000.0,0.329,22.599,-1210736000.0,35500000.0,35500000.0,8572028000.0,980559000.0,0.65,3.64,9815563000.0,4895826000.0,4919737000.0,9815563000.0,0.0,663309000.0,0.0,0.057,1.5,1844833000.0,2508142000.0,0.238,2508142000.0,1844833000.0,1237937000.0,3.38,3.35,3.38,6737923000.0,6465244250.0,6737923000.0,17348957151.0,9.0,6.917,520752000.0,1.747,1.0,1986963000.0,0.188,1802804000.0,606896000.0,28788546000.0,27290917500.0,405638000.0,826609000.0,826609000.0,0.0,24528440000.0,10455076000.0,14073364000.0,7906937151.0,-65259000.0,0.0,100430000.0,-702107000.0,-433918000.0,-1044919000.0,-1195686000.0,0.0,1731488000.0,0.0,980559000.0,979701000.0,979701000.0,0.0,0.0,0.093,663309000.0,1323654000.0,526758000.0,0.444,1.173,8.071,7.846,11199505000.0,858000.0,26.52,0.749,0.749,826051000.0,3176533000.0,10558991000.0,10558991000.0,0.0,0.031,0.152,0.068,0.175,0.0,0.0,1.0,298149968.0,298149968.0,,35.415,29463559000.0,0.0,257378000.0,3209636000.0,98.821,-3662556000.0
20,CNP,MRY,2000-12-31,2000-12-31,2000-12-31,2021-08-25,0.0,31960429000.0,29729138500.0,9913261000.0,22047168000.0,0.349,18.599,-922165000.0,225972000.0,225972000.0,8219436000.0,447500000.0,0.634,4.83,11623791000.0,6627696000.0,4996095000.0,11623791000.0,0.0,726467000.0,284603000.0,0.035,1.5,1191670000.0,1918137000.0,0.185,1918137000.0,1191670000.0,681696000.0,1.57,1.56,1.57,5482060000.0,5515354250.0,5482060000.0,24724504327.0,21.0,12.89,64324000.0,0.218,1.0,2154766000.0,0.208,3080686000.0,509974000.0,24632348000.0,26611357250.0,483213000.0,1005551000.0,896824000.0,108727000.0,26478369000.0,15645214000.0,10833155000.0,12765622327.0,42517000.0,790166000.0,26503000.0,1729876000.0,-426859000.0,1353751000.0,-230190000.0,-60799000.0,986489000.0,0.0,447500000.0,447111000.0,447111000.0,-225458000.0,0.0,0.043,767178000.0,1387588000.0,3057948000.0,0.955,2.329,28.551,27.586,15260176000.0,389000.0,43.31,1.231,1.231,3216110000.0,2520350000.0,10374202000.0,10374202000.0,0.0,0.015,0.081,0.045,0.115,0.0,0.0,1.0,294749996.0,294749996.0,,35.197,28879743000.0,0.0,234196000.0,3296085000.0,97.98,-5731953000.0
21,CNP,MRY,1999-12-31,1999-12-31,1999-12-31,2021-08-25,0.0,26456466000.0,21851877000.0,6536396000.0,19920070000.0,0.631,17.947,-1165639000.0,80767000.0,80767000.0,11630940000.0,1482470000.0,0.616,3.986,12099184000.0,7230541000.0,4868643000.0,12099184000.0,0.0,905305000.0,3800000.0,0.066,1.5,2881738000.0,3787043000.0,0.275,3787043000.0,2881738000.0,2381587000.0,5.2,5.18,5.2,5306332000.0,4678046750.0,5306332000.0,16012853728.0,6.0,4.228,-62087000.0,-0.21,1.0,2163608000.0,0.157,3041751000.0,500151000.0,24818433000.0,22741581000.0,340459000.0,4057502000.0,3979461000.0,78041000.0,21150134000.0,10614699000.0,10535435000.0,6764965728.0,56538000.0,-1597055000.0,-60256000.0,1947240000.0,-427255000.0,1822919000.0,-2869933000.0,-36582000.0,1103552000.0,0.0,1482470000.0,1482081000.0,1482081000.0,0.0,0.0,0.107,904777000.0,1258831000.0,1025245000.0,0.288,1.275,4.565,4.4,13133559000.0,389000.0,22.88,0.49,0.49,1251365000.0,2500181000.0,13794548000.0,13794548000.0,0.0,0.068,0.317,0.127,0.209,0.0,0.0,1.0,295671579.0,295671579.0,,46.655,23414715000.0,0.0,899117000.0,3442623000.0,79.192,-4078303000.0
22,CNP,MRY,1998-12-31,1998-12-31,1998-12-31,2021-08-25,0.0,19138522000.0,18861472000.0,1669171000.0,17469351000.0,0.595,14.599,-712492000.0,29673000.0,29673000.0,9083352000.0,-141092000.0,0.41,3.428,9010941000.0,2210193000.0,6800748000.0,9010941000.0,0.0,866272000.0,0.0,0.047,1.5,278777000.0,1145049000.0,0.102,1145049000.0,278777000.0,-223655000.0,-0.5,-0.5,-0.5,4321868000.0,4659755250.0,4321868000.0,17571761762.0,63.0,15.346,714576000.0,2.414,1.0,2146167000.0,0.191,2098890000.0,502432000.0,21949958000.0,20889151750.0,383748000.0,2041600000.0,0.0,2041600000.0,14816654000.0,4070942000.0,10745712000.0,9491030762.0,-16775000.0,-292398000.0,4542000.0,254676000.0,-426265000.0,-205692000.0,-1238151000.0,-40928000.0,1427068000.0,0.0,-141092000.0,-141482000.0,-141482000.0,-137276000.0,0.0,-0.013,866272000.0,1279895000.0,807977000.0,-3.0,2.196,-67.083,-64.12,11503114000.0,390000.0,32.06,0.845,0.845,901892000.0,1445081000.0,11229519000.0,11229519000.0,0.0,-0.008,-0.03,0.013,0.025,0.0,0.0,1.0,296039637.0,296039637.0,,37.932,17039632000.0,0.0,-82563000.0,2945566000.0,57.559,-2401771000.0
23,CNP,MRY,1997-12-31,1997-12-31,1997-12-31,2021-08-25,0.0,18445606000.0,15366731500.0,1569741000.0,16875865000.0,0.448,16.526,-328724000.0,51712000.0,51712000.0,5157805000.0,421110000.0,0.39,2.775,7594140000.0,2376125000.0,5218015000.0,7594140000.0,0.0,665374000.0,82437000.0,0.056,1.5,1022569000.0,1687943000.0,0.245,1687943000.0,1022569000.0,627484000.0,1.66,1.66,1.66,4886805000.0,4357383000.0,4886805000.0,,,,782035000.0,2.645,1.0,1720420000.0,0.25,2026395000.0,395085000.0,19937674000.0,17295697000.0,244979000.0,1694102000.0,0.0,1694102000.0,13558801000.0,4023965000.0,9534836000.0,7909927599.0,43711000.0,-1657524000.0,0.0,1143414000.0,-405288000.0,914405000.0,-1981453000.0,0.0,1110759000.0,0.0,421110000.0,420948000.0,420948000.0,0.0,0.0,0.061,665374000.0,1055046000.0,879612000.0,0.904,1.619,18.791,16.114,11280362000.0,162000.0,26.75,1.15,1.15,1168834000.0,2013055000.0,6878225000.0,6878225000.0,0.0,0.027,0.097,0.059,0.149,0.0,0.0,1.0,295698228.0,295698228.0,,23.261,16419211000.0,356509000.0,206374000.0,3382592000.0,55.527,-2454224000.0
24,CNP,MRY,1996-12-31,1996-12-31,1996-12-31,2021-08-25,0.0,12287857000.0,,343920000.0,11943937000.0,,,-317532000.0,8001000.0,8001000.0,2554773000.0,404944000.0,0.153,2.21,4617985000.0,1592335000.0,3025650000.0,4617985000.0,0.0,550038000.0,53633000.0,0.066,1.5,915089000.0,1465127000.0,0.358,1465127000.0,915089000.0,605109000.0,1.66,1.66,1.66,3827961000.0,,3827961000.0,,,,596788000.0,,1.0,1540504000.0,0.376,0.0,309980000.0,14653720000.0,,192175000.0,1529491000.0,0.0,1529491000.0,8459896000.0,2244121000.0,6215775000.0,,-3778000.0,-495379000.0,-361196000.0,896309000.0,-361126000.0,-85198000.0,-832900000.0,0.0,914320000.0,0.0,404944000.0,404944000.0,404944000.0,0.0,0.0,0.099,550038000.0,990466000.0,157682000.0,0.904,,,13.627,8756423000.0,0.0,22.62,,,114130000.0,,4095277000.0,4095277000.0,0.0,,,,0.223,0.0,0.0,1.0,,,,,12287857000.0,362310000.0,200165000.0,2829791000.0,,-1900201000.0
25,CNP,MRY,1995-12-31,1995-12-31,1995-12-31,2021-08-25,,,,,,,,-447631000.0,,,2224702000.0,1105524000.0,,,,,,,,478034000.0,,0.062,1.5,1606156000.0,2084190000.0,0.559,2084190000.0,1606156000.0,1305079000.0,4.46,4.46,4.46,,,,,,,397264000.0,,1.0,1504569000.0,0.403,,301077000.0,,,,,,,,,,,1336000.0,619345000.0,0.0,-469243000.0,-371731000.0,-963029000.0,119470000.0,0.0,844895000.0,0.0,1105524000.0,1105524000.0,1105524000.0,0.0,0.0,0.296,599119000.0,905450000.0,,0.336,,,5.437,,0.0,24.25,,,,,3729271000.0,3729271000.0,0.0,,,,0.431,0.0,0.0,1.0,,,,,,,199555000.0,,,
0,CNP,MRQ,2021-06-30,2021-06-30,2021-06-30,2021-08-25,-85000000.0,36466000000.0,,5179000000.0,31287000000.0,,15.137,-789000000.0,136000000.0,136000000.0,1119000000.0,251000000.0,1.537,3.111,17150000000.0,1297000000.0,15853000000.0,17150000000.0,0.0,327000000.0,109000000.0,0.025,0.16,372000000.0,699000000.0,0.401,699000000.0,372000000.0,248000000.0,0.38,0.37,0.38,8870000000.0,,8870000000.0,30850758316.0,20.0,11.077,-184000000.0,-0.314,1.0,623000000.0,0.358,4294000000.0,124000000.0,45817000000.0,,440000000.0,2168000000.0,923000000.0,1245000000.0,27596000000.0,3369000000.0,24227000000.0,14233758316.0,-10000000.0,0.0,0.0,269000000.0,-95000000.0,157000000.0,-772000000.0,0.0,605000000.0,0.0,251000000.0,221000000.0,221000000.0,0.0,0.0,0.127,327000000.0,296000000.0,797000000.0,0.421,1.605,18.366,17.768,22096000000.0,30000000.0,24.52,1.787,1.804,921000000.0,-343000000.0,1742000000.0,1742000000.0,0.0,,,,,0.0,0.0,1.0,580495853.0,586000000.0,596000000.0,2.973,32172000000.0,78000000.0,-3000000.0,3901000000.0,54.901,1810000000.0
1,CNP,MRQ,2021-03-31,2021-03-31,2021-03-31,2021-08-25,-87000000.0,35906000000.0,,3219000000.0,32687000000.0,,15.79,-594000000.0,146000000.0,146000000.0,1787000000.0,363000000.0,0.744,3.12,16763000000.0,2715000000.0,14048000000.0,16763000000.0,0.0,307000000.0,120000000.0,0.027,0.16,556000000.0,863000000.0,0.339,863000000.0,556000000.0,437000000.0,0.56,0.56,0.56,8716000000.0,,8716000000.0,26739285233.0,19.0,10.079,-2275000000.0,-4.121,1.0,760000000.0,0.298,4697000000.0,119000000.0,43500000000.0,,377000000.0,2064000000.0,848000000.0,1216000000.0,27190000000.0,4326000000.0,22864000000.0,12493285233.0,0.0,0.0,0.0,2425000000.0,-88000000.0,2285000000.0,-604000000.0,0.0,-1681000000.0,0.0,363000000.0,334000000.0,334000000.0,0.0,0.0,0.131,307000000.0,453000000.0,797000000.0,0.286,1.433,20.381,20.405,22739000000.0,29000000.0,22.65,1.602,1.603,1123000000.0,-482000000.0,2547000000.0,2547000000.0,0.0,,,,,0.0,0.0,1.0,551579922.0,552000000.0,631000000.0,4.614,31209000000.0,79000000.0,74000000.0,3916000000.0,56.538,-1107000000.0
2,CNP,MRQ,2020-12-31,2020-12-31,2020-12-31,2021-08-25,-90000000.0,33471000000.0,,2920000000.0,30551000000.0,,15.206,-707000000.0,147000000.0,147000000.0,1465000000.0,200000000.0,0.605,3.009,14393000000.0,2872000000.0,11521000000.0,14393000000.0,0.0,305000000.0,119000000.0,0.034,0.15,373000000.0,678000000.0,0.33,678000000.0,373000000.0,254000000.0,0.31,0.31,0.31,8348000000.0,,8348000000.0,25843929037.0,-50.0,38.401,-151000000.0,-0.275,1.0,589000000.0,0.287,4697000000.0,119000000.0,38195000000.0,,500000000.0,2017000000.0,871000000.0,1146000000.0,25123000000.0,4825000000.0,20298000000.0,11789929037.0,-41000000.0,113000000.0,0.0,91000000.0,-83000000.0,-15000000.0,-582000000.0,0.0,556000000.0,0.0,200000000.0,151000000.0,151000000.0,0.0,0.0,0.074,304000000.0,285000000.0,853000000.0,0.484,1.412,-12.424,-12.089,22362000000.0,49000000.0,21.64,1.589,1.549,1181000000.0,-845000000.0,2054000000.0,2054000000.0,0.0,,,,,0.0,0.0,1.0,544821120.0,549000000.0,549000000.0,3.741,28774000000.0,82000000.0,54000000.0,3868000000.0,52.412,-1905000000.0
3,CNP,MRQ,2020-09-30,2020-09-30,2020-09-30,2021-08-25,-82000000.0,32705000000.0,,2785000000.0,29920000000.0,,15.391,-611000000.0,185000000.0,185000000.0,1014000000.0,121000000.0,0.727,2.899,14239000000.0,2293000000.0,11946000000.0,14239000000.0,0.0,306000000.0,120000000.0,0.045,0.15,239000000.0,545000000.0,0.336,545000000.0,239000000.0,111000000.0,0.13,0.13,0.13,8388000000.0,,8388000000.0,24094247147.0,-42.0,38.799,-353000000.0,-0.648,1.0,608000000.0,0.375,4697000000.0,128000000.0,38232000000.0,,534000000.0,1948000000.0,836000000.0,1112000000.0,24317000000.0,3830000000.0,20487000000.0,10542247147.0,14000000.0,39000000.0,-1000000.0,430000000.0,-82000000.0,296000000.0,-540000000.0,0.0,258000000.0,0.0,121000000.0,69000000.0,69000000.0,6000000.0,0.0,0.043,306000000.0,302000000.0,658000000.0,1.154,1.257,-10.846,-9.923,21735000000.0,52000000.0,19.35,1.428,1.428,1015000000.0,-796000000.0,1622000000.0,1622000000.0,0.0,,,,,0.0,0.0,1.0,544818974.0,545000000.0,548000000.0,2.976,28008000000.0,102000000.0,-10000000.0,3787000000.0,51.391,-1045000000.0
4,CNP,MRQ,2020-06-30,2020-06-30,2020-06-30,2021-08-25,-84000000.0,32148000000.0,,2501000000.0,29647000000.0,,15.894,-614000000.0,168000000.0,168000000.0,1043000000.0,105000000.0,0.58,2.831,13720000000.0,2783000000.0,10937000000.0,13720000000.0,0.0,298000000.0,124000000.0,0.054,0.15,269000000.0,567000000.0,0.36,567000000.0,269000000.0,134000000.0,0.11,0.11,0.11,8392000000.0,,8392000000.0,25178605275.0,-72.0,28.743,-95000000.0,-0.18,1.0,532000000.0,0.338,4697000000.0,135000000.0,36694000000.0,,462000000.0,1971000000.0,753000000.0,1218000000.0,23756000000.0,4309000000.0,19447000000.0,9384605275.0,-53000000.0,1136000000.0,673000000.0,-2374000000.0,-82000000.0,-1083000000.0,511000000.0,0.0,519000000.0,0.0,105000000.0,59000000.0,59000000.0,30000000.0,0.0,0.037,297000000.0,235000000.0,670000000.0,1.364,1.118,-11.731,-11.669,21348000000.0,46000000.0,18.67,1.265,1.329,1010000000.0,-771000000.0,1575000000.0,1575000000.0,0.0,,,,,0.0,0.0,1.0,502656951.0,528000000.0,531000000.0,2.983,27451000000.0,0.0,29000000.0,3732000000.0,51.991,-1808000000.0
5,CNP,MRQ,2020-03-31,2020-03-31,2020-03-31,2021-08-25,-100000000.0,33395000000.0,,4164000000.0,29231000000.0,,13.884,-664000000.0,220000000.0,220000000.0,1483000000.0,-1199000000.0,1.03,3.791,16014000000.0,2184000000.0,13830000000.0,16014000000.0,0.0,282000000.0,124000000.0,0.075,0.29,-1399000000.0,-1117000000.0,-0.515,-1117000000.0,-1399000000.0,-1546000000.0,-2.44,-2.44,-2.44,6970000000.0,,6970000000.0,23523657208.0,-89.0,23.383,-2000000.0,-0.004,1.0,684000000.0,0.316,4697000000.0,147000000.0,40450000000.0,,375000000.0,1891000000.0,678000000.0,1213000000.0,26425000000.0,4042000000.0,22383000000.0,7759657208.0,-24000000.0,7000000.0,0.0,159000000.0,-145000000.0,-32000000.0,-654000000.0,0.0,662000000.0,0.0,-1199000000.0,-1228000000.0,-1228000000.0,146000000.0,0.0,-0.567,467000000.0,217000000.0,739000000.0,-0.119,1.113,-11.181,-11.196,20978000000.0,29000000.0,15.45,1.034,1.034,1031000000.0,-761000000.0,2167000000.0,2167000000.0,0.0,,,,,0.0,0.0,1.0,502243185.0,502000000.0,502000000.0,4.317,28698000000.0,93000000.0,-347000000.0,3739000000.0,57.167,122000000.0
6,CNP,MRQ,2019-12-31,2019-12-31,2019-12-31,2021-08-25,-98000000.0,35529000000.0,,3937000000.0,31592000000.0,,16.651,-684000000.0,241000000.0,241000000.0,1458000000.0,157000000.0,0.99,3.25,16005000000.0,1761000000.0,14244000000.0,16005000000.0,0.0,305000000.0,124000000.0,0.042,0.287,321000000.0,626000000.0,0.31,626000000.0,321000000.0,174000000.0,0.25,0.25,0.25,8359000000.0,,8359000000.0,29136131786.0,20.0,10.553,-132000000.0,-0.263,1.0,561000000.0,0.278,4882000000.0,147000000.0,42433000000.0,,472000000.0,3593000000.0,822000000.0,2771000000.0,27170000000.0,3978000000.0,23192000000.0,13696131786.0,-26000000.0,42000000.0,0.0,229000000.0,-144000000.0,68000000.0,-646000000.0,-6000000.0,552000000.0,0.0,157000000.0,128000000.0,128000000.0,-20000000.0,0.0,0.063,287000000.0,274000000.0,884000000.0,1.148,1.638,20.321,20.351,20624000000.0,29000000.0,27.27,1.811,1.81,1171000000.0,632000000.0,2019000000.0,2019000000.0,0.0,,,,,0.0,0.0,1.0,502241723.0,502000000.0,505000000.0,4.022,30647000000.0,106000000.0,17000000.0,4167000000.0,61.05,-41000000.0
7,CNP,MRQ,2019-09-30,2019-09-30,2019-09-30,2021-08-25,-107000000.0,34642000000.0,,3416000000.0,31226000000.0,,16.625,-653000000.0,259000000.0,259000000.0,985000000.0,270000000.0,0.995,3.151,15699000000.0,1685000000.0,14014000000.0,15699000000.0,0.0,341000000.0,122000000.0,0.038,0.287,459000000.0,800000000.0,0.483,800000000.0,459000000.0,316000000.0,0.48,0.47,0.48,8346000000.0,,8346000000.0,30249960245.0,20.0,11.012,-141000000.0,-0.281,1.0,673000000.0,0.406,5535000000.0,143000000.0,41113000000.0,,572000000.0,3578000000.0,746000000.0,2832000000.0,26296000000.0,3434000000.0,22862000000.0,15156960245.0,-35000000.0,0.0,0.0,265000000.0,-145000000.0,79000000.0,-626000000.0,0.0,512000000.0,0.0,270000000.0,241000000.0,241000000.0,-19000000.0,0.0,0.145,316000000.0,357000000.0,888000000.0,0.598,1.816,23.832,23.764,20328000000.0,29000000.0,30.18,3.55,3.549,1494000000.0,636000000.0,1658000000.0,1658000000.0,0.0,,,,,0.0,0.0,1.0,502218696.0,502000000.0,505000000.0,3.303,29107000000.0,69000000.0,46000000.0,4044000000.0,57.982,-18000000.0
8,CNP,MRQ,2019-06-30,2019-06-30,2019-06-30,2021-08-25,-105000000.0,34189000000.0,,3326000000.0,30863000000.0,,16.448,-632000000.0,271000000.0,271000000.0,1107000000.0,195000000.0,1.11,3.141,15364000000.0,1243000000.0,14121000000.0,15364000000.0,0.0,343000000.0,126000000.0,0.039,0.287,354000000.0,697000000.0,0.42,697000000.0,354000000.0,210000000.0,0.33,0.33,0.33,8257000000.0,,8257000000.0,28970237640.0,22.0,11.264,-329000000.0,-0.655,1.0,551000000.0,0.332,5549000000.0,144000000.0,40737000000.0,,479000000.0,3524000000.0,687000000.0,2837000000.0,25932000000.0,2996000000.0,22936000000.0,14377237640.0,-23000000.0,-4000000.0,0.0,445000000.0,-144000000.0,284000000.0,-610000000.0,0.0,303000000.0,0.0,195000000.0,165000000.0,165000000.0,-44000000.0,0.0,0.1,322000000.0,229000000.0,936000000.0,0.87,1.741,26.236,25.114,19932000000.0,30000000.0,28.63,2.981,2.98,1538000000.0,552000000.0,1658000000.0,1658000000.0,0.0,,,,,0.0,0.0,1.0,502173861.0,502000000.0,505000000.0,3.303,28640000000.0,69000000.0,15000000.0,3963000000.0,57.052,330000000.0
9,CNP,MRQ,2019-03-31,2019-03-31,2019-03-31,2021-08-25,-107000000.0,33902000000.0,,3419000000.0,30483000000.0,,16.367,-537000000.0,255000000.0,255000000.0,1718000000.0,169000000.0,1.089,3.126,14848000000.0,1089000000.0,13759000000.0,14848000000.0,0.0,322000000.0,142000000.0,0.037,0.287,316000000.0,638000000.0,0.286,638000000.0,316000000.0,183000000.0,0.28,0.28,0.28,8216000000.0,,8216000000.0,20921033533.0,22.0,9.424,-266000000.0,-0.53,1.0,511000000.0,0.229,5589000000.0,133000000.0,39767000000.0,,371000000.0,3457000000.0,623000000.0,2834000000.0,25686000000.0,3139000000.0,22547000000.0,15387033533.0,-3923000000.0,-5987000000.0,0.0,2546000000.0,-144000000.0,2345000000.0,-6539000000.0,0.0,271000000.0,0.0,169000000.0,140000000.0,140000000.0,-26000000.0,0.0,0.063,300000000.0,211000000.0,1181000000.0,1.025,1.873,49.958,47.969,19512000000.0,29000000.0,30.7,2.876,2.88,1866000000.0,518000000.0,2229000000.0,2229000000.0,0.0,,,,,0.0,0.0,1.0,501206304.0,502000000.0,504000000.0,4.44,28313000000.0,0.0,14000000.0,4038000000.0,56.4,280000000.0
10,CNP,MRQ,2018-12-31,2018-12-31,2018-12-31,2021-08-25,-108000000.0,27009000000.0,,7025000000.0,19984000000.0,,16.02,-530000000.0,4231000000.0,4231000000.0,-1728000000.0,120000000.0,2.127,2.352,9765000000.0,1083000000.0,8682000000.0,9765000000.0,0.0,261000000.0,86000000.0,0.039,0.278,351000000.0,612000000.0,-0.48,612000000.0,351000000.0,190000000.0,0.18,0.18,0.18,8058000000.0,,8058000000.0,22323632855.0,24.0,10.212,-73000000.0,-0.145,1.0,452000000.0,-0.354,932000000.0,161000000.0,28309000000.0,,394000000.0,3385000000.0,540000000.0,2845000000.0,18951000000.0,3302000000.0,15649000000.0,14148632855.0,3947000000.0,0.0,1844000000.0,1379000000.0,-139000000.0,4023000000.0,-533000000.0,0.0,457000000.0,0.0,120000000.0,90000000.0,90000000.0,28000000.0,0.0,-0.071,248000000.0,204000000.0,1240000000.0,1.544,1.756,42.488,38.149,14044000000.0,30000000.0,28.23,2.254,2.019,1568000000.0,349000000.0,-1276000000.0,-1276000000.0,0.0,,,,,0.0,0.0,1.0,501191387.0,503000000.0,503000000.0,-2.537,26077000000.0,0.0,70000000.0,3443000000.0,51.843,3723000000.0
11,CNP,MRQ,2018-09-30,2018-09-30,2018-09-30,2021-08-25,-58000000.0,22228000000.0,,2726000000.0,19502000000.0,,12.75,-424000000.0,293000000.0,293000000.0,1660000000.0,158000000.0,1.056,3.036,8468000000.0,1216000000.0,7252000000.0,8468000000.0,0.0,326000000.0,0.0,0.04,0.278,299000000.0,625000000.0,0.283,625000000.0,299000000.0,209000000.0,0.35,0.35,0.35,5508000000.0,,5508000000.0,20909459556.0,22.0,9.398,162000000.0,0.375,1.0,552000000.0,0.25,867000000.0,90000000.0,26955000000.0,,405000000.0,3447000000.0,627000000.0,2820000000.0,16720000000.0,2581000000.0,14139000000.0,11932459556.0,-35000000.0,0.0,0.0,-502000000.0,-120000000.0,-214000000.0,-407000000.0,0.0,586000000.0,0.0,158000000.0,153000000.0,153000000.0,0.0,0.0,0.069,326000000.0,226000000.0,708000000.0,0.794,2.166,7.753,7.745,13653000000.0,5000000.0,27.65,1.171,1.172,1130000000.0,551000000.0,2212000000.0,2212000000.0,0.0,,,,,0.0,0.0,1.0,431553691.0,432000000.0,435000000.0,5.12,21361000000.0,38000000.0,51000000.0,3372000000.0,49.447,145000000.0
12,CNP,MRQ,2018-06-30,2018-06-30,2018-06-30,2021-08-25,-62000000.0,22108000000.0,,2701000000.0,19407000000.0,,10.81,-335000000.0,328000000.0,328000000.0,1657000000.0,-75000000.0,0.95,3.734,9305000000.0,1545000000.0,7760000000.0,9305000000.0,0.0,342000000.0,0.0,0.039,0.278,3000000.0,345000000.0,0.158,345000000.0,3000000.0,-88000000.0,-0.17,-0.17,-0.17,4670000000.0,,4670000000.0,21200124921.0,21.0,9.567,274000000.0,0.634,1.0,529000000.0,0.242,867000000.0,91000000.0,27376000000.0,,344000000.0,3398000000.0,584000000.0,2814000000.0,17438000000.0,2842000000.0,14596000000.0,11956124921.0,109000000.0,16000000.0,0.0,-444000000.0,-120000000.0,-564000000.0,64000000.0,382000000.0,609000000.0,0.0,-75000000.0,-75000000.0,-75000000.0,0.0,0.0,-0.034,342000000.0,187000000.0,706000000.0,-1.635,2.56,7.689,7.676,13397000000.0,0.0,27.71,1.186,1.188,1165000000.0,513000000.0,2186000000.0,2186000000.0,0.0,,,,,0.0,0.0,1.0,431473292.0,432000000.0,432000000.0,5.06,21241000000.0,39000000.0,-13000000.0,3271000000.0,49.169,-141000000.0
13,CNP,MRQ,2018-03-31,2018-03-31,2018-03-31,2021-08-25,-63000000.0,22410000000.0,,3049000000.0,19361000000.0,,11.269,-362000000.0,219000000.0,219000000.0,2590000000.0,165000000.0,1.166,3.614,9463000000.0,1287000000.0,8176000000.0,9463000000.0,0.0,314000000.0,0.0,0.039,0.278,290000000.0,604000000.0,0.191,604000000.0,290000000.0,212000000.0,0.38,0.38,0.38,4857000000.0,,4857000000.0,21058718625.0,16.0,8.727,122000000.0,0.283,1.0,565000000.0,0.179,867000000.0,78000000.0,28171000000.0,,257000000.0,3774000000.0,944000000.0,2830000000.0,17553000000.0,2616000000.0,14937000000.0,11810718625.0,-39000000.0,14000000.0,0.0,-51000000.0,-120000000.0,-192000000.0,-331000000.0,16000000.0,484000000.0,0.0,165000000.0,165000000.0,165000000.0,0.0,0.0,0.052,314000000.0,251000000.0,712000000.0,0.732,2.432,6.692,6.699,13205000000.0,0.0,27.4,1.177,1.177,1356000000.0,708000000.0,3155000000.0,3155000000.0,0.0,,,,,0.0,0.0,1.0,431048125.0,431000000.0,434000000.0,7.32,21543000000.0,0.0,47000000.0,3336000000.0,49.984,433000000.0
14,CNP,MRQ,2017-12-31,2017-12-31,2017-12-31,2021-08-25,-68000000.0,22736000000.0,,3395000000.0,19341000000.0,,10.877,-432000000.0,260000000.0,260000000.0,2043000000.0,1296000000.0,1.106,3.85,9508000000.0,1313000000.0,8195000000.0,9508000000.0,0.0,287000000.0,0.0,0.038,0.268,364000000.0,651000000.0,0.247,651000000.0,364000000.0,286000000.0,3.01,2.99,3.01,4688000000.0,,4688000000.0,21480110315.0,16.0,8.906,-43000000.0,-0.1,1.0,595000000.0,0.226,867000000.0,78000000.0,28048000000.0,,397000000.0,3795000000.0,960000000.0,2835000000.0,18048000000.0,3069000000.0,14979000000.0,12224110315.0,63000000.0,74000000.0,0.0,167000000.0,-115000000.0,34000000.0,-360000000.0,0.0,389000000.0,0.0,1296000000.0,1296000000.0,1296000000.0,0.0,0.0,0.491,287000000.0,308000000.0,963000000.0,0.089,2.608,6.821,6.817,13057000000.0,0.0,28.36,1.271,1.271,1427000000.0,543000000.0,2638000000.0,2638000000.0,0.0,,,,,0.0,0.0,1.0,431033509.0,431000000.0,434000000.0,6.121,21869000000.0,0.0,-1010000000.0,3355000000.0,50.74,326000000.0
15,CNP,MRQ,2017-09-30,2017-09-30,2017-09-30,2021-08-25,-72000000.0,22135000000.0,,2935000000.0,19200000000.0,,8.394,-345000000.0,201000000.0,201000000.0,1532000000.0,169000000.0,0.911,5.118,9457000000.0,1926000000.0,7531000000.0,9457000000.0,0.0,269000000.0,0.0,0.036,0.268,347000000.0,616000000.0,0.294,616000000.0,347000000.0,267000000.0,0.39,0.39,0.39,3618000000.0,,3618000000.0,21783222753.0,17.0,9.647,6000000.0,0.014,1.0,566000000.0,0.27,867000000.0,80000000.0,27303000000.0,,442000000.0,3901000000.0,1057000000.0,2844000000.0,18517000000.0,3221000000.0,15296000000.0,12590222753.0,-47000000.0,74000000.0,0.0,-25000000.0,-116000000.0,-141000000.0,-257000000.0,0.0,351000000.0,0.0,169000000.0,169000000.0,169000000.0,0.0,0.0,0.081,269000000.0,297000000.0,657000000.0,0.687,3.48,21.089,21.167,12700000000.0,0.0,29.21,1.39,1.39,996000000.0,-518000000.0,2098000000.0,2098000000.0,0.0,,,,,0.0,0.0,1.0,431024401.0,431000000.0,434000000.0,4.868,21268000000.0,0.0,98000000.0,5657000000.0,49.346,-286000000.0
16,CNP,MRQ,2017-06-30,2017-06-30,2017-06-30,2021-08-25,-70000000.0,22045000000.0,,2865000000.0,19180000000.0,,8.267,-337000000.0,248000000.0,248000000.0,1649000000.0,135000000.0,0.943,5.187,9441000000.0,1854000000.0,7587000000.0,9441000000.0,0.0,254000000.0,0.0,0.038,0.268,288000000.0,542000000.0,0.253,542000000.0,288000000.0,211000000.0,0.31,0.31,0.31,3563000000.0,,3563000000.0,20951814088.0,17.0,9.012,23000000.0,0.053,1.0,494000000.0,0.231,867000000.0,77000000.0,27333000000.0,,410000000.0,3870000000.0,1020000000.0,2850000000.0,18482000000.0,3038000000.0,15444000000.0,11799814088.0,-10000000.0,75000000.0,0.0,13000000.0,-115000000.0,-102000000.0,-268000000.0,0.0,360000000.0,0.0,135000000.0,135000000.0,135000000.0,0.0,0.0,0.063,254000000.0,240000000.0,631000000.0,0.865,3.312,19.44,19.418,12644000000.0,0.0,27.38,1.334,1.334,953000000.0,-571000000.0,2143000000.0,2143000000.0,0.0,,,,,0.0,0.0,1.0,430964722.0,431000000.0,434000000.0,4.972,21178000000.0,0.0,76000000.0,5517000000.0,49.137,-173000000.0
17,CNP,MRQ,2017-03-31,2017-03-31,2017-03-31,2021-08-25,-71000000.0,21931000000.0,,2896000000.0,19035000000.0,,8.206,-312000000.0,254000000.0,254000000.0,2218000000.0,192000000.0,1.096,5.2,9406000000.0,1514000000.0,7892000000.0,9406000000.0,0.0,226000000.0,0.0,0.038,0.268,377000000.0,603000000.0,0.22,603000000.0,377000000.0,299000000.0,0.45,0.44,0.45,3537000000.0,,3537000000.0,20842092063.0,19.0,9.622,5000000.0,0.012,1.0,517000000.0,0.189,867000000.0,78000000.0,27574000000.0,,316000000.0,3862000000.0,997000000.0,2865000000.0,18394000000.0,2642000000.0,15752000000.0,11874092063.0,-91000000.0,-58000000.0,0.0,83000000.0,-115000000.0,-36000000.0,-372000000.0,0.0,317000000.0,0.0,192000000.0,192000000.0,192000000.0,0.0,0.0,0.07,226000000.0,291000000.0,634000000.0,0.596,3.357,25.264,25.294,12452000000.0,0.0,27.57,1.434,1.435,1067000000.0,-591000000.0,2735000000.0,2735000000.0,0.0,,,,,0.0,0.0,1.0,430688867.0,431000000.0,433000000.0,6.346,21064000000.0,14000000.0,107000000.0,5459000000.0,48.872,254000000.0
18,CNP,MRQ,2016-12-31,2016-12-31,2016-12-31,2021-08-25,-71000000.0,21829000000.0,,2923000000.0,18906000000.0,,8.028,-367000000.0,341000000.0,341000000.0,1521000000.0,101000000.0,0.949,5.309,9309000000.0,1777000000.0,7532000000.0,9309000000.0,0.0,253000000.0,0.0,0.042,0.258,244000000.0,497000000.0,0.239,497000000.0,244000000.0,162000000.0,0.23,0.24,0.23,3460000000.0,,3460000000.0,19455014829.0,19.0,9.049,101000000.0,0.234,1.0,560000000.0,0.269,862000000.0,82000000.0,26855000000.0,,312000000.0,3821000000.0,953000000.0,2868000000.0,18369000000.0,3080000000.0,15289000000.0,10612014829.0,75000000.0,74000000.0,0.0,44000000.0,-111000000.0,-98000000.0,-295000000.0,0.0,468000000.0,0.0,101000000.0,101000000.0,101000000.0,0.0,0.0,0.049,253000000.0,307000000.0,657000000.0,1.122,3.067,24.565,24.64,12307000000.0,0.0,24.64,1.41,1.411,1075000000.0,-668000000.0,2081000000.0,2081000000.0,0.0,,,,,0.0,0.0,1.0,430682420.0,431000000.0,437000000.0,4.828,20967000000.0,30000000.0,61000000.0,5435000000.0,48.647,-157000000.0
19,CNP,MRQ,2016-09-30,2016-09-30,2016-09-30,2021-08-25,-64000000.0,21286000000.0,,2529000000.0,18757000000.0,,8.056,-365000000.0,270000000.0,270000000.0,1281000000.0,179000000.0,1.055,5.131,9113000000.0,1377000000.0,7736000000.0,9113000000.0,0.0,324000000.0,0.0,0.044,0.258,359000000.0,683000000.0,0.362,683000000.0,359000000.0,276000000.0,0.42,0.41,0.42,3472000000.0,,3472000000.0,18783736913.0,391.0,16.096,29000000.0,0.067,1.0,608000000.0,0.322,862000000.0,83000000.0,26869000000.0,,351000000.0,3712000000.0,814000000.0,2898000000.0,17814000000.0,2398000000.0,15416000000.0,10004736913.0,-1000000.0,70000000.0,0.0,-11000000.0,-111000000.0,-123000000.0,-272000000.0,0.0,394000000.0,0.0,179000000.0,179000000.0,179000000.0,0.0,0.0,0.095,324000000.0,284000000.0,422000000.0,0.614,2.882,-56.206,-56.659,12083000000.0,0.0,23.23,1.382,1.383,868000000.0,-658000000.0,1889000000.0,1889000000.0,0.0,,,,,0.0,0.0,1.0,430681744.0,431000000.0,433000000.0,4.383,20424000000.0,23000000.0,97000000.0,5340000000.0,47.387,131000000.0
20,CNP,MRQ,2016-06-30,2016-06-30,2016-06-30,2021-08-25,-67000000.0,21012000000.0,,2272000000.0,18740000000.0,,7.882,-350000000.0,271000000.0,271000000.0,1103000000.0,-2000000.0,1.014,5.185,9050000000.0,1270000000.0,7780000000.0,9050000000.0,0.0,289000000.0,0.0,0.042,0.258,94000000.0,383000000.0,0.243,383000000.0,94000000.0,8000000.0,-0.01,-0.01,-0.01,3397000000.0,,3397000000.0,19092866368.0,-22.0,93.136,74000000.0,0.172,1.0,471000000.0,0.299,861000000.0,86000000.0,26689000000.0,,283000000.0,3636000000.0,737000000.0,2899000000.0,17615000000.0,2241000000.0,15374000000.0,10334866368.0,53000000.0,-23000000.0,0.0,115000000.0,-111000000.0,-173000000.0,-198000000.0,178000000.0,424000000.0,0.0,-2000000.0,-2000000.0,-2000000.0,0.0,0.0,-0.001,289000000.0,182000000.0,407000000.0,-25.8,3.042,-13.817,-13.793,11898000000.0,0.0,24.0,1.481,1.482,783000000.0,-726000000.0,1574000000.0,1574000000.0,0.0,,,,,0.0,0.0,1.0,430619432.0,431000000.0,431000000.0,3.652,20151000000.0,16000000.0,10000000.0,5213000000.0,46.754,31000000.0
21,CNP,MRQ,2016-03-31,2016-03-31,2016-03-31,2021-08-25,-65000000.0,21004000000.0,,2335000000.0,18669000000.0,,8.153,-332000000.0,218000000.0,218000000.0,1474000000.0,154000000.0,0.921,4.991,8976000000.0,1622000000.0,7354000000.0,8976000000.0,0.0,260000000.0,0.0,0.048,0.258,327000000.0,587000000.0,0.296,587000000.0,327000000.0,240000000.0,0.36,0.36,0.36,3506000000.0,,3506000000.0,17993284989.0,-24.0,68.156,305000000.0,0.709,1.0,510000000.0,0.257,840000000.0,87000000.0,26388000000.0,,234000000.0,3837000000.0,894000000.0,2943000000.0,17498000000.0,2534000000.0,14964000000.0,9001284989.0,-46000000.0,74000000.0,0.0,-302000000.0,-110000000.0,-414000000.0,-269000000.0,0.0,637000000.0,0.0,154000000.0,154000000.0,154000000.0,0.0,0.0,0.078,260000000.0,250000000.0,378000000.0,0.717,2.567,-13.455,-13.497,11718000000.0,0.0,20.92,1.298,1.297,784000000.0,-613000000.0,1984000000.0,1984000000.0,0.0,,,,,0.0,0.0,1.0,430271749.0,430000000.0,433000000.0,4.614,20164000000.0,3000000.0,86000000.0,5217000000.0,46.893,-199000000.0
22,CNP,MRQ,2015-12-31,2015-12-31,2015-12-31,2021-08-25,-66000000.0,21290000000.0,,2689000000.0,18601000000.0,,8.049,-453000000.0,264000000.0,264000000.0,1319000000.0,-509000000.0,1.094,5.151,9212000000.0,1346000000.0,7866000000.0,9212000000.0,0.0,246000000.0,0.0,0.054,0.247,-732000000.0,-486000000.0,-0.271,-486000000.0,-732000000.0,-818000000.0,-1.18,-1.18,-1.18,3461000000.0,,3461000000.0,16775613827.0,-22.0,87.373,-101000000.0,-0.235,1.0,472000000.0,0.264,840000000.0,86000000.0,26940000000.0,,347000000.0,3762000000.0,805000000.0,2957000000.0,17829000000.0,2458000000.0,15371000000.0,7899613827.0,37000000.0,74000000.0,0.0,161000000.0,-107000000.0,48000000.0,-363000000.0,0.0,352000000.0,0.0,-509000000.0,-509000000.0,-509000000.0,0.0,0.0,-0.284,246000000.0,226000000.0,483000000.0,-0.209,2.282,-11.416,-11.404,11537000000.0,0.0,18.36,1.07,1.069,872000000.0,-657000000.0,1791000000.0,1791000000.0,0.0,,,,,0.0,0.0,1.0,430262191.0,430000000.0,430000000.0,4.165,20450000000.0,172000000.0,-309000000.0,5205000000.0,47.558,231000000.0
23,CNP,MRQ,2015-09-30,2015-09-30,2015-09-30,2021-08-25,-81000000.0,21778000000.0,,2400000000.0,19378000000.0,,9.437,-419000000.0,227000000.0,227000000.0,1097000000.0,-391000000.0,0.752,4.367,9103000000.0,1441000000.0,7662000000.0,9103000000.0,0.0,268000000.0,0.0,0.054,0.248,-547000000.0,-279000000.0,-0.171,-279000000.0,-547000000.0,-635000000.0,-0.91,-0.91,-0.91,4058000000.0,,4058000000.0,16664921248.0,101.0,14.906,-23000000.0,-0.053,1.0,533000000.0,0.327,840000000.0,88000000.0,26623000000.0,,342000000.0,4793000000.0,826000000.0,3967000000.0,17720000000.0,3191000000.0,14529000000.0,7761921248.0,-18000000.0,74000000.0,0.0,77000000.0,-106000000.0,-61000000.0,-353000000.0,0.0,396000000.0,0.0,-391000000.0,-391000000.0,-391000000.0,0.0,0.0,-0.24,268000000.0,265000000.0,367000000.0,-0.273,1.913,-1108.846,-902.0,11185000000.0,0.0,18.04,0.974,0.974,748000000.0,-41000000.0,1630000000.0,1630000000.0,0.0,,,,,0.0,0.0,1.0,430261710.0,430000000.0,430000000.0,3.791,20938000000.0,68000000.0,-244000000.0,5314000000.0,48.693,-791000000.0
24,CNP,MRQ,2015-06-30,2015-06-30,2015-06-30,2021-08-25,-82000000.0,22602000000.0,,2509000000.0,20093000000.0,,10.581,-371000000.0,245000000.0,245000000.0,1107000000.0,77000000.0,0.803,3.967,9148000000.0,1534000000.0,7614000000.0,9148000000.0,0.0,239000000.0,0.0,0.051,0.247,203000000.0,442000000.0,0.289,442000000.0,203000000.0,114000000.0,0.18,0.18,0.18,4550000000.0,,4550000000.0,17041839419.0,16.0,8.432,85000000.0,0.198,1.0,425000000.0,0.277,840000000.0,89000000.0,27540000000.0,,274000000.0,5794000000.0,960000000.0,4834000000.0,18052000000.0,3125000000.0,14927000000.0,8186839419.0,11000000.0,0.0,0.0,-4000000.0,-107000000.0,-111000000.0,-334000000.0,32000000.0,456000000.0,0.0,77000000.0,77000000.0,77000000.0,0.0,0.0,0.05,239000000.0,186000000.0,367000000.0,1.372,1.799,15.535,15.598,10911000000.0,0.0,19.03,1.005,1.005,823000000.0,456000000.0,1532000000.0,1532000000.0,0.0,,,,,0.0,0.0,1.0,430207011.0,430000000.0,432000000.0,3.563,21762000000.0,38000000.0,37000000.0,5534000000.0,50.609,-616000000.0
25,CNP,MRQ,2015-03-31,2015-03-31,2015-03-31,2021-08-25,-84000000.0,22670000000.0,,2691000000.0,19979000000.0,,10.637,-341000000.0,234000000.0,234000000.0,1960000000.0,131000000.0,0.844,3.956,9089000000.0,1322000000.0,7767000000.0,9089000000.0,0.0,217000000.0,0.0,0.047,0.248,298000000.0,515000000.0,0.212,515000000.0,298000000.0,209000000.0,0.3,0.3,0.3,4574000000.0,,4574000000.0,17872273168.0,16.0,8.418,325000000.0,0.756,1.0,473000000.0,0.194,840000000.0,89000000.0,27498000000.0,,198000000.0,5777000000.0,913000000.0,4864000000.0,18096000000.0,3187000000.0,14909000000.0,8772273168.0,-64000000.0,0.0,0.0,-288000000.0,-106000000.0,-393000000.0,-337000000.0,0.0,666000000.0,0.0,131000000.0,131000000.0,131000000.0,0.0,0.0,0.054,217000000.0,256000000.0,476000000.0,0.827,1.918,15.749,15.822,10670000000.0,0.0,20.41,1.033,1.033,1132000000.0,486000000.0,2433000000.0,2433000000.0,0.0,,,,,0.0,0.0,1.0,429802703.0,430000000.0,431000000.0,5.658,21830000000.0,0.0,78000000.0,5586000000.0,50.767,-496000000.0
26,CNP,MRQ,2014-12-31,2014-12-31,2014-12-31,2021-08-25,0.0,23200000000.0,,3268000000.0,19932000000.0,,10.577,-374000000.0,298000000.0,298000000.0,1922000000.0,176000000.0,1.17,4.101,9398000000.0,1389000000.0,8009000000.0,9398000000.0,0.0,229000000.0,0.0,0.041,0.237,211000000.0,440000000.0,0.185,440000000.0,211000000.0,209000000.0,0.41,0.41,0.41,4548000000.0,,4548000000.0,18922116297.0,15.0,8.406,-101000000.0,-0.235,1.0,450000000.0,0.19,840000000.0,2000000.0,28668000000.0,,379000000.0,5814000000.0,930000000.0,4884000000.0,18652000000.0,2792000000.0,15860000000.0,10070116297.0,68000000.0,-1000000.0,0.0,255000000.0,-102000000.0,153000000.0,-358000000.0,0.0,273000000.0,0.0,176000000.0,176000000.0,176000000.0,0.0,0.0,0.074,229000000.0,221000000.0,716000000.0,0.578,2.214,16.481,16.5,10502000000.0,0.0,23.43,1.091,1.092,1194000000.0,461000000.0,2372000000.0,2372000000.0,0.0,,,,,0.0,0.0,1.0,429795830.0,430000000.0,435000000.0,5.516,22360000000.0,190000000.0,33000000.0,5601000000.0,52.0,476000000.0
27,CNP,MRQ,2014-09-30,2014-09-30,2014-09-30,2021-08-25,-85000000.0,22048000000.0,,2576000000.0,19472000000.0,,10.402,-373000000.0,230000000.0,230000000.0,1281000000.0,143000000.0,0.856,3.929,9082000000.0,1285000000.0,7797000000.0,9082000000.0,0.0,293000000.0,0.0,0.038,0.237,331000000.0,624000000.0,0.345,624000000.0,331000000.0,213000000.0,0.33,0.33,0.33,4473000000.0,,4473000000.0,19280103960.0,15.0,8.336,39000000.0,0.091,1.0,526000000.0,0.291,840000000.0,118000000.0,27052000000.0,,409000000.0,5728000000.0,840000000.0,4888000000.0,17575000000.0,3008000000.0,14567000000.0,10517103960.0,24000000.0,1000000.0,0.0,81000000.0,-102000000.0,-21000000.0,-367000000.0,0.0,412000000.0,0.0,143000000.0,143000000.0,143000000.0,0.0,0.0,0.079,293000000.0,233000000.0,441000000.0,0.718,2.351,19.192,19.117,10205000000.0,0.0,24.47,1.164,1.164,886000000.0,387000000.0,1807000000.0,1807000000.0,0.0,,,,,0.0,0.0,1.0,429795830.0,430000000.0,432000000.0,4.202,21208000000.0,0.0,70000000.0,5394000000.0,49.321,-432000000.0
28,CNP,MRQ,2014-06-30,2014-06-30,2014-06-30,2021-08-25,-87000000.0,21920000000.0,,2529000000.0,19391000000.0,,10.291,-324000000.0,206000000.0,206000000.0,1442000000.0,107000000.0,0.836,3.954,8969000000.0,1214000000.0,7755000000.0,8969000000.0,0.0,256000000.0,0.0,0.035,0.237,288000000.0,544000000.0,0.289,544000000.0,288000000.0,169000000.0,0.25,0.25,0.25,4425000000.0,,4425000000.0,19571775847.0,15.0,8.569,8000000.0,0.019,1.0,442000000.0,0.235,840000000.0,119000000.0,26817000000.0,,295000000.0,5689000000.0,809000000.0,4880000000.0,17495000000.0,3026000000.0,14469000000.0,10975775847.0,-173000000.0,-1000000.0,-1000000.0,-60000000.0,-102000000.0,-162000000.0,-343000000.0,0.0,332000000.0,0.0,107000000.0,107000000.0,107000000.0,0.0,0.0,0.057,256000000.0,186000000.0,519000000.0,0.948,2.48,19.741,19.646,9979000000.0,0.0,25.54,1.237,1.238,1020000000.0,346000000.0,1884000000.0,1884000000.0,0.0,,,,,0.0,0.0,1.0,429748467.0,430000000.0,431000000.0,4.381,21080000000.0,0.0,62000000.0,5299000000.0,49.023,-497000000.0
29,CNP,MRQ,2014-03-31,2014-03-31,2014-03-31,2021-08-25,-89000000.0,22264000000.0,,2955000000.0,19309000000.0,,10.289,-301000000.0,379000000.0,379000000.0,2633000000.0,185000000.0,0.966,4.044,8975000000.0,919000000.0,8056000000.0,8975000000.0,0.0,235000000.0,0.0,0.036,0.237,408000000.0,643000000.0,0.203,643000000.0,408000000.0,294000000.0,0.43,0.43,0.43,4414000000.0,,4414000000.0,18763262052.0,14.0,8.317,79000000.0,0.184,1.0,530000000.0,0.168,840000000.0,114000000.0,26961000000.0,,172000000.0,5640000000.0,737000000.0,4903000000.0,17850000000.0,3059000000.0,14791000000.0,10159262052.0,171000000.0,0.0,1000000.0,203000000.0,-102000000.0,107000000.0,-316000000.0,0.0,380000000.0,0.0,185000000.0,185000000.0,185000000.0,0.0,0.0,0.058,235000000.0,295000000.0,802000000.0,0.551,2.302,29.11,28.89,9763000000.0,0.0,23.69,1.144,1.144,1485000000.0,341000000.0,3163000000.0,3163000000.0,0.0,,,,,0.0,0.0,1.0,428841792.0,429000000.0,431000000.0,7.373,21424000000.0,0.0,109000000.0,5377000000.0,49.939,-104000000.0
30,CNP,MRQ,2013-12-31,2013-12-31,2013-12-31,2021-08-25,0.0,21870000000.0,,2658000000.0,19212000000.0,,10.114,-374000000.0,208000000.0,208000000.0,1760000000.0,113000000.0,0.88,4.052,8812000000.0,995000000.0,7817000000.0,8812000000.0,0.0,213000000.0,0.0,0.036,0.207,289000000.0,502000000.0,0.23,502000000.0,289000000.0,175000000.0,0.27,0.26,0.27,4329000000.0,,4329000000.0,18479879071.0,15.0,8.328,107000000.0,0.25,1.0,424000000.0,0.194,840000000.0,114000000.0,26615000000.0,,285000000.0,5648000000.0,767000000.0,4881000000.0,17541000000.0,3019000000.0,14522000000.0,9935879071.0,-11000000.0,0.0,4000000.0,-33000000.0,-88000000.0,-118000000.0,-374000000.0,0.0,481000000.0,0.0,113000000.0,113000000.0,113000000.0,0.0,0.0,0.052,213000000.0,211000000.0,689000000.0,0.767,2.295,31.948,31.753,9593000000.0,0.0,23.18,1.226,1.224,1249000000.0,258000000.0,2184000000.0,2184000000.0,0.0,,,,,0.0,0.0,1.0,428640167.0,428000000.0,431000000.0,5.103,21030000000.0,0.0,62000000.0,5334000000.0,49.136,-361000000.0
31,CNP,MRQ,2013-09-30,2013-09-30,2013-09-30,2021-08-25,-127000000.0,21575000000.0,,2319000000.0,19256000000.0,,9.932,-326000000.0,219000000.0,219000000.0,1148000000.0,151000000.0,0.894,4.063,8763000000.0,1005000000.0,7758000000.0,8763000000.0,0.0,248000000.0,0.0,0.034,0.207,347000000.0,595000000.0,0.363,595000000.0,347000000.0,229000000.0,0.35,0.35,0.35,4261000000.0,,4261000000.0,18721056564.0,14.0,8.083,16000000.0,0.037,1.0,492000000.0,0.3,840000000.0,118000000.0,26684000000.0,,374000000.0,5577000000.0,689000000.0,4888000000.0,17314000000.0,2595000000.0,14719000000.0,10274056564.0,-278000000.0,0.0,0.0,-231000000.0,-89000000.0,-319000000.0,-301000000.0,0.0,342000000.0,0.0,151000000.0,151000000.0,151000000.0,0.0,0.0,0.092,248000000.0,244000000.0,386000000.0,0.591,2.411,30.946,30.731,9386000000.0,0.0,23.97,1.275,1.276,810000000.0,233000000.0,1640000000.0,1640000000.0,0.0,,,,,0.0,0.0,1.0,428621467.0,429000000.0,431000000.0,3.823,20735000000.0,89000000.0,78000000.0,5259000000.0,48.333,-276000000.0
32,CNP,MRQ,2013-06-30,2013-06-30,2013-06-30,2021-08-25,-130000000.0,21658000000.0,,2480000000.0,19178000000.0,,9.769,-315000000.0,497000000.0,497000000.0,1418000000.0,-100000000.0,0.927,4.168,8944000000.0,1025000000.0,7919000000.0,8944000000.0,0.0,253000000.0,0.0,0.035,0.207,263000000.0,516000000.0,0.272,516000000.0,263000000.0,144000000.0,-0.23,-0.23,-0.23,4191000000.0,,4191000000.0,19350178979.0,16.0,8.446,-58000000.0,-0.135,1.0,476000000.0,0.251,840000000.0,119000000.0,26590000000.0,,276000000.0,5483000000.0,635000000.0,4848000000.0,17467000000.0,2675000000.0,14792000000.0,10066178979.0,252000000.0,-38000000.0,-1000000.0,435000000.0,-89000000.0,346000000.0,-351000000.0,9000000.0,257000000.0,0.0,-100000000.0,-100000000.0,-100000000.0,0.0,0.0,-0.053,253000000.0,223000000.0,425000000.0,-0.9,2.402,52.703,52.2,9184000000.0,0.0,23.49,1.239,1.24,901000000.0,171000000.0,1894000000.0,1894000000.0,0.0,,,,,0.0,0.0,1.0,428530395.0,429000000.0,431000000.0,4.415,20818000000.0,28000000.0,244000000.0,5125000000.0,48.527,-195000000.0
33,CNP,MRQ,2013-03-31,2013-03-31,2013-03-31,2021-08-25,-132000000.0,22370000000.0,,2363000000.0,20007000000.0,,10.213,-271000000.0,245000000.0,245000000.0,1816000000.0,147000000.0,0.756,4.118,9529000000.0,1399000000.0,8130000000.0,9529000000.0,0.0,240000000.0,0.0,0.034,0.207,366000000.0,606000000.0,0.254,606000000.0,366000000.0,233000000.0,0.34,0.34,0.34,4371000000.0,,4371000000.0,19664014866.0,15.0,8.221,262000000.0,0.612,1.0,572000000.0,0.24,1468000000.0,133000000.0,27060000000.0,,203000000.0,1014000000.0,614000000.0,400000000.0,17999000000.0,3126000000.0,14873000000.0,10247014866.0,-401000000.0,0.0,1000000.0,-589000000.0,-89000000.0,-660000000.0,-274000000.0,0.0,533000000.0,0.0,147000000.0,147000000.0,147000000.0,0.0,0.0,0.062,240000000.0,332000000.0,510000000.0,0.609,2.344,24.573,24.701,13708000000.0,0.0,23.96,1.321,1.322,1136000000.0,360000000.0,2388000000.0,2388000000.0,0.0,,,,,0.0,0.0,1.0,427671739.0,428000000.0,430000000.0,5.579,20902000000.0,10000000.0,86000000.0,4943000000.0,48.836,-763000000.0
34,CNP,MRQ,2012-12-31,2012-12-31,2012-12-31,2021-08-25,0.0,22871000000.0,,2874000000.0,19997000000.0,,10.073,-394000000.0,646000000.0,646000000.0,1578000000.0,134000000.0,0.804,4.318,10063000000.0,1706000000.0,8357000000.0,10063000000.0,0.0,250000000.0,0.0,0.042,0.203,349000000.0,599000000.0,0.28,599000000.0,349000000.0,210000000.0,0.32,0.31,0.32,4301000000.0,,4301000000.0,17649253456.0,13.0,7.428,87000000.0,0.204,1.0,560000000.0,0.262,1468000000.0,139000000.0,27245000000.0,,322000000.0,945000000.0,540000000.0,405000000.0,18570000000.0,3575000000.0,14995000000.0,8228253456.0,-76000000.0,-5000000.0,1000000.0,-77000000.0,-87000000.0,-163000000.0,-394000000.0,0.0,481000000.0,0.0,134000000.0,134000000.0,134000000.0,0.0,0.0,0.063,250000000.0,310000000.0,561000000.0,0.634,1.913,19.732,19.643,13597000000.0,0.0,19.25,1.104,1.103,1107000000.0,302000000.0,2138000000.0,2138000000.0,0.0,,,,,0.0,0.0,1.0,427441738.0,427000000.0,430000000.0,5.007,21403000000.0,7000000.0,76000000.0,4917000000.0,50.124,-701000000.0
35,CNP,MRQ,2012-09-30,2012-09-30,2012-09-30,2021-08-25,-125000000.0,22477000000.0,,2752000000.0,19725000000.0,,9.97,-294000000.0,722000000.0,722000000.0,1064000000.0,10000000.0,0.818,4.28,10143000000.0,1728000000.0,8415000000.0,10143000000.0,0.0,301000000.0,0.0,0.038,0.203,269000000.0,570000000.0,0.334,570000000.0,269000000.0,128000000.0,0.02,0.02,0.02,4257000000.0,,4257000000.0,18202325016.0,14.0,7.945,158000000.0,0.37,1.0,641000000.0,0.376,1468000000.0,141000000.0,27066000000.0,,352000000.0,930000000.0,522000000.0,408000000.0,18220000000.0,3364000000.0,14856000000.0,9103325016.0,-401000000.0,-267000000.0,1000000.0,-209000000.0,-86000000.0,-301000000.0,-552000000.0,0.0,452000000.0,0.0,10000000.0,10000000.0,10000000.0,0.0,0.0,0.006,553000000.0,88000000.0,371000000.0,10.15,2.138,22.758,22.903,13337000000.0,0.0,21.3,1.22,1.219,865000000.0,255000000.0,1705000000.0,1705000000.0,0.0,,,,,0.0,0.0,1.0,427386151.0,427000000.0,430000000.0,3.993,21009000000.0,5000000.0,118000000.0,4838000000.0,49.201,-612000000.0
36,CNP,MRQ,2012-06-30,2012-06-30,2012-06-30,2021-08-25,-128000000.0,22475000000.0,,2955000000.0,19520000000.0,,10.145,-260000000.0,1123000000.0,1123000000.0,948000000.0,126000000.0,0.922,4.188,10222000000.0,1639000000.0,8583000000.0,10222000000.0,0.0,275000000.0,0.0,0.039,0.203,342000000.0,617000000.0,0.405,617000000.0,342000000.0,200000000.0,0.29,0.29,0.29,4332000000.0,,4332000000.0,17989265514.0,8.0,5.458,243000000.0,0.569,1.0,577000000.0,0.378,1696000000.0,142000000.0,26672000000.0,,269000000.0,921000000.0,445000000.0,476000000.0,18143000000.0,3206000000.0,14937000000.0,8832265514.0,27000000.0,-89000000.0,0.0,-26000000.0,-86000000.0,-111000000.0,-365000000.0,0.0,503000000.0,0.0,126000000.0,126000000.0,126000000.0,0.0,0.0,0.083,275000000.0,302000000.0,331000000.0,0.7,2.039,6.48,6.48,12739000000.0,0.0,20.67,1.157,1.156,798000000.0,331000000.0,1525000000.0,1525000000.0,0.0,,,,,0.0,0.0,1.0,427298767.0,427000000.0,430000000.0,3.571,20779000000.0,0.0,74000000.0,4675000000.0,48.663,-251000000.0
37,CNP,MRQ,2012-03-31,2012-03-31,2012-03-31,2021-08-25,-131000000.0,22351000000.0,,2968000000.0,19383000000.0,,10.061,-264000000.0,1096000000.0,1096000000.0,1522000000.0,147000000.0,1.085,4.215,10253000000.0,1248000000.0,9005000000.0,10253000000.0,0.0,224000000.0,0.0,0.04,0.203,366000000.0,590000000.0,0.283,590000000.0,366000000.0,219000000.0,0.34,0.34,0.34,4286000000.0,,4286000000.0,17566184604.0,8.0,5.43,160000000.0,0.376,1.0,562000000.0,0.27,1696000000.0,147000000.0,27077000000.0,,255000000.0,906000000.0,432000000.0,474000000.0,18065000000.0,2735000000.0,15330000000.0,8402184604.0,876000000.0,-4000000.0,2000000.0,823000000.0,-87000000.0,744000000.0,-292000000.0,0.0,424000000.0,0.0,147000000.0,147000000.0,147000000.0,0.0,0.0,0.071,224000000.0,338000000.0,366000000.0,0.597,1.96,6.196,6.201,12512000000.0,0.0,19.72,1.057,1.057,881000000.0,291000000.0,2084000000.0,2084000000.0,0.0,,,,,0.0,0.0,1.0,426074270.0,426000000.0,428000000.0,4.892,20655000000.0,0.0,72000000.0,4640000000.0,48.486,233000000.0
38,CNP,MRQ,2011-12-31,2011-12-31,2011-12-31,2021-08-25,0.0,21703000000.0,,2337000000.0,19366000000.0,,9.911,-343000000.0,220000000.0,220000000.0,1662000000.0,117000000.0,0.901,4.14,9384000000.0,743000000.0,8641000000.0,9384000000.0,0.0,209000000.0,0.0,0.039,0.198,305000000.0,514000000.0,0.24,514000000.0,305000000.0,159000000.0,0.28,0.28,0.28,4222000000.0,,4222000000.0,17684988365.0,8.0,5.475,96000000.0,0.225,1.0,483000000.0,0.225,1696000000.0,146000000.0,26578000000.0,,353000000.0,858000000.0,386000000.0,472000000.0,17481000000.0,2593000000.0,14888000000.0,8556988365.0,117000000.0,-12000000.0,1000000.0,120000000.0,-85000000.0,36000000.0,-358000000.0,0.0,439000000.0,0.0,117000000.0,117000000.0,117000000.0,0.0,0.0,0.055,209000000.0,274000000.0,560000000.0,0.707,2.027,6.306,6.298,12402000000.0,0.0,20.09,1.013,1.013,1099000000.0,231000000.0,2145000000.0,2145000000.0,0.0,,,,,0.0,0.0,1.0,425932721.0,426000000.0,432000000.0,5.035,20007000000.0,0.0,42000000.0,4546000000.0,46.965,-256000000.0
39,CNP,MRQ,2011-09-30,2011-09-30,2011-09-30,2021-08-25,-110000000.0,20951000000.0,,1982000000.0,18969000000.0,,9.876,-327000000.0,103000000.0,103000000.0,1271000000.0,973000000.0,0.855,3.98,9231000000.0,734000000.0,8497000000.0,9231000000.0,0.0,253000000.0,0.0,0.04,0.198,1322000000.0,1575000000.0,0.837,1575000000.0,1322000000.0,1177000000.0,2.28,2.27,2.28,4207000000.0,,4207000000.0,17507300488.0,7.0,5.412,-15000000.0,-0.035,1.0,610000000.0,0.324,1696000000.0,145000000.0,26064000000.0,,418000000.0,811000000.0,337000000.0,474000000.0,16744000000.0,2319000000.0,14425000000.0,8355300488.0,-87000000.0,7000000.0,1000000.0,-40000000.0,-84000000.0,-123000000.0,-276000000.0,0.0,312000000.0,0.0,973000000.0,973000000.0,973000000.0,0.0,0.0,0.517,253000000.0,357000000.0,417000000.0,0.087,1.986,6.126,6.131,12158000000.0,0.0,19.62,0.994,0.995,882000000.0,199000000.0,1881000000.0,1881000000.0,0.0,,,,,0.0,0.0,1.0,425856294.0,426000000.0,429000000.0,4.415,19255000000.0,0.0,204000000.0,4492000000.0,45.2,-337000000.0
40,CNP,MRQ,2011-06-30,2011-06-30,2011-06-30,2021-08-25,-112000000.0,19677000000.0,,2042000000.0,17635000000.0,,7.777,-300000000.0,190000000.0,190000000.0,1311000000.0,119000000.0,0.865,4.939,9342000000.0,832000000.0,8510000000.0,9342000000.0,0.0,223000000.0,0.0,0.041,0.198,333000000.0,556000000.0,0.303,556000000.0,333000000.0,190000000.0,0.28,0.28,0.28,3313000000.0,,3313000000.0,17544698574.0,13.0,7.773,210000000.0,0.493,1.0,526000000.0,0.286,1696000000.0,143000000.0,24772000000.0,,309000000.0,891000000.0,417000000.0,474000000.0,16364000000.0,2361000000.0,14003000000.0,8231698574.0,95000000.0,-4000000.0,2000000.0,-69000000.0,-84000000.0,-151000000.0,-264000000.0,0.0,510000000.0,0.0,119000000.0,119000000.0,119000000.0,0.0,0.0,0.065,223000000.0,303000000.0,394000000.0,0.707,2.485,16.015,15.992,11981000000.0,0.0,19.35,0.976,0.978,906000000.0,-690000000.0,1837000000.0,1837000000.0,0.0,,,,,0.0,0.0,1.0,425410779.0,426000000.0,428000000.0,4.312,17981000000.0,0.0,71000000.0,3741000000.0,42.209,-319000000.0
41,CNP,MRQ,2011-03-31,2011-03-31,2011-03-31,2021-08-25,-115000000.0,19594000000.0,,2014000000.0,17580000000.0,,7.685,-333000000.0,95000000.0,95000000.0,2022000000.0,148000000.0,0.915,4.999,9408000000.0,676000000.0,8732000000.0,9408000000.0,0.0,201000000.0,0.0,0.045,0.198,384000000.0,585000000.0,0.226,585000000.0,384000000.0,235000000.0,0.35,0.35,0.35,3266000000.0,,3266000000.0,16975360258.0,13.0,7.713,294000000.0,0.692,1.0,565000000.0,0.218,1696000000.0,149000000.0,25010000000.0,,194000000.0,873000000.0,399000000.0,474000000.0,16328000000.0,2201000000.0,14127000000.0,7460360258.0,-104000000.0,-3000000.0,2000000.0,-341000000.0,-84000000.0,-423000000.0,-308000000.0,0.0,627000000.0,0.0,148000000.0,148000000.0,148000000.0,0.0,0.0,0.057,201000000.0,364000000.0,449000000.0,0.566,2.284,15.673,15.54,11857000000.0,0.0,17.56,0.894,0.894,1084000000.0,-725000000.0,2587000000.0,2587000000.0,0.0,,,,,0.0,0.0,1.0,424849673.0,425000000.0,427000000.0,6.087,17898000000.0,4000000.0,87000000.0,3546000000.0,42.113,-187000000.0
42,CNP,MRQ,2010-12-31,2010-12-31,2010-12-31,2021-08-25,0.0,20111000000.0,,2582000000.0,17529000000.0,,7.525,-456000000.0,199000000.0,199000000.0,1592000000.0,124000000.0,0.985,5.289,9714000000.0,713000000.0,9001000000.0,9714000000.0,0.0,204000000.0,0.0,0.05,0.195,315000000.0,519000000.0,0.247,519000000.0,315000000.0,164000000.0,0.29,0.29,0.29,3198000000.0,,3198000000.0,16072456190.0,12.0,7.339,-53000000.0,-0.125,1.0,506000000.0,0.241,1696000000.0,151000000.0,25310000000.0,,375000000.0,835000000.0,367000000.0,468000000.0,16913000000.0,2620000000.0,14293000000.0,6652456190.0,100000000.0,3000000.0,24000000.0,163000000.0,-83000000.0,103000000.0,-406000000.0,0.0,403000000.0,0.0,124000000.0,124000000.0,124000000.0,0.0,0.0,0.059,204000000.0,302000000.0,667000000.0,0.672,2.08,15.051,14.556,11732000000.0,0.0,15.72,0.757,0.734,1175000000.0,-789000000.0,2098000000.0,2098000000.0,0.0,,,,,0.0,0.0,1.0,423184236.0,425000000.0,428000000.0,4.936,18415000000.0,138000000.0,40000000.0,3497000000.0,43.329,-38000000.0
43,CNP,MRQ,2010-09-30,2010-09-30,2010-09-30,2021-08-25,-116000000.0,19399000000.0,,2143000000.0,17256000000.0,,7.415,-326000000.0,99000000.0,99000000.0,1338000000.0,123000000.0,0.744,5.2,9519000000.0,1252000000.0,8267000000.0,9519000000.0,0.0,243000000.0,0.0,0.049,0.195,354000000.0,597000000.0,0.313,597000000.0,354000000.0,199000000.0,0.29,0.29,0.29,3129000000.0,,3129000000.0,15851386367.0,12.0,7.318,-161000000.0,-0.382,1.0,570000000.0,0.299,1696000000.0,155000000.0,24242000000.0,,404000000.0,815000000.0,335000000.0,480000000.0,16270000000.0,2881000000.0,13389000000.0,6629386367.0,-484000000.0,1000000.0,22000000.0,-294000000.0,-82000000.0,-354000000.0,-295000000.0,0.0,165000000.0,0.0,123000000.0,123000000.0,123000000.0,0.0,0.0,0.064,243000000.0,327000000.0,384000000.0,0.672,2.119,15.672,14.971,11420000000.0,0.0,15.72,0.738,0.738,843000000.0,-830000000.0,1908000000.0,1908000000.0,0.0,,,,,0.0,0.0,1.0,421716690.0,422000000.0,425000000.0,4.521,17703000000.0,113000000.0,76000000.0,3430000000.0,41.95,-738000000.0
44,CNP,MRQ,2010-06-30,2010-06-30,2010-06-30,2021-08-25,-119000000.0,19521000000.0,,2352000000.0,17169000000.0,,7.652,-469000000.0,583000000.0,583000000.0,1276000000.0,81000000.0,0.776,5.377,9805000000.0,1395000000.0,8410000000.0,9805000000.0,0.0,217000000.0,0.0,0.059,0.195,283000000.0,500000000.0,0.285,500000000.0,283000000.0,126000000.0,0.2,0.2,0.2,3061000000.0,,3061000000.0,14673442956.0,11.0,7.031,-86000000.0,-0.215,1.0,480000000.0,0.273,1696000000.0,157000000.0,24015000000.0,,303000000.0,795000000.0,316000000.0,479000000.0,16460000000.0,3032000000.0,13428000000.0,5190442956.0,254000000.0,-2000000.0,341000000.0,23000000.0,-77000000.0,287000000.0,-416000000.0,0.0,383000000.0,0.0,81000000.0,81000000.0,81000000.0,0.0,0.0,0.046,217000000.0,263000000.0,418000000.0,0.975,1.696,12.537,12.299,11217000000.0,0.0,13.16,0.6,0.608,885000000.0,-871000000.0,1756000000.0,1756000000.0,0.0,,,,,0.0,0.0,1.0,394410559.0,400000000.0,402000000.0,4.39,17825000000.0,0.0,45000000.0,3299000000.0,44.562,-680000000.0
45,CNP,MRQ,2010-03-31,2010-03-31,2010-03-31,2021-08-25,-121000000.0,19351000000.0,,2384000000.0,16967000000.0,,6.893,-258000000.0,329000000.0,329000000.0,2466000000.0,114000000.0,0.745,6.143,9812000000.0,1402000000.0,8410000000.0,9812000000.0,0.0,200000000.0,0.0,0.053,0.195,374000000.0,574000000.0,0.19,574000000.0,374000000.0,216000000.0,0.29,0.29,0.29,2709000000.0,,2709000000.0,15177427464.0,12.0,7.346,177000000.0,0.45,1.0,557000000.0,0.184,1696000000.0,158000000.0,23936000000.0,,166000000.0,816000000.0,338000000.0,478000000.0,16642000000.0,3202000000.0,13440000000.0,5639427464.0,-411000000.0,-20000000.0,29000000.0,-496000000.0,-77000000.0,-543000000.0,-303000000.0,0.0,435000000.0,0.0,114000000.0,114000000.0,114000000.0,0.0,0.0,0.038,200000000.0,357000000.0,522000000.0,0.672,2.082,13.459,12.937,10928000000.0,0.0,14.36,0.661,0.661,1229000000.0,-875000000.0,3023000000.0,3023000000.0,0.0,,,,,0.0,0.0,1.0,392717790.0,393000000.0,395000000.0,7.692,17655000000.0,0.0,102000000.0,3394000000.0,44.924,-818000000.0
46,CNP,MRQ,2009-12-31,2009-12-31,2009-12-31,2021-08-25,0.0,19773000000.0,,2904000000.0,16869000000.0,,6.784,-351000000.0,740000000.0,740000000.0,1819000000.0,105000000.0,0.956,6.493,10278000000.0,1159000000.0,9119000000.0,10278000000.0,0.0,181000000.0,0.0,0.052,0.19,314000000.0,495000000.0,0.215,495000000.0,314000000.0,152000000.0,0.27,0.27,0.27,2639000000.0,,2639000000.0,15217289493.0,13.0,7.864,53000000.0,0.136,1.0,480000000.0,0.209,1696000000.0,162000000.0,24577000000.0,,327000000.0,763000000.0,300000000.0,463000000.0,17134000000.0,3038000000.0,14096000000.0,5664289493.0,679000000.0,-4000000.0,15000000.0,642000000.0,-74000000.0,589000000.0,-314000000.0,0.0,404000000.0,0.0,105000000.0,105000000.0,105000000.0,0.0,0.0,0.046,181000000.0,299000000.0,648000000.0,0.704,2.146,15.227,14.225,10788000000.0,0.0,14.51,0.684,0.64,1275000000.0,-912000000.0,2299000000.0,2299000000.0,0.0,,,,,0.0,0.0,1.0,390371433.0,389000000.0,395000000.0,5.91,18077000000.0,0.0,47000000.0,3346000000.0,46.47,-134000000.0
47,CNP,MRQ,2009-09-30,2009-09-30,2009-09-30,2021-08-25,-122000000.0,18653000000.0,,1995000000.0,16658000000.0,,6.995,-305000000.0,61000000.0,61000000.0,1081000000.0,114000000.0,0.863,6.207,9614000000.0,787000000.0,8827000000.0,9614000000.0,0.0,208000000.0,0.0,0.061,0.19,310000000.0,518000000.0,0.329,518000000.0,310000000.0,152000000.0,0.31,0.31,0.31,2588000000.0,,2588000000.0,14597921714.0,12.0,7.619,76000000.0,0.205,1.0,495000000.0,0.314,1696000000.0,158000000.0,24198000000.0,,373000000.0,757000000.0,286000000.0,471000000.0,16065000000.0,2312000000.0,13753000000.0,4541921714.0,-90000000.0,211000000.0,301000000.0,-624000000.0,-69000000.0,-393000000.0,-78000000.0,0.0,381000000.0,0.0,114000000.0,114000000.0,114000000.0,0.0,0.0,0.072,208000000.0,287000000.0,351000000.0,0.613,1.755,12.83,12.684,10548000000.0,0.0,12.43,0.519,0.525,770000000.0,-944000000.0,1576000000.0,1576000000.0,0.0,,,,,0.0,0.0,1.0,365399977.0,370000000.0,372000000.0,4.259,16957000000.0,108000000.0,38000000.0,3338000000.0,45.83,-317000000.0
48,CNP,MRQ,2009-06-30,2009-06-30,2009-06-30,2021-08-25,-125000000.0,18717000000.0,,1928000000.0,16789000000.0,,6.355,-244000000.0,151000000.0,151000000.0,1199000000.0,86000000.0,0.921,7.367,10207000000.0,576000000.0,9631000000.0,10207000000.0,0.0,188000000.0,0.0,0.067,0.19,291000000.0,479000000.0,0.292,479000000.0,291000000.0,129000000.0,0.24,0.24,0.24,2237000000.0,,2237000000.0,14349589671.0,12.0,7.34,379000000.0,1.077,1.0,441000000.0,0.269,1696000000.0,162000000.0,24983000000.0,,231000000.0,591000000.0,239000000.0,352000000.0,16480000000.0,2094000000.0,14386000000.0,3869589671.0,86000000.0,-1000000.0,158000000.0,-385000000.0,-67000000.0,-294000000.0,-243000000.0,0.0,623000000.0,0.0,86000000.0,86000000.0,86000000.0,0.0,0.0,0.052,188000000.0,253000000.0,363000000.0,0.792,1.73,10.291,10.355,10524000000.0,0.0,11.08,0.399,0.402,1192000000.0,-988000000.0,1640000000.0,1640000000.0,0.0,,,,,0.0,0.0,1.0,349240945.0,352000000.0,354000000.0,4.659,17021000000.0,0.0,43000000.0,3131000000.0,48.355,-166000000.0
49,CNP,MRQ,2009-03-31,2009-03-31,2009-03-31,2021-08-25,-129000000.0,18810000000.0,,2074000000.0,16736000000.0,,5.963,-260000000.0,65000000.0,65000000.0,2315000000.0,67000000.0,0.945,8.091,10545000000.0,670000000.0,9875000000.0,10545000000.0,0.0,166000000.0,0.0,0.071,0.19,277000000.0,443000000.0,0.16,443000000.0,277000000.0,115000000.0,0.19,0.19,0.19,2069000000.0,,2069000000.0,14256423960.0,11.0,7.218,173000000.0,0.499,1.0,451000000.0,0.163,1696000000.0,162000000.0,25399000000.0,,147000000.0,527000000.0,184000000.0,343000000.0,16741000000.0,2195000000.0,14546000000.0,3623423960.0,-102000000.0,2000000.0,30000000.0,-239000000.0,-66000000.0,-274000000.0,-261000000.0,0.0,433000000.0,0.0,67000000.0,67000000.0,67000000.0,0.0,0.0,0.024,166000000.0,285000000.0,436000000.0,1.0,1.751,9.267,9.23,10400000000.0,0.0,10.43,0.338,0.337,1513000000.0,-992000000.0,2766000000.0,2766000000.0,0.0,,,,,0.0,0.0,1.0,347404023.0,347000000.0,349000000.0,7.971,17114000000.0,0.0,48000000.0,3123000000.0,49.32,-121000000.0
50,CNP,MRQ,2008-12-31,2008-12-31,2008-12-31,2021-08-25,0.0,19676000000.0,,3035000000.0,16641000000.0,,6.018,-388000000.0,167000000.0,167000000.0,2303000000.0,87000000.0,1.066,8.731,10800000000.0,619000000.0,10181000000.0,10800000000.0,0.0,168000000.0,0.0,0.058,0.182,308000000.0,476000000.0,0.172,476000000.0,308000000.0,152000000.0,0.24,0.25,0.24,2022000000.0,,2022000000.0,14732307958.0,11.0,7.239,-261000000.0,-0.777,1.0,471000000.0,0.17,1696000000.0,156000000.0,25765000000.0,,569000000.0,563000000.0,218000000.0,345000000.0,17654000000.0,2848000000.0,14806000000.0,4343307958.0,83000000.0,1000000.0,35000000.0,361000000.0,-63000000.0,333000000.0,-377000000.0,0.0,127000000.0,0.0,87000000.0,87000000.0,87000000.0,0.0,0.0,0.031,168000000.0,303000000.0,897000000.0,0.758,2.148,9.738,9.561,10296000000.0,0.0,12.62,0.384,0.375,1873000000.0,-1008000000.0,2774000000.0,2774000000.0,0.0,,,,,0.0,0.0,1.0,344160694.0,336000000.0,,8.256,17980000000.0,0.0,65000000.0,3193000000.0,53.512,187000000.0
51,CNP,MRQ,2008-09-30,2008-09-30,2008-09-30,2021-08-25,-49000000.0,19032000000.0,,2837000000.0,16195000000.0,,6.024,-213000000.0,84000000.0,84000000.0,1984000000.0,136000000.0,0.988,8.243,10473000000.0,676000000.0,9797000000.0,10473000000.0,0.0,194000000.0,0.0,0.049,0.182,363000000.0,557000000.0,0.221,557000000.0,363000000.0,213000000.0,0.4,0.39,0.4,2059000000.0,,2059000000.0,14921371192.0,11.0,7.354,-357000000.0,-1.044,1.0,531000000.0,0.211,1696000000.0,150000000.0,24853000000.0,,718000000.0,284000000.0,284000000.0,0.0,16973000000.0,2872000000.0,14101000000.0,4980371192.0,-66000000.0,-124000000.0,19000000.0,413000000.0,-63000000.0,369000000.0,-291000000.0,0.0,-144000000.0,0.0,136000000.0,136000000.0,136000000.0,0.0,0.0,0.054,194000000.0,337000000.0,1130000000.0,0.455,2.419,10.757,10.482,10149000000.0,0.0,14.57,0.447,0.447,1350000000.0,-994000000.0,2515000000.0,2515000000.0,0.0,,,,,0.0,0.0,1.0,341823692.0,341823692.0,,7.358,17336000000.0,289000000.0,77000000.0,3189000000.0,50.716,-35000000.0
52,CNP,MRQ,2008-06-30,2008-06-30,2008-06-30,2021-08-25,-48000000.0,18076000000.0,,2598000000.0,15478000000.0,,5.986,-232000000.0,150000000.0,150000000.0,2185000000.0,101000000.0,0.924,8.199,10091000000.0,737000000.0,9354000000.0,10091000000.0,0.0,188000000.0,0.0,0.044,0.182,311000000.0,499000000.0,0.187,499000000.0,311000000.0,162000000.0,0.3,0.3,0.3,1965000000.0,,1965000000.0,15065654470.0,12.0,7.754,69000000.0,0.21,1.0,485000000.0,0.182,1696000000.0,149000000.0,23508000000.0,,425000000.0,320000000.0,320000000.0,0.0,16111000000.0,2813000000.0,13298000000.0,5268654470.0,80000000.0,-151000000.0,25000000.0,201000000.0,-60000000.0,167000000.0,-388000000.0,0.0,301000000.0,0.0,101000000.0,101000000.0,101000000.0,0.0,0.0,0.038,188000000.0,297000000.0,728000000.0,0.607,2.681,12.604,12.539,9908000000.0,0.0,16.05,0.501,0.501,1516000000.0,-1068000000.0,2670000000.0,2670000000.0,0.0,,,,,0.0,0.0,1.0,328265076.0,328265076.0,,8.134,16380000000.0,0.0,61000000.0,2850000000.0,49.899,-215000000.0
53,CNP,MRQ,2008-03-31,2008-03-31,2008-03-31,2021-08-25,-55000000.0,17535000000.0,,2351000000.0,15184000000.0,,5.743,-187000000.0,70000000.0,70000000.0,2869000000.0,122000000.0,0.716,8.327,9867000000.0,1321000000.0,8546000000.0,9867000000.0,0.0,158000000.0,0.0,0.049,0.182,345000000.0,503000000.0,0.15,503000000.0,345000000.0,196000000.0,0.37,0.36,0.37,1880000000.0,,1880000000.0,14714229018.0,12.0,7.941,380000000.0,1.161,1.0,494000000.0,0.147,1696000000.0,149000000.0,22352000000.0,,163000000.0,303000000.0,303000000.0,0.0,15655000000.0,3284000000.0,12371000000.0,4671229018.0,-59000000.0,-107000000.0,1000000.0,-255000000.0,-60000000.0,-314000000.0,-312000000.0,0.0,567000000.0,0.0,122000000.0,122000000.0,122000000.0,0.0,0.0,0.036,158000000.0,336000000.0,779000000.0,0.492,2.485,12.07,11.892,9802000000.0,0.0,14.27,0.473,0.473,1702000000.0,-1109000000.0,3363000000.0,3363000000.0,0.0,,,,,0.0,0.0,1.0,327346112.0,327346112.0,,10.274,15839000000.0,0.0,74000000.0,2894000000.0,48.386,-933000000.0
54,CNP,MRQ,2007-12-31,2007-12-31,2007-12-31,2021-08-25,0.0,17872000000.0,,2788000000.0,15084000000.0,,5.634,-263000000.0,129000000.0,129000000.0,2143000000.0,104000000.0,0.735,8.874,10172000000.0,1808000000.0,8364000000.0,10172000000.0,0.0,156000000.0,0.0,0.04,0.17,314000000.0,470000000.0,0.181,470000000.0,314000000.0,143000000.0,0.32,0.3,0.32,1810000000.0,,1810000000.0,15446085217.0,13.0,8.345,19000000.0,0.059,1.0,459000000.0,0.176,1696000000.0,171000000.0,22428000000.0,,490000000.0,445000000.0,357000000.0,88000000.0,16062000000.0,3791000000.0,12271000000.0,5503085217.0,75000000.0,-96000000.0,2000000.0,213000000.0,-54000000.0,160000000.0,-367000000.0,0.0,282000000.0,0.0,104000000.0,104000000.0,104000000.0,0.0,0.0,0.04,156000000.0,303000000.0,726000000.0,0.531,3.04,13.932,13.927,9740000000.0,0.0,17.13,0.572,0.572,1616000000.0,-1172000000.0,2602000000.0,2602000000.0,0.0,,,,,0.0,0.0,1.0,321254245.0,321254245.0,,8.1,16176000000.0,0.0,39000000.0,2932000000.0,50.353,-1003000000.0
55,CNP,MRQ,2007-09-30,2007-09-30,2007-09-30,2021-08-25,-67000000.0,17303000000.0,,2350000000.0,14953000000.0,,5.405,-187000000.0,54000000.0,54000000.0,1425000000.0,91000000.0,0.694,8.967,9997000000.0,1806000000.0,8191000000.0,9997000000.0,0.0,170000000.0,0.0,0.041,0.17,301000000.0,471000000.0,0.25,471000000.0,301000000.0,145000000.0,0.29,0.27,0.29,1736000000.0,,1736000000.0,14936532071.0,13.0,8.387,-122000000.0,-0.38,1.0,457000000.0,0.243,1705000000.0,156000000.0,22156000000.0,,548000000.0,397000000.0,397000000.0,0.0,15567000000.0,3385000000.0,12182000000.0,5148532071.0,-58000000.0,-57000000.0,1000000.0,153000000.0,-55000000.0,101000000.0,-224000000.0,0.0,65000000.0,0.0,91000000.0,91000000.0,91000000.0,0.0,0.0,0.048,170000000.0,287000000.0,455000000.0,0.586,2.966,14.381,14.061,9629000000.0,0.0,16.03,0.543,0.543,979000000.0,-1225000000.0,1882000000.0,1882000000.0,0.0,,,,,0.0,0.0,1.0,321181040.0,321181040.0,,5.86,15598000000.0,0.0,54000000.0,2881000000.0,48.565,-1035000000.0
56,CNP,MRQ,2007-06-30,2007-06-30,2007-06-30,2021-08-25,-77000000.0,17275000000.0,,2397000000.0,14878000000.0,,5.256,-265000000.0,112000000.0,112000000.0,1631000000.0,70000000.0,0.693,9.246,9900000000.0,1729000000.0,8171000000.0,9900000000.0,0.0,160000000.0,0.0,0.037,0.17,249000000.0,409000000.0,0.201,409000000.0,249000000.0,98000000.0,0.22,0.2,0.22,1686000000.0,,1686000000.0,15152703213.0,13.0,8.546,-102000000.0,-0.318,1.0,402000000.0,0.198,1709000000.0,151000000.0,21893000000.0,,381000000.0,455000000.0,455000000.0,0.0,15589000000.0,3461000000.0,12128000000.0,5581703213.0,52000000.0,-34000000.0,6000000.0,243000000.0,-55000000.0,195000000.0,-306000000.0,0.0,163000000.0,0.0,70000000.0,70000000.0,70000000.0,0.0,0.0,0.034,160000000.0,242000000.0,619000000.0,0.773,3.311,15.948,15.536,9549000000.0,0.0,17.4,0.585,0.585,1064000000.0,-1262000000.0,2033000000.0,2033000000.0,0.0,,,,,0.0,0.0,1.0,320787541.0,320787541.0,,6.338,15566000000.0,0.0,28000000.0,2824000000.0,48.524,-1064000000.0
57,CNP,MRQ,2007-03-31,2007-03-31,2007-03-31,2021-08-25,-89000000.0,17206000000.0,,2433000000.0,14773000000.0,,5.146,-399000000.0,60000000.0,60000000.0,2608000000.0,130000000.0,0.646,9.447,9631000000.0,1813000000.0,7818000000.0,9631000000.0,0.0,145000000.0,0.0,0.035,0.17,356000000.0,501000000.0,0.161,501000000.0,356000000.0,202000000.0,0.41,0.38,0.41,1647000000.0,,1647000000.0,15174217475.0,13.0,8.691,-135000000.0,-0.422,1.0,498000000.0,0.16,1709000000.0,154000000.0,21302000000.0,,182000000.0,427000000.0,427000000.0,0.0,15559000000.0,3766000000.0,11793000000.0,5742217475.0,-67000000.0,0.0,13000000.0,110000000.0,-54000000.0,72000000.0,-403000000.0,0.0,264000000.0,0.0,130000000.0,130000000.0,130000000.0,0.0,0.0,0.042,145000000.0,353000000.0,724000000.0,0.415,3.486,12.114,11.803,9424000000.0,0.0,17.94,0.614,0.614,1452000000.0,-1277000000.0,3106000000.0,3106000000.0,0.0,,,,,0.0,0.0,1.0,320079012.0,320079012.0,,9.704,15497000000.0,0.0,72000000.0,2907000000.0,48.416,-1333000000.0
58,CNP,MRQ,2006-12-31,2006-12-31,2006-12-31,2021-08-25,0.0,17633000000.0,,2995000000.0,14638000000.0,,4.974,-366000000.0,127000000.0,127000000.0,2082000000.0,67000000.0,0.71,10.332,9559000000.0,1757000000.0,7802000000.0,9559000000.0,0.0,147000000.0,0.0,0.036,0.15,253000000.0,400000000.0,0.162,400000000.0,253000000.0,104000000.0,0.22,0.19,0.22,1556000000.0,,1556000000.0,14351872195.0,13.0,8.477,-103000000.0,-0.329,1.0,382000000.0,0.155,1705000000.0,149000000.0,21139000000.0,,399000000.0,471000000.0,471000000.0,0.0,16077000000.0,4221000000.0,11856000000.0,5186872195.0,-158000000.0,-7000000.0,15000000.0,40000000.0,-47000000.0,9000000.0,-430000000.0,0.0,263000000.0,0.0,67000000.0,67000000.0,67000000.0,0.0,0.0,0.027,147000000.0,235000000.0,1010000000.0,0.682,3.333,12.007,11.928,9204000000.0,0.0,16.58,0.557,0.557,1468000000.0,-1355000000.0,2464000000.0,2464000000.0,0.0,,,,,0.0,0.0,1.0,312839095.0,312839095.0,,7.876,15928000000.0,0.0,37000000.0,3042000000.0,50.914,-1226000000.0
59,CNP,MRQ,2006-09-30,2006-09-30,2006-09-30,2021-08-25,-20000000.0,16973000000.0,,2566000000.0,14407000000.0,,5.026,-260000000.0,285000000.0,285000000.0,1492000000.0,83000000.0,0.76,9.832,9450000000.0,1545000000.0,7905000000.0,9450000000.0,0.0,159000000.0,0.0,0.036,0.15,304000000.0,463000000.0,0.239,463000000.0,304000000.0,152000000.0,0.27,0.26,0.27,1567000000.0,,1567000000.0,13561496366.0,12.0,7.991,-49000000.0,-0.157,1.0,443000000.0,0.229,1754000000.0,152000000.0,21008000000.0,,382000000.0,395000000.0,395000000.0,0.0,15406000000.0,3376000000.0,12030000000.0,4464496366.0,-112000000.0,-6000000.0,6000000.0,-55000000.0,-47000000.0,-93000000.0,-230000000.0,0.0,211000000.0,0.0,83000000.0,83000000.0,83000000.0,0.0,0.0,0.043,159000000.0,284000000.0,547000000.0,0.556,2.849,10.01,10.014,8842000000.0,0.0,14.32,0.443,0.443,942000000.0,-1375000000.0,1935000000.0,1935000000.0,0.0,,,,,0.0,0.0,1.0,311766506.0,311766506.0,,6.207,15219000000.0,0.0,69000000.0,3040000000.0,48.815,-810000000.0
60,CNP,MRQ,2006-06-30,2006-06-30,2006-06-30,2021-08-25,-37000000.0,16709000000.0,,2397000000.0,14312000000.0,,4.83,-195000000.0,397000000.0,397000000.0,1470000000.0,194000000.0,0.931,10.11,9494000000.0,939000000.0,8555000000.0,9494000000.0,0.0,153000000.0,0.0,0.034,0.15,229000000.0,382000000.0,0.207,382000000.0,229000000.0,78000000.0,0.62,0.61,0.62,1504000000.0,,1504000000.0,12938228138.0,12.0,7.856,7000000.0,0.022,1.0,373000000.0,0.202,1764000000.0,151000000.0,21466000000.0,,298000000.0,374000000.0,374000000.0,0.0,15205000000.0,2576000000.0,12629000000.0,3892228138.0,284000000.0,0.0,3000000.0,321000000.0,-46000000.0,277000000.0,-195000000.0,0.0,202000000.0,0.0,194000000.0,194000000.0,194000000.0,0.0,0.0,0.105,153000000.0,220000000.0,466000000.0,0.242,2.588,9.424,9.47,8675000000.0,0.0,12.5,0.381,0.381,982000000.0,-1411000000.0,1843000000.0,1843000000.0,0.0,,,,,0.0,0.0,1.0,311378251.0,311378251.0,,5.919,14945000000.0,0.0,-116000000.0,2964000000.0,47.996,-179000000.0
61,CNP,MRQ,2006-03-31,2006-03-31,2006-03-31,2021-08-25,-44000000.0,16416000000.0,,2188000000.0,14228000000.0,,4.327,-186000000.0,113000000.0,113000000.0,2631000000.0,88000000.0,0.821,11.205,9159000000.0,928000000.0,8231000000.0,9159000000.0,0.0,140000000.0,0.0,0.029,0.15,308000000.0,448000000.0,0.146,448000000.0,308000000.0,160000000.0,0.28,0.28,0.28,1345000000.0,,1345000000.0,12833432423.0,12.0,7.722,129000000.0,0.415,1.0,446000000.0,0.145,1765000000.0,148000000.0,21032000000.0,,194000000.0,363000000.0,363000000.0,0.0,15071000000.0,2665000000.0,12406000000.0,3708432423.0,39000000.0,0.0,3000000.0,-32000000.0,-47000000.0,-75000000.0,-201000000.0,0.0,315000000.0,0.0,88000000.0,88000000.0,88000000.0,0.0,0.0,0.029,140000000.0,306000000.0,606000000.0,0.536,2.757,13.584,13.557,8571000000.0,0.0,11.93,0.363,0.363,1253000000.0,-1558000000.0,3077000000.0,3077000000.0,0.0,,,,,0.0,0.0,1.0,310849323.0,310849323.0,,9.899,14651000000.0,0.0,72000000.0,3026000000.0,47.132,-477000000.0
62,CNP,MRQ,2005-12-31,2005-12-31,2005-12-31,2021-08-25,0.0,17116000000.0,,2891000000.0,14225000000.0,,4.179,-187000000.0,74000000.0,74000000.0,2830000000.0,81000000.0,0.959,12.207,9199000000.0,631000000.0,8568000000.0,9199000000.0,0.0,130000000.0,0.0,0.031,0.06,274000000.0,404000000.0,0.126,404000000.0,274000000.0,112000000.0,0.26,0.24,0.26,1296000000.0,,1296000000.0,12681864387.0,11.0,7.658,-399000000.0,-1.287,1.0,382000000.0,0.119,1709000000.0,162000000.0,21518000000.0,,382000000.0,377000000.0,377000000.0,0.0,15820000000.0,3014000000.0,12806000000.0,3984864387.0,-88000000.0,0.0,3000000.0,342000000.0,-19000000.0,325000000.0,-201000000.0,0.0,-212000000.0,0.0,81000000.0,81000000.0,81000000.0,0.0,0.0,0.025,130000000.0,252000000.0,1161000000.0,0.231,3.075,15.813,15.864,8492000000.0,0.0,12.85,0.41,0.41,1706000000.0,-1600000000.0,3212000000.0,3212000000.0,0.0,,,,,0.0,0.0,1.0,310106178.0,310106178.0,,10.358,15407000000.0,53000000.0,31000000.0,3072000000.0,49.683,-123000000.0
63,CNP,MRQ,2005-09-30,2005-09-30,2005-09-30,2021-08-25,-41000000.0,16436000000.0,,2386000000.0,14050000000.0,,3.935,-196000000.0,162000000.0,162000000.0,1703000000.0,50000000.0,0.519,12.494,8859000000.0,2365000000.0,6494000000.0,8859000000.0,0.0,145000000.0,0.0,0.03,0.07,268000000.0,413000000.0,0.199,413000000.0,268000000.0,91000000.0,0.16,0.15,0.16,1218000000.0,,1218000000.0,13321723080.0,11.0,7.451,63000000.0,0.204,1.0,370000000.0,0.178,1800000000.0,177000000.0,18735000000.0,,405000000.0,392000000.0,392000000.0,0.0,15218000000.0,4598000000.0,10620000000.0,4603005080.0,-246000000.0,1000000.0,6000000.0,-297000000.0,-22000000.0,-311000000.0,-194000000.0,0.0,259000000.0,0.0,50000000.0,50000000.0,50000000.0,0.0,0.0,0.024,145000000.0,225000000.0,769000000.0,0.438,3.779,16.985,16.708,8361000000.0,0.0,14.87,0.514,0.514,974000000.0,-1661000000.0,2073000000.0,2073000000.0,0.0,,,,,0.0,0.0,1.0,309549770.0,309549770.0,,6.697,14636000000.0,0.0,41000000.0,3068000000.0,47.282,-2212000000.0
64,CNP,MRQ,2005-06-30,2005-06-30,2005-06-30,2021-08-25,-40068000.0,15839888000.0,,1934994000.0,13904894000.0,,3.821,-179000000.0,408162000.0,408162000.0,1520000000.0,54000000.0,0.539,12.414,9126880000.0,2075662000.0,7051218000.0,9126880000.0,0.0,136000000.0,0.0,0.036,0.07,261000000.0,397000000.0,0.216,397000000.0,261000000.0,72000000.0,0.18,0.16,0.18,1180818000.0,,1180818000.0,13556479384.0,348.0,24.264,39000000.0,0.126,1.0,322000000.0,0.175,1801314000.0,189000000.0,19169436000.0,,246346000.0,361590000.0,361590000.0,0.0,14659070000.0,3587856000.0,11071214000.0,4082414384.0,103000000.0,712000000.0,4000000.0,-629000000.0,-21000000.0,-645000000.0,530000000.0,0.0,218000000.0,0.0,54000000.0,54000000.0,54000000.0,0.0,0.0,0.029,136000000.0,186000000.0,496459000.0,0.389,3.457,-4.462,-4.463,8273291000.0,0.0,13.21,0.484,0.484,732664000.0,-1689435000.0,1842000000.0,1842000000.0,0.0,,,,,0.0,0.0,1.0,309039696.0,309039696.0,,5.96,14038574000.0,6368000.0,18000000.0,2926334000.0,45.426,-1652862000.0
65,CNP,MRQ,2005-03-31,2005-03-31,2005-03-31,2021-08-25,-46535000.0,17483573000.0,,2163734000.0,15319839000.0,,3.68,-131000000.0,305293000.0,305293000.0,2189000000.0,67000000.0,0.524,14.402,9779358000.0,2136170000.0,7643188000.0,9779358000.0,0.0,130000000.0,0.0,0.042,0.2,312000000.0,442000000.0,0.17,442000000.0,312000000.0,130000000.0,0.22,0.2,0.22,1135134000.0,,1135134000.0,12917201403.0,376.0,24.003,-333000000.0,-1.079,1.0,406000000.0,0.156,1798075000.0,182000000.0,21028898000.0,,153134000.0,379767000.0,379767000.0,0.0,16348439000.0,4130665000.0,12217774000.0,3711267403.0,140000000.0,11000000.0,4000000.0,518000000.0,-62000000.0,460000000.0,-118000000.0,0.0,-202000000.0,0.0,67000000.0,67000000.0,67000000.0,0.0,0.0,0.026,130000000.0,276000000.0,625191000.0,0.909,3.269,-4.072,-4.078,8201013000.0,0.0,12.03,0.453,0.453,1040355000.0,-1722214000.0,2595000000.0,2595000000.0,0.0,,,,,0.0,0.0,1.0,308501031.0,308501031.0,,8.412,15685498000.0,0.0,63000000.0,2933461000.0,50.844,-1966931000.0
66,CNP,MRQ,2004-12-31,2004-12-31,2004-12-31,2021-08-25,0.0,18096000000.0,,2771000000.0,15325000000.0,,3.593,-199000000.0,165000000.0,165000000.0,2078000000.0,100000000.0,0.541,15.362,9371000000.0,2178000000.0,7193000000.0,9371000000.0,0.0,128000000.0,0.0,0.035,0.1,408000000.0,536000000.0,0.22,536000000.0,408000000.0,214000000.0,0.33,0.77,0.33,1106000000.0,,1106000000.0,14729186509.0,1339.0,29.4,-216000000.0,-0.702,1.0,359000000.0,0.147,1799000000.0,194000000.0,20382000000.0,,254000000.0,421000000.0,421000000.0,0.0,16990000000.0,5121000000.0,11869000000.0,3478382509.0,145000000.0,2332000000.0,3000000.0,-1963000000.0,-31000000.0,-1995000000.0,2157000000.0,0.0,-17000000.0,0.0,100000000.0,100000000.0,100000000.0,0.0,0.0,0.041,128000000.0,231000000.0,802000000.0,0.303,3.145,-3.844,-3.844,8186000000.0,0.0,11.3,0.435,0.435,1250000000.0,-1727000000.0,2437000000.0,2437000000.0,0.0,,,,,0.0,0.0,1.0,307821461.0,307821461.0,,7.917,16297000000.0,0.0,114000000.0,3339000000.0,52.943,-2350000000.0
67,CNP,MRQ,2004-09-30,2004-09-30,2004-09-30,2021-08-25,-454936000.0,19586043000.0,,2514304000.0,17071739000.0,,2.08,-158889000.0,20202000.0,20202000.0,1234000000.0,-1136000000.0,0.907,29.623,11271006000.0,815323000.0,10455683000.0,11271006000.0,0.0,125708000.0,0.0,0.039,0.1,-942000000.0,-816292000.0,-0.521,-816292000.0,-942000000.0,-1134000000.0,-3.69,-3.66,-3.69,639586000.0,,639586000.0,14026309067.0,-125.0,38.45,-97986000.0,-0.319,1.0,333000000.0,0.213,1798776000.0,192000000.0,26265359000.0,,318308000.0,349256000.0,349256000.0,0.0,18946457000.0,2772712000.0,16173745000.0,3186139067.0,-76430000.0,-151998000.0,2121000.0,188881000.0,-30634000.0,156988000.0,-294321000.0,0.0,60903000.0,0.0,-1136000000.0,-1136000000.0,-1136000000.0,0.0,0.0,-0.725,126000000.0,207000000.0,445183000.0,-0.027,4.982,-3.411,-3.419,8122791000.0,0.0,10.36,0.415,0.415,788769000.0,-1797041000.0,1567000000.0,1567000000.0,0.0,,,,,0.0,0.0,1.0,307542381.0,307542381.0,,5.095,17787267000.0,229065000.0,2000000.0,2414047000.0,57.837,-258408000.0
68,CNP,MRQ,2004-06-30,2004-06-30,2004-06-30,2021-08-25,-391076000.0,21152364000.0,,2030111000.0,19122253000.0,,6.079,-124267000.0,280912000.0,280912000.0,1287846000.0,57652000.0,0.855,10.327,11121082000.0,519995000.0,10601087000.0,11121082000.0,114093000.0,120074000.0,0.0,0.035,0.1,256374000.0,376448000.0,0.236,376448000.0,256374000.0,57843000.0,0.19,0.19,0.19,1867507000.0,,1867507000.0,14491817597.0,11.0,8.662,172827000.0,0.563,1.0,305955000.0,0.192,1819349000.0,198531000.0,27798229000.0,,377907000.0,380427000.0,380427000.0,0.0,19284857000.0,2374956000.0,16909901000.0,3532729597.0,-109807000.0,-184251000.0,3221000.0,-62267000.0,-30709000.0,-93572000.0,-313329000.0,0.0,297094000.0,0.0,57652000.0,57652000.0,57652000.0,0.0,0.0,0.036,120074000.0,185881000.0,606446000.0,0.526,1.892,9.21,9.127,11795502000.0,0.0,11.5,0.458,0.458,701276000.0,-630084000.0,1593801000.0,1593801000.0,0.0,,,,,0.0,0.0,1.0,307193878.0,307193878.0,,5.188,19333015000.0,143558000.0,191000.0,3745655000.0,62.934,-344845000.0
69,CNP,MRQ,2004-03-31,2004-03-31,2004-03-31,2021-08-25,-398596000.0,21059544000.0,,1950332000.0,19109212000.0,,5.966,-121844000.0,206467000.0,206467000.0,2045177000.0,73587000.0,0.885,10.509,11165555000.0,459542000.0,10706013000.0,11165555000.0,88781000.0,116218000.0,0.0,0.035,0.1,288650000.0,404868000.0,0.169,404868000.0,288650000.0,96003000.0,0.24,0.22,0.24,1829880000.0,,1829880000.0,14704361538.0,11.0,8.213,273159000.0,0.891,1.0,356111000.0,0.148,1819621000.0,192647000.0,27994399000.0,,318368000.0,364849000.0,364849000.0,0.0,19229664000.0,2204612000.0,17025052000.0,3506002538.0,119237000.0,44249000.0,3658000.0,-161614000.0,-30657000.0,-192416000.0,-83350000.0,0.0,395003000.0,0.0,73587000.0,73587000.0,73587000.0,0.0,0.0,0.031,116218000.0,239893000.0,624782000.0,0.417,1.916,9.009,8.93,11790051000.0,0.0,11.43,0.427,0.427,809024000.0,-657012000.0,2401288000.0,2401288000.0,0.0,,,,,0.0,0.0,1.0,306736880.0,306736880.0,,7.828,19239923000.0,123455000.0,22416000.0,3699862000.0,62.725,-254280000.0
70,CNP,MRQ,2003-12-31,2003-12-31,2003-12-31,2021-08-25,0.0,21461090000.0,,2356631000.0,19104459000.0,,5.752,-306822000.0,86922000.0,86922000.0,1724185000.0,70620000.0,0.929,11.19,11323213000.0,545279000.0,10777934000.0,11323213000.0,0.0,115453000.0,0.0,0.041,0.1,284319000.0,399772000.0,0.189,399772000.0,284319000.0,73921000.0,0.23,0.11,0.23,1760557000.0,,1760557000.0,14309266258.0,10.0,7.547,318563000.0,1.041,1.0,393223000.0,0.186,1799621000.0,210398000.0,28360533000.0,,243235000.0,389302000.0,389302000.0,0.0,19700533000.0,2537227000.0,17163306000.0,2965895258.0,52304000.0,0.0,2103000.0,-188917000.0,-30391000.0,-219773000.0,-310044000.0,0.0,625385000.0,0.0,70620000.0,70620000.0,70620000.0,0.0,0.0,0.033,115453000.0,277770000.0,588883000.0,0.435,1.685,6.128,6.094,8084924000.0,0.0,9.69,0.381,0.381,961611000.0,-700033000.0,2117408000.0,2117408000.0,0.0,,,,,0.0,0.0,1.0,306077942.0,306077942.0,,6.918,19661469000.0,228746000.0,3301000.0,2728015000.0,64.237,-180596000.0
71,CNP,MRQ,2003-09-30,2003-09-30,2003-09-30,2021-08-25,-497356000.0,20058528000.0,,1762401000.0,18296127000.0,,5.277,-50967000.0,34785000.0,34785000.0,1070831000.0,181725000.0,0.848,11.432,11378156000.0,487228000.0,10890928000.0,11378156000.0,59765000.0,41003000.0,0.0,0.05,0.1,450902000.0,491905000.0,0.306,491905000.0,450902000.0,267269000.0,0.6,0.59,0.6,1613512000.0,,1613512000.0,13415699023.0,9.0,7.175,-24522000.0,-0.08,1.0,537103000.0,0.334,1820596000.0,183633000.0,27502675000.0,,444500000.0,326983000.0,326983000.0,0.0,18445016000.0,2078628000.0,16366388000.0,2803943023.0,-15187000.0,0.0,2393000.0,-3335000.0,-30566000.0,-19595000.0,-51682000.0,0.0,26445000.0,0.0,181725000.0,181725000.0,181725000.0,0.0,0.0,0.113,119472000.0,417631000.0,470202000.0,0.167,1.738,8.002,7.838,11137741000.0,0.0,9.17,0.387,0.387,722525000.0,-751135000.0,1607934000.0,1607934000.0,0.0,,,,,0.0,0.0,1.0,305773503.0,305773503.0,,5.259,18237932000.0,133349000.0,85544000.0,3462367000.0,59.645,-316227000.0
72,CNP,MRQ,2003-06-30,2003-06-30,2003-06-30,2021-08-25,-476105000.0,19889475000.0,,1831161000.0,18058314000.0,,4.749,-157838000.0,50164000.0,50164000.0,1587607000.0,63223000.0,0.816,12.71,10661920000.0,575971000.0,10085949000.0,10661920000.0,95638000.0,157262000.0,0.0,0.064,0.1,336555000.0,493817000.0,0.236,493817000.0,336555000.0,107569000.0,0.21,,0.21,1450754000.0,,1450754000.0,12991996681.0,-5.0,-5.592,78634000.0,0.257,1.0,503293000.0,0.241,1806453000.0,228986000.0,26450714000.0,,367358000.0,348190000.0,348190000.0,0.0,18438721000.0,2244064000.0,16194657000.0,2489664681.0,-254305000.0,0.0,3690000.0,-301547000.0,-30536000.0,-332097000.0,-152977000.0,0.0,236472000.0,0.0,63223000.0,63223000.0,63223000.0,0.0,0.0,0.03,157263000.0,346030000.0,558730000.0,0.476,1.716,-0.629,-0.616,11140203000.0,0.0,8.15,0.33,0.33,879445000.0,-929129000.0,2090900000.0,2090900000.0,0.0,,,,,0.0,0.0,1.0,305480329.0,305480329.0,,6.845,18083022000.0,102968000.0,44346000.0,3303364000.0,59.195,-412903000.0
73,CNP,MRQ,2003-03-31,2003-03-31,2003-03-31,2021-08-25,-486741000.0,20237400000.0,,2217020000.0,18020380000.0,,4.638,-143373000.0,305290000.0,305290000.0,2386859000.0,168432000.0,0.953,13.297,10807622000.0,584323000.0,10223299000.0,10807622000.0,0.0,152282000.0,0.0,0.113,0.1,447433000.0,599715000.0,0.207,599715000.0,447433000.0,209541000.0,0.56,0.56,0.56,1415541000.0,,1415541000.0,12416509304.0,-5.0,-5.53,-137675000.0,-0.451,1.0,513309000.0,0.177,1806450000.0,237892000.0,26607701000.0,,292343000.0,235012000.0,235012000.0,0.0,18821859000.0,2325581000.0,16496278000.0,2151693304.0,188000.0,0.0,814000.0,154799000.0,-30507000.0,121465000.0,-146297000.0,0.0,5698000.0,0.0,168432000.0,168432000.0,168432000.0,0.0,0.0,0.058,152282000.0,361027000.0,838450000.0,0.179,1.52,-0.569,-0.557,11185342000.0,0.0,7.05,0.296,0.296,1206827000.0,-927556000.0,2900168000.0,2900168000.0,0.0,,,,,0.0,0.0,1.0,305204724.0,305204724.0,,9.502,18430950000.0,93072000.0,41109000.0,3235090000.0,60.389,-108561000.0
74,CNP,MRQ,2002-12-31,2002-12-31,2002-12-31,2021-08-25,0.0,20456609000.0,,2035353000.0,18421256000.0,,4.672,-192346000.0,304281000.0,304281000.0,279838000.0,-62990000.0,0.634,13.386,10576526000.0,1382206000.0,9194320000.0,10576526000.0,48940000.0,-2008000.0,0.0,0.126,0.16,286450000.0,284442000.0,0.441,284442000.0,286450000.0,2508000.0,-0.2,-0.16,-0.2,1421950000.0,,1421950000.0,12520335986.0,-4.0,-5.051,-34973000.0,-0.115,1.0,365067000.0,0.566,1806390000.0,283942000.0,25711311000.0,,351816000.0,283486000.0,283486000.0,0.0,19034659000.0,3211153000.0,15823506000.0,2586876986.0,188539000.0,43419000.0,7881000.0,262350000.0,-48672000.0,250005000.0,-206045000.0,0.0,157373000.0,0.0,-62990000.0,-62990000.0,-62990000.0,0.0,0.0,-0.098,-2008000.0,367075000.0,621528000.0,-0.8,1.819,-0.66,-0.646,12115222000.0,0.0,8.5,0.402,0.402,912825000.0,-1062083000.0,644905000.0,644905000.0,0.0,,,,,0.0,0.0,1.0,304338469.0,304338469.0,,2.119,18650219000.0,72027000.0,65498000.0,3152954000.0,61.281,-1175800000.0
75,CNP,MRQ,2002-09-30,2002-09-30,2002-09-30,2021-08-25,-100713000.0,18988062000.0,,1556367000.0,17431695000.0,,6.27,-180463000.0,123784000.0,123784000.0,1325320000.0,-4124493000.0,0.273,8.959,10057243000.0,4175184000.0,5882059000.0,10057243000.0,0.0,160135000.0,0.0,0.128,0.16,-3861388000.0,-3701253000.0,-1.931,-3701253000.0,-3861388000.0,-4031658000.0,-13.8,-13.77,-13.8,1906604000.0,,1906604000.0,18994272140.0,-6.0,-7.96,-85706000.0,-0.282,1.0,591467000.0,0.309,1803719000.0,170270000.0,21408797000.0,,366590000.0,253191000.0,253191000.0,0.0,17081458000.0,5709005000.0,11372453000.0,3043921140.0,-140175000.0,0.0,-1690000.0,1442000.0,-53472000.0,-98867000.0,-140547000.0,0.0,94757000.0,0.0,-4124493000.0,-4124493000.0,-4124493000.0,0.0,0.0,-2.152,160136000.0,431331000.0,502918000.0,-0.012,1.597,-0.799,-0.785,11358370000.0,0.0,10.01,0.395,0.395,703792000.0,-949781000.0,1916787000.0,1916787000.0,0.0,,,,,0.0,0.0,1.0,304088026.0,304088026.0,,6.303,17184343000.0,0.0,92835000.0,3332315000.0,56.511,-4152638000.0
76,CNP,MRQ,2002-06-30,2002-06-30,2002-06-30,2021-08-25,46134000.0,38203670000.0,,7497420000.0,30706250000.0,,23.95,-237251000.0,1162886000.0,1162886000.0,1357955000.0,235645000.0,0.45,4.255,17113237000.0,11270179000.0,5843058000.0,17113237000.0,0.0,150713000.0,162240000.0,0.089,0.375,421236000.0,571949000.0,0.318,571949000.0,421236000.0,281389000.0,0.79,0.79,0.79,7270101000.0,,7270101000.0,20663500644.0,14.0,10.236,33628000.0,0.111,1.0,440469000.0,0.245,4593070000.0,139847000.0,32918309000.0,,656716000.0,668776000.0,378798000.0,289978000.0,30933569000.0,16642642000.0,14290927000.0,5130146644.0,221697000.0,0.0,2727000.0,296824000.0,-111602000.0,185535000.0,-233269000.0,0.0,270879000.0,0.0,235645000.0,235645000.0,235645000.0,0.0,0.0,0.131,151072000.0,289397000.0,2031903000.0,0.475,0.706,7.677,7.445,20201494000.0,0.0,16.9,0.634,0.634,3087276000.0,3414894000.0,1798424000.0,1798424000.0,0.0,,,,,0.0,0.0,1.0,303558973.0,303558973.0,,5.924,33610600000.0,0.0,45744000.0,3509757000.0,110.722,-9145222000.0
77,CNP,MRQ,2002-03-31,2002-03-31,2002-03-31,2021-08-25,76219000.0,36991440000.0,,6794317000.0,30197123000.0,,24.035,-213732000.0,754189000.0,754189000.0,1579376000.0,31605000.0,0.442,4.162,16287543000.0,10301303000.0,5986240000.0,16287543000.0,0.0,148768000.0,214150000.0,0.058,0.375,217075000.0,365843000.0,0.176,365843000.0,217075000.0,99323000.0,0.11,0.11,0.11,7166020000.0,,7166020000.0,17131307675.0,10.0,7.375,-401899000.0,-1.348,1.0,499761000.0,0.24,4284660000.0,117752000.0,32853857000.0,,534302000.0,992165000.0,609013000.0,383152000.0,29825420000.0,15386277000.0,14439143000.0,7689287675.0,16035000.0,0.0,4076000.0,490360000.0,-110936000.0,386090000.0,-191648000.0,0.0,-188167000.0,0.0,31605000.0,31605000.0,31605000.0,113031000.0,0.0,0.015,148768000.0,350993000.0,1692725000.0,3.409,1.073,10.269,10.035,19914615000.0,0.0,25.79,0.464,0.464,2722155000.0,3290869000.0,2079137000.0,2079137000.0,0.0,,,,,0.0,0.0,1.0,298149968.0,298149968.0,,6.973,32706780000.0,0.0,67718000.0,3582757000.0,109.699,-8591960000.0
78,CNP,MRQ,2001-12-31,2001-12-31,2001-12-31,2021-08-25,0.0,31266363000.0,,6792520000.0,24473843000.0,,22.599,-371400000.0,35500000.0,35500000.0,1551079000.0,46579000.0,0.65,3.64,9815563000.0,4895826000.0,4919737000.0,9815563000.0,0.0,131517000.0,0.0,0.057,0.375,245765000.0,377282000.0,0.197,377282000.0,245765000.0,61243000.0,0.15,0.15,0.15,6737923000.0,,6737923000.0,17348957151.0,9.0,6.917,-652032000.0,-2.187,1.0,359596000.0,0.188,1802804000.0,184522000.0,28788546000.0,,405638000.0,826609000.0,826609000.0,0.0,24528440000.0,10455076000.0,14073364000.0,7906937151.0,-6106000.0,0.0,8632000.0,290305000.0,-108962000.0,234126000.0,-424052000.0,0.0,-280632000.0,0.0,46579000.0,46013000.0,46013000.0,447927000.0,0.0,0.024,131517000.0,228079000.0,526758000.0,2.5,1.173,8.071,7.846,11199505000.0,566000.0,26.52,0.749,0.749,826051000.0,3176533000.0,1910675000.0,1910675000.0,0.0,,,,,0.0,0.0,1.0,298149968.0,298149968.0,,6.408,29463559000.0,0.0,14664000.0,3209636000.0,98.821,-3662556000.0
79,CNP,MRQ,2001-09-30,2001-09-30,2001-09-30,2021-08-25,-2672000.0,31335500000.0,,7836116000.0,23499384000.0,,22.736,197923000.0,294816000.0,294816000.0,1649005000.0,355072000.0,0.682,3.628,9736836000.0,4335982000.0,5400854000.0,9736836000.0,0.0,108801000.0,239350000.0,0.057,0.375,594900000.0,703701000.0,0.306,703701000.0,594900000.0,453634000.0,1.22,1.21,1.22,6770739000.0,,6770739000.0,17948286497.0,14.0,9.595,1129038000.0,3.791,1.0,651063000.0,0.283,2986762000.0,141266000.0,26297921000.0,,592026000.0,993994000.0,852361000.0,141633000.0,24564761000.0,11492837000.0,13071924000.0,7838078497.0,5601000.0,0.0,9575000.0,655065000.0,-108786000.0,-1185602000.0,275837000.0,239000.0,931115000.0,4845000.0,355072000.0,354975000.0,354975000.0,-172002000.0,0.0,0.154,216277000.0,434786000.0,1518245000.0,0.307,1.158,12.345,12.129,16342755000.0,97000.0,26.32,0.503,0.503,2105406000.0,3127907000.0,2300068000.0,2300068000.0,0.0,,,,,0.0,0.0,1.0,297799335.0,297799335.0,,7.724,28348738000.0,0.0,98562000.0,3987925000.0,95.194,-3656721000.0
80,CNP,MRQ,2001-06-30,2001-06-30,2001-06-30,2021-08-25,203787000.0,33131769000.0,,9972371000.0,23159398000.0,,22.549,-545701000.0,107705000.0,107705000.0,9449815000.0,316314000.0,0.753,3.94,10217913000.0,4769237000.0,5448676000.0,10217913000.0,0.0,226332000.0,380400000.0,0.047,0.375,649702000.0,876034000.0,0.085,876034000.0,649702000.0,499359000.0,1.09,1.08,1.09,6707466000.0,,6707466000.0,21438269435.0,14.0,9.497,415142000.0,1.396,1.0,842821000.0,0.082,2997523000.0,150343000.0,27007362000.0,,589215000.0,1504330000.0,1364807000.0,139523000.0,26424303000.0,13237092000.0,13187211000.0,9581340435.0,43066000.0,0.0,45328000.0,-1996651000.0,-108573000.0,-370957000.0,-550215000.0,485000.0,960843000.0,3395000.0,316314000.0,316216000.0,316216000.0,0.0,0.0,0.031,232351000.0,610470000.0,2366241000.0,0.344,1.428,14.323,13.944,15826419000.0,98000.0,32.21,0.421,0.421,2896930000.0,2881523000.0,10292636000.0,10292636000.0,0.0,,,,,0.0,0.0,1.0,297464776.0,297464776.0,,34.601,30134246000.0,0.0,183045000.0,3686692000.0,101.304,-3264721000.0
81,CNP,MRQ,2001-03-31,2001-03-31,2001-03-31,2021-08-25,-87931000.0,32468362000.0,,9139582000.0,23328780000.0,,19.062,-491558000.0,63572000.0,63572000.0,11420991000.0,262594000.0,0.641,4.752,11920501000.0,6381317000.0,5539184000.0,11920501000.0,0.0,196659000.0,339900000.0,0.033,0.375,548374000.0,745033000.0,0.062,745033000.0,548374000.0,370312000.0,0.91,0.9,0.91,5644849000.0,,5644849000.0,24847518735.0,18.0,11.628,-371396000.0,-1.254,1.0,657225000.0,0.054,2998033000.0,178062000.0,27069841000.0,,431302000.0,1141039000.0,1033906000.0,107133000.0,26823513000.0,14257417000.0,12566096000.0,13399699735.0,-107820000.0,0.0,36895000.0,349174000.0,-107597000.0,277514000.0,-497256000.0,-724000.0,120162000.0,-8240000.0,262594000.0,262497000.0,262497000.0,0.0,0.0,0.022,198964000.0,458261000.0,2299913000.0,0.412,2.374,23.241,22.512,15482122000.0,97000.0,45.25,0.735,0.735,3059014000.0,2674164000.0,12078216000.0,12078216000.0,0.0,,,,,0.0,0.0,1.0,296125961.0,296125961.0,,40.787,29470329000.0,0.0,107718000.0,3464968000.0,99.52,-5117835000.0
82,CNP,MRQ,2000-12-31,2000-12-31,2000-12-31,2021-08-25,0.0,31960429000.0,,9913261000.0,22047168000.0,,18.599,315649000.0,225972000.0,225972000.0,-8913275000.0,-298647000.0,0.634,4.83,11623791000.0,6627696000.0,4996095000.0,11623791000.0,0.0,20310000.0,284603000.0,0.035,0.375,-474506000.0,-454196000.0,0.05,-454196000.0,-474506000.0,-451414000.0,-1.05,-1.04,-1.05,5482060000.0,,5482060000.0,24724504327.0,21.0,12.89,227812000.0,0.773,1.0,-182484000.0,0.02,3080686000.0,-23092000.0,24632348000.0,,483213000.0,1005551000.0,896824000.0,108727000.0,26478369000.0,15645214000.0,10833155000.0,12765622327.0,-122255000.0,3891622000.0,14322000.0,-911807000.0,-107392000.0,-1028449000.0,3071245000.0,-1055603000.0,-87837000.0,-9681000.0,-298647000.0,-298744000.0,-298744000.0,-252272000.0,0.0,0.033,61021000.0,-243505000.0,3057948000.0,-0.357,2.329,28.551,27.586,15260176000.0,97000.0,43.31,1.231,1.231,3216110000.0,2520350000.0,-9095759000.0,-9095759000.0,0.0,,,,,0.0,0.0,1.0,294749996.0,294749996.0,,-30.859,28879743000.0,0.0,-152767000.0,3296085000.0,97.98,-5731953000.0
83,CNP,MRQ,2000-09-30,2000-09-30,2000-09-30,2021-08-25,-119846000.0,28639075000.0,,6255860000.0,22383215000.0,,19.616,-420549000.0,246186000.0,246186000.0,8432106000.0,389063000.0,0.523,3.966,12205068000.0,6743995000.0,5461073000.0,12205068000.0,0.0,293422000.0,0.0,0.032,0.375,797173000.0,1090595000.0,0.115,1090595000.0,797173000.0,610870000.0,1.36,1.34,1.36,5766599000.0,,5766599000.0,29397751906.0,17.0,11.061,-32197000.0,-0.11,1.0,1069680000.0,0.113,3126894000.0,186303000.0,25511765000.0,,517309000.0,2370247000.0,1344721000.0,1025526000.0,22872476000.0,11959298000.0,10913178000.0,13669610906.0,147154000.0,645000.0,21098000.0,-797221000.0,-107044000.0,-877660000.0,633474000.0,998008000.0,388352000.0,2988000.0,389063000.0,388966000.0,388966000.0,6704000.0,0.0,0.041,293422000.0,776258000.0,1647083000.0,0.276,2.37,20.309,19.62,14824388000.0,97000.0,46.5,0.621,0.621,1959938000.0,2926569000.0,9501786000.0,9501786000.0,0.0,,,,,0.0,0.0,1.0,293970127.0,293970127.0,,32.322,25512181000.0,0.0,221807000.0,3357226000.0,86.785,-5703438000.0
84,CNP,MRQ,2000-06-30,2000-06-30,2000-06-30,2021-08-25,-110639000.0,30256481000.0,,7192828000.0,23063653000.0,,18.616,-416372000.0,105314000.0,105314000.0,5007104000.0,223931000.0,0.505,4.539,15833455000.0,10666333000.0,5167122000.0,15833455000.0,0.0,234119000.0,0.0,0.051,0.375,521260000.0,755379000.0,0.131,755379000.0,521260000.0,334551000.0,0.79,0.78,0.79,5462414000.0,,5462414000.0,23291063040.0,6.0,5.131,-206220000.0,-0.703,1.0,748065000.0,0.13,3125638000.0,186709000.0,28609621000.0,,421775000.0,5199657000.0,4182389000.0,1017268000.0,24794067000.0,14249363000.0,10544704000.0,8673516040.0,3648000.0,-2115562000.0,7958000.0,2407626000.0,-106533000.0,2350334000.0,-2561284000.0,-568000.0,210152000.0,4446000.0,223931000.0,223833000.0,223833000.0,19447000.0,0.0,0.039,234119000.0,513946000.0,1590470000.0,0.475,1.588,4.394,4.266,15695529000.0,98000.0,29.56,0.497,0.497,1803103000.0,2644888000.0,5755169000.0,5755169000.0,0.0,,,,,0.0,0.0,1.0,293420705.0,293420705.0,,19.614,27130843000.0,0.0,110620000.0,3419429000.0,92.464,-7056535000.0
85,CNP,MRQ,2000-03-31,2000-03-31,2000-03-31,2021-08-25,-88389000.0,28060569000.0,,7769218000.0,20291351000.0,,18.238,-400893000.0,95032000.0,95032000.0,3693036000.0,133153000.0,0.647,4.245,14712579000.0,9197831000.0,5514748000.0,14712579000.0,0.0,178616000.0,0.0,0.064,0.375,347743000.0,526359000.0,0.125,526359000.0,347743000.0,187689000.0,0.47,0.47,0.47,5350344000.0,,5350344000.0,19045042473.0,6.0,4.468,74929000.0,0.255,1.0,519970000.0,0.123,2982695000.0,160054000.0,27691695000.0,,303303000.0,6526802000.0,5503144000.0,1023658000.0,22710225000.0,12003726000.0,10706499000.0,6911463473.0,13970000.0,-986539000.0,-16875000.0,1031278000.0,-105890000.0,909526000.0,-1373625000.0,-2636000.0,475822000.0,2247000.0,133153000.0,133056000.0,133056000.0,663000.0,0.0,0.032,178616000.0,341354000.0,1033915000.0,0.798,1.292,3.787,3.681,13431095000.0,97000.0,23.56,0.45,0.45,1266232000.0,2527758000.0,4213006000.0,4213006000.0,0.0,,,,,0.0,0.0,1.0,293355835.0,293355835.0,,14.361,25077874000.0,0.0,54536000.0,3410941000.0,85.486,-4234508000.0
86,CNP,MRQ,1999-12-31,1999-12-31,1999-12-31,2021-08-25,0.0,26456466000.0,,6536396000.0,19920070000.0,,17.947,-457097000.0,80767000.0,80767000.0,2061428000.0,-72687000.0,0.616,3.986,12099184000.0,7230541000.0,4868643000.0,12099184000.0,0.0,199968000.0,3800000.0,0.066,0.375,85518000.0,285486000.0,0.112,285486000.0,85518000.0,-45874000.0,-0.25,-0.25,-0.25,5306332000.0,,5306332000.0,16012853728.0,6.0,4.228,-479934000.0,-1.623,1.0,485196000.0,0.191,3041751000.0,131392000.0,24818433000.0,,340459000.0,4057502000.0,3979461000.0,78041000.0,21150134000.0,10614699000.0,10535435000.0,6764965728.0,-403667000.0,-962920000.0,-21499000.0,1244651000.0,-106794000.0,1181848000.0,-1562678000.0,-36582000.0,-22837000.0,0.0,-72687000.0,-72784000.0,-72784000.0,0.0,0.0,-0.029,199440000.0,285756000.0,1025245000.0,-1.5,1.275,4.565,4.4,13133559000.0,97000.0,22.88,0.49,0.49,1251365000.0,2500181000.0,2546624000.0,2546624000.0,0.0,,,,,0.0,0.0,1.0,295671579.0,295671579.0,,8.613,23414715000.0,0.0,26813000.0,3442623000.0,79.192,-4078303000.0
87,CNP,MRQ,1999-09-30,1999-09-30,1999-09-30,2021-08-25,-116322000.0,22604117000.0,,5862758000.0,16741359000.0,,18.557,-267246000.0,489878000.0,489878000.0,4195561000.0,1690087000.0,0.727,2.987,9737766000.0,5674725000.0,4063041000.0,9737766000.0,0.0,257343000.0,0.0,0.055,0.375,2715125000.0,2972468000.0,0.601,2972468000.0,2715125000.0,2598949000.0,5.92,5.9,5.92,5489440000.0,,5489440000.0,17344250709.0,8.0,5.461,303142000.0,1.025,1.0,751631000.0,0.152,2061682000.0,116176000.0,21726520000.0,,395774000.0,4279498000.0,3343160000.0,936338000.0,16399676000.0,8063803000.0,8335873000.0,8004752709.0,423239000.0,-613677000.0,-38757000.0,702645000.0,-106820000.0,706332000.0,-853481000.0,0.0,570388000.0,0.0,1690087000.0,1689990000.0,1689990000.0,0.0,0.0,0.342,257343000.0,494288000.0,899419000.0,0.063,1.458,6.959,6.748,10958797000.0,97000.0,27.06,0.587,0.587,993240000.0,2679024000.0,4947192000.0,4947192000.0,0.0,,,,,0.0,0.0,1.0,295814956.0,295814956.0,,16.724,20542435000.0,0.0,908862000.0,3143049000.0,69.444,-2201045000.0
88,CNP,MRQ,1999-06-30,1999-06-30,1999-06-30,2021-08-25,-91225000.0,19460400000.0,,1891080000.0,17569320000.0,,13.348,-262257000.0,66639000.0,66639000.0,3109297000.0,74762000.0,0.442,3.739,9406137000.0,2459993000.0,6946144000.0,9406137000.0,0.0,257409000.0,0.0,0.054,0.375,221067000.0,478476000.0,0.131,478476000.0,221067000.0,94747000.0,0.26,0.26,0.26,3955385000.0,,3955385000.0,17188040771.0,378.0,18.109,79512000.0,0.268,1.0,548531000.0,0.15,2089601000.0,126320000.0,22427938000.0,,393903000.0,1913243000.0,0.0,1913243000.0,14789981000.0,4282359000.0,10507622000.0,8184638771.0,-17156000.0,-39819000.0,0.0,251222000.0,-106874000.0,-66545000.0,-292380000.0,0.0,341769000.0,0.0,74762000.0,74664000.0,74664000.0,0.0,0.0,0.02,257409000.0,291122000.0,774846000.0,1.442,2.069,-28.421,-27.078,10816007000.0,98000.0,27.62,0.673,0.673,826497000.0,1096058000.0,3657828000.0,3657828000.0,0.0,,,,,0.0,0.0,1.0,296330151.0,296330151.0,,12.344,17370799000.0,0.0,19985000.0,2342130000.0,58.62,-2391279000.0
89,CNP,MRQ,1999-03-31,1999-03-31,1999-03-31,2021-08-25,-98495000.0,18886525000.0,,1558610000.0,17327915000.0,,13.367,-179039000.0,83795000.0,83795000.0,2264654000.0,-209692000.0,0.411,3.768,9087197000.0,2113500000.0,6973697000.0,9087197000.0,0.0,190585000.0,77847000.0,0.058,0.375,-139972000.0,50613000.0,0.019,50613000.0,-139972000.0,-266235000.0,-0.74,-0.74,-0.74,3961030000.0,,3961030000.0,16703615031.0,468.0,18.216,35193000.0,0.119,1.0,378250000.0,0.143,2105349000.0,126263000.0,21993433000.0,,266911000.0,1896874000.0,0.0,1896874000.0,14925495000.0,3791145000.0,11134350000.0,7722347031.0,54122000.0,19361000.0,0.0,-251278000.0,-106767000.0,1284000.0,-161394000.0,0.0,214232000.0,0.0,-209692000.0,-209789000.0,-209789000.0,0.0,0.0,-0.079,190585000.0,187665000.0,715445000.0,-0.507,1.95,-24.045,-23.062,11548779000.0,97000.0,26.06,0.687,0.687,872395000.0,1128387000.0,2642904000.0,2642904000.0,0.0,,,,,0.0,0.0,1.0,296329510.0,296329510.0,,8.919,16781176000.0,333130000.0,-56543000.0,2678689000.0,56.63,-2232535000.0
90,CNP,MRQ,1998-12-31,1998-12-31,1998-12-31,2021-08-25,0.0,19138522000.0,,1669171000.0,17469351000.0,,14.599,9716000.0,29673000.0,29673000.0,2170692000.0,-404462000.0,0.41,3.428,9010941000.0,2210193000.0,6800748000.0,9010941000.0,0.0,188434000.0,0.0,0.047,0.375,-514048000.0,-325614000.0,-0.136,-325614000.0,-514048000.0,-641243000.0,-1.43,-1.42,-1.43,4321868000.0,,4321868000.0,17571761762.0,63.0,15.346,262705000.0,0.887,1.0,225392000.0,0.094,2098890000.0,127195000.0,21949958000.0,,383748000.0,2041600000.0,0.0,2041600000.0,14816654000.0,4070942000.0,10745712000.0,9491030762.0,-21366000.0,-252326000.0,4542000.0,217726000.0,-109297000.0,161177000.0,-435532000.0,-40928000.0,252989000.0,0.0,-404462000.0,-404560000.0,-404560000.0,-137276000.0,0.0,-0.169,188434000.0,36958000.0,807977000.0,-0.262,2.196,-67.083,-64.12,11503114000.0,98000.0,32.06,0.845,0.845,901892000.0,1445081000.0,2396084000.0,2396084000.0,0.0,,,,,0.0,0.0,1.0,296039637.0,296039637.0,,8.094,17039632000.0,0.0,-236781000.0,2945566000.0,57.559,-2401771000.0
91,CNP,MRQ,1998-09-30,1998-09-30,1998-09-30,2021-08-25,-22565000.0,19549830000.0,,2214410000.0,17335420000.0,,16.372,-223179000.0,56303000.0,56303000.0,2691289000.0,251806000.0,0.462,3.033,8137034000.0,2530212000.0,5606822000.0,8137034000.0,0.0,267204000.0,79196000.0,0.048,0.375,478480000.0,745684000.0,0.215,745684000.0,478480000.0,358422000.0,0.89,0.88,0.89,4846894000.0,,4846894000.0,17087851503.0,18.0,9.38,136822000.0,0.462,1.0,774198000.0,0.223,2109554000.0,120058000.0,20729074000.0,,379797000.0,1902596000.0,0.0,1902596000.0,14702936000.0,4791933000.0,9911003000.0,9212753503.0,-33251000.0,-107110000.0,0.0,123243000.0,-106592000.0,-42516000.0,-350736000.0,0.0,360001000.0,0.0,251806000.0,251709000.0,251709000.0,0.0,0.0,0.073,267204000.0,506994000.0,1424471000.0,0.421,1.901,35.564,36.612,11392374000.0,97000.0,31.12,0.793,0.793,1619543000.0,1956048000.0,3465487000.0,3465487000.0,0.0,,,,,0.0,0.0,1.0,296039637.0,296039637.0,,11.706,17440276000.0,415870000.0,106616000.0,3281300000.0,58.912,-2577523000.0
92,CNP,MRQ,1998-06-30,1998-06-30,1998-06-30,2021-08-25,-16535000.0,18405654000.0,,1265044000.0,17140610000.0,,15.898,-390532000.0,89554000.0,89554000.0,2045782000.0,41582000.0,0.342,2.911,7964652000.0,2179460000.0,5785192000.0,7964652000.0,0.0,235035000.0,80009000.0,0.049,0.375,211268000.0,446303000.0,0.163,446303000.0,211268000.0,84908000.0,0.15,0.15,0.15,4706314000.0,,4706314000.0,16962641216.0,18.0,9.745,-523000.0,-0.002,1.0,690844000.0,0.252,2079320000.0,126360000.0,20498735000.0,,267528000.0,1767106000.0,0.0,1767106000.0,13699340000.0,3702697000.0,9996643000.0,9120981216.0,-49512000.0,71964000.0,0.0,-274480000.0,-103928000.0,-110286000.0,-329235000.0,0.0,390009000.0,0.0,41582000.0,41484000.0,41484000.0,0.0,0.0,0.015,235035000.0,455809000.0,799016000.0,2.5,1.938,36.305,34.618,11392977000.0,98000.0,30.81,0.885,0.885,848954000.0,1815435000.0,2736626000.0,2736626000.0,0.0,,,,,0.0,0.0,1.0,296039637.0,296039637.0,,9.244,16326334000.0,349746000.0,43326000.0,3194557000.0,55.149,-2437653000.0
93,CNP,MRQ,1998-03-31,1998-03-31,1998-03-31,2021-08-25,-4957000.0,18351882000.0,,1514373000.0,16837509000.0,,16.111,-108497000.0,139066000.0,139066000.0,2172831000.0,-30018000.0,0.398,2.852,7980726000.0,2446425000.0,5534301000.0,7980726000.0,0.0,175599000.0,82064000.0,0.052,0.375,104646000.0,280245000.0,0.107,280245000.0,104646000.0,-25742000.0,-0.11,-0.11,-0.11,4763945000.0,,4763945000.0,16405924055.0,17.0,9.781,315572000.0,1.067,1.0,458491000.0,0.174,2013907000.0,130388000.0,20378840000.0,,214805000.0,1702888000.0,0.0,1702888000.0,13587937000.0,3800795000.0,9787142000.0,8501324055.0,87354000.0,-4926000.0,0.0,188187000.0,-106448000.0,-214067000.0,-122648000.0,0.0,424069000.0,0.0,-30018000.0,-30115000.0,-30115000.0,0.0,0.0,-0.011,175599000.0,282892000.0,725480000.0,-3.409,1.785,25.667,22.817,11240170000.0,97000.0,28.75,0.985,0.985,834704000.0,1875213000.0,2631322000.0,2631322000.0,0.0,,,,,0.0,0.0,1.0,295698228.0,295698228.0,,8.899,16337975000.0,355065000.0,4276000.0,3254182000.0,55.252,-2286422000.0
94,CNP,MRQ,1997-12-31,1997-12-31,1997-12-31,2021-08-25,0.0,18445606000.0,,1569741000.0,16875865000.0,,16.526,-148252000.0,51712000.0,51712000.0,2369659000.0,-3935000.0,0.39,2.775,7594140000.0,2376125000.0,5218015000.0,7594140000.0,0.0,218485000.0,82437000.0,0.056,0.375,130936000.0,349421000.0,0.126,349421000.0,130936000.0,5190000.0,-0.08,-0.08,-0.08,4886805000.0,,4886805000.0,,,,16007000.0,0.054,1.0,407466000.0,0.147,2026395000.0,125746000.0,19937674000.0,,244979000.0,1694102000.0,0.0,1694102000.0,13558801000.0,4023965000.0,9534836000.0,7909927599.0,-1695000.0,-44875000.0,0.0,922463000.0,-124279000.0,11894000.0,-177848000.0,0.0,164259000.0,0.0,-3935000.0,-4033000.0,-4033000.0,0.0,0.0,-0.001,218485000.0,188981000.0,879612000.0,-4.688,1.619,18.791,16.114,11280362000.0,98000.0,26.75,1.15,1.15,1168834000.0,2013055000.0,2777125000.0,2777125000.0,0.0,,,,,0.0,0.0,1.0,295698228.0,295698228.0,,9.392,16419211000.0,356509000.0,9125000.0,3382592000.0,55.527,-2454224000.0
95,CNP,MRQ,1997-09-30,1997-09-30,1997-09-30,2021-08-25,,,,,,,,124695000.0,,,1511679000.0,243962000.0,,,,,,,,184002000.0,,0.069,0.375,480712000.0,664714000.0,0.308,664714000.0,480712000.0,370171000.0,0.93,0.92,0.93,,,,,,,654747000.0,,1.0,646872000.0,0.3,,110541000.0,,,,,,,,,,,44441000.0,-1637692000.0,0.0,24483000.0,-105774000.0,1032788000.0,-1518399000.0,0.0,530052000.0,0.0,243962000.0,243898000.0,243898000.0,0.0,0.0,0.113,184156000.0,462716000.0,,0.403,,,,,64000.0,21.75,,,,,2158551000.0,2158551000.0,0.0,,,,,0.0,0.0,1.0,,,,,,,126209000.0,,,
96,CNP,MRQ,1997-06-30,1997-06-30,1997-06-30,2021-08-25,,,,,,,,-241870000.0,,,685379000.0,121463000.0,,,,,,,,131897000.0,,0.07,0.375,250996000.0,382893000.0,0.36,382893000.0,250996000.0,172021000.0,0.52,0.52,0.52,,,,,,,135884000.0,,1.0,379069000.0,0.356,,78975000.0,,,,,,,,,,,-6385000.0,25043000.0,0.0,-51527000.0,-87668000.0,-164110000.0,-220029000.0,0.0,377754000.0,0.0,121463000.0,121463000.0,121463000.0,0.0,0.0,0.114,131897000.0,247172000.0,,0.721,,,,,0.0,21.44,,,,,1064448000.0,1064448000.0,0.0,,,,,0.0,0.0,1.0,,,,,,,50558000.0,,,
97,CNP,MRQ,1997-03-31,1997-03-31,1997-03-31,2021-08-25,,,,,,,,-63297000.0,,,583421000.0,59620000.0,,,,,,,,130990000.0,,0.072,0.375,159313000.0,290303000.0,0.331,290303000.0,159313000.0,80102000.0,0.26,0.26,0.26,,,,,,,-24603000.0,,1.0,294680000.0,0.336,,79211000.0,,,,,,,,,,,7350000.0,0.0,0.0,247995000.0,-87567000.0,33833000.0,-65177000.0,0.0,38694000.0,0.0,59620000.0,59620000.0,59620000.0,0.0,0.0,0.068,138464000.0,156216000.0,,1.442,,,,,0.0,20.88,,,,,878101000.0,878101000.0,0.0,,,,,0.0,0.0,1.0,,,,,,,20482000.0,,,
98,CNP,MRQ,1996-12-31,1996-12-31,1996-12-31,2021-08-25,0.0,12287857000.0,,343920000.0,11943937000.0,,,,8001000.0,8001000.0,,,0.153,2.21,4617985000.0,1592335000.0,3025650000.0,4617985000.0,0.0,,53633000.0,0.066,0.375,,,,,,,,,,3827961000.0,,3827961000.0,,,,,,1.0,,,0.0,,14653720000.0,,192175000.0,1529491000.0,0.0,1529491000.0,8459896000.0,2244121000.0,6215775000.0,,,,,,,,,,,,,,,,,,,,157682000.0,,,,13.627,8756423000.0,,22.62,,,114130000.0,,,,,,,,,,,1.0,,,,,12287857000.0,362310000.0,,2829791000.0,,-1900201000.0
0,CNP,MRT,2021-06-30,2021-06-30,2021-06-30,2021-08-25,-85000000.0,36466000000.0,34637000000.0,5179000000.0,31287000000.0,0.23,15.137,-2701000000.0,136000000.0,136000000.0,5385000000.0,935000000.0,1.537,3.111,17150000000.0,1297000000.0,15853000000.0,17150000000.0,0.0,1245000000.0,109000000.0,0.025,0.62,1540000000.0,2785000000.0,0.35,2785000000.0,1540000000.0,1050000000.0,1.38,1.37,1.38,8870000000.0,8580500000.0,8870000000.0,30850758316.0,20.0,11.077,-2963000000.0,-5.056,1.0,2580000000.0,0.324,4294000000.0,490000000.0,45817000000.0,41436000000.0,440000000.0,2168000000.0,923000000.0,1245000000.0,27596000000.0,3369000000.0,24227000000.0,14233758316.0,-37000000.0,152000000.0,-1000000.0,3215000000.0,-348000000.0,2723000000.0,-2498000000.0,0.0,-262000000.0,0.0,935000000.0,775000000.0,775000000.0,6000000.0,0.0,0.097,1244000000.0,1336000000.0,797000000.0,0.449,1.605,18.366,17.768,22096000000.0,160000000.0,24.52,1.787,1.804,921000000.0,-343000000.0,7965000000.0,7965000000.0,0.0,0.022,0.09,0.037,0.193,0.0,0.0,1.0,580495853.0,586000000.0,596000000.0,13.592,32172000000.0,78000000.0,115000000.0,3901000000.0,54.901,1810000000.0
1,CNP,MRT,2021-03-31,2021-03-31,2021-03-31,2021-08-25,-87000000.0,35906000000.0,33557500000.0,3219000000.0,32687000000.0,0.232,15.79,-2526000000.0,146000000.0,146000000.0,5309000000.0,789000000.0,0.744,3.12,16763000000.0,2715000000.0,14048000000.0,16763000000.0,0.0,1216000000.0,120000000.0,0.027,0.61,1437000000.0,2653000000.0,0.34,2653000000.0,1437000000.0,936000000.0,1.11,1.11,1.11,8716000000.0,8461000000.0,8716000000.0,26739285233.0,19.0,10.079,-2874000000.0,-5.207,1.0,2489000000.0,0.319,4697000000.0,501000000.0,43500000000.0,39155250000.0,377000000.0,2064000000.0,848000000.0,1216000000.0,27190000000.0,4326000000.0,22864000000.0,12493285233.0,-80000000.0,1288000000.0,672000000.0,572000000.0,-335000000.0,1483000000.0,-1215000000.0,0.0,-348000000.0,0.0,789000000.0,613000000.0,613000000.0,36000000.0,0.0,0.079,1214000000.0,1275000000.0,797000000.0,0.55,1.433,20.381,20.405,22739000000.0,176000000.0,22.65,1.602,1.603,1123000000.0,-482000000.0,7798000000.0,7798000000.0,0.0,0.018,0.072,0.037,0.184,0.0,0.0,1.0,551579922.0,552000000.0,631000000.0,14.127,31209000000.0,79000000.0,147000000.0,3916000000.0,56.538,-1107000000.0
2,CNP,MRT,2020-12-31,2020-12-31,2020-12-31,2021-08-25,-90000000.0,33471000000.0,32929750000.0,2920000000.0,30551000000.0,0.225,15.721,-2596000000.0,147000000.0,147000000.0,5005000000.0,-773000000.0,0.605,3.009,14393000000.0,2872000000.0,11521000000.0,14393000000.0,0.0,1191000000.0,119000000.0,0.034,0.74,-518000000.0,673000000.0,0.091,673000000.0,-518000000.0,-1047000000.0,-1.79,-1.79,-1.79,8348000000.0,8024500000.0,8348000000.0,25843929037.0,-50.0,38.401,-601000000.0,-1.132,1.0,2413000000.0,0.325,4697000000.0,529000000.0,38195000000.0,38392750000.0,500000000.0,2017000000.0,871000000.0,1146000000.0,25123000000.0,4825000000.0,20298000000.0,11789929037.0,-104000000.0,1295000000.0,672000000.0,-1694000000.0,-392000000.0,-834000000.0,-1265000000.0,0.0,1995000000.0,0.0,-773000000.0,-949000000.0,-949000000.0,182000000.0,0.0,-0.128,1374000000.0,1039000000.0,853000000.0,-0.413,1.412,-12.424,-12.089,22362000000.0,176000000.0,21.64,1.589,1.549,1181000000.0,-845000000.0,7418000000.0,7418000000.0,0.0,-0.029,-0.118,-0.013,-0.07,0.0,0.0,1.0,544821120.0,531000000.0,531000000.0,13.97,28774000000.0,82000000.0,-274000000.0,3868000000.0,54.188,-1905000000.0
3,CNP,MRT,2020-09-30,2020-09-30,2020-09-30,2021-08-25,-82000000.0,32705000000.0,33444250000.0,2785000000.0,29920000000.0,0.221,15.391,-2573000000.0,185000000.0,185000000.0,4998000000.0,-816000000.0,0.727,2.899,14239000000.0,2293000000.0,11946000000.0,14239000000.0,0.0,1191000000.0,120000000.0,0.045,0.877,-570000000.0,621000000.0,0.084,621000000.0,-570000000.0,-1127000000.0,-1.95,-1.95,-1.95,8388000000.0,8027250000.0,8388000000.0,24094247147.0,-42.0,38.799,-582000000.0,-1.068,1.0,2385000000.0,0.323,4697000000.0,557000000.0,38232000000.0,39452250000.0,534000000.0,1948000000.0,836000000.0,1112000000.0,24317000000.0,3830000000.0,20487000000.0,10542247147.0,-89000000.0,1224000000.0,672000000.0,-1556000000.0,-453000000.0,-751000000.0,-1329000000.0,-6000000.0,1991000000.0,0.0,-816000000.0,-972000000.0,-972000000.0,162000000.0,0.0,-0.132,1357000000.0,1028000000.0,658000000.0,-0.45,1.257,-10.846,-9.923,21735000000.0,156000000.0,19.35,1.428,1.428,1015000000.0,-796000000.0,7383000000.0,7383000000.0,0.0,-0.029,-0.121,-0.014,-0.077,0.0,0.0,1.0,544818974.0,545000000.0,548000000.0,13.547,28008000000.0,102000000.0,-311000000.0,3787000000.0,51.391,-1045000000.0
4,CNP,MRT,2020-06-30,2020-06-30,2020-06-30,2021-08-25,-84000000.0,32148000000.0,33928500000.0,2501000000.0,29647000000.0,0.219,15.894,-2615000000.0,168000000.0,168000000.0,4969000000.0,-667000000.0,0.58,2.831,13720000000.0,2783000000.0,10937000000.0,13720000000.0,0.0,1226000000.0,124000000.0,0.054,1.014,-350000000.0,876000000.0,0.118,876000000.0,-350000000.0,-922000000.0,-1.6,-1.61,-1.6,8392000000.0,8016750000.0,8392000000.0,25178605275.0,-72.0,28.743,-370000000.0,-0.701,1.0,2450000000.0,0.33,4697000000.0,572000000.0,36694000000.0,40172500000.0,462000000.0,1971000000.0,753000000.0,1218000000.0,23756000000.0,4309000000.0,19447000000.0,9384605275.0,-138000000.0,1185000000.0,673000000.0,-1721000000.0,-516000000.0,-968000000.0,-1415000000.0,-6000000.0,2245000000.0,0.0,-667000000.0,-800000000.0,-800000000.0,137000000.0,0.0,-0.108,1367000000.0,1083000000.0,670000000.0,-0.634,1.118,-11.731,-11.669,21348000000.0,133000000.0,18.67,1.265,1.329,1010000000.0,-771000000.0,7419000000.0,7419000000.0,0.0,-0.024,-0.1,-0.009,-0.047,0.0,0.0,1.0,502656951.0,528000000.0,531000000.0,14.051,27451000000.0,0.0,-255000000.0,3732000000.0,51.991,-1808000000.0
5,CNP,MRT,2020-03-31,2020-03-31,2020-03-31,2021-08-25,-100000000.0,33395000000.0,34438750000.0,4164000000.0,29231000000.0,0.218,13.884,-2633000000.0,220000000.0,220000000.0,5033000000.0,-577000000.0,1.03,3.791,16014000000.0,2184000000.0,13830000000.0,16014000000.0,0.0,1271000000.0,124000000.0,0.075,1.152,-265000000.0,1006000000.0,0.134,1006000000.0,-265000000.0,-846000000.0,-1.38,-1.39,-1.38,6970000000.0,7983000000.0,6970000000.0,23523657208.0,-89.0,23.383,-604000000.0,-1.203,1.0,2469000000.0,0.329,4697000000.0,581000000.0,40450000000.0,41183250000.0,375000000.0,1891000000.0,678000000.0,1213000000.0,26425000000.0,4042000000.0,22383000000.0,7759657208.0,-108000000.0,45000000.0,0.0,1098000000.0,-578000000.0,399000000.0,-2536000000.0,-6000000.0,2029000000.0,0.0,-577000000.0,-694000000.0,-694000000.0,63000000.0,0.0,-0.093,1392000000.0,1077000000.0,739000000.0,-0.835,1.113,-11.181,-11.196,20978000000.0,117000000.0,15.45,1.034,1.034,1031000000.0,-761000000.0,7502000000.0,7502000000.0,0.0,-0.02,-0.087,-0.006,-0.035,0.0,0.0,1.0,502243185.0,502000000.0,502000000.0,14.944,28698000000.0,93000000.0,-269000000.0,3739000000.0,57.167,122000000.0
6,CNP,MRT,2019-12-31,2019-12-31,2019-12-31,2021-08-25,-98000000.0,35529000000.0,34565500000.0,3937000000.0,31592000000.0,0.219,16.651,-2506000000.0,241000000.0,241000000.0,5268000000.0,791000000.0,0.99,3.25,16005000000.0,1761000000.0,14244000000.0,16005000000.0,0.0,1311000000.0,124000000.0,0.042,1.149,1450000000.0,2761000000.0,0.365,2761000000.0,1450000000.0,883000000.0,1.34,1.33,1.34,8359000000.0,8294500000.0,8359000000.0,29136131786.0,20.0,10.553,-868000000.0,-1.729,1.0,2296000000.0,0.304,4882000000.0,567000000.0,42433000000.0,41012500000.0,472000000.0,3593000000.0,822000000.0,2771000000.0,27170000000.0,3978000000.0,23192000000.0,13696131786.0,-4007000000.0,-5949000000.0,0.0,3485000000.0,-577000000.0,2776000000.0,-8421000000.0,-6000000.0,1638000000.0,0.0,791000000.0,674000000.0,674000000.0,-109000000.0,0.0,0.089,1225000000.0,1071000000.0,884000000.0,0.857,1.638,20.321,20.351,20624000000.0,117000000.0,27.27,1.811,1.81,1171000000.0,632000000.0,7564000000.0,7564000000.0,0.0,0.019,0.081,0.035,0.192,0.0,0.0,1.0,502241723.0,502000000.0,505000000.0,15.068,30647000000.0,106000000.0,92000000.0,4167000000.0,61.05,-41000000.0
7,CNP,MRT,2019-09-30,2019-09-30,2019-09-30,2021-08-25,-107000000.0,34642000000.0,32435500000.0,3416000000.0,31226000000.0,0.132,16.625,-2352000000.0,259000000.0,259000000.0,2082000000.0,754000000.0,0.995,3.151,15699000000.0,1685000000.0,14014000000.0,15699000000.0,0.0,1267000000.0,122000000.0,0.038,1.139,1480000000.0,2747000000.0,0.643,2747000000.0,1480000000.0,899000000.0,1.27,1.26,1.27,8346000000.0,8219250000.0,8346000000.0,30249960245.0,20.0,11.012,-809000000.0,-1.612,1.0,2187000000.0,0.512,5535000000.0,581000000.0,41113000000.0,37481500000.0,572000000.0,3578000000.0,746000000.0,2832000000.0,26296000000.0,3434000000.0,22862000000.0,15156960245.0,-34000000.0,-5991000000.0,1844000000.0,4635000000.0,-572000000.0,6731000000.0,-8308000000.0,0.0,1543000000.0,0.0,754000000.0,636000000.0,636000000.0,-61000000.0,0.0,0.149,1186000000.0,1001000000.0,888000000.0,0.897,1.816,23.832,23.764,20328000000.0,118000000.0,30.18,3.55,3.549,1494000000.0,636000000.0,4269000000.0,4269000000.0,0.0,0.02,0.077,0.039,0.347,0.0,0.0,1.0,502218696.0,502000000.0,505000000.0,8.504,29107000000.0,69000000.0,145000000.0,4044000000.0,57.982,-18000000.0
8,CNP,MRT,2019-06-30,2019-06-30,2019-06-30,2021-08-25,-105000000.0,34189000000.0,29332000000.0,3326000000.0,30863000000.0,0.164,16.448,-2123000000.0,271000000.0,271000000.0,2757000000.0,642000000.0,1.11,3.141,15364000000.0,1243000000.0,14121000000.0,15364000000.0,0.0,1252000000.0,126000000.0,0.039,1.13,1320000000.0,2572000000.0,0.533,2572000000.0,1320000000.0,792000000.0,1.14,1.14,1.14,8257000000.0,7509750000.0,8257000000.0,28970237640.0,22.0,11.264,-506000000.0,-1.008,1.0,2066000000.0,0.428,5549000000.0,528000000.0,40737000000.0,33942000000.0,479000000.0,3524000000.0,687000000.0,2837000000.0,25932000000.0,2996000000.0,22936000000.0,14377237640.0,-34000000.0,-5991000000.0,1844000000.0,3868000000.0,-547000000.0,6438000000.0,-8089000000.0,0.0,1617000000.0,0.0,642000000.0,548000000.0,548000000.0,-42000000.0,0.0,0.114,1196000000.0,870000000.0,936000000.0,0.991,1.741,26.236,25.114,19932000000.0,94000000.0,28.63,2.981,2.98,1538000000.0,552000000.0,4823000000.0,4823000000.0,0.0,0.019,0.073,0.039,0.274,0.0,0.0,1.0,502173861.0,502000000.0,505000000.0,9.608,28640000000.0,69000000.0,150000000.0,3963000000.0,57.052,330000000.0
9,CNP,MRT,2019-03-31,2019-03-31,2019-03-31,2021-08-25,-107000000.0,33902000000.0,26311750000.0,3419000000.0,30483000000.0,0.203,16.367,-1826000000.0,255000000.0,255000000.0,3307000000.0,372000000.0,1.089,3.126,14848000000.0,1089000000.0,13759000000.0,14848000000.0,0.0,1251000000.0,142000000.0,0.037,1.121,969000000.0,2220000000.0,0.415,2220000000.0,969000000.0,494000000.0,0.64,0.64,0.64,8216000000.0,6613000000.0,8216000000.0,20921033533.0,22.0,9.424,97000000.0,0.193,1.0,2044000000.0,0.382,5589000000.0,475000000.0,39767000000.0,30601750000.0,371000000.0,3457000000.0,623000000.0,2834000000.0,25686000000.0,3139000000.0,22547000000.0,15387033533.0,98000000.0,-5971000000.0,1844000000.0,2979000000.0,-523000000.0,5590000000.0,-7415000000.0,382000000.0,1923000000.0,0.0,372000000.0,308000000.0,308000000.0,2000000.0,0.0,0.058,1216000000.0,828000000.0,1181000000.0,1.752,1.873,49.958,47.969,19512000000.0,64000000.0,30.7,2.876,2.88,1866000000.0,518000000.0,5351000000.0,5351000000.0,0.0,0.012,0.047,0.032,0.181,0.0,0.0,1.0,501206304.0,502000000.0,504000000.0,10.659,28313000000.0,0.0,122000000.0,4038000000.0,56.4,280000000.0
10,CNP,MRT,2018-12-31,2018-12-31,2018-12-31,2021-08-25,-108000000.0,27009000000.0,23438750000.0,7025000000.0,19984000000.0,0.268,17.947,-1651000000.0,4231000000.0,4231000000.0,4179000000.0,368000000.0,2.127,2.352,9765000000.0,1083000000.0,8682000000.0,9765000000.0,0.0,1243000000.0,86000000.0,0.039,1.111,943000000.0,2186000000.0,0.348,2186000000.0,943000000.0,523000000.0,0.74,0.74,0.74,8058000000.0,5773250000.0,8058000000.0,22323632855.0,24.0,10.212,485000000.0,1.08,1.0,2098000000.0,0.334,932000000.0,420000000.0,28309000000.0,27702750000.0,394000000.0,3385000000.0,540000000.0,2845000000.0,18951000000.0,3302000000.0,15649000000.0,14148632855.0,3982000000.0,30000000.0,1844000000.0,382000000.0,-499000000.0,3053000000.0,-1207000000.0,398000000.0,2136000000.0,0.0,368000000.0,333000000.0,333000000.0,28000000.0,0.0,0.053,1230000000.0,868000000.0,1240000000.0,1.501,1.756,42.488,38.149,14044000000.0,35000000.0,28.23,2.254,2.019,1568000000.0,349000000.0,6277000000.0,6277000000.0,0.0,0.014,0.058,0.034,0.15,0.0,0.0,1.0,501191387.0,449000000.0,452000000.0,13.98,26077000000.0,0.0,155000000.0,3443000000.0,58.078,3723000000.0
11,CNP,MRT,2018-09-30,2018-09-30,2018-09-30,2021-08-25,-58000000.0,22228000000.0,22370500000.0,2726000000.0,19502000000.0,0.456,12.75,-1553000000.0,293000000.0,293000000.0,7950000000.0,1544000000.0,1.056,3.036,8468000000.0,1216000000.0,7252000000.0,8468000000.0,0.0,1269000000.0,0.0,0.04,1.102,956000000.0,2225000000.0,0.218,2225000000.0,956000000.0,619000000.0,3.57,3.55,3.57,5508000000.0,4930750000.0,5508000000.0,20909459556.0,22.0,9.398,515000000.0,1.192,1.0,2241000000.0,0.22,867000000.0,337000000.0,26955000000.0,27637500000.0,405000000.0,3447000000.0,627000000.0,2820000000.0,16720000000.0,2581000000.0,14139000000.0,11932459556.0,98000000.0,104000000.0,0.0,-830000000.0,-475000000.0,-936000000.0,-1034000000.0,398000000.0,2068000000.0,0.0,1544000000.0,1539000000.0,1539000000.0,0.0,0.0,0.151,1269000000.0,972000000.0,708000000.0,0.309,2.166,7.753,7.745,13653000000.0,5000000.0,27.65,1.171,1.172,1130000000.0,551000000.0,10191000000.0,10191000000.0,0.0,0.069,0.312,0.035,0.094,0.0,0.0,1.0,431553691.0,432000000.0,435000000.0,23.59,21361000000.0,38000000.0,-925000000.0,3372000000.0,49.447,145000000.0
12,CNP,MRT,2018-06-30,2018-06-30,2018-06-30,2021-08-25,-62000000.0,22108000000.0,22347250000.0,2701000000.0,19407000000.0,0.451,10.81,-1474000000.0,328000000.0,328000000.0,7822000000.0,1555000000.0,0.95,3.734,9305000000.0,1545000000.0,7760000000.0,9305000000.0,0.0,1212000000.0,0.0,0.039,1.092,1004000000.0,2216000000.0,0.22,2216000000.0,1004000000.0,677000000.0,3.61,3.59,3.61,4670000000.0,4458250000.0,4670000000.0,21200124921.0,21.0,9.567,359000000.0,0.831,1.0,2255000000.0,0.224,867000000.0,327000000.0,27376000000.0,27724500000.0,344000000.0,3398000000.0,584000000.0,2814000000.0,17438000000.0,2842000000.0,14596000000.0,11956124921.0,86000000.0,178000000.0,0.0,-353000000.0,-471000000.0,-863000000.0,-884000000.0,398000000.0,1833000000.0,0.0,1555000000.0,1555000000.0,1555000000.0,0.0,0.0,0.154,1212000000.0,1043000000.0,706000000.0,0.302,2.56,7.689,7.676,13397000000.0,0.0,27.71,1.186,1.188,1165000000.0,513000000.0,10077000000.0,10077000000.0,0.0,0.07,0.349,0.036,0.1,0.0,0.0,1.0,431473292.0,432000000.0,432000000.0,23.326,21241000000.0,39000000.0,-878000000.0,3271000000.0,49.169,-141000000.0
13,CNP,MRT,2018-03-31,2018-03-31,2018-03-31,2021-08-25,-63000000.0,22410000000.0,22331500000.0,3049000000.0,19361000000.0,0.449,11.269,-1476000000.0,219000000.0,219000000.0,7814000000.0,1765000000.0,1.166,3.614,9463000000.0,1287000000.0,8176000000.0,9463000000.0,0.0,1124000000.0,0.0,0.039,1.082,1289000000.0,2413000000.0,0.24,2413000000.0,1289000000.0,976000000.0,4.09,4.07,4.09,4857000000.0,4181500000.0,4857000000.0,21058718625.0,16.0,8.727,108000000.0,0.251,1.0,2220000000.0,0.221,867000000.0,313000000.0,28171000000.0,27713750000.0,257000000.0,3774000000.0,944000000.0,2830000000.0,17553000000.0,2616000000.0,14937000000.0,11810718625.0,-33000000.0,237000000.0,0.0,104000000.0,-466000000.0,-401000000.0,-1216000000.0,16000000.0,1584000000.0,0.0,1765000000.0,1765000000.0,1765000000.0,0.0,0.0,0.176,1124000000.0,1096000000.0,712000000.0,0.265,2.432,6.692,6.699,13205000000.0,0.0,27.4,1.177,1.177,1356000000.0,708000000.0,10034000000.0,10034000000.0,0.0,0.079,0.422,0.047,0.128,0.0,0.0,1.0,431048125.0,431000000.0,434000000.0,23.281,21543000000.0,0.0,-789000000.0,3336000000.0,49.984,433000000.0
14,CNP,MRT,2017-12-31,2017-12-31,2017-12-31,2021-08-25,-68000000.0,22736000000.0,22211750000.0,3395000000.0,19341000000.0,0.433,10.877,-1426000000.0,260000000.0,260000000.0,7442000000.0,1792000000.0,1.106,3.85,9508000000.0,1313000000.0,8195000000.0,9508000000.0,0.0,1036000000.0,0.0,0.038,1.072,1376000000.0,2412000000.0,0.251,2412000000.0,1376000000.0,1063000000.0,4.16,4.13,4.16,4688000000.0,3851500000.0,4688000000.0,21480110315.0,16.0,8.906,-9000000.0,-0.021,1.0,2172000000.0,0.226,867000000.0,313000000.0,28048000000.0,27564500000.0,397000000.0,3795000000.0,960000000.0,2835000000.0,18048000000.0,3069000000.0,14979000000.0,12224110315.0,-85000000.0,165000000.0,0.0,238000000.0,-461000000.0,-245000000.0,-1257000000.0,0.0,1417000000.0,0.0,1792000000.0,1792000000.0,1792000000.0,0.0,0.0,0.186,1036000000.0,1136000000.0,963000000.0,0.258,2.608,6.821,6.817,13057000000.0,0.0,28.36,1.271,1.271,1427000000.0,543000000.0,9614000000.0,9614000000.0,0.0,0.081,0.465,0.05,0.143,0.0,0.0,1.0,431033509.0,431000000.0,434000000.0,22.306,21869000000.0,0.0,-729000000.0,3355000000.0,50.74,326000000.0
15,CNP,MRT,2017-09-30,2017-09-30,2017-09-30,2021-08-25,-72000000.0,22135000000.0,21985000000.0,2935000000.0,19200000000.0,0.412,8.394,-1361000000.0,201000000.0,201000000.0,6920000000.0,597000000.0,0.911,5.118,9457000000.0,1926000000.0,7531000000.0,9457000000.0,0.0,1002000000.0,0.0,0.036,1.062,1256000000.0,2258000000.0,0.249,2258000000.0,1256000000.0,939000000.0,1.38,1.38,1.38,3618000000.0,3544500000.0,3618000000.0,21783222753.0,17.0,9.647,135000000.0,0.313,1.0,2137000000.0,0.236,867000000.0,317000000.0,27303000000.0,27266250000.0,442000000.0,3901000000.0,1057000000.0,2844000000.0,18517000000.0,3221000000.0,15296000000.0,12590222753.0,-73000000.0,165000000.0,0.0,115000000.0,-457000000.0,-377000000.0,-1192000000.0,0.0,1496000000.0,0.0,597000000.0,597000000.0,597000000.0,0.0,0.0,0.066,1002000000.0,1135000000.0,657000000.0,0.77,3.48,21.089,21.167,12700000000.0,0.0,29.21,1.39,1.39,996000000.0,-518000000.0,9057000000.0,9057000000.0,0.0,0.027,0.168,0.046,0.139,0.0,0.0,1.0,431024401.0,431000000.0,434000000.0,21.014,21268000000.0,0.0,342000000.0,5657000000.0,49.346,-286000000.0
16,CNP,MRT,2017-06-30,2017-06-30,2017-06-30,2021-08-25,-70000000.0,22045000000.0,21772750000.0,2865000000.0,19180000000.0,0.406,8.267,-1381000000.0,248000000.0,248000000.0,6669000000.0,607000000.0,0.943,5.187,9441000000.0,1854000000.0,7587000000.0,9441000000.0,0.0,1057000000.0,0.0,0.038,1.051,1268000000.0,2325000000.0,0.263,2325000000.0,1268000000.0,948000000.0,1.41,1.4,1.41,3563000000.0,3508000000.0,3563000000.0,20951814088.0,17.0,9.012,158000000.0,0.367,1.0,2179000000.0,0.246,867000000.0,320000000.0,27333000000.0,27157750000.0,410000000.0,3870000000.0,1020000000.0,2850000000.0,18482000000.0,3038000000.0,15444000000.0,11799814088.0,-27000000.0,161000000.0,0.0,129000000.0,-452000000.0,-359000000.0,-1207000000.0,0.0,1539000000.0,0.0,607000000.0,607000000.0,607000000.0,0.0,0.0,0.069,1057000000.0,1122000000.0,631000000.0,0.745,3.312,19.44,19.418,12644000000.0,0.0,27.38,1.334,1.334,953000000.0,-571000000.0,8848000000.0,8848000000.0,0.0,0.028,0.173,0.047,0.143,0.0,0.0,1.0,430964722.0,431000000.0,434000000.0,20.529,21178000000.0,0.0,341000000.0,5517000000.0,49.137,-173000000.0
17,CNP,MRT,2017-03-31,2017-03-31,2017-03-31,2021-08-25,-71000000.0,21931000000.0,21514500000.0,2896000000.0,19035000000.0,0.385,8.206,-1394000000.0,254000000.0,254000000.0,6123000000.0,470000000.0,1.096,5.2,9406000000.0,1514000000.0,7892000000.0,9406000000.0,0.0,1092000000.0,0.0,0.038,1.041,1074000000.0,2166000000.0,0.262,2166000000.0,1074000000.0,745000000.0,1.09,1.08,1.09,3537000000.0,3466500000.0,3537000000.0,20842092063.0,19.0,9.622,209000000.0,0.485,1.0,2156000000.0,0.26,867000000.0,329000000.0,27574000000.0,26996750000.0,316000000.0,3862000000.0,997000000.0,2865000000.0,18394000000.0,2642000000.0,15752000000.0,11874092063.0,36000000.0,63000000.0,0.0,231000000.0,-448000000.0,-430000000.0,-1137000000.0,178000000.0,1603000000.0,0.0,470000000.0,470000000.0,470000000.0,0.0,0.0,0.057,1092000000.0,1064000000.0,634000000.0,0.955,3.357,25.264,25.294,12452000000.0,0.0,27.57,1.434,1.435,1067000000.0,-591000000.0,8279000000.0,8279000000.0,0.0,0.022,0.136,0.04,0.13,0.0,0.0,1.0,430688867.0,431000000.0,433000000.0,19.209,21064000000.0,14000000.0,275000000.0,5459000000.0,48.872,254000000.0
18,CNP,MRT,2016-12-31,2016-12-31,2016-12-31,2021-08-25,-71000000.0,21829000000.0,21282750000.0,2923000000.0,18906000000.0,0.354,8.028,-1414000000.0,341000000.0,341000000.0,5379000000.0,432000000.0,0.949,5.309,9309000000.0,1777000000.0,7532000000.0,9309000000.0,0.0,1126000000.0,0.0,0.042,1.03,1024000000.0,2150000000.0,0.286,2150000000.0,1024000000.0,686000000.0,1.0,1.0,1.0,3460000000.0,3458750000.0,3460000000.0,19455014829.0,19.0,9.049,509000000.0,1.181,1.0,2149000000.0,0.285,862000000.0,338000000.0,26855000000.0,26700250000.0,312000000.0,3821000000.0,953000000.0,2868000000.0,18369000000.0,3080000000.0,15289000000.0,10612014829.0,81000000.0,195000000.0,0.0,-154000000.0,-443000000.0,-808000000.0,-1034000000.0,178000000.0,1923000000.0,0.0,432000000.0,432000000.0,432000000.0,0.0,0.0,0.057,1126000000.0,1023000000.0,657000000.0,1.03,3.067,24.565,24.64,12307000000.0,0.0,24.64,1.41,1.411,1075000000.0,-668000000.0,7528000000.0,7528000000.0,0.0,0.02,0.125,0.038,0.136,0.0,0.0,1.0,430682420.0,431000000.0,434000000.0,17.466,20967000000.0,30000000.0,254000000.0,5435000000.0,48.647,-157000000.0
19,CNP,MRT,2016-09-30,2016-09-30,2016-09-30,2021-08-25,-64000000.0,21286000000.0,21148000000.0,2529000000.0,18757000000.0,0.342,8.056,-1500000000.0,270000000.0,270000000.0,5177000000.0,-178000000.0,1.055,5.131,9113000000.0,1377000000.0,7736000000.0,9113000000.0,0.0,1119000000.0,0.0,0.044,1.02,48000000.0,1167000000.0,0.161,1167000000.0,48000000.0,-294000000.0,-0.41,-0.42,-0.41,3472000000.0,3459000000.0,3472000000.0,18783736913.0,391.0,16.096,307000000.0,0.712,1.0,2061000000.0,0.285,862000000.0,342000000.0,26869000000.0,26721500000.0,351000000.0,3712000000.0,814000000.0,2898000000.0,17814000000.0,2398000000.0,15416000000.0,10004736913.0,43000000.0,195000000.0,0.0,-37000000.0,-439000000.0,-662000000.0,-1102000000.0,178000000.0,1807000000.0,0.0,-178000000.0,-178000000.0,-178000000.0,0.0,0.0,-0.025,1119000000.0,942000000.0,422000000.0,-2.488,2.882,-56.206,-56.659,12083000000.0,0.0,23.23,1.382,1.383,868000000.0,-658000000.0,7238000000.0,7238000000.0,0.0,-0.008,-0.051,0.002,0.007,0.0,0.0,1.0,430681744.0,431000000.0,433000000.0,16.794,20424000000.0,23000000.0,-116000000.0,5340000000.0,47.387,131000000.0
20,CNP,MRT,2016-06-30,2016-06-30,2016-06-30,2021-08-25,-67000000.0,21012000000.0,21271000000.0,2272000000.0,18740000000.0,0.328,7.882,-1554000000.0,271000000.0,271000000.0,4993000000.0,-748000000.0,1.014,5.185,9050000000.0,1270000000.0,7780000000.0,9050000000.0,0.0,1063000000.0,0.0,0.042,1.01,-858000000.0,205000000.0,0.029,205000000.0,-858000000.0,-1205000000.0,-1.74,-1.74,-1.74,3397000000.0,3605500000.0,3397000000.0,19092866368.0,-22.0,93.136,255000000.0,0.592,1.0,1986000000.0,0.285,861000000.0,347000000.0,26689000000.0,26660000000.0,283000000.0,3636000000.0,737000000.0,2899000000.0,17615000000.0,2241000000.0,15374000000.0,10334866368.0,26000000.0,199000000.0,0.0,51000000.0,-434000000.0,-600000000.0,-1183000000.0,178000000.0,1809000000.0,0.0,-748000000.0,-748000000.0,-748000000.0,0.0,0.0,-0.107,1063000000.0,923000000.0,407000000.0,-0.58,3.042,-13.817,-13.793,11898000000.0,0.0,24.0,1.481,1.482,783000000.0,-726000000.0,6979000000.0,6979000000.0,0.0,-0.035,-0.207,-0.032,-0.123,0.0,0.0,1.0,430619432.0,431000000.0,431000000.0,16.193,20151000000.0,16000000.0,-457000000.0,5213000000.0,46.754,31000000.0
21,CNP,MRT,2016-03-31,2016-03-31,2016-03-31,2021-08-25,-65000000.0,21004000000.0,21668500000.0,2335000000.0,18669000000.0,0.32,8.153,-1575000000.0,218000000.0,218000000.0,4997000000.0,-669000000.0,0.921,4.991,8976000000.0,1622000000.0,7354000000.0,8976000000.0,0.0,1013000000.0,0.0,0.048,1.0,-749000000.0,264000000.0,0.038,264000000.0,-749000000.0,-1099000000.0,-1.55,-1.55,-1.55,3506000000.0,3893750000.0,3506000000.0,17993284989.0,-24.0,68.156,266000000.0,0.619,1.0,1940000000.0,0.28,840000000.0,350000000.0,26388000000.0,26872750000.0,234000000.0,3837000000.0,894000000.0,2943000000.0,17498000000.0,2534000000.0,14964000000.0,9001284989.0,-16000000.0,222000000.0,0.0,-68000000.0,-430000000.0,-538000000.0,-1319000000.0,32000000.0,1841000000.0,0.0,-669000000.0,-669000000.0,-669000000.0,0.0,0.0,-0.096,1013000000.0,927000000.0,378000000.0,-0.645,2.567,-13.455,-13.497,11718000000.0,0.0,20.92,1.298,1.297,784000000.0,-613000000.0,6937000000.0,6937000000.0,0.0,-0.031,-0.172,-0.028,-0.108,0.0,0.0,1.0,430271749.0,430000000.0,433000000.0,16.133,20164000000.0,3000000.0,-430000000.0,5217000000.0,46.893,-199000000.0
22,CNP,MRT,2015-12-31,2015-12-31,2015-12-31,2021-08-25,-66000000.0,21290000000.0,22085000000.0,2689000000.0,18601000000.0,0.334,8.049,-1584000000.0,264000000.0,264000000.0,5483000000.0,-692000000.0,1.094,5.151,9212000000.0,1346000000.0,7866000000.0,9212000000.0,0.0,970000000.0,0.0,0.054,0.991,-778000000.0,192000000.0,0.026,192000000.0,-778000000.0,-1130000000.0,-1.61,-1.61,-1.61,3461000000.0,4160750000.0,3461000000.0,16775613827.0,-22.0,87.373,286000000.0,0.665,1.0,1903000000.0,0.258,840000000.0,352000000.0,26940000000.0,27150250000.0,347000000.0,3762000000.0,805000000.0,2957000000.0,17829000000.0,2458000000.0,15371000000.0,7899613827.0,-34000000.0,148000000.0,0.0,-54000000.0,-426000000.0,-517000000.0,-1387000000.0,32000000.0,1870000000.0,0.0,-692000000.0,-692000000.0,-692000000.0,0.0,0.0,-0.094,970000000.0,933000000.0,483000000.0,-0.616,2.282,-11.416,-11.404,11537000000.0,0.0,18.36,1.07,1.069,872000000.0,-657000000.0,7386000000.0,7386000000.0,0.0,-0.031,-0.166,-0.029,-0.105,0.0,0.0,1.0,430262191.0,430000000.0,430000000.0,17.177,20450000000.0,172000000.0,-438000000.0,5205000000.0,47.558,231000000.0
23,CNP,MRT,2015-09-30,2015-09-30,2015-09-30,2021-08-25,-81000000.0,21778000000.0,22562500000.0,2400000000.0,19378000000.0,0.353,9.437,-1505000000.0,227000000.0,227000000.0,6086000000.0,-7000000.0,0.752,4.367,9103000000.0,1441000000.0,7662000000.0,9103000000.0,0.0,953000000.0,0.0,0.054,0.981,165000000.0,1118000000.0,0.14,1118000000.0,165000000.0,-103000000.0,-0.02,-0.02,-0.02,4058000000.0,4432500000.0,4058000000.0,16664921248.0,101.0,14.906,286000000.0,0.665,1.0,1881000000.0,0.236,840000000.0,268000000.0,26623000000.0,27582250000.0,342000000.0,4793000000.0,826000000.0,3967000000.0,17720000000.0,3191000000.0,14529000000.0,7761921248.0,-3000000.0,73000000.0,0.0,40000000.0,-421000000.0,-412000000.0,-1382000000.0,32000000.0,1791000000.0,0.0,-7000000.0,-7000000.0,-7000000.0,0.0,0.0,-0.001,953000000.0,928000000.0,367000000.0,-49.05,1.913,-1108.846,-902.0,11185000000.0,0.0,18.04,0.974,0.974,748000000.0,-41000000.0,7967000000.0,7967000000.0,0.0,0.0,-0.002,0.006,0.021,0.0,0.0,1.0,430261710.0,430000000.0,430000000.0,18.528,20938000000.0,68000000.0,-96000000.0,5314000000.0,48.693,-791000000.0
24,CNP,MRT,2015-06-30,2015-06-30,2015-06-30,2021-08-25,-82000000.0,22602000000.0,22630000000.0,2509000000.0,20093000000.0,0.36,10.581,-1459000000.0,245000000.0,245000000.0,6270000000.0,527000000.0,0.803,3.967,9148000000.0,1534000000.0,7614000000.0,9148000000.0,0.0,978000000.0,0.0,0.051,0.97,1043000000.0,2021000000.0,0.248,2021000000.0,1043000000.0,745000000.0,1.22,1.22,1.22,4550000000.0,4536250000.0,4550000000.0,17041839419.0,16.0,8.432,348000000.0,0.809,1.0,1874000000.0,0.23,840000000.0,298000000.0,27540000000.0,27689500000.0,274000000.0,5794000000.0,960000000.0,4834000000.0,18052000000.0,3125000000.0,14927000000.0,8186839419.0,39000000.0,0.0,0.0,44000000.0,-417000000.0,-372000000.0,-1396000000.0,32000000.0,1807000000.0,0.0,527000000.0,527000000.0,527000000.0,0.0,0.0,0.065,978000000.0,896000000.0,367000000.0,0.795,1.799,15.535,15.598,10911000000.0,0.0,19.03,1.005,1.005,823000000.0,456000000.0,8144000000.0,8144000000.0,0.0,0.023,0.116,0.038,0.128,0.0,0.0,1.0,430207011.0,430000000.0,432000000.0,18.94,21762000000.0,38000000.0,218000000.0,5534000000.0,50.609,-616000000.0
25,CNP,MRT,2015-03-31,2015-03-31,2015-03-31,2021-08-25,-84000000.0,22670000000.0,22459500000.0,2691000000.0,19979000000.0,0.378,10.637,-1412000000.0,234000000.0,234000000.0,6605000000.0,557000000.0,0.844,3.956,9089000000.0,1322000000.0,7767000000.0,9089000000.0,0.0,995000000.0,0.0,0.047,0.96,1128000000.0,2123000000.0,0.25,2123000000.0,1128000000.0,800000000.0,1.29,1.29,1.29,4574000000.0,4505000000.0,4574000000.0,17872273168.0,16.0,8.418,271000000.0,0.63,1.0,1891000000.0,0.223,840000000.0,328000000.0,27498000000.0,27508750000.0,198000000.0,5777000000.0,913000000.0,4864000000.0,18096000000.0,3187000000.0,14909000000.0,8772273168.0,-145000000.0,-1000000.0,-1000000.0,-12000000.0,-412000000.0,-423000000.0,-1405000000.0,0.0,1683000000.0,0.0,557000000.0,557000000.0,557000000.0,0.0,0.0,0.066,995000000.0,896000000.0,476000000.0,0.744,1.918,15.749,15.822,10670000000.0,0.0,20.41,1.033,1.033,1132000000.0,486000000.0,8496000000.0,8496000000.0,0.0,0.025,0.124,0.041,0.133,0.0,0.0,1.0,429802703.0,430000000.0,431000000.0,19.758,21830000000.0,0.0,243000000.0,5586000000.0,50.767,-496000000.0
26,CNP,MRT,2014-12-31,2014-12-31,2014-12-31,2021-08-25,0.0,23200000000.0,22358000000.0,3268000000.0,19932000000.0,0.413,10.577,-1372000000.0,298000000.0,298000000.0,7278000000.0,611000000.0,1.17,4.101,9398000000.0,1389000000.0,8009000000.0,9398000000.0,0.0,1013000000.0,0.0,0.041,0.95,1238000000.0,2251000000.0,0.244,2251000000.0,1238000000.0,885000000.0,1.42,1.42,1.42,4548000000.0,4465000000.0,4548000000.0,18922116297.0,15.0,8.406,25000000.0,0.058,1.0,1948000000.0,0.211,840000000.0,353000000.0,28668000000.0,27374500000.0,379000000.0,5814000000.0,930000000.0,4884000000.0,18652000000.0,2792000000.0,15860000000.0,10070116297.0,90000000.0,-1000000.0,0.0,479000000.0,-408000000.0,77000000.0,-1384000000.0,0.0,1397000000.0,0.0,611000000.0,611000000.0,611000000.0,0.0,0.0,0.066,1013000000.0,935000000.0,716000000.0,0.669,2.214,16.481,16.5,10502000000.0,0.0,23.43,1.091,1.092,1194000000.0,461000000.0,9226000000.0,9226000000.0,0.0,0.027,0.137,0.045,0.134,0.0,0.0,1.0,429795830.0,430000000.0,432000000.0,21.456,22360000000.0,190000000.0,274000000.0,5601000000.0,52.0,476000000.0
27,CNP,MRT,2014-09-30,2014-09-30,2014-09-30,2021-08-25,-85000000.0,22048000000.0,22025500000.0,2576000000.0,19472000000.0,0.41,10.402,-1372000000.0,230000000.0,230000000.0,7116000000.0,548000000.0,0.856,3.929,9082000000.0,1285000000.0,7797000000.0,9082000000.0,0.0,997000000.0,0.0,0.038,0.92,1316000000.0,2313000000.0,0.256,2313000000.0,1316000000.0,851000000.0,1.28,1.27,1.28,4473000000.0,4410250000.0,4473000000.0,19280103960.0,15.0,8.336,233000000.0,0.542,1.0,1922000000.0,0.213,840000000.0,465000000.0,27052000000.0,26861250000.0,409000000.0,5728000000.0,840000000.0,4888000000.0,17575000000.0,3008000000.0,14567000000.0,10517103960.0,11000000.0,0.0,4000000.0,191000000.0,-394000000.0,-194000000.0,-1400000000.0,0.0,1605000000.0,0.0,548000000.0,548000000.0,548000000.0,0.0,0.0,0.061,997000000.0,925000000.0,441000000.0,0.719,2.351,19.192,19.117,10205000000.0,0.0,24.47,1.164,1.164,886000000.0,387000000.0,9038000000.0,9038000000.0,0.0,0.025,0.124,0.049,0.146,0.0,0.0,1.0,429795830.0,430000000.0,432000000.0,21.019,21208000000.0,0.0,303000000.0,5394000000.0,49.321,-432000000.0
28,CNP,MRT,2014-06-30,2014-06-30,2014-06-30,2021-08-25,-87000000.0,21920000000.0,21907250000.0,2529000000.0,19391000000.0,0.405,10.291,-1325000000.0,206000000.0,206000000.0,6983000000.0,556000000.0,0.836,3.954,8969000000.0,1214000000.0,7755000000.0,8969000000.0,0.0,952000000.0,0.0,0.035,0.89,1332000000.0,2284000000.0,0.257,2284000000.0,1332000000.0,867000000.0,1.3,1.29,1.3,4425000000.0,4357250000.0,4425000000.0,19571775847.0,15.0,8.569,210000000.0,0.488,1.0,1888000000.0,0.213,840000000.0,465000000.0,26817000000.0,26769250000.0,295000000.0,5689000000.0,809000000.0,4880000000.0,17495000000.0,3026000000.0,14469000000.0,10975775847.0,-291000000.0,-1000000.0,4000000.0,-121000000.0,-381000000.0,-492000000.0,-1334000000.0,0.0,1535000000.0,0.0,556000000.0,556000000.0,556000000.0,0.0,0.0,0.063,952000000.0,936000000.0,519000000.0,0.685,2.48,19.741,19.646,9979000000.0,0.0,25.54,1.237,1.238,1020000000.0,346000000.0,8871000000.0,8871000000.0,0.0,0.025,0.128,0.05,0.15,0.0,0.0,1.0,429748467.0,430000000.0,431000000.0,20.63,21080000000.0,0.0,311000000.0,5299000000.0,49.023,-497000000.0
29,CNP,MRT,2014-03-31,2014-03-31,2014-03-31,2021-08-25,-89000000.0,22264000000.0,21841750000.0,2955000000.0,19309000000.0,0.407,10.289,-1316000000.0,379000000.0,379000000.0,6959000000.0,349000000.0,0.966,4.044,8975000000.0,919000000.0,8056000000.0,8975000000.0,0.0,949000000.0,0.0,0.036,0.86,1307000000.0,2256000000.0,0.254,2256000000.0,1307000000.0,842000000.0,0.82,0.81,0.82,4414000000.0,4298750000.0,4414000000.0,18763262052.0,14.0,8.317,144000000.0,0.336,1.0,1922000000.0,0.216,840000000.0,465000000.0,26961000000.0,26712500000.0,172000000.0,5640000000.0,737000000.0,4903000000.0,17850000000.0,3059000000.0,14791000000.0,10159262052.0,134000000.0,-38000000.0,4000000.0,374000000.0,-368000000.0,16000000.0,-1342000000.0,9000000.0,1460000000.0,0.0,349000000.0,349000000.0,349000000.0,0.0,0.0,0.039,949000000.0,973000000.0,802000000.0,1.049,2.302,29.11,28.89,9763000000.0,0.0,23.69,1.144,1.144,1485000000.0,341000000.0,8881000000.0,8881000000.0,0.0,0.016,0.081,0.049,0.147,0.0,0.0,1.0,428841792.0,429000000.0,431000000.0,20.702,21424000000.0,0.0,493000000.0,5377000000.0,49.939,-104000000.0
30,CNP,MRT,2013-12-31,2013-12-31,2013-12-31,2021-08-25,0.0,21870000000.0,21868250000.0,2658000000.0,19212000000.0,0.371,10.114,-1286000000.0,208000000.0,208000000.0,6142000000.0,311000000.0,0.88,4.052,8812000000.0,995000000.0,7817000000.0,8812000000.0,0.0,954000000.0,0.0,0.036,0.83,1265000000.0,2219000000.0,0.274,2219000000.0,1265000000.0,781000000.0,0.73,0.72,0.73,4329000000.0,4288000000.0,4329000000.0,18479879071.0,15.0,8.328,327000000.0,0.764,1.0,1964000000.0,0.242,840000000.0,484000000.0,26615000000.0,26737250000.0,285000000.0,5648000000.0,767000000.0,4881000000.0,17541000000.0,3019000000.0,14522000000.0,9935879071.0,-438000000.0,-38000000.0,4000000.0,-418000000.0,-355000000.0,-751000000.0,-1300000000.0,9000000.0,1613000000.0,0.0,311000000.0,311000000.0,311000000.0,0.0,0.0,0.038,954000000.0,1010000000.0,689000000.0,1.137,2.295,31.948,31.753,9593000000.0,0.0,23.18,1.226,1.224,1249000000.0,258000000.0,8106000000.0,8106000000.0,0.0,0.014,0.073,0.047,0.156,0.0,0.0,1.0,428640167.0,428000000.0,431000000.0,18.939,21030000000.0,0.0,470000000.0,5334000000.0,49.136,-361000000.0
31,CNP,MRT,2013-09-30,2013-09-30,2013-09-30,2021-08-25,-127000000.0,21575000000.0,22118500000.0,2319000000.0,19256000000.0,0.364,9.932,-1306000000.0,219000000.0,219000000.0,5960000000.0,332000000.0,0.894,4.063,8763000000.0,1005000000.0,7758000000.0,8763000000.0,0.0,991000000.0,0.0,0.034,0.825,1325000000.0,2316000000.0,0.287,2316000000.0,1325000000.0,816000000.0,0.78,0.77,0.78,4261000000.0,4281000000.0,4261000000.0,18721056564.0,14.0,8.083,307000000.0,0.716,1.0,2100000000.0,0.261,840000000.0,509000000.0,26684000000.0,26894750000.0,374000000.0,5577000000.0,689000000.0,4888000000.0,17314000000.0,2595000000.0,14719000000.0,10274056564.0,-503000000.0,-43000000.0,1000000.0,-462000000.0,-354000000.0,-796000000.0,-1320000000.0,9000000.0,1613000000.0,0.0,332000000.0,332000000.0,332000000.0,0.0,0.0,0.041,991000000.0,1109000000.0,386000000.0,1.058,2.411,30.946,30.731,9386000000.0,0.0,23.97,1.275,1.276,810000000.0,233000000.0,8060000000.0,8060000000.0,0.0,0.015,0.078,0.049,0.164,0.0,0.0,1.0,428621467.0,429000000.0,431000000.0,18.788,20735000000.0,89000000.0,484000000.0,5259000000.0,48.333,-276000000.0
32,CNP,MRT,2013-06-30,2013-06-30,2013-06-30,2021-08-25,-130000000.0,21658000000.0,22344000000.0,2480000000.0,19178000000.0,0.364,9.769,-1274000000.0,497000000.0,497000000.0,5876000000.0,191000000.0,0.927,4.168,8944000000.0,1025000000.0,7919000000.0,8944000000.0,0.0,1044000000.0,0.0,0.035,0.82,1247000000.0,2291000000.0,0.282,2291000000.0,1247000000.0,715000000.0,0.45,0.44,0.45,4191000000.0,4280000000.0,4191000000.0,19350178979.0,16.0,8.446,449000000.0,1.047,1.0,2249000000.0,0.277,840000000.0,532000000.0,26590000000.0,26990250000.0,276000000.0,5483000000.0,635000000.0,4848000000.0,17467000000.0,2675000000.0,14792000000.0,10066178979.0,-626000000.0,-310000000.0,2000000.0,-440000000.0,-351000000.0,-778000000.0,-1571000000.0,9000000.0,1723000000.0,0.0,191000000.0,191000000.0,191000000.0,0.0,0.0,0.024,1296000000.0,953000000.0,425000000.0,1.822,2.402,52.703,52.2,9184000000.0,0.0,23.49,1.239,1.24,901000000.0,171000000.0,8125000000.0,8125000000.0,0.0,0.009,0.045,0.046,0.153,0.0,0.0,1.0,428530395.0,429000000.0,431000000.0,18.939,20818000000.0,28000000.0,524000000.0,5125000000.0,48.527,-195000000.0
33,CNP,MRT,2013-03-31,2013-03-31,2013-03-31,2021-08-25,-132000000.0,22370000000.0,22548250000.0,2363000000.0,20007000000.0,0.344,10.213,-1219000000.0,245000000.0,245000000.0,5406000000.0,417000000.0,0.756,4.118,9529000000.0,1399000000.0,8130000000.0,9529000000.0,0.0,1066000000.0,0.0,0.034,0.815,1326000000.0,2392000000.0,0.308,2392000000.0,1326000000.0,771000000.0,0.97,0.96,0.97,4371000000.0,4315250000.0,4371000000.0,19664014866.0,15.0,8.221,750000000.0,1.752,1.0,2350000000.0,0.303,1468000000.0,555000000.0,27060000000.0,27010750000.0,203000000.0,1014000000.0,614000000.0,400000000.0,17999000000.0,3126000000.0,14873000000.0,10247014866.0,-851000000.0,-361000000.0,3000000.0,-901000000.0,-348000000.0,-1235000000.0,-1585000000.0,0.0,1969000000.0,0.0,417000000.0,417000000.0,417000000.0,0.0,0.0,0.054,1318000000.0,1032000000.0,510000000.0,0.84,2.344,24.573,24.701,13708000000.0,0.0,23.96,1.321,1.322,1136000000.0,360000000.0,7756000000.0,7756000000.0,0.0,0.018,0.097,0.049,0.171,0.0,0.0,1.0,427671739.0,428000000.0,430000000.0,18.121,20902000000.0,10000000.0,354000000.0,4943000000.0,48.836,-763000000.0
34,CNP,MRT,2012-12-31,2012-12-31,2012-12-31,2021-08-25,0.0,22871000000.0,22543500000.0,2874000000.0,19997000000.0,0.331,10.073,-1212000000.0,646000000.0,646000000.0,5112000000.0,417000000.0,0.804,4.318,10063000000.0,1706000000.0,8357000000.0,10063000000.0,0.0,1050000000.0,0.0,0.042,0.81,1326000000.0,2376000000.0,0.319,2376000000.0,1326000000.0,757000000.0,0.98,0.97,0.98,4301000000.0,4294000000.0,4301000000.0,17649253456.0,13.0,7.428,648000000.0,1.518,1.0,2340000000.0,0.314,1468000000.0,569000000.0,27245000000.0,27015000000.0,322000000.0,945000000.0,540000000.0,405000000.0,18570000000.0,3575000000.0,14995000000.0,8228253456.0,426000000.0,-365000000.0,4000000.0,511000000.0,-346000000.0,169000000.0,-1603000000.0,0.0,1860000000.0,0.0,417000000.0,417000000.0,417000000.0,0.0,0.0,0.056,1302000000.0,1038000000.0,561000000.0,0.827,1.913,19.732,19.643,13597000000.0,0.0,19.25,1.104,1.103,1107000000.0,302000000.0,7452000000.0,7452000000.0,0.0,0.018,0.097,0.049,0.178,0.0,0.0,1.0,427441738.0,427000000.0,430000000.0,17.452,21403000000.0,7000000.0,340000000.0,4917000000.0,50.124,-701000000.0
35,CNP,MRT,2012-09-30,2012-09-30,2012-09-30,2021-08-25,-125000000.0,22477000000.0,22251500000.0,2752000000.0,19725000000.0,0.335,9.97,-1161000000.0,722000000.0,722000000.0,5196000000.0,400000000.0,0.818,4.28,10143000000.0,1728000000.0,8415000000.0,10143000000.0,0.0,1009000000.0,0.0,0.038,0.805,1282000000.0,2291000000.0,0.307,2291000000.0,1282000000.0,706000000.0,0.93,0.93,0.93,4257000000.0,4274250000.0,4257000000.0,18202325016.0,14.0,7.945,657000000.0,1.539,1.0,2263000000.0,0.303,1468000000.0,576000000.0,27066000000.0,26848250000.0,352000000.0,930000000.0,522000000.0,408000000.0,18220000000.0,3364000000.0,14856000000.0,9103325016.0,619000000.0,-372000000.0,4000000.0,708000000.0,-344000000.0,368000000.0,-1567000000.0,0.0,1818000000.0,0.0,400000000.0,400000000.0,400000000.0,0.0,0.0,0.054,1261000000.0,1002000000.0,371000000.0,0.866,2.138,22.758,22.903,13337000000.0,0.0,21.3,1.22,1.219,865000000.0,255000000.0,7459000000.0,7459000000.0,0.0,0.018,0.094,0.048,0.172,0.0,0.0,1.0,427386151.0,427000000.0,430000000.0,17.468,21009000000.0,5000000.0,306000000.0,4838000000.0,49.201,-612000000.0
36,CNP,MRT,2012-06-30,2012-06-30,2012-06-30,2021-08-25,-128000000.0,22475000000.0,21870000000.0,2955000000.0,19520000000.0,0.349,10.145,-1194000000.0,1123000000.0,1123000000.0,5403000000.0,1363000000.0,0.922,4.188,10222000000.0,1639000000.0,8583000000.0,10222000000.0,0.0,961000000.0,0.0,0.039,0.8,2335000000.0,3296000000.0,0.432,3296000000.0,2335000000.0,1755000000.0,3.19,3.18,3.19,4332000000.0,4261750000.0,4332000000.0,17989265514.0,8.0,5.458,484000000.0,1.133,1.0,2232000000.0,0.292,1696000000.0,580000000.0,26672000000.0,26597750000.0,269000000.0,921000000.0,445000000.0,476000000.0,18143000000.0,3206000000.0,14937000000.0,8832265514.0,933000000.0,-98000000.0,4000000.0,877000000.0,-342000000.0,546000000.0,-1291000000.0,0.0,1678000000.0,0.0,1363000000.0,1363000000.0,1363000000.0,0.0,0.0,0.179,961000000.0,1271000000.0,331000000.0,0.251,2.039,6.48,6.48,12739000000.0,0.0,20.67,1.157,1.156,798000000.0,331000000.0,7635000000.0,7635000000.0,0.0,0.062,0.32,0.088,0.306,0.0,0.0,1.0,427298767.0,427000000.0,430000000.0,17.881,20779000000.0,0.0,392000000.0,4675000000.0,48.663,-251000000.0
37,CNP,MRT,2012-03-31,2012-03-31,2012-03-31,2021-08-25,-131000000.0,22351000000.0,21170500000.0,2968000000.0,19383000000.0,0.375,10.061,-1234000000.0,1096000000.0,1096000000.0,5766000000.0,1356000000.0,1.085,4.215,10253000000.0,1248000000.0,9005000000.0,10253000000.0,0.0,909000000.0,0.0,0.04,0.795,2326000000.0,3235000000.0,0.407,3235000000.0,2326000000.0,1745000000.0,3.18,3.17,3.18,4286000000.0,4007000000.0,4286000000.0,17566184604.0,8.0,5.43,451000000.0,1.059,1.0,2181000000.0,0.274,1696000000.0,581000000.0,27077000000.0,26122750000.0,255000000.0,906000000.0,432000000.0,474000000.0,18065000000.0,2735000000.0,15330000000.0,8402184604.0,1001000000.0,-13000000.0,6000000.0,834000000.0,-340000000.0,506000000.0,-1190000000.0,0.0,1685000000.0,0.0,1356000000.0,1356000000.0,1356000000.0,0.0,0.0,0.171,909000000.0,1272000000.0,366000000.0,0.25,1.96,6.196,6.201,12512000000.0,0.0,19.72,1.057,1.057,881000000.0,291000000.0,7947000000.0,7947000000.0,0.0,0.064,0.338,0.089,0.293,0.0,0.0,1.0,426074270.0,426000000.0,428000000.0,18.655,20655000000.0,0.0,389000000.0,4640000000.0,48.486,233000000.0
38,CNP,MRT,2011-12-31,2011-12-31,2011-12-31,2021-08-25,0.0,21703000000.0,20481250000.0,2337000000.0,19366000000.0,0.413,9.911,-1303000000.0,220000000.0,220000000.0,6266000000.0,1357000000.0,0.901,4.14,9384000000.0,743000000.0,8641000000.0,9384000000.0,0.0,886000000.0,0.0,0.039,0.79,2344000000.0,3230000000.0,0.382,3230000000.0,2344000000.0,1761000000.0,3.19,3.17,3.19,4222000000.0,3752000000.0,4222000000.0,17684988365.0,8.0,5.475,585000000.0,1.373,1.0,2184000000.0,0.258,1696000000.0,583000000.0,26578000000.0,25606000000.0,353000000.0,858000000.0,386000000.0,472000000.0,17481000000.0,2593000000.0,14888000000.0,8556988365.0,21000000.0,-12000000.0,6000000.0,-330000000.0,-337000000.0,-661000000.0,-1206000000.0,0.0,1888000000.0,0.0,1357000000.0,1357000000.0,1357000000.0,0.0,0.0,0.161,886000000.0,1298000000.0,560000000.0,0.248,2.027,6.306,6.298,12402000000.0,0.0,20.09,1.013,1.013,1099000000.0,231000000.0,8450000000.0,8450000000.0,0.0,0.066,0.362,0.092,0.277,0.0,0.0,1.0,425932721.0,426000000.0,429000000.0,19.836,20007000000.0,0.0,404000000.0,4546000000.0,46.965,-256000000.0
39,CNP,MRT,2011-09-30,2011-09-30,2011-09-30,2021-08-25,-110000000.0,20951000000.0,20083250000.0,1982000000.0,18969000000.0,0.418,9.876,-1416000000.0,103000000.0,103000000.0,6196000000.0,1364000000.0,0.855,3.98,9231000000.0,734000000.0,8497000000.0,9231000000.0,0.0,881000000.0,0.0,0.04,0.788,2354000000.0,3235000000.0,0.385,3235000000.0,2354000000.0,1766000000.0,3.2,3.19,3.2,4207000000.0,3496000000.0,4207000000.0,17507300488.0,7.0,5.412,436000000.0,1.023,1.0,2207000000.0,0.263,1696000000.0,588000000.0,26064000000.0,25289000000.0,418000000.0,811000000.0,337000000.0,474000000.0,16744000000.0,2319000000.0,14425000000.0,8355300488.0,4000000.0,3000000.0,29000000.0,-287000000.0,-335000000.0,-594000000.0,-1254000000.0,0.0,1852000000.0,0.0,1364000000.0,1364000000.0,1364000000.0,0.0,0.0,0.162,881000000.0,1326000000.0,417000000.0,0.246,1.986,6.126,6.131,12158000000.0,0.0,19.62,0.994,0.995,882000000.0,199000000.0,8403000000.0,8403000000.0,0.0,0.068,0.39,0.093,0.28,0.0,0.0,1.0,425856294.0,426000000.0,429000000.0,19.725,19255000000.0,0.0,402000000.0,4492000000.0,45.2,-337000000.0
40,CNP,MRT,2011-06-30,2011-06-30,2011-06-30,2021-08-25,-112000000.0,19677000000.0,19695250000.0,2042000000.0,17635000000.0,0.428,7.777,-1415000000.0,190000000.0,190000000.0,6263000000.0,514000000.0,0.865,4.939,9342000000.0,832000000.0,8510000000.0,9342000000.0,0.0,871000000.0,0.0,0.041,0.785,1386000000.0,2257000000.0,0.268,2257000000.0,1386000000.0,788000000.0,1.21,1.21,1.21,3313000000.0,3226500000.0,3313000000.0,17544698574.0,13.0,7.773,290000000.0,0.681,1.0,2167000000.0,0.257,1696000000.0,598000000.0,24772000000.0,24833500000.0,309000000.0,891000000.0,417000000.0,474000000.0,16364000000.0,2361000000.0,14003000000.0,8231698574.0,-393000000.0,-3000000.0,50000000.0,-541000000.0,-333000000.0,-825000000.0,-1273000000.0,0.0,1705000000.0,0.0,514000000.0,514000000.0,514000000.0,0.0,0.0,0.061,871000000.0,1296000000.0,394000000.0,0.649,2.485,16.015,15.992,11981000000.0,0.0,19.35,0.976,0.978,906000000.0,-690000000.0,8430000000.0,8430000000.0,0.0,0.026,0.159,0.056,0.164,0.0,0.0,1.0,425410779.0,426000000.0,428000000.0,19.789,17981000000.0,0.0,274000000.0,3741000000.0,42.209,-319000000.0
41,CNP,MRT,2011-03-31,2011-03-31,2011-03-31,2021-08-25,-115000000.0,19594000000.0,19656250000.0,2014000000.0,17580000000.0,0.425,7.685,-1584000000.0,95000000.0,95000000.0,6228000000.0,476000000.0,0.915,4.999,9408000000.0,676000000.0,8732000000.0,9408000000.0,0.0,865000000.0,0.0,0.045,0.782,1336000000.0,2201000000.0,0.264,2201000000.0,1336000000.0,724000000.0,1.13,1.13,1.13,3266000000.0,3163500000.0,3266000000.0,16975360258.0,13.0,7.713,-6000000.0,-0.014,1.0,2121000000.0,0.254,1696000000.0,612000000.0,25010000000.0,24644250000.0,194000000.0,873000000.0,399000000.0,474000000.0,16328000000.0,2201000000.0,14127000000.0,7460360258.0,-234000000.0,-1000000.0,389000000.0,-449000000.0,-326000000.0,-387000000.0,-1425000000.0,0.0,1578000000.0,0.0,476000000.0,476000000.0,476000000.0,0.0,0.0,0.057,865000000.0,1256000000.0,449000000.0,0.692,2.284,15.673,15.54,11857000000.0,0.0,17.56,0.894,0.894,1084000000.0,-725000000.0,8349000000.0,8349000000.0,0.0,0.024,0.15,0.054,0.16,0.0,0.0,1.0,424849673.0,425000000.0,427000000.0,19.645,17898000000.0,4000000.0,248000000.0,3546000000.0,42.113,-187000000.0
42,CNP,MRT,2010-12-31,2010-12-31,2010-12-31,2021-08-25,0.0,20111000000.0,19595500000.0,2582000000.0,17529000000.0,0.448,7.8,-1509000000.0,199000000.0,199000000.0,6672000000.0,442000000.0,0.985,5.289,9714000000.0,713000000.0,9001000000.0,9714000000.0,0.0,864000000.0,0.0,0.05,0.78,1326000000.0,2190000000.0,0.249,2190000000.0,1326000000.0,705000000.0,1.08,1.07,1.08,3198000000.0,3024250000.0,3198000000.0,16072456190.0,12.0,7.339,-123000000.0,-0.3,1.0,2113000000.0,0.241,1696000000.0,621000000.0,25310000000.0,24375750000.0,375000000.0,835000000.0,367000000.0,468000000.0,16913000000.0,2620000000.0,14293000000.0,6652456190.0,-541000000.0,-18000000.0,416000000.0,-604000000.0,-319000000.0,-507000000.0,-1420000000.0,0.0,1386000000.0,0.0,442000000.0,442000000.0,442000000.0,0.0,0.0,0.05,864000000.0,1249000000.0,667000000.0,0.722,2.08,15.051,14.556,11732000000.0,0.0,15.72,0.757,0.734,1175000000.0,-789000000.0,8785000000.0,8785000000.0,0.0,0.023,0.146,0.054,0.151,0.0,0.0,1.0,423184236.0,410000000.0,413000000.0,21.427,18415000000.0,138000000.0,263000000.0,3497000000.0,44.915,-38000000.0
43,CNP,MRT,2010-09-30,2010-09-30,2010-09-30,2021-08-25,-116000000.0,19399000000.0,19511000000.0,2143000000.0,17256000000.0,0.461,7.415,-1404000000.0,99000000.0,99000000.0,6899000000.0,423000000.0,0.744,5.2,9519000000.0,1252000000.0,8267000000.0,9519000000.0,0.0,841000000.0,0.0,0.049,0.775,1325000000.0,2166000000.0,0.241,2166000000.0,1325000000.0,693000000.0,1.05,1.05,1.05,3129000000.0,2884500000.0,3129000000.0,15851386367.0,12.0,7.318,-17000000.0,-0.04,1.0,2087000000.0,0.232,1696000000.0,632000000.0,24242000000.0,24192500000.0,404000000.0,815000000.0,335000000.0,480000000.0,16270000000.0,2881000000.0,13389000000.0,6629386367.0,38000000.0,-25000000.0,407000000.0,-125000000.0,-310000000.0,-21000000.0,-1328000000.0,0.0,1387000000.0,0.0,423000000.0,423000000.0,423000000.0,0.0,0.0,0.047,841000000.0,1246000000.0,384000000.0,0.738,2.119,15.672,14.971,11420000000.0,0.0,15.72,0.738,0.738,843000000.0,-830000000.0,8986000000.0,8986000000.0,0.0,0.022,0.147,0.055,0.147,0.0,0.0,1.0,421716690.0,422000000.0,425000000.0,21.294,17703000000.0,113000000.0,270000000.0,3430000000.0,41.95,-738000000.0
44,CNP,MRT,2010-06-30,2010-06-30,2010-06-30,2021-08-25,-119000000.0,19521000000.0,19324500000.0,2352000000.0,17169000000.0,0.448,7.652,-1383000000.0,583000000.0,583000000.0,6642000000.0,414000000.0,0.776,5.377,9805000000.0,1395000000.0,8410000000.0,9805000000.0,0.0,806000000.0,0.0,0.059,0.77,1281000000.0,2087000000.0,0.241,2087000000.0,1281000000.0,646000000.0,1.07,1.07,1.07,3061000000.0,2749250000.0,3061000000.0,14673442956.0,11.0,7.031,220000000.0,0.55,1.0,2012000000.0,0.232,1696000000.0,635000000.0,24015000000.0,24181500000.0,303000000.0,795000000.0,316000000.0,479000000.0,16460000000.0,3032000000.0,13428000000.0,5190442956.0,432000000.0,185000000.0,686000000.0,-455000000.0,-297000000.0,-60000000.0,-1111000000.0,0.0,1603000000.0,0.0,414000000.0,414000000.0,414000000.0,0.0,0.0,0.048,806000000.0,1206000000.0,418000000.0,0.72,1.696,12.537,12.299,11217000000.0,0.0,13.16,0.6,0.608,885000000.0,-871000000.0,8654000000.0,8654000000.0,0.0,0.021,0.151,0.053,0.148,0.0,0.0,1.0,394410559.0,400000000.0,402000000.0,21.635,17825000000.0,0.0,232000000.0,3299000000.0,44.562,-680000000.0
45,CNP,MRT,2010-03-31,2010-03-31,2010-03-31,2021-08-25,-121000000.0,19351000000.0,19123500000.0,2384000000.0,16967000000.0,0.446,6.893,-1158000000.0,329000000.0,329000000.0,6565000000.0,419000000.0,0.745,6.143,9812000000.0,1402000000.0,8410000000.0,9812000000.0,0.0,777000000.0,0.0,0.053,0.765,1289000000.0,2066000000.0,0.242,2066000000.0,1289000000.0,649000000.0,1.11,1.11,1.11,2709000000.0,2543250000.0,2709000000.0,15177427464.0,12.0,7.346,685000000.0,1.743,1.0,1973000000.0,0.231,1696000000.0,640000000.0,23936000000.0,24423500000.0,166000000.0,816000000.0,338000000.0,478000000.0,16642000000.0,3202000000.0,13440000000.0,5639427464.0,264000000.0,186000000.0,503000000.0,-863000000.0,-287000000.0,-641000000.0,-938000000.0,0.0,1843000000.0,0.0,419000000.0,419000000.0,419000000.0,0.0,0.0,0.049,777000000.0,1196000000.0,522000000.0,0.689,2.082,13.459,12.937,10928000000.0,0.0,14.36,0.661,0.661,1229000000.0,-875000000.0,8538000000.0,8538000000.0,0.0,0.022,0.165,0.053,0.151,0.0,0.0,1.0,392717790.0,393000000.0,395000000.0,21.725,17655000000.0,0.0,230000000.0,3394000000.0,44.924,-818000000.0
46,CNP,MRT,2009-12-31,2009-12-31,2009-12-31,2021-08-25,0.0,19773000000.0,18988250000.0,2904000000.0,16869000000.0,0.436,7.23,-1160000000.0,740000000.0,740000000.0,6414000000.0,372000000.0,0.956,6.493,10278000000.0,1159000000.0,9119000000.0,10278000000.0,0.0,743000000.0,0.0,0.052,0.76,1192000000.0,1935000000.0,0.234,1935000000.0,1192000000.0,548000000.0,1.02,1.01,1.02,2639000000.0,2383250000.0,2639000000.0,15217289493.0,13.0,7.864,681000000.0,1.866,1.0,1867000000.0,0.225,1696000000.0,644000000.0,24577000000.0,24789250000.0,327000000.0,763000000.0,300000000.0,463000000.0,17134000000.0,3038000000.0,14096000000.0,5664289493.0,573000000.0,208000000.0,504000000.0,-606000000.0,-276000000.0,-372000000.0,-896000000.0,0.0,1841000000.0,0.0,372000000.0,372000000.0,372000000.0,0.0,0.0,0.045,743000000.0,1124000000.0,648000000.0,0.745,2.146,15.227,14.225,10788000000.0,0.0,14.51,0.684,0.64,1275000000.0,-912000000.0,8281000000.0,8281000000.0,0.0,0.02,0.156,0.048,0.144,0.0,0.0,1.0,390371433.0,365000000.0,368000000.0,22.688,18077000000.0,0.0,176000000.0,3346000000.0,49.526,-134000000.0
47,CNP,MRT,2009-09-30,2009-09-30,2009-09-30,2021-08-25,-122000000.0,18653000000.0,18964000000.0,1995000000.0,16658000000.0,0.462,6.995,-1197000000.0,61000000.0,61000000.0,6898000000.0,354000000.0,0.863,6.207,9614000000.0,787000000.0,8827000000.0,9614000000.0,0.0,730000000.0,0.0,0.061,0.753,1186000000.0,1916000000.0,0.219,1916000000.0,1186000000.0,548000000.0,0.98,0.99,0.98,2588000000.0,2229000000.0,2588000000.0,14597921714.0,12.0,7.619,367000000.0,0.992,1.0,1858000000.0,0.212,1696000000.0,638000000.0,24198000000.0,25086250000.0,373000000.0,757000000.0,286000000.0,471000000.0,16065000000.0,2312000000.0,13753000000.0,4541921714.0,-23000000.0,213000000.0,524000000.0,-887000000.0,-265000000.0,-628000000.0,-959000000.0,0.0,1564000000.0,0.0,354000000.0,354000000.0,354000000.0,0.0,0.0,0.04,730000000.0,1128000000.0,351000000.0,0.768,1.755,12.83,12.684,10548000000.0,0.0,12.43,0.519,0.525,770000000.0,-944000000.0,8756000000.0,8756000000.0,0.0,0.019,0.159,0.047,0.135,0.0,0.0,1.0,365399977.0,370000000.0,,23.665,16957000000.0,108000000.0,194000000.0,3338000000.0,45.83,-317000000.0
48,CNP,MRT,2009-06-30,2009-06-30,2009-06-30,2021-08-25,-125000000.0,18717000000.0,19058750000.0,1928000000.0,16789000000.0,0.509,6.355,-1105000000.0,151000000.0,151000000.0,7801000000.0,376000000.0,0.921,7.367,10207000000.0,576000000.0,9631000000.0,10207000000.0,0.0,716000000.0,0.0,0.067,0.745,1239000000.0,1955000000.0,0.202,1955000000.0,1239000000.0,609000000.0,1.07,1.07,1.07,2237000000.0,2096750000.0,2237000000.0,14349589671.0,12.0,7.34,-66000000.0,-0.188,1.0,1894000000.0,0.195,1696000000.0,630000000.0,24983000000.0,25250000000.0,231000000.0,591000000.0,239000000.0,352000000.0,16480000000.0,2094000000.0,14386000000.0,3869589671.0,1000000.0,-122000000.0,242000000.0,150000000.0,-259000000.0,134000000.0,-1172000000.0,0.0,1039000000.0,0.0,376000000.0,376000000.0,376000000.0,0.0,0.0,0.039,716000000.0,1178000000.0,363000000.0,0.696,1.73,10.291,10.355,10524000000.0,0.0,11.08,0.399,0.402,1192000000.0,-988000000.0,9695000000.0,9695000000.0,0.0,0.02,0.179,0.049,0.128,0.0,0.0,1.0,349240945.0,352000000.0,,27.543,17021000000.0,0.0,233000000.0,3131000000.0,48.355,-166000000.0
49,CNP,MRT,2009-03-31,2009-03-31,2009-03-31,2021-08-25,-129000000.0,18810000000.0,18898500000.0,2074000000.0,16736000000.0,0.568,5.963,-1093000000.0,65000000.0,65000000.0,8787000000.0,391000000.0,0.945,8.091,10545000000.0,670000000.0,9875000000.0,10545000000.0,0.0,716000000.0,0.0,0.071,0.737,1259000000.0,1975000000.0,0.184,1975000000.0,1259000000.0,642000000.0,1.13,1.13,1.13,2069000000.0,2028750000.0,2069000000.0,14256423960.0,11.0,7.218,-376000000.0,-1.084,1.0,1938000000.0,0.181,1696000000.0,617000000.0,25399000000.0,24881250000.0,147000000.0,527000000.0,184000000.0,343000000.0,16741000000.0,2195000000.0,14546000000.0,3623423960.0,-5000000.0,-272000000.0,109000000.0,736000000.0,-252000000.0,595000000.0,-1317000000.0,0.0,717000000.0,0.0,391000000.0,391000000.0,391000000.0,0.0,0.0,0.036,716000000.0,1222000000.0,436000000.0,0.652,1.751,9.267,9.23,10400000000.0,0.0,10.43,0.338,0.337,1513000000.0,-992000000.0,10725000000.0,10725000000.0,0.0,0.021,0.193,0.051,0.117,0.0,0.0,1.0,347404023.0,347000000.0,,30.908,17114000000.0,0.0,251000000.0,3123000000.0,49.32,-121000000.0
50,CNP,MRT,2008-12-31,2008-12-31,2008-12-31,2021-08-25,0.0,19676000000.0,18579750000.0,3035000000.0,16641000000.0,0.609,6.018,-1020000000.0,167000000.0,167000000.0,9341000000.0,446000000.0,1.066,8.731,10800000000.0,619000000.0,10181000000.0,10800000000.0,0.0,708000000.0,0.0,0.058,0.73,1327000000.0,2035000000.0,0.18,2035000000.0,1327000000.0,723000000.0,1.32,1.3,1.32,2022000000.0,1981500000.0,2022000000.0,14732307958.0,11.0,7.239,-169000000.0,-0.503,1.0,1981000000.0,0.175,1696000000.0,604000000.0,25765000000.0,24119500000.0,569000000.0,563000000.0,218000000.0,345000000.0,17654000000.0,2848000000.0,14806000000.0,4343307958.0,38000000.0,-381000000.0,80000000.0,720000000.0,-246000000.0,555000000.0,-1368000000.0,0.0,851000000.0,0.0,446000000.0,446000000.0,446000000.0,0.0,0.0,0.039,708000000.0,1273000000.0,897000000.0,0.553,2.148,9.738,9.561,10296000000.0,0.0,12.62,0.384,0.375,1873000000.0,-1008000000.0,11322000000.0,11322000000.0,0.0,0.024,0.225,0.055,0.117,0.0,0.0,1.0,344160694.0,336000000.0,344000000.0,33.696,17980000000.0,0.0,277000000.0,3193000000.0,53.512,187000000.0
51,CNP,MRT,2008-09-30,2008-09-30,2008-09-30,2021-08-25,-49000000.0,19032000000.0,18128750000.0,2837000000.0,16195000000.0,0.615,6.024,-895000000.0,84000000.0,84000000.0,9181000000.0,463000000.0,0.988,8.243,10473000000.0,676000000.0,9797000000.0,10473000000.0,0.0,696000000.0,0.0,0.049,0.718,1333000000.0,2029000000.0,0.182,2029000000.0,1333000000.0,714000000.0,1.39,1.35,1.39,2059000000.0,1928500000.0,2059000000.0,14921371192.0,11.0,7.354,111000000.0,0.325,1.0,1969000000.0,0.177,1696000000.0,619000000.0,24853000000.0,23285250000.0,718000000.0,284000000.0,284000000.0,0.0,16973000000.0,2872000000.0,14101000000.0,4980371192.0,30000000.0,-478000000.0,47000000.0,572000000.0,-237000000.0,382000000.0,-1358000000.0,0.0,1006000000.0,0.0,463000000.0,463000000.0,463000000.0,0.0,0.0,0.042,696000000.0,1273000000.0,1130000000.0,0.517,2.419,10.757,10.482,10149000000.0,0.0,14.57,0.447,0.447,1350000000.0,-994000000.0,11150000000.0,11150000000.0,0.0,0.026,0.24,0.057,0.12,0.0,0.0,1.0,341823692.0,341823692.0,,32.619,17336000000.0,289000000.0,251000000.0,3189000000.0,50.716,-35000000.0
52,CNP,MRT,2008-06-30,2008-06-30,2008-06-30,2021-08-25,-48000000.0,18076000000.0,17696500000.0,2598000000.0,15478000000.0,0.594,5.986,-869000000.0,150000000.0,150000000.0,8622000000.0,418000000.0,0.924,8.199,10091000000.0,737000000.0,9354000000.0,10091000000.0,0.0,672000000.0,0.0,0.044,0.705,1271000000.0,1943000000.0,0.185,1943000000.0,1271000000.0,646000000.0,1.28,1.23,1.28,1965000000.0,1847750000.0,1965000000.0,15065654470.0,12.0,7.754,346000000.0,1.054,1.0,1895000000.0,0.18,1696000000.0,625000000.0,23508000000.0,22611000000.0,425000000.0,320000000.0,320000000.0,0.0,16111000000.0,2813000000.0,13298000000.0,5268654470.0,38000000.0,-411000000.0,29000000.0,312000000.0,-229000000.0,114000000.0,-1291000000.0,0.0,1215000000.0,0.0,418000000.0,418000000.0,418000000.0,0.0,0.0,0.04,672000000.0,1223000000.0,728000000.0,0.551,2.681,12.604,12.539,9908000000.0,0.0,16.05,0.501,0.501,1516000000.0,-1068000000.0,10517000000.0,10517000000.0,0.0,0.024,0.226,0.056,0.121,0.0,0.0,1.0,328265076.0,328265076.0,,32.038,16380000000.0,0.0,228000000.0,2850000000.0,49.899,-215000000.0
53,CNP,MRT,2008-03-31,2008-03-31,2008-03-31,2021-08-25,-55000000.0,17535000000.0,17496250000.0,2351000000.0,15184000000.0,0.565,5.743,-902000000.0,70000000.0,70000000.0,8068000000.0,387000000.0,0.716,8.327,9867000000.0,1321000000.0,8546000000.0,9867000000.0,0.0,644000000.0,0.0,0.049,0.693,1209000000.0,1853000000.0,0.188,1853000000.0,1209000000.0,582000000.0,1.2,1.13,1.2,1880000000.0,1778000000.0,1880000000.0,14714229018.0,12.0,7.941,175000000.0,0.535,1.0,1812000000.0,0.183,1696000000.0,627000000.0,22352000000.0,22207250000.0,163000000.0,303000000.0,303000000.0,0.0,15655000000.0,3284000000.0,12371000000.0,4671229018.0,10000000.0,-294000000.0,10000000.0,354000000.0,-224000000.0,142000000.0,-1209000000.0,0.0,1077000000.0,0.0,387000000.0,387000000.0,387000000.0,0.0,0.0,0.039,644000000.0,1168000000.0,779000000.0,0.578,2.485,12.07,11.892,9802000000.0,0.0,14.27,0.473,0.473,1702000000.0,-1109000000.0,9880000000.0,9880000000.0,0.0,0.022,0.218,0.054,0.122,0.0,0.0,1.0,327346112.0,327346112.0,,30.182,15839000000.0,0.0,195000000.0,2894000000.0,48.386,-933000000.0
54,CNP,MRT,2007-12-31,2007-12-31,2007-12-31,2021-08-25,0.0,17872000000.0,17414000000.0,2788000000.0,15084000000.0,0.553,5.634,-1114000000.0,129000000.0,129000000.0,7807000000.0,395000000.0,0.735,8.874,10172000000.0,1808000000.0,8364000000.0,10172000000.0,0.0,631000000.0,0.0,0.04,0.68,1220000000.0,1851000000.0,0.192,1851000000.0,1220000000.0,588000000.0,1.23,1.15,1.23,1810000000.0,1719750000.0,1810000000.0,15446085217.0,13.0,8.345,-340000000.0,-1.058,1.0,1816000000.0,0.189,1696000000.0,632000000.0,22428000000.0,21944750000.0,490000000.0,445000000.0,357000000.0,88000000.0,16062000000.0,3791000000.0,12271000000.0,5503085217.0,2000000.0,-187000000.0,22000000.0,719000000.0,-218000000.0,528000000.0,-1300000000.0,0.0,774000000.0,0.0,395000000.0,395000000.0,395000000.0,0.0,0.0,0.041,631000000.0,1185000000.0,726000000.0,0.553,3.04,13.932,13.927,9740000000.0,0.0,17.13,0.572,0.572,1616000000.0,-1172000000.0,9623000000.0,9623000000.0,0.0,0.023,0.23,0.056,0.127,0.0,0.0,1.0,321254245.0,321254245.0,,29.954,16176000000.0,0.0,193000000.0,2932000000.0,50.353,-1003000000.0
55,CNP,MRT,2007-09-30,2007-09-30,2007-09-30,2021-08-25,-67000000.0,17303000000.0,17354250000.0,2350000000.0,14953000000.0,0.547,5.405,-1217000000.0,54000000.0,54000000.0,7746000000.0,358000000.0,0.694,8.967,9997000000.0,1806000000.0,8191000000.0,9997000000.0,0.0,622000000.0,0.0,0.041,0.66,1159000000.0,1781000000.0,0.188,1781000000.0,1159000000.0,549000000.0,1.14,1.04,1.14,1736000000.0,1656250000.0,1736000000.0,14936532071.0,13.0,8.387,-462000000.0,-1.438,1.0,1739000000.0,0.183,1705000000.0,610000000.0,22156000000.0,21622500000.0,548000000.0,397000000.0,397000000.0,0.0,15567000000.0,3385000000.0,12182000000.0,5148532071.0,-231000000.0,-98000000.0,35000000.0,546000000.0,-211000000.0,377000000.0,-1363000000.0,0.0,755000000.0,0.0,358000000.0,358000000.0,358000000.0,0.0,0.0,0.038,622000000.0,1117000000.0,455000000.0,0.579,2.966,14.381,14.061,9629000000.0,0.0,16.03,0.543,0.543,979000000.0,-1225000000.0,9485000000.0,9485000000.0,0.0,0.021,0.216,0.054,0.122,0.0,0.0,1.0,321181040.0,321181040.0,,29.532,15598000000.0,0.0,191000000.0,2881000000.0,48.565,-1035000000.0
56,CNP,MRT,2007-06-30,2007-06-30,2007-06-30,2021-08-25,-77000000.0,17275000000.0,17271750000.0,2397000000.0,14878000000.0,0.552,5.256,-1290000000.0,112000000.0,112000000.0,7813000000.0,350000000.0,0.693,9.246,9900000000.0,1729000000.0,8171000000.0,9900000000.0,0.0,611000000.0,0.0,0.037,0.64,1162000000.0,1773000000.0,0.186,1773000000.0,1162000000.0,556000000.0,1.12,1.03,1.12,1686000000.0,1614000000.0,1686000000.0,15152703213.0,13.0,8.546,-389000000.0,-1.213,1.0,1725000000.0,0.181,1709000000.0,606000000.0,21893000000.0,21335500000.0,381000000.0,455000000.0,455000000.0,0.0,15589000000.0,3461000000.0,12128000000.0,5581703213.0,-285000000.0,-47000000.0,40000000.0,338000000.0,-203000000.0,183000000.0,-1369000000.0,0.0,901000000.0,0.0,350000000.0,350000000.0,350000000.0,0.0,0.0,0.037,611000000.0,1114000000.0,619000000.0,0.571,3.311,15.948,15.536,9549000000.0,0.0,17.4,0.585,0.585,1064000000.0,-1262000000.0,9538000000.0,9538000000.0,0.0,0.02,0.217,0.054,0.122,0.0,0.0,1.0,320787541.0,320787541.0,,29.733,15566000000.0,0.0,206000000.0,2824000000.0,48.524,-1064000000.0
57,CNP,MRT,2007-03-31,2007-03-31,2007-03-31,2021-08-25,-89000000.0,17206000000.0,17130250000.0,2433000000.0,14773000000.0,0.546,5.146,-1220000000.0,60000000.0,60000000.0,7652000000.0,474000000.0,0.646,9.447,9631000000.0,1813000000.0,7818000000.0,9631000000.0,0.0,604000000.0,0.0,0.035,0.62,1142000000.0,1746000000.0,0.187,1746000000.0,1142000000.0,536000000.0,1.52,1.44,1.52,1647000000.0,1568500000.0,1647000000.0,15174217475.0,13.0,8.691,-280000000.0,-0.875,1.0,1696000000.0,0.181,1709000000.0,606000000.0,21302000000.0,21228750000.0,182000000.0,427000000.0,427000000.0,0.0,15559000000.0,3766000000.0,11793000000.0,5742217475.0,-53000000.0,-13000000.0,37000000.0,416000000.0,-194000000.0,265000000.0,-1258000000.0,0.0,940000000.0,0.0,474000000.0,474000000.0,474000000.0,0.0,0.0,0.051,604000000.0,1092000000.0,724000000.0,0.408,3.486,12.114,11.803,9424000000.0,0.0,17.94,0.614,0.614,1452000000.0,-1277000000.0,9348000000.0,9348000000.0,0.0,0.028,0.302,0.054,0.122,0.0,0.0,1.0,320079012.0,320079012.0,,29.205,15497000000.0,0.0,62000000.0,2907000000.0,48.416,-1333000000.0
58,CNP,MRT,2006-12-31,2006-12-31,2006-12-31,2021-08-25,0.0,17633000000.0,16932750000.0,2995000000.0,14638000000.0,0.55,4.974,-1007000000.0,127000000.0,127000000.0,7675000000.0,432000000.0,0.71,10.332,9559000000.0,1757000000.0,7802000000.0,9559000000.0,0.0,599000000.0,0.0,0.036,0.6,1094000000.0,1693000000.0,0.182,1693000000.0,1094000000.0,494000000.0,1.39,1.33,1.39,1556000000.0,1493000000.0,1556000000.0,14351872195.0,13.0,8.477,-16000000.0,-0.051,1.0,1644000000.0,0.176,1705000000.0,600000000.0,21139000000.0,21161250000.0,399000000.0,471000000.0,471000000.0,0.0,16077000000.0,4221000000.0,11856000000.0,5186872195.0,53000000.0,-13000000.0,27000000.0,274000000.0,-187000000.0,118000000.0,-1056000000.0,0.0,991000000.0,0.0,432000000.0,432000000.0,432000000.0,0.0,0.0,0.046,599000000.0,1045000000.0,1010000000.0,0.432,3.333,12.007,11.928,9204000000.0,0.0,16.58,0.557,0.557,1468000000.0,-1355000000.0,9319000000.0,9319000000.0,0.0,0.026,0.289,0.052,0.117,0.0,0.0,1.0,312839095.0,312839095.0,,29.788,15928000000.0,0.0,62000000.0,3042000000.0,50.914,-1226000000.0
59,CNP,MRT,2006-09-30,2006-09-30,2006-09-30,2021-08-25,-20000000.0,16973000000.0,16803500000.0,2566000000.0,14407000000.0,0.599,5.026,-828000000.0,285000000.0,285000000.0,8423000000.0,446000000.0,0.76,9.832,9450000000.0,1545000000.0,7905000000.0,9450000000.0,0.0,582000000.0,0.0,0.036,0.51,1115000000.0,1697000000.0,0.169,1697000000.0,1115000000.0,502000000.0,1.43,1.39,1.43,1567000000.0,1428000000.0,1567000000.0,13561496366.0,12.0,7.991,-312000000.0,-1.001,1.0,1644000000.0,0.163,1754000000.0,613000000.0,21008000000.0,21256000000.0,382000000.0,395000000.0,395000000.0,0.0,15406000000.0,3376000000.0,12030000000.0,4464496366.0,123000000.0,-6000000.0,15000000.0,576000000.0,-159000000.0,434000000.0,-827000000.0,0.0,516000000.0,0.0,446000000.0,446000000.0,446000000.0,0.0,0.0,0.044,582000000.0,1062000000.0,547000000.0,0.357,2.849,10.01,10.014,8842000000.0,0.0,14.32,0.443,0.443,942000000.0,-1375000000.0,10067000000.0,10067000000.0,0.0,0.027,0.312,0.052,0.111,0.0,0.0,1.0,311766506.0,311766506.0,,32.29,15219000000.0,0.0,56000000.0,3040000000.0,48.815,-810000000.0
60,CNP,MRT,2006-06-30,2006-06-30,2006-06-30,2021-08-25,-37000000.0,16709000000.0,16669250000.0,2397000000.0,14312000000.0,0.612,4.83,-764000000.0,397000000.0,397000000.0,8634000000.0,413000000.0,0.931,10.11,9494000000.0,939000000.0,8555000000.0,9494000000.0,0.0,568000000.0,0.0,0.034,0.43,1079000000.0,1647000000.0,0.161,1647000000.0,1079000000.0,441000000.0,1.32,1.28,1.32,1504000000.0,1340750000.0,1504000000.0,12938228138.0,12.0,7.856,-200000000.0,-0.642,1.0,1571000000.0,0.154,1764000000.0,638000000.0,21466000000.0,20687750000.0,298000000.0,374000000.0,374000000.0,0.0,15205000000.0,2576000000.0,12629000000.0,3892228138.0,-11000000.0,1000000.0,15000000.0,334000000.0,-134000000.0,216000000.0,-791000000.0,0.0,564000000.0,0.0,413000000.0,413000000.0,413000000.0,0.0,0.0,0.04,568000000.0,1003000000.0,466000000.0,0.326,2.588,9.424,9.47,8675000000.0,0.0,12.5,0.381,0.381,982000000.0,-1411000000.0,10205000000.0,10205000000.0,0.0,0.025,0.308,0.052,0.106,0.0,0.0,1.0,311378251.0,311378251.0,,32.774,14945000000.0,0.0,28000000.0,2964000000.0,47.996,-179000000.0
61,CNP,MRT,2006-03-31,2006-03-31,2006-03-31,2021-08-25,-44000000.0,16416000000.0,16451972000.0,2188000000.0,14228000000.0,0.62,4.327,-748000000.0,113000000.0,113000000.0,8684000000.0,273000000.0,0.821,11.205,9159000000.0,928000000.0,8231000000.0,9159000000.0,0.0,551000000.0,0.0,0.029,0.35,1111000000.0,1662000000.0,0.163,1662000000.0,1111000000.0,435000000.0,0.88,0.83,0.88,1345000000.0,1259954500.0,1345000000.0,12833432423.0,12.0,7.722,-168000000.0,-0.54,1.0,1520000000.0,0.149,1765000000.0,676000000.0,21032000000.0,20113609000.0,194000000.0,363000000.0,363000000.0,0.0,15071000000.0,2665000000.0,12406000000.0,3708432423.0,-192000000.0,713000000.0,16000000.0,-616000000.0,-109000000.0,-706000000.0,-66000000.0,0.0,580000000.0,0.0,273000000.0,273000000.0,273000000.0,0.0,0.0,0.027,551000000.0,969000000.0,606000000.0,0.398,2.757,13.584,13.557,8571000000.0,0.0,11.93,0.363,0.363,1253000000.0,-1558000000.0,10204000000.0,10204000000.0,0.0,0.017,0.217,0.055,0.109,0.0,0.0,1.0,310849323.0,310849323.0,,32.826,14651000000.0,0.0,162000000.0,3026000000.0,47.132,-477000000.0
62,CNP,MRT,2005-12-31,2005-12-31,2005-12-31,2021-08-25,0.0,17116000000.0,16718865250.0,2891000000.0,14225000000.0,0.581,4.179,-693000000.0,74000000.0,74000000.0,8242000000.0,252000000.0,0.959,12.207,9199000000.0,631000000.0,8568000000.0,9199000000.0,0.0,541000000.0,0.0,0.031,0.4,1115000000.0,1656000000.0,0.17,1656000000.0,1115000000.0,405000000.0,0.81,0.75,0.81,1296000000.0,1207488000.0,1296000000.0,12681864387.0,11.0,7.658,-630000000.0,-2.032,1.0,1480000000.0,0.152,1709000000.0,710000000.0,21518000000.0,20112833500.0,382000000.0,377000000.0,377000000.0,0.0,15820000000.0,3014000000.0,12806000000.0,3984864387.0,-91000000.0,724000000.0,17000000.0,-66000000.0,-124000000.0,-171000000.0,17000000.0,0.0,63000000.0,0.0,252000000.0,252000000.0,252000000.0,0.0,0.0,0.026,541000000.0,939000000.0,1161000000.0,0.494,3.075,15.813,15.864,8492000000.0,0.0,12.85,0.41,0.41,1706000000.0,-1600000000.0,9722000000.0,9722000000.0,0.0,0.015,0.209,0.055,0.115,0.0,0.0,1.0,310106178.0,310106178.0,,31.351,15407000000.0,53000000.0,153000000.0,3072000000.0,49.683,-123000000.0
63,CNP,MRT,2005-09-30,2005-09-30,2005-09-30,2021-08-25,-41000000.0,16436000000.0,16963865250.0,2386000000.0,14050000000.0,0.527,3.935,-705000000.0,162000000.0,162000000.0,7490000000.0,271000000.0,0.519,12.494,8859000000.0,2365000000.0,6494000000.0,8859000000.0,0.0,539000000.0,0.0,0.03,0.44,1249000000.0,1788000000.0,0.2,1788000000.0,1249000000.0,507000000.0,0.89,1.28,0.89,1218000000.0,1159988000.0,1218000000.0,13321723080.0,11.0,7.451,-447000000.0,-1.444,1.0,1457000000.0,0.163,1800000000.0,742000000.0,18735000000.0,19828833500.0,405000000.0,392000000.0,392000000.0,0.0,15218000000.0,4598000000.0,10620000000.0,4603005080.0,142000000.0,3056000000.0,17000000.0,-2371000000.0,-136000000.0,-2491000000.0,2375000000.0,0.0,258000000.0,0.0,271000000.0,271000000.0,271000000.0,0.0,0.0,0.03,539000000.0,918000000.0,769000000.0,0.494,3.779,16.985,16.708,8361000000.0,0.0,14.87,0.514,0.514,974000000.0,-1661000000.0,8947000000.0,8947000000.0,0.0,0.016,0.234,0.063,0.14,0.0,0.0,1.0,309549770.0,309549770.0,,28.903,14636000000.0,0.0,236000000.0,3068000000.0,47.282,-2212000000.0
64,CNP,MRT,2005-06-30,2005-06-30,2005-06-30,2021-08-25,-40068000.0,15839888000.0,17751376000.0,1934994000.0,13904894000.0,0.476,3.821,-667889000.0,408162000.0,408162000.0,7021000000.0,-915000000.0,0.539,12.414,9126880000.0,2075662000.0,7051218000.0,9126880000.0,0.0,519708000.0,0.0,0.036,0.47,39000000.0,558708000.0,0.066,558708000.0,39000000.0,-718000000.0,-2.96,-2.53,-2.96,1180818000.0,1015384500.0,1180818000.0,13556479384.0,348.0,24.264,-607986000.0,-1.967,1.0,1420000000.0,0.168,1801314000.0,757000000.0,19169436000.0,21711423250.0,246346000.0,361590000.0,361590000.0,0.0,14659070000.0,3587856000.0,11071214000.0,4082414384.0,311570000.0,2903002000.0,13121000.0,-1885119000.0,-144634000.0,-2023012000.0,2274679000.0,0.0,59903000.0,0.0,-915000000.0,-915000000.0,-915000000.0,0.0,0.0,-0.108,520000000.0,900000000.0,496459000.0,-0.159,3.457,-4.462,-4.463,8273291000.0,0.0,13.21,0.484,0.484,732664000.0,-1689435000.0,8441000000.0,8441000000.0,0.0,-0.052,-0.901,0.002,0.005,0.0,0.0,1.0,309039696.0,309039696.0,,27.314,14038574000.0,6368000.0,197000000.0,2926334000.0,45.426,-1652862000.0
65,CNP,MRT,2005-03-31,2005-03-31,2005-03-31,2021-08-25,-46535000.0,17483573000.0,19079495000.0,2163734000.0,15319839000.0,0.429,3.68,-613156000.0,305293000.0,305293000.0,6788846000.0,-911348000.0,0.524,14.402,9779358000.0,2136170000.0,7643188000.0,9779358000.0,0.0,503782000.0,0.0,0.042,0.5,34374000.0,538156000.0,0.066,538156000.0,34374000.0,-732157000.0,-2.95,-2.5,-2.95,1135134000.0,1187056750.0,1135134000.0,12917201403.0,376.0,24.003,-474159000.0,-1.537,1.0,1403955000.0,0.171,1798075000.0,766531000.0,21028898000.0,23868621500.0,153134000.0,379767000.0,379767000.0,0.0,16348439000.0,4130665000.0,12217774000.0,3711267403.0,98763000.0,2006751000.0,12342000.0,-1318386000.0,-154343000.0,-1471584000.0,1431350000.0,0.0,138997000.0,0.0,-911348000.0,-911348000.0,-911348000.0,0.0,0.0,-0.111,504074000.0,899881000.0,625191000.0,-0.169,3.269,-4.072,-4.078,8201013000.0,0.0,12.03,0.453,0.453,1040355000.0,-1722214000.0,8192801000.0,8192801000.0,0.0,-0.048,-0.768,0.001,0.004,0.0,0.0,1.0,308501031.0,308501031.0,,26.557,15685498000.0,0.0,179191000.0,2933461000.0,50.844,-1966931000.0
66,CNP,MRT,2004-12-31,2004-12-31,2004-12-31,2021-08-25,0.0,18096000000.0,19973487750.0,2771000000.0,15325000000.0,0.4,3.593,-604000000.0,165000000.0,165000000.0,6645000000.0,-905000000.0,0.541,15.362,9371000000.0,2178000000.0,7193000000.0,9371000000.0,0.0,490000000.0,0.0,0.035,0.4,11000000.0,501000000.0,0.063,501000000.0,11000000.0,-766000000.0,-2.94,-2.48,-2.94,1106000000.0,1360743250.0,1106000000.0,14729186509.0,1339.0,29.4,132000000.0,0.429,1.0,1354000000.0,0.169,1799000000.0,777000000.0,20382000000.0,25609996750.0,254000000.0,421000000.0,421000000.0,0.0,16990000000.0,5121000000.0,11869000000.0,3478382509.0,78000000.0,2040000000.0,12000000.0,-1998000000.0,-123000000.0,-2124000000.0,1466000000.0,0.0,736000000.0,0.0,-905000000.0,-905000000.0,-905000000.0,0.0,0.0,-0.113,490000000.0,864000000.0,802000000.0,-0.136,3.145,-3.844,-3.844,8186000000.0,0.0,11.3,0.435,0.435,1250000000.0,-1727000000.0,7999000000.0,7999000000.0,0.0,-0.045,-0.665,0.0,0.001,0.0,0.0,1.0,307821461.0,307821461.0,,25.986,16297000000.0,0.0,139000000.0,3339000000.0,52.943,-2350000000.0
67,CNP,MRT,2004-09-30,2004-09-30,2004-09-30,2021-08-25,-454936000.0,19586043000.0,20814760250.0,2514304000.0,17071739000.0,0.369,2.08,-711822000.0,20202000.0,20202000.0,6291208000.0,-934141000.0,0.907,29.623,11271006000.0,815323000.0,10455683000.0,11271006000.0,0.0,477453000.0,0.0,0.039,0.4,-112657000.0,364796000.0,0.048,364796000.0,-112657000.0,-906233000.0,-3.03,-3.14,-3.03,639586000.0,1524382500.0,639586000.0,14026309067.0,-125.0,38.45,666563000.0,2.167,1.0,1388289000.0,0.181,1798776000.0,793576000.0,26265359000.0,27604630000.0,318308000.0,349256000.0,349256000.0,0.0,18946457000.0,2772712000.0,16173745000.0,3186139067.0,-14696000.0,-292000000.0,11103000.0,-223917000.0,-122391000.0,-348773000.0,-1001044000.0,0.0,1378385000.0,0.0,-934141000.0,-934141000.0,-934141000.0,0.0,0.0,-0.122,477745000.0,910544000.0,445183000.0,-0.132,4.982,-3.411,-3.419,8122791000.0,0.0,10.36,0.415,0.415,788769000.0,-1797041000.0,7679497000.0,7679497000.0,0.0,-0.045,-0.613,-0.004,-0.015,0.0,0.0,1.0,307542381.0,307542381.0,,24.971,17787267000.0,229065000.0,27908000.0,2414047000.0,57.837,-258408000.0
68,CNP,MRT,2004-06-30,2004-06-30,2004-06-30,2021-08-25,-391076000.0,21152364000.0,20932881500.0,2030111000.0,19122253000.0,0.369,6.079,-603900000.0,280912000.0,280912000.0,6128039000.0,383584000.0,0.855,10.327,11121082000.0,519995000.0,10601087000.0,11121082000.0,114093000.0,392748000.0,0.0,0.035,0.4,1280245000.0,1672993000.0,0.217,1672993000.0,1280245000.0,495036000.0,1.26,1.11,1.26,1867507000.0,1767864000.0,1867507000.0,14491817597.0,11.0,8.662,740027000.0,2.409,1.0,1592392000.0,0.206,1819349000.0,785209000.0,27798229000.0,27913959000.0,377907000.0,380427000.0,380427000.0,0.0,19284857000.0,2374956000.0,16909901000.0,3532729597.0,46547000.0,-140002000.0,11375000.0,-416133000.0,-122323000.0,-525356000.0,-758405000.0,0.0,1343927000.0,0.0,383584000.0,383584000.0,383584000.0,0.0,0.0,0.05,471217000.0,1121175000.0,606446000.0,0.317,1.892,9.21,9.127,11795502000.0,0.0,11.5,0.458,0.458,701276000.0,-630084000.0,7720431000.0,7720431000.0,0.0,0.018,0.217,0.046,0.166,0.0,0.0,1.0,307193878.0,307193878.0,,25.132,19333015000.0,143558000.0,111452000.0,3745655000.0,62.934,-344845000.0
69,CNP,MRT,2004-03-31,2004-03-31,2004-03-31,2021-08-25,-398596000.0,21059544000.0,20617159250.0,1950332000.0,19109212000.0,0.399,5.966,-637471000.0,206467000.0,206467000.0,6427800000.0,389155000.0,0.885,10.509,11165555000.0,459542000.0,10706013000.0,11165555000.0,88781000.0,429936000.0,0.0,0.035,0.4,1360426000.0,1790362000.0,0.218,1790362000.0,1360426000.0,544762000.0,1.28,,1.28,1829880000.0,1663675750.0,1829880000.0,14704361538.0,11.0,8.213,645834000.0,2.105,1.0,1789730000.0,0.218,1819621000.0,815664000.0,27994399000.0,27577080250.0,318368000.0,364849000.0,364849000.0,0.0,19229664000.0,2204612000.0,17025052000.0,3506002538.0,-97951000.0,44249000.0,11844000.0,-655413000.0,-122150000.0,-763881000.0,-598053000.0,0.0,1283305000.0,0.0,389155000.0,389155000.0,389155000.0,0.0,0.0,0.047,508406000.0,1281324000.0,624782000.0,0.312,1.916,9.009,8.93,11790051000.0,0.0,11.43,0.427,0.427,809024000.0,-657012000.0,8217530000.0,8217530000.0,0.0,0.019,0.234,0.049,0.166,0.0,0.0,1.0,306736880.0,306736880.0,,26.79,19239923000.0,123455000.0,155607000.0,3699862000.0,62.725,-254280000.0
70,CNP,MRT,2003-12-31,2003-12-31,2003-12-31,2021-08-25,0.0,21461090000.0,20411623250.0,2356631000.0,19104459000.0,0.382,5.752,-659000000.0,86922000.0,86922000.0,5969000000.0,484000000.0,0.929,11.19,11323213000.0,545279000.0,10777934000.0,11323213000.0,0.0,466000000.0,0.0,0.041,0.4,1430000000.0,1896000000.0,0.243,1896000000.0,1430000000.0,689000000.0,1.59,1.46,1.59,1760557000.0,1560091000.0,1760557000.0,14309266258.0,10.0,7.547,235000000.0,0.768,1.0,1821000000.0,0.234,1799621000.0,741000000.0,28360533000.0,27230405750.0,243235000.0,389302000.0,389302000.0,0.0,19700533000.0,2537227000.0,17163306000.0,2965895258.0,-217000000.0,0.0,9000000.0,-339000000.0,-122000000.0,-450000000.0,-661000000.0,0.0,894000000.0,0.0,484000000.0,484000000.0,484000000.0,0.0,0.0,0.062,466000000.0,1355000000.0,588883000.0,0.252,1.685,6.128,6.094,8084924000.0,0.0,9.69,0.381,0.381,961611000.0,-700033000.0,7790000000.0,7790000000.0,0.0,0.024,0.31,0.053,0.184,0.0,0.0,1.0,306077942.0,306077942.0,,25.451,19661469000.0,228746000.0,205000000.0,2728015000.0,64.237,-180596000.0
71,CNP,MRT,2003-09-30,2003-09-30,2003-09-30,2021-08-25,-497356000.0,20058528000.0,20160503000.0,1762401000.0,18296127000.0,0.359,5.277,-544524000.0,34785000.0,34785000.0,5325135000.0,350390000.0,0.848,11.432,11378156000.0,487228000.0,10890928000.0,11378156000.0,59765000.0,348539000.0,0.0,0.05,0.46,1521340000.0,1869879000.0,0.258,1869879000.0,1521340000.0,586887000.0,1.17,,1.17,1613512000.0,1475439250.0,1613512000.0,13415699023.0,9.0,7.175,-118536000.0,-0.388,1.0,1918772000.0,0.265,1820596000.0,934453000.0,27502675000.0,26568100250.0,444500000.0,326983000.0,326983000.0,0.0,18445016000.0,2078628000.0,16366388000.0,2803943023.0,-80765000.0,43419000.0,14778000.0,112267000.0,-140281000.0,19778000.0,-557001000.0,0.0,425988000.0,0.0,350390000.0,350390000.0,350390000.0,0.0,0.0,0.048,427009000.0,1491763000.0,470202000.0,0.393,1.738,8.002,7.838,11137741000.0,0.0,9.17,0.387,0.387,722525000.0,-751135000.0,7243907000.0,7243907000.0,0.0,0.017,0.237,0.057,0.21,0.0,0.0,1.0,305773503.0,305773503.0,,23.69,18237932000.0,133349000.0,236497000.0,3462367000.0,59.645,-316227000.0
72,CNP,MRT,2003-06-30,2003-06-30,2003-06-30,2021-08-25,-476105000.0,19889475000.0,19892886500.0,1831161000.0,18058314000.0,0.38,4.749,-674020000.0,50164000.0,50164000.0,5579624000.0,-3955828000.0,0.816,12.71,10661920000.0,575971000.0,10085949000.0,10661920000.0,95638000.0,467671000.0,0.0,0.064,0.52,-2790950000.0,-2323279000.0,-0.308,-2323279000.0,-2790950000.0,-3712040000.0,-13.23,,-13.23,1450754000.0,1548712250.0,1450754000.0,12991996681.0,-5.0,-5.592,-179720000.0,-0.588,1.0,1973136000.0,0.261,1806453000.0,921090000.0,26450714000.0,25044630750.0,367358000.0,348190000.0,348190000.0,0.0,18438721000.0,2244064000.0,16194657000.0,2489664681.0,-205753000.0,43419000.0,10695000.0,117044000.0,-163187000.0,-59494000.0,-645866000.0,0.0,494300000.0,0.0,-3955828000.0,-3955828000.0,-3955828000.0,0.0,0.0,-0.524,467673000.0,1505463000.0,558730000.0,-0.039,1.716,-0.629,-0.616,11140203000.0,0.0,8.15,0.33,0.33,879445000.0,-929129000.0,7552760000.0,7552760000.0,0.0,-0.199,-2.554,-0.111,-0.37,0.0,0.0,1.0,305480329.0,305480329.0,,24.724,18083022000.0,102968000.0,243788000.0,3303364000.0,59.195,-412903000.0
73,CNP,MRT,2003-03-31,2003-03-31,2003-03-31,2021-08-25,-486741000.0,20237400000.0,24471435250.0,2217020000.0,18020380000.0,0.297,4.638,-753433000.0,305290000.0,305290000.0,5349972000.0,-3783406000.0,0.953,13.297,10807622000.0,584323000.0,10223299000.0,10807622000.0,0.0,461122000.0,0.0,0.113,0.795,-2706269000.0,-2245147000.0,-0.309,-2245147000.0,-2706269000.0,-3538220000.0,-12.65,-12.58,-12.65,1415541000.0,3003549000.0,1415541000.0,12416509304.0,-5.0,-5.53,-224726000.0,-0.736,1.0,1910312000.0,0.263,1806450000.0,831951000.0,26607701000.0,26661529500.0,292343000.0,235012000.0,235012000.0,0.0,18821859000.0,2325581000.0,16496278000.0,2151693304.0,270249000.0,43419000.0,9732000.0,715415000.0,-244253000.0,458138000.0,-726158000.0,0.0,528707000.0,0.0,-3783406000.0,-3783406000.0,-3783406000.0,0.0,0.0,-0.521,461482000.0,1448830000.0,838450000.0,-0.063,1.52,-0.569,-0.557,11185342000.0,0.0,7.05,0.296,0.296,1206827000.0,-927556000.0,7260284000.0,7260284000.0,0.0,-0.155,-1.26,-0.102,-0.373,0.0,0.0,1.0,305204724.0,305204724.0,,23.788,18430950000.0,93072000.0,245186000.0,3235090000.0,60.389,-108561000.0
74,CNP,MRT,2002-12-31,2002-12-31,2002-12-31,2021-08-25,0.0,20456609000.0,28659945250.0,2035353000.0,18421256000.0,0.225,4.672,-823792000.0,304281000.0,304281000.0,4540154000.0,-3920234000.0,0.634,13.386,10576526000.0,1382206000.0,9194320000.0,10576526000.0,48940000.0,457608000.0,0.0,0.126,1.07,-2936176000.0,-2478568000.0,-0.385,-2478568000.0,-2936176000.0,-3647988000.0,-13.16,-13.08,-13.16,1421950000.0,4441168750.0,1421950000.0,12520335986.0,-4.0,-5.051,-488950000.0,-1.607,1.0,1897351000.0,0.295,1806390000.0,711812000.0,25711311000.0,28223068500.0,351816000.0,283486000.0,283486000.0,0.0,19034659000.0,3211153000.0,15823506000.0,2586876986.0,286096000.0,43419000.0,12994000.0,1050976000.0,-324682000.0,722763000.0,-771509000.0,0.0,334842000.0,0.0,-3920234000.0,-3920234000.0,-3920234000.0,0.0,0.0,-0.609,457608000.0,1439743000.0,621528000.0,-0.081,1.819,-0.66,-0.646,12115222000.0,0.0,8.5,0.402,0.402,912825000.0,-1062083000.0,6437505000.0,6437505000.0,0.0,-0.137,-0.883,-0.104,-0.456,0.0,0.0,1.0,304338469.0,304338469.0,,21.152,18650219000.0,72027000.0,272246000.0,3152954000.0,61.281,-1175800000.0
75,CNP,MRT,2002-09-30,2002-09-30,2002-09-30,2021-08-25,-100713000.0,18988062000.0,31362383750.0,1556367000.0,17431695000.0,0.246,6.27,-1002846000.0,123784000.0,123784000.0,5813730000.0,-3810664000.0,0.273,8.959,10057243000.0,4175184000.0,5882059000.0,10057243000.0,0.0,591133000.0,0.0,0.128,1.285,-2977312000.0,-2386179000.0,-0.31,-2386179000.0,-2977312000.0,-3589703000.0,-12.75,-12.72,-12.75,1906604000.0,5770162000.0,1906604000.0,18994272140.0,-6.0,-7.96,-1106009000.0,-3.637,1.0,1891293000.0,0.245,1803719000.0,612391000.0,21408797000.0,28992377250.0,366590000.0,253191000.0,253191000.0,0.0,17081458000.0,5709005000.0,11372453000.0,3043921140.0,91451000.0,0.0,13745000.0,1078931000.0,-384972000.0,706884000.0,-989516000.0,0.0,-103163000.0,0.0,-3810664000.0,-3811230000.0,-3811230000.0,560958000.0,0.0,-0.495,591493000.0,1299800000.0,502918000.0,-0.101,1.597,-0.799,-0.785,11358370000.0,566000.0,10.01,0.395,0.395,703792000.0,-949781000.0,7705023000.0,7705023000.0,0.0,-0.122,-0.661,-0.103,-0.386,0.0,0.0,1.0,304088026.0,304088026.0,,25.338,17184343000.0,0.0,220961000.0,3332315000.0,56.511,-4152638000.0
76,CNP,MRT,2002-06-30,2002-06-30,2002-06-30,2021-08-25,46134000.0,38203670000.0,34449243250.0,7497420000.0,30706250000.0,0.235,23.95,-624460000.0,1162886000.0,1162886000.0,6137415000.0,668901000.0,0.45,4.255,17113237000.0,11270179000.0,5843058000.0,17113237000.0,0.0,539799000.0,162240000.0,0.089,1.5,1478976000.0,2018775000.0,0.25,2018775000.0,1478976000.0,895589000.0,2.27,2.26,2.27,7270101000.0,6986195750.0,7270101000.0,20663500644.0,14.0,10.236,108735000.0,0.358,1.0,1950889000.0,0.241,4593070000.0,583387000.0,32918309000.0,30214658250.0,656716000.0,668776000.0,378798000.0,289978000.0,30933569000.0,16642642000.0,14290927000.0,5130146644.0,237227000.0,0.0,25010000.0,1732554000.0,-440286000.0,-379851000.0,-573132000.0,239000.0,733195000.0,4845000.0,668901000.0,668238000.0,668238000.0,388956000.0,0.0,0.083,647634000.0,1303255000.0,2031903000.0,0.661,0.706,7.677,7.445,20201494000.0,663000.0,16.9,0.634,0.634,3087276000.0,3414894000.0,8088304000.0,8088304000.0,0.0,0.019,0.096,0.049,0.183,0.0,0.0,1.0,303558973.0,303558973.0,,26.645,33610600000.0,0.0,226688000.0,3509757000.0,110.722,-9145222000.0
77,CNP,MRT,2002-03-31,2002-03-31,2002-03-31,2021-08-25,76219000.0,36991440000.0,33181268000.0,6794317000.0,30197123000.0,0.5,24.035,-932910000.0,754189000.0,754189000.0,14229275000.0,749570000.0,0.442,4.162,16287543000.0,10301303000.0,5986240000.0,16287543000.0,0.0,615418000.0,214150000.0,0.058,1.5,1707442000.0,2322860000.0,0.14,2322860000.0,1707442000.0,1113559000.0,2.57,2.55,2.57,7166020000.0,6845537000.0,7166020000.0,17131307675.0,10.0,7.375,490249000.0,1.644,1.0,2353241000.0,0.142,4284660000.0,593883000.0,32853857000.0,28736921500.0,534302000.0,992165000.0,609013000.0,383152000.0,29825420000.0,15386277000.0,14439143000.0,7689287675.0,58596000.0,0.0,67611000.0,-560921000.0,-437257000.0,-936343000.0,-890078000.0,724000.0,1423159000.0,8240000.0,749570000.0,748809000.0,748809000.0,388956000.0,0.0,0.045,728913000.0,1624328000.0,1692725000.0,0.584,1.073,10.269,10.035,19914615000.0,761000.0,25.79,0.464,0.464,2722155000.0,3290869000.0,16582516000.0,16582516000.0,0.0,0.023,0.109,0.059,0.103,0.0,0.0,1.0,298149968.0,298149968.0,,55.618,32706780000.0,0.0,363989000.0,3582757000.0,109.699,-8591960000.0
78,CNP,MRT,2001-12-31,2001-12-31,2001-12-31,2021-08-25,0.0,31266363000.0,32050498500.0,6792520000.0,24473843000.0,0.329,22.599,-1210736000.0,35500000.0,35500000.0,8572028000.0,980559000.0,0.65,3.64,9815563000.0,4895826000.0,4919737000.0,9815563000.0,0.0,663309000.0,0.0,0.057,1.5,1844833000.0,2508142000.0,0.238,2508142000.0,1844833000.0,1237937000.0,3.38,3.35,3.38,6737923000.0,6465244250.0,6737923000.0,17348957151.0,9.0,6.917,520752000.0,1.747,1.0,1986963000.0,0.188,1802804000.0,606896000.0,28788546000.0,27290917500.0,405638000.0,826609000.0,826609000.0,0.0,24528440000.0,10455076000.0,14073364000.0,7906937151.0,-65259000.0,0.0,100430000.0,-702107000.0,-433918000.0,-1044919000.0,-1195686000.0,0.0,1731488000.0,0.0,980559000.0,979701000.0,979701000.0,0.0,0.0,0.093,663309000.0,1323654000.0,526758000.0,0.444,1.173,8.071,7.846,11199505000.0,858000.0,26.52,0.749,0.749,826051000.0,3176533000.0,10558991000.0,10558991000.0,0.0,0.031,0.152,0.068,0.175,0.0,0.0,1.0,298149968.0,298149968.0,,35.415,29463559000.0,0.0,257378000.0,3209636000.0,98.821,-3662556000.0
79,CNP,MRT,2001-09-30,2001-09-30,2001-09-30,2021-08-25,-2672000.0,31335500000.0,32224015000.0,7836116000.0,23499384000.0,0.483,22.736,-523687000.0,294816000.0,294816000.0,13606536000.0,635333000.0,0.682,3.628,9736836000.0,4335982000.0,5400854000.0,9736836000.0,0.0,552102000.0,239350000.0,0.057,1.5,1318470000.0,1870572000.0,0.12,1870572000.0,1318470000.0,871891000.0,2.17,2.15,2.17,6770739000.0,6151278500.0,6770739000.0,17948286497.0,14.0,9.595,1400596000.0,4.703,1.0,1968625000.0,0.126,2986762000.0,446579000.0,26297921000.0,26251868000.0,592026000.0,993994000.0,852361000.0,141633000.0,24564761000.0,11492837000.0,13071924000.0,7838078497.0,-181408000.0,3891622000.0,106120000.0,-1904219000.0,-432348000.0,-2307494000.0,2299611000.0,-1055603000.0,1924283000.0,-9681000.0,635333000.0,634944000.0,634944000.0,-424274000.0,0.0,0.041,708613000.0,1260012000.0,1518245000.0,0.691,1.158,12.345,12.129,16342755000.0,389000.0,26.32,0.503,0.503,2105406000.0,3127907000.0,15575161000.0,15575161000.0,0.0,0.02,0.103,0.05,0.085,0.0,0.0,1.0,297799335.0,297799335.0,,52.301,28348738000.0,0.0,236558000.0,3987925000.0,95.194,-3656721000.0
80,CNP,MRT,2001-06-30,2001-06-30,2001-06-30,2021-08-25,203787000.0,33131769000.0,31549908750.0,9972371000.0,23159398000.0,0.722,22.549,-1142159000.0,107705000.0,107705000.0,20389637000.0,669324000.0,0.753,3.94,10217913000.0,4769237000.0,5448676000.0,10217913000.0,0.0,736723000.0,380400000.0,0.047,1.5,1520743000.0,2257466000.0,0.099,2257466000.0,1520743000.0,1029127000.0,2.31,2.28,2.31,6707466000.0,5900243500.0,6707466000.0,21438269435.0,14.0,9.497,239361000.0,0.805,1.0,2387242000.0,0.105,2997523000.0,491616000.0,27007362000.0,26055329000.0,589215000.0,1504330000.0,1364807000.0,139523000.0,26424303000.0,13237092000.0,13187211000.0,9581340435.0,-39855000.0,3892267000.0,117643000.0,-3356505000.0,-430606000.0,-1999552000.0,2657248000.0,-57834000.0,1381520000.0,-11538000.0,669324000.0,668935000.0,668935000.0,-245568000.0,0.0,0.029,785758000.0,1601484000.0,2366241000.0,0.649,1.428,14.323,13.944,15826419000.0,389000.0,32.21,0.421,0.421,2896930000.0,2881523000.0,22776879000.0,22776879000.0,0.0,0.021,0.113,0.058,0.067,0.0,0.0,1.0,297464776.0,297464776.0,,76.57,30134246000.0,0.0,359803000.0,3686692000.0,101.304,-3264721000.0
81,CNP,MRT,2001-03-31,2001-03-31,2001-03-31,2021-08-25,-87931000.0,32468362000.0,30831086750.0,9139582000.0,23328780000.0,0.592,19.062,-1012830000.0,63572000.0,63572000.0,15946926000.0,576941000.0,0.641,4.752,11920501000.0,6381317000.0,5539184000.0,11920501000.0,0.0,744510000.0,339900000.0,0.033,1.5,1392301000.0,2136811000.0,0.117,2136811000.0,1392301000.0,864319000.0,2.01,1.98,2.01,5644849000.0,5588980500.0,5644849000.0,24847518735.0,18.0,11.628,-382001000.0,-1.29,1.0,2292486000.0,0.126,2998033000.0,527982000.0,27069841000.0,26455893750.0,431302000.0,1141039000.0,1033906000.0,107133000.0,26823513000.0,14257417000.0,12566096000.0,13399699735.0,-79273000.0,1776705000.0,80273000.0,1047772000.0,-428566000.0,721739000.0,646179000.0,-58887000.0,630829000.0,-10487000.0,576941000.0,576552000.0,576552000.0,-226121000.0,0.0,0.032,787526000.0,1504960000.0,2299913000.0,0.746,2.374,23.241,22.512,15482122000.0,389000.0,45.25,0.735,0.735,3059014000.0,2674164000.0,18239412000.0,18239412000.0,0.0,0.019,0.103,0.053,0.076,0.0,0.0,1.0,296125961.0,296125961.0,,61.593,29470329000.0,0.0,287378000.0,3464968000.0,99.52,-5117835000.0
82,CNP,MRT,2000-12-31,2000-12-31,2000-12-31,2021-08-25,0.0,31960429000.0,29729138500.0,9913261000.0,22047168000.0,0.349,18.599,-922165000.0,225972000.0,225972000.0,8219436000.0,447500000.0,0.634,4.83,11623791000.0,6627696000.0,4996095000.0,11623791000.0,0.0,726467000.0,284603000.0,0.035,1.5,1191670000.0,1918137000.0,0.185,1918137000.0,1191670000.0,681696000.0,1.57,1.56,1.57,5482060000.0,5515354250.0,5482060000.0,24724504327.0,21.0,12.89,64324000.0,0.218,1.0,2154766000.0,0.208,3080686000.0,509974000.0,24632348000.0,26611357250.0,483213000.0,1005551000.0,896824000.0,108727000.0,26478369000.0,15645214000.0,10833155000.0,12765622327.0,42517000.0,790166000.0,26503000.0,1729876000.0,-426859000.0,1353751000.0,-230190000.0,-60799000.0,986489000.0,0.0,447500000.0,447111000.0,447111000.0,-225458000.0,0.0,0.043,767178000.0,1387588000.0,3057948000.0,0.955,2.329,28.551,27.586,15260176000.0,389000.0,43.31,1.231,1.231,3216110000.0,2520350000.0,10374202000.0,10374202000.0,0.0,0.015,0.081,0.045,0.115,0.0,0.0,1.0,294749996.0,294749996.0,,35.197,28879743000.0,0.0,234196000.0,3296085000.0,97.98,-5731953000.0
83,CNP,MRT,2000-09-30,2000-09-30,2000-09-30,2021-08-25,-119846000.0,28639075000.0,28353147750.0,6255860000.0,22383215000.0,0.777,19.616,-1694911000.0,246186000.0,246186000.0,19193674000.0,673460000.0,0.523,3.966,12205068000.0,6743995000.0,5461073000.0,12205068000.0,0.0,906125000.0,0.0,0.032,1.5,1751694000.0,2657819000.0,0.121,2657819000.0,1751694000.0,1087236000.0,2.37,2.34,2.37,5766599000.0,5471422250.0,5766599000.0,29397751906.0,17.0,11.061,-643422000.0,-2.189,1.0,2822911000.0,0.128,3126894000.0,664458000.0,25511765000.0,26657878500.0,517309000.0,2370247000.0,1344721000.0,1025526000.0,22872476000.0,11959298000.0,10913178000.0,13669610906.0,-238895000.0,-4064376000.0,-9318000.0,3886334000.0,-426261000.0,3564048000.0,-4864113000.0,958222000.0,1051489000.0,9681000.0,673460000.0,673071000.0,673071000.0,26814000.0,0.0,0.031,905597000.0,1917314000.0,1647083000.0,0.633,2.37,20.309,19.62,14824388000.0,389000.0,46.5,0.621,0.621,1959938000.0,2926569000.0,22016585000.0,22016585000.0,0.0,0.024,0.123,0.066,0.08,0.0,0.0,1.0,293970127.0,293970127.0,,74.894,25512181000.0,0.0,413776000.0,3357226000.0,86.785,-5703438000.0
84,CNP,MRT,2000-06-30,2000-06-30,2000-06-30,2021-08-25,-110639000.0,30256481000.0,26844408250.0,7192828000.0,23063653000.0,0.65,18.616,-1541608000.0,105314000.0,105314000.0,14957129000.0,1974484000.0,0.505,4.539,15833455000.0,10666333000.0,5167122000.0,15833455000.0,0.0,870046000.0,0.0,0.051,1.5,3669646000.0,4539692000.0,0.26,4539692000.0,3669646000.0,3075315000.0,6.93,6.9,6.93,5462414000.0,5402132500.0,5462414000.0,23291063040.0,6.0,5.131,-308083000.0,-1.05,1.0,2504862000.0,0.143,3125638000.0,594331000.0,28609621000.0,25711567250.0,421775000.0,5199657000.0,4182389000.0,1017268000.0,24794067000.0,14249363000.0,10544704000.0,8673516040.0,37190000.0,-4678698000.0,-69173000.0,5386200000.0,-426037000.0,5148040000.0,-6351068000.0,-39786000.0,1233525000.0,6693000.0,1974484000.0,1974095000.0,1974095000.0,20110000.0,0.0,0.113,869518000.0,1635344000.0,1590470000.0,0.216,1.588,4.394,4.266,15695529000.0,389000.0,29.56,0.497,0.497,1803103000.0,2644888000.0,17461991000.0,17461991000.0,0.0,0.074,0.365,0.143,0.21,0.0,0.0,1.0,293420705.0,293420705.0,,59.512,27130843000.0,0.0,1100831000.0,3419429000.0,92.464,-7056535000.0
85,CNP,MRT,2000-03-31,2000-03-31,2000-03-31,2021-08-25,-88389000.0,28060569000.0,24145388000.0,7769218000.0,20291351000.0,0.636,18.238,-1387493000.0,95032000.0,95032000.0,13059322000.0,1825315000.0,0.647,4.245,14712579000.0,9197831000.0,5514748000.0,14712579000.0,0.0,893336000.0,0.0,0.064,1.5,3369453000.0,4262789000.0,0.277,4262789000.0,3369453000.0,2835511000.0,6.4,6.38,6.4,5350344000.0,5025375250.0,5350344000.0,19045042473.0,6.0,4.468,-22351000.0,-0.076,1.0,2305328000.0,0.15,2982695000.0,533942000.0,27691695000.0,24166146500.0,303303000.0,6526802000.0,5503144000.0,1023658000.0,22710225000.0,12003726000.0,10706499000.0,6911463473.0,16386000.0,-2602955000.0,-77131000.0,3229796000.0,-426378000.0,2731161000.0,-4082164000.0,-39218000.0,1365142000.0,2247000.0,1825315000.0,1824926000.0,1824926000.0,663000.0,0.0,0.119,892808000.0,1412520000.0,1033915000.0,0.234,1.292,3.787,3.681,13431095000.0,389000.0,23.56,0.45,0.45,1266232000.0,2527758000.0,15364650000.0,15364650000.0,0.0,0.076,0.363,0.139,0.219,0.0,0.0,1.0,293355835.0,293355835.0,,52.375,25077874000.0,0.0,1010196000.0,3410941000.0,85.486,-4234508000.0
86,CNP,MRT,1999-12-31,1999-12-31,1999-12-31,2021-08-25,0.0,26456466000.0,21851877000.0,6536396000.0,19920070000.0,0.631,17.947,-1165639000.0,80767000.0,80767000.0,11630940000.0,1482470000.0,0.616,3.986,12099184000.0,7230541000.0,4868643000.0,12099184000.0,0.0,905305000.0,3800000.0,0.066,1.5,2881738000.0,3787043000.0,0.275,3787043000.0,2881738000.0,2381587000.0,5.2,5.18,5.2,5306332000.0,4678046750.0,5306332000.0,16012853728.0,6.0,4.228,-62087000.0,-0.21,1.0,2163608000.0,0.157,3041751000.0,500151000.0,24818433000.0,22741581000.0,340459000.0,4057502000.0,3979461000.0,78041000.0,21150134000.0,10614699000.0,10535435000.0,6764965728.0,56538000.0,-1597055000.0,-60256000.0,1947240000.0,-427255000.0,1822919000.0,-2869933000.0,-36582000.0,1103552000.0,0.0,1482470000.0,1482081000.0,1482081000.0,0.0,0.0,0.107,904777000.0,1258831000.0,1025245000.0,0.288,1.275,4.565,4.4,13133559000.0,389000.0,22.88,0.49,0.49,1251365000.0,2500181000.0,13794548000.0,13794548000.0,0.0,0.068,0.317,0.127,0.209,0.0,0.0,1.0,295671579.0,295671579.0,,46.655,23414715000.0,0.0,899117000.0,3442623000.0,79.192,-4078303000.0
87,CNP,MRT,1999-09-30,1999-09-30,1999-09-30,2021-08-25,-116322000.0,22604117000.0,20022391000.0,5862758000.0,16741359000.0,0.681,18.557,-698826000.0,489878000.0,489878000.0,11740204000.0,1150695000.0,0.727,2.987,9737766000.0,5674725000.0,4063041000.0,9737766000.0,0.0,893771000.0,0.0,0.055,1.5,2282172000.0,3175943000.0,0.233,3175943000.0,2282172000.0,1786218000.0,4.01,4.0,4.01,5489440000.0,4431930750.0,5489440000.0,17344250709.0,8.0,5.461,680552000.0,2.301,1.0,1903804000.0,0.14,2061682000.0,495954000.0,21726520000.0,22024462250.0,395774000.0,4279498000.0,3343160000.0,936338000.0,16399676000.0,8063803000.0,8335873000.0,8004752709.0,438839000.0,-886461000.0,-34215000.0,920315000.0,-429758000.0,802248000.0,-1742787000.0,-40928000.0,1379378000.0,0.0,1150695000.0,1150305000.0,1150305000.0,-137276000.0,0.0,0.084,893771000.0,1010033000.0,899419000.0,0.374,1.458,6.959,6.748,10958797000.0,390000.0,27.06,0.587,0.587,993240000.0,2679024000.0,13644008000.0,13644008000.0,0.0,0.057,0.26,0.104,0.167,0.0,0.0,1.0,295814956.0,295814956.0,,46.123,20542435000.0,0.0,635523000.0,3143049000.0,69.444,-2201045000.0
88,CNP,MRT,1999-06-30,1999-06-30,1999-06-30,2021-08-25,-91225000.0,19460400000.0,19258819250.0,1891080000.0,17569320000.0,0.632,13.348,-654759000.0,66639000.0,66639000.0,10235932000.0,-287586000.0,0.442,3.739,9406137000.0,2459993000.0,6946144000.0,9406137000.0,0.0,903632000.0,0.0,0.054,1.5,45527000.0,949159000.0,0.078,949159000.0,45527000.0,-454309000.0,-1.02,-1.02,-1.02,3955385000.0,4271294250.0,3955385000.0,17188040771.0,378.0,18.109,514232000.0,1.735,1.0,1926371000.0,0.158,2089601000.0,499836000.0,22427938000.0,21775100750.0,393903000.0,1913243000.0,0.0,1913243000.0,14789981000.0,4282359000.0,10507622000.0,8184638771.0,-17651000.0,-379894000.0,4542000.0,340913000.0,-429530000.0,53400000.0,-1240042000.0,-40928000.0,1168991000.0,0.0,-287586000.0,-287976000.0,-287976000.0,-137276000.0,0.0,-0.024,903632000.0,1022739000.0,774846000.0,-1.471,2.069,-28.421,-27.078,10816007000.0,390000.0,27.62,0.673,0.673,826497000.0,1096058000.0,12162303000.0,12162303000.0,0.0,-0.015,-0.067,0.002,0.004,0.0,0.0,1.0,296330151.0,296330151.0,,41.043,17370799000.0,0.0,-166723000.0,2342130000.0,58.62,-2391279000.0
89,CNP,MRT,1999-03-31,1999-03-31,1999-03-31,2021-08-25,-98495000.0,18886525000.0,18995132750.0,1558610000.0,17327915000.0,0.592,13.367,-783034000.0,83795000.0,83795000.0,9172417000.0,-320766000.0,0.411,3.768,9087197000.0,2113500000.0,6973697000.0,9087197000.0,0.0,881258000.0,77847000.0,0.058,1.5,35728000.0,916986000.0,0.082,916986000.0,35728000.0,-464148000.0,-1.13,-1.13,-1.13,3961030000.0,4459026500.0,3961030000.0,16703615031.0,468.0,18.216,434197000.0,1.465,1.0,2068684000.0,0.184,2105349000.0,499876000.0,21993433000.0,21292800000.0,266911000.0,1896874000.0,0.0,1896874000.0,14925495000.0,3791145000.0,11134350000.0,7722347031.0,-50007000.0,-268111000.0,4542000.0,-184789000.0,-426584000.0,9659000.0,-1276897000.0,-40928000.0,1217231000.0,0.0,-320766000.0,-321156000.0,-321156000.0,-137276000.0,0.0,-0.029,881258000.0,1187426000.0,715445000.0,-1.327,1.95,-24.045,-23.062,11548779000.0,390000.0,26.06,0.687,0.687,872395000.0,1128387000.0,11241101000.0,11241101000.0,0.0,-0.017,-0.072,0.002,0.003,0.0,0.0,1.0,296329510.0,296329510.0,,37.934,16781176000.0,333130000.0,-143382000.0,2678689000.0,56.63,-2232535000.0
90,CNP,MRT,1998-12-31,1998-12-31,1998-12-31,2021-08-25,0.0,19138522000.0,18861472000.0,1669171000.0,17469351000.0,0.595,14.599,-712492000.0,29673000.0,29673000.0,9083352000.0,-141092000.0,0.41,3.428,9010941000.0,2210193000.0,6800748000.0,9010941000.0,0.0,866272000.0,0.0,0.047,1.5,278777000.0,1145049000.0,0.102,1145049000.0,278777000.0,-223655000.0,-0.5,-0.5,-0.5,4321868000.0,4659755250.0,4321868000.0,17571761762.0,63.0,15.346,714576000.0,2.414,1.0,2146167000.0,0.191,2098890000.0,502432000.0,21949958000.0,20889151750.0,383748000.0,2041600000.0,0.0,2041600000.0,14816654000.0,4070942000.0,10745712000.0,9491030762.0,-16775000.0,-292398000.0,4542000.0,254676000.0,-426265000.0,-205692000.0,-1238151000.0,-40928000.0,1427068000.0,0.0,-141092000.0,-141482000.0,-141482000.0,-137276000.0,0.0,-0.013,866272000.0,1279895000.0,807977000.0,-3.0,2.196,-67.083,-64.12,11503114000.0,390000.0,32.06,0.845,0.845,901892000.0,1445081000.0,11229519000.0,11229519000.0,0.0,-0.008,-0.03,0.013,0.025,0.0,0.0,1.0,296039637.0,296039637.0,,37.932,17039632000.0,0.0,-82563000.0,2945566000.0,57.559,-2401771000.0
91,CNP,MRT,1998-09-30,1998-09-30,1998-09-30,2021-08-25,-22565000.0,19549830000.0,18688243000.0,2214410000.0,17335420000.0,0.621,16.372,-870460000.0,56303000.0,56303000.0,9279561000.0,259435000.0,0.462,3.033,8137034000.0,2530212000.0,5606822000.0,8137034000.0,0.0,896323000.0,79196000.0,0.048,1.5,925330000.0,1821653000.0,0.157,1821653000.0,925330000.0,422778000.0,0.85,0.84,0.85,4846894000.0,4800989500.0,4846894000.0,17087851503.0,18.0,9.38,467878000.0,1.58,1.0,2330999000.0,0.201,2109554000.0,502552000.0,20729074000.0,20386080750.0,379797000.0,1902596000.0,0.0,1902596000.0,14702936000.0,4791933000.0,9911003000.0,9212753503.0,2896000.0,-84947000.0,0.0,959413000.0,-441247000.0,-354975000.0,-980467000.0,0.0,1338338000.0,0.0,259435000.0,259045000.0,259045000.0,0.0,0.0,0.022,896323000.0,1434676000.0,1424471000.0,1.765,1.901,35.564,36.612,11392374000.0,390000.0,31.12,0.793,0.793,1619543000.0,1956048000.0,11610560000.0,11610560000.0,0.0,0.014,0.054,0.045,0.08,0.0,0.0,1.0,296039637.0,296039637.0,,39.22,17440276000.0,415870000.0,163343000.0,3281300000.0,58.912,-2577523000.0
92,CNP,MRT,1998-06-30,1998-06-30,1998-06-30,2021-08-25,-16535000.0,18405654000.0,,1265044000.0,17140610000.0,,15.898,-522586000.0,89554000.0,89554000.0,8099951000.0,251591000.0,0.342,2.911,7964652000.0,2179460000.0,5785192000.0,7964652000.0,0.0,813121000.0,80009000.0,0.049,1.5,927562000.0,1740683000.0,0.169,1740683000.0,927562000.0,434527000.0,0.89,0.88,0.89,4706314000.0,,4706314000.0,16962641216.0,18.0,9.745,985803000.0,3.33,1.0,2203673000.0,0.214,2079320000.0,493035000.0,20498735000.0,,267528000.0,1767106000.0,0.0,1767106000.0,13699340000.0,3702697000.0,9996643000.0,9120981216.0,80588000.0,-1615529000.0,0.0,860653000.0,-440429000.0,720329000.0,-2148130000.0,0.0,1508389000.0,0.0,251591000.0,251234000.0,251234000.0,0.0,0.0,0.024,813275000.0,1390398000.0,799016000.0,1.685,1.938,36.305,34.618,11392977000.0,357000.0,30.81,0.885,0.885,848954000.0,1815435000.0,10303624000.0,10303624000.0,0.0,,,,0.09,0.0,0.0,1.0,296039637.0,296039637.0,,34.805,16326334000.0,349746000.0,182936000.0,3194557000.0,55.149,-2437653000.0
93,CNP,MRT,1998-03-31,1998-03-31,1998-03-31,2021-08-25,-4957000.0,18351882000.0,,1514373000.0,16837509000.0,,16.111,-373924000.0,139066000.0,139066000.0,6739548000.0,331472000.0,0.398,2.852,7980726000.0,2446425000.0,5534301000.0,7980726000.0,0.0,709983000.0,82064000.0,0.052,1.5,967290000.0,1677273000.0,0.194,1677273000.0,967290000.0,521640000.0,1.26,1.25,1.26,4763945000.0,,4763945000.0,16405924055.0,17.0,9.781,1122210000.0,3.795,1.0,1891898000.0,0.219,2013907000.0,445650000.0,20378840000.0,,214805000.0,1702888000.0,0.0,1702888000.0,13587937000.0,3800795000.0,9787142000.0,8501324055.0,123715000.0,-1662450000.0,0.0,1083606000.0,-424169000.0,666505000.0,-2038924000.0,0.0,1496134000.0,0.0,331472000.0,331213000.0,331213000.0,0.0,0.0,0.038,710137000.0,1181761000.0,725480000.0,1.19,1.785,25.667,22.817,11240170000.0,259000.0,28.75,0.985,0.985,834704000.0,1875213000.0,8631446000.0,8631446000.0,0.0,,,,0.112,0.0,0.0,1.0,295698228.0,295698228.0,,29.19,16337975000.0,355065000.0,190168000.0,3254182000.0,55.252,-2286422000.0
94,CNP,MRT,1997-12-31,1997-12-31,1997-12-31,2021-08-25,0.0,18445606000.0,15366731500.0,1569741000.0,16875865000.0,0.448,16.526,-328724000.0,51712000.0,51712000.0,5157805000.0,421110000.0,0.39,2.775,7594140000.0,2376125000.0,5218015000.0,7594140000.0,0.0,665374000.0,82437000.0,0.056,1.5,1022569000.0,1687943000.0,0.245,1687943000.0,1022569000.0,627484000.0,1.66,1.66,1.66,4886805000.0,4357383000.0,4886805000.0,,,,782035000.0,2.645,1.0,1720420000.0,0.25,2026395000.0,395085000.0,19937674000.0,17295697000.0,244979000.0,1694102000.0,0.0,1694102000.0,13558801000.0,4023965000.0,9534836000.0,7909927599.0,43711000.0,-1657524000.0,0.0,1143414000.0,-405288000.0,914405000.0,-1981453000.0,0.0,1110759000.0,0.0,421110000.0,420948000.0,420948000.0,0.0,0.0,0.061,665374000.0,1055046000.0,879612000.0,0.904,1.619,18.791,16.114,11280362000.0,162000.0,26.75,1.15,1.15,1168834000.0,2013055000.0,6878225000.0,6878225000.0,0.0,0.027,0.097,0.059,0.149,0.0,0.0,1.0,295698228.0,295698228.0,,23.261,16419211000.0,356509000.0,206374000.0,3382592000.0,55.527,-2454224000.0
95,CNP,MRT,1997-09-30,1997-09-30,1997-09-30,2021-08-25,,,,,,,,,,,,,,,,,,,,,,0.069,1.5,,,,,,,,,,,,,,,,,,1.0,,,,,,,,,,,,,,,,,,,,,,,,,,,,,,,,,,,,,,,,21.75,,,,,,,,,,,,,,1.0,,,,,,,,,,
96,CNP,MRT,1997-06-30,1997-06-30,1997-06-30,2021-08-25,,,,,,,,,,,,,,,,,,,,,,0.07,1.5,,,,,,,,,,,,,,,,,,1.0,,,,,,,,,,,,,,,,,,,,,,,,,,,,,,,,,,,,,,,,21.44,,,,,,,,,,,,,,1.0,,,,,,,,,,
97,CNP,MRT,1997-03-31,1997-03-31,1997-03-31,2021-08-25,,,,,,,,,,,,,,,,,,,,,,0.072,1.5,,,,,,,,,,,,,,,,,,1.0,,,,,,,,,,,,,,,,,,,,,,,,,,,,,,,,,,,,,,,,20.88,,,,,,,,,,,,,,1.0,,,,,,,,,,
98,CNP,MRT,1996-12-31,1996-12-31,1996-12-31,2021-08-25,0.0,12287857000.0,,343920000.0,11943937000.0,,,-317532000.0,8001000.0,8001000.0,2554773000.0,404944000.0,0.153,2.21,4617985000.0,1592335000.0,3025650000.0,4617985000.0,0.0,550038000.0,53633000.0,0.066,1.5,915089000.0,1465127000.0,0.358,1465127000.0,915089000.0,605109000.0,1.66,1.66,1.66,3827961000.0,,3827961000.0,,,,596788000.0,,1.0,1540504000.0,0.376,0.0,309980000.0,14653720000.0,,192175000.0,1529491000.0,0.0,1529491000.0,8459896000.0,2244121000.0,6215775000.0,,-3778000.0,-495379000.0,-361196000.0,896309000.0,-361126000.0,-85198000.0,-832900000.0,0.0,914320000.0,0.0,404944000.0,404944000.0,404944000.0,0.0,0.0,0.099,550038000.0,990466000.0,157682000.0,0.904,,,13.627,8756423000.0,0.0,22.62,,,114130000.0,,4095277000.0,4095277000.0,0.0,,,,0.223,0.0,0.0,1.0,,,,,12287857000.0,362310000.0,200165000.0,2829791000.0,,-1900201000.0
99,CNP,MRT,1995-12-31,1995-12-31,1995-12-31,2021-08-25,,,,,,,,-447631000.0,,,2224702000.0,1105524000.0,,,,,,,,478034000.0,,0.062,1.5,1606156000.0,2084190000.0,0.559,2084190000.0,1606156000.0,1305079000.0,4.46,4.46,4.46,,,,,,,397264000.0,,1.0,1504569000.0,0.403,,301077000.0,,,,,,,,,,,1336000.0,619345000.0,0.0,-469243000.0,-371731000.0,-963029000.0,119470000.0,0.0,844895000.0,0.0,1105524000.0,1105524000.0,1105524000.0,0.0,0.0,0.296,599119000.0,905450000.0,,0.336,,,5.437,,0.0,24.25,,,,,3729271000.0,3729271000.0,0.0,,,,0.431,0.0,0.0,1.0,,,,,,,199555000.0,,,
