None,ticker,dimension,calendardate,datekey,reportperiod,lastupdated,accoci,assets,assetsavg,assetsc,assetsnc,assetturnover,bvps,capex,cashneq,cashnequsd,cor,consolinc,currentratio,de,debt,debtc,debtnc,debtusd,deferredrev,depamor,deposits,divyield,dps,ebit,ebitda,ebitdamargin,ebitdausd,ebitusd,ebt,eps,epsdil,epsusd,equity,equityavg,equityusd,ev,evebit,evebitda,fcf,fcfps,fxusd,gp,grossmargin,intangibles,intexp,invcap,invcapavg,inventory,investments,investmentsc,investmentsnc,liabilities,liabilitiesc,liabilitiesnc,marketcap,ncf,ncfbus,ncfcommon,ncfdebt,ncfdiv,ncff,ncfi,ncfinv,ncfo,ncfx,netinc,netinccmn,netinccmnusd,netincdis,netincnci,netmargin,opex,opinc,payables,payoutratio,pb,pe,pe1,ppnenet,prefdivis,price,ps,ps1,receivables,retearn,revenue,revenueusd,rnd,roa,roe,roic,ros,sbcomp,sgna,sharefactor,sharesbas,shareswa,shareswadil,sps,tangibles,taxassets,taxexp,taxliabilities,tbvps,workingcapital
0,MMC,MRY,2020-12-31,2020-12-31,2020-12-31,2021-10-21,-5110000000.0,33049000000.0,32322500000.0,8155000000.0,24894000000.0,0.533,17.992,-342000000.0,2089000000.0,2089000000.0,0.0,2046000000.0,1.244,2.613,13579000000.0,859000000.0,12720000000.0,13579000000.0,0.0,1096000000.0,0.0,0.016,1.84,3278000000.0,4374000000.0,0.254,4374000000.0,3278000000.0,2763000000.0,3.98,3.94,3.98,9104000000.0,8304000000.0,9104000000.0,71938296573.0,22.0,16.447,3040000000.0,6.008,1.0,17224000000.0,1.0,18216000000.0,515000000.0,19767000000.0,21256500000.0,0.0,0.0,0.0,0.0,23789000000.0,6556000000.0,17233000000.0,59341296573.0,934000000.0,-570000000.0,132000000.0,-778000000.0,-943000000.0,-1880000000.0,-814000000.0,107000000.0,3382000000.0,246000000.0,2016000000.0,2016000000.0,2016000000.0,0.0,30000000.0,0.117,14158000000.0,3066000000.0,3050000000.0,0.462,6.518,29.435,29.397,2750000000.0,0.0,117.0,3.445,3.437,5326000000.0,16272000000.0,17224000000.0,17224000000.0,0.0,0.062,0.243,0.154,0.19,290000000.0,14158000000.0,1.0,507190569.0,506000000,512000000.0,34.04,14833000000.0,702000000.0,747000000.0,247000000.0,29.314,1599000000.0
1,MMC,MRY,2019-12-31,2019-12-31,2019-12-31,2021-10-21,-5055000000.0,31357000000.0,31176750000.0,7068000000.0,24289000000.0,0.534,15.401,-411000000.0,1155000000.0,1155000000.0,0.0,1773000000.0,1.058,3.004,14224000000.0,1557000000.0,12667000000.0,14224000000.0,0.0,962000000.0,0.0,0.016,1.74,2932000000.0,3894000000.0,0.234,3894000000.0,2932000000.0,2408000000.0,3.44,3.41,3.44,7793000000.0,7846750000.0,7793000000.0,69878088396.0,24.0,17.945,1950000000.0,3.854,1.0,16652000000.0,1.0,17445000000.0,524000000.0,20302000000.0,22753500000.0,0.0,0.0,0.0,0.0,23414000000.0,6679000000.0,16735000000.0,56225088396.0,89000000.0,-5276000000.0,-327000000.0,5110000000.0,-890000000.0,3306000000.0,-5671000000.0,92000000.0,2361000000.0,93000000.0,1742000000.0,1742000000.0,1742000000.0,0.0,31000000.0,0.105,13975000000.0,2677000000.0,2746000000.0,0.506,7.215,32.276,32.387,2779000000.0,0.0,111.41,3.376,3.385,5236000000.0,15199000000.0,16652000000.0,16652000000.0,0.0,0.056,0.222,0.129,0.176,252000000.0,13975000000.0,1.0,504668238.0,506000000,511000000.0,32.909,13912000000.0,676000000.0,666000000.0,179000000.0,27.494,389000000.0
2,MMC,MRY,2018-12-31,2018-12-31,2018-12-31,2021-10-21,-4647000000.0,21578000000.0,21311250000.0,5934000000.0,15644000000.0,0.702,14.844,-311000000.0,1066000000.0,1066000000.0,0.0,1670000000.0,1.205,1.863,5824000000.0,314000000.0,5510000000.0,5824000000.0,0.0,494000000.0,0.0,0.02,1.58,2514000000.0,3008000000.0,0.201,3008000000.0,2514000000.0,2224000000.0,3.26,3.23,3.26,7511000000.0,7655000000.0,7511000000.0,45369720656.0,18.0,15.083,2117000000.0,4.184,1.0,14950000000.0,1.0,11036000000.0,290000000.0,10376000000.0,11231750000.0,0.0,0.0,0.0,0.0,13994000000.0,4924000000.0,9070000000.0,40170720656.0,-139000000.0,-774000000.0,-582000000.0,293000000.0,-807000000.0,-1310000000.0,-1089000000.0,4000000.0,2428000000.0,-168000000.0,1650000000.0,1650000000.0,1650000000.0,0.0,20000000.0,0.11,12189000000.0,2761000000.0,2234000000.0,0.485,5.348,24.346,24.463,701000000.0,0.0,79.75,2.687,2.699,4317000000.0,14347000000.0,14950000000.0,14950000000.0,0.0,0.077,0.216,0.224,0.168,193000000.0,12189000000.0,1.0,503708096.0,506000000,511000000.0,29.545,10542000000.0,680000000.0,574000000.0,157000000.0,20.834,1010000000.0
3,MMC,MRY,2017-12-31,2017-12-31,2017-12-31,2021-10-21,-4043000000.0,20429000000.0,19632500000.0,5562000000.0,14867000000.0,0.714,14.345,-294000000.0,1205000000.0,1205000000.0,0.0,1512000000.0,1.305,1.765,5487000000.0,262000000.0,5225000000.0,5487000000.0,0.0,481000000.0,0.0,0.018,1.43,2862000000.0,3343000000.0,0.238,3343000000.0,2862000000.0,2625000000.0,2.91,2.87,2.91,7359000000.0,6982500000.0,7359000000.0,45947942068.0,16.0,13.745,1599000000.0,3.117,1.0,14024000000.0,1.0,10363000000.0,237000000.0,10086000000.0,10162000000.0,0.0,0.0,0.0,0.0,12987000000.0,4262000000.0,8725000000.0,41537942068.0,179000000.0,-655000000.0,-734000000.0,672000000.0,-740000000.0,-1009000000.0,-956000000.0,-13000000.0,1893000000.0,251000000.0,1492000000.0,1492000000.0,1492000000.0,-2000000.0,20000000.0,0.106,11369000000.0,2655000000.0,2083000000.0,0.491,5.645,27.84,27.969,712000000.0,0.0,81.39,2.962,2.977,4133000000.0,13140000000.0,14024000000.0,14024000000.0,0.0,0.076,0.214,0.282,0.204,149000000.0,11369000000.0,1.0,510356826.0,513000000,519000000.0,27.337,10066000000.0,669000000.0,1133000000.0,199000000.0,19.622,1300000000.0
4,MMC,MRY,2016-12-31,2016-12-31,2016-12-31,2021-10-21,-5093000000.0,18190000000.0,18188000000.0,4884000000.0,13306000000.0,0.726,11.931,-249000000.0,1026000000.0,1026000000.0,0.0,1795000000.0,1.196,1.925,4807000000.0,312000000.0,4495000000.0,4807000000.0,0.0,438000000.0,0.0,0.019,1.3,2642000000.0,3080000000.0,0.233,3080000000.0,2642000000.0,2453000000.0,3.41,3.38,3.41,6192000000.0,6541500000.0,6192000000.0,38216989335.0,14.0,12.408,1758000000.0,3.387,1.0,13211000000.0,1.0,9495000000.0,189000000.0,8394000000.0,9236750000.0,0.0,0.0,0.0,0.0,11918000000.0,4082000000.0,7836000000.0,34848989335.0,-348000000.0,-813000000.0,-612000000.0,385000000.0,-682000000.0,-1067000000.0,-1056000000.0,2000000.0,2007000000.0,-232000000.0,1768000000.0,1768000000.0,1768000000.0,0.0,27000000.0,0.134,10780000000.0,2431000000.0,1969000000.0,0.381,5.628,19.711,19.821,725000000.0,0.0,67.59,2.638,2.655,3643000000.0,12388000000.0,13211000000.0,13211000000.0,0.0,0.097,0.27,0.286,0.2,109000000.0,10780000000.0,1.0,515593865.0,519000000,524000000.0,25.455,8695000000.0,1097000000.0,685000000.0,146000000.0,16.753,802000000.0
5,MMC,MRY,2015-12-31,2015-12-31,2015-12-31,2021-10-21,-4220000000.0,18216000000.0,17546750000.0,5044000000.0,13172000000.0,0.735,12.266,-323000000.0,1374000000.0,1374000000.0,0.0,1636000000.0,1.36,1.783,4414000000.0,12000000.0,4402000000.0,4414000000.0,0.0,423000000.0,0.0,0.021,1.18,2433000000.0,2856000000.0,0.222,2856000000.0,2433000000.0,2270000000.0,3.01,2.98,3.01,6513000000.0,6579000000.0,6513000000.0,32079392524.0,13.0,11.232,1565000000.0,2.947,1.0,12893000000.0,1.0,8925000000.0,163000000.0,8623000000.0,8961250000.0,0.0,0.0,0.0,0.0,11614000000.0,3708000000.0,7906000000.0,28925392524.0,-584000000.0,-881000000.0,-1176000000.0,1030000000.0,-632000000.0,-906000000.0,-1265000000.0,-65000000.0,1888000000.0,-301000000.0,1599000000.0,1599000000.0,1599000000.0,0.0,37000000.0,0.124,10474000000.0,2419000000.0,1886000000.0,0.392,4.441,18.09,18.422,773000000.0,0.0,55.45,2.243,2.284,3471000000.0,11302000000.0,12893000000.0,12893000000.0,0.0,0.091,0.243,0.272,0.189,88000000.0,10474000000.0,1.0,521648197.0,531000000,536000000.0,24.281,9291000000.0,1138000000.0,671000000.0,154000000.0,17.497,1336000000.0
6,MMC,MRY,2014-12-31,2014-12-31,2014-12-31,2021-10-21,-3847000000.0,17793000000.0,17486250000.0,5533000000.0,12260000000.0,0.741,12.943,-365000000.0,1958000000.0,1958000000.0,0.0,1497000000.0,1.505,1.511,3379000000.0,11000000.0,3368000000.0,3379000000.0,0.0,388000000.0,0.0,0.019,1.06,2216000000.0,2604000000.0,0.201,2604000000.0,2216000000.0,2051000000.0,2.69,2.65,2.69,7054000000.0,7749750000.0,7054000000.0,32331072383.0,15.0,12.416,1754000000.0,3.218,1.0,12951000000.0,1.0,7933000000.0,165000000.0,7604000000.0,7462500000.0,0.0,0.0,0.0,0.0,10660000000.0,3677000000.0,6983000000.0,30961072383.0,-345000000.0,-554000000.0,-537000000.0,290000000.0,-582000000.0,-968000000.0,-1222000000.0,-298000000.0,2119000000.0,-274000000.0,1465000000.0,1465000000.0,1465000000.0,-26000000.0,32000000.0,0.113,10650000000.0,2301000000.0,1883000000.0,0.394,4.389,21.134,21.279,809000000.0,0.0,57.24,2.391,2.409,3377000000.0,10335000000.0,12951000000.0,12951000000.0,0.0,0.084,0.189,0.297,0.171,93000000.0,10650000000.0,1.0,540899238.0,545000000,553000000.0,23.763,9860000000.0,1358000000.0,586000000.0,150000000.0,18.092,1856000000.0
7,MMC,MRY,2013-12-31,2013-12-31,2013-12-31,2021-10-21,-2621000000.0,16980000000.0,16332750000.0,6300000000.0,10680000000.0,0.751,14.399,-396000000.0,2303000000.0,2303000000.0,0.0,1385000000.0,1.654,1.139,2955000000.0,334000000.0,2621000000.0,2955000000.0,0.0,358000000.0,0.0,0.02,0.96,2118000000.0,2476000000.0,0.202,2476000000.0,2118000000.0,1951000000.0,2.47,2.43,2.47,7905000000.0,7091500000.0,7905000000.0,27570790869.0,13.0,11.135,945000000.0,1.721,1.0,12261000000.0,1.0,7365000000.0,167000000.0,6458000000.0,6811500000.0,0.0,0.0,0.0,0.0,9005000000.0,3809000000.0,5196000000.0,26538790869.0,2000000.0,-137000000.0,-198000000.0,13000000.0,-533000000.0,-834000000.0,-446000000.0,93000000.0,1341000000.0,-59000000.0,1357000000.0,1357000000.0,1357000000.0,-6000000.0,28000000.0,0.111,10184000000.0,2077000000.0,1861000000.0,0.389,3.357,19.557,19.579,828000000.0,0.0,48.36,2.164,2.165,3310000000.0,9452000000.0,12261000000.0,12261000000.0,0.0,0.083,0.191,0.311,0.173,129000000.0,10184000000.0,1.0,548775659.0,549000000,558000000.0,22.333,9615000000.0,1108000000.0,594000000.0,148000000.0,17.514,2491000000.0
8,MMC,MRY,2012-12-31,2012-12-31,2012-12-31,2021-10-21,-3307000000.0,16288000000.0,15559000000.0,5963000000.0,10325000000.0,0.766,12.026,-314000000.0,2301000000.0,2301000000.0,0.0,1201000000.0,1.673,1.48,2918000000.0,260000000.0,2658000000.0,2918000000.0,0.0,349000000.0,0.0,0.026,0.9,1849000000.0,2198000000.0,0.184,2198000000.0,1849000000.0,1668000000.0,2.16,2.13,2.16,6542000000.0,6380750000.0,6542000000.0,19640010307.0,11.0,8.935,1008000000.0,1.853,1.0,11924000000.0,1.0,7261000000.0,181000000.0,6080000000.0,6199500000.0,0.0,0.0,0.0,0.0,9682000000.0,3564000000.0,6118000000.0,18765010307.0,188000000.0,-292000000.0,18000000.0,-11000000.0,-497000000.0,-633000000.0,-583000000.0,20000000.0,1322000000.0,82000000.0,1176000000.0,1176000000.0,1176000000.0,3000000.0,25000000.0,0.099,10095000000.0,1829000000.0,1721000000.0,0.417,2.868,15.957,15.958,809000000.0,0.0,34.47,1.574,1.573,3058000000.0,8628000000.0,11924000000.0,11924000000.0,0.0,0.076,0.184,0.298,0.155,177000000.0,10095000000.0,1.0,544386722.0,544000000,552000000.0,21.919,9027000000.0,1633000000.0,492000000.0,110000000.0,16.594,2399000000.0
9,MMC,MRY,2011-12-31,2011-12-31,2011-12-31,2021-10-21,-3188000000.0,15454000000.0,15274750000.0,5648000000.0,9806000000.0,0.755,10.854,-277000000.0,2113000000.0,2113000000.0,0.0,1015000000.0,1.511,1.617,2928000000.0,260000000.0,2668000000.0,2928000000.0,0.0,332000000.0,0.0,0.027,0.86,1614000000.0,1946000000.0,0.169,1946000000.0,1614000000.0,1415000000.0,1.82,1.79,1.82,5883000000.0,6411500000.0,5883000000.0,18226562674.0,11.0,9.366,1428000000.0,2.635,1.0,11526000000.0,1.0,6963000000.0,199000000.0,5567000000.0,6265750000.0,0.0,0.0,0.0,0.0,9514000000.0,3739000000.0,5775000000.0,17010562674.0,219000000.0,-237000000.0,-199000000.0,-187000000.0,-480000000.0,-1007000000.0,-457000000.0,62000000.0,1705000000.0,-22000000.0,993000000.0,993000000.0,993000000.0,-33000000.0,22000000.0,0.086,9888000000.0,1638000000.0,2016000000.0,0.473,2.891,17.13,17.374,804000000.0,0.0,31.62,1.476,1.487,2906000000.0,7949000000.0,11526000000.0,11526000000.0,0.0,0.065,0.155,0.258,0.14,21000000.0,9888000000.0,1.0,537968459.0,542000000,551000000.0,21.266,8491000000.0,1581000000.0,422000000.0,63000000.0,15.666,1909000000.0
10,MMC,MRY,2010-12-31,2010-12-31,2010-12-31,2021-10-21,-2300000000.0,15310000000.0,15199000000.0,5276000000.0,10034000000.0,0.694,11.793,-265000000.0,1894000000.0,1894000000.0,0.0,871000000.0,1.699,1.397,3034000000.0,8000000.0,3026000000.0,3034000000.0,0.0,357000000.0,0.0,0.03,0.81,1292000000.0,1649000000.0,0.156,1649000000.0,1292000000.0,1059000000.0,1.56,1.55,1.56,6368000000.0,6178750000.0,6368000000.0,16199941646.0,13.0,9.824,457000000.0,0.846,1.0,10550000000.0,1.0,6823000000.0,233000000.0,6522000000.0,6881000000.0,0.0,0.0,0.0,0.0,8895000000.0,3105000000.0,5790000000.0,14857941646.0,117000000.0,710000000.0,-45000000.0,-559000000.0,-452000000.0,-1130000000.0,535000000.0,91000000.0,722000000.0,-10000000.0,855000000.0,855000000.0,855000000.0,-306000000.0,16000000.0,0.081,9611000000.0,939000000.0,1741000000.0,0.519,2.333,17.378,17.526,822000000.0,0.0,27.34,1.408,1.399,3035000000.0,7436000000.0,10550000000.0,10550000000.0,0.0,0.056,0.138,0.188,0.122,18000000.0,9611000000.0,1.0,543450682.0,540000000,544000000.0,19.537,8487000000.0,1705000000.0,204000000.0,62000000.0,15.717,2171000000.0
11,MMC,MRY,2009-12-31,2009-12-31,2009-12-31,2021-10-21,-2171000000.0,15337000000.0,15114750000.0,4931000000.0,10406000000.0,0.65,11.165,-298000000.0,1707000000.0,1707000000.0,0.0,241000000.0,1.327,1.626,3592000000.0,558000000.0,3034000000.0,3592000000.0,0.0,365000000.0,0.0,0.036,0.8,489000000.0,854000000.0,0.087,854000000.0,489000000.0,248000000.0,0.43,0.42,0.43,5828000000.0,5804750000.0,5828000000.0,13429489932.0,27.0,15.725,342000000.0,0.655,1.0,9831000000.0,1.0,6219000000.0,241000000.0,7288000000.0,7263750000.0,0.0,0.0,0.0,0.0,9474000000.0,3715000000.0,5759000000.0,11647489932.0,92000000.0,2000000.0,34000000.0,-10000000.0,-431000000.0,-464000000.0,-236000000.0,53000000.0,640000000.0,152000000.0,227000000.0,227000000.0,227000000.0,290000000.0,14000000.0,0.023,9053000000.0,778000000.0,1751000000.0,1.86,1.999,51.311,51.349,850000000.0,0.0,22.08,1.185,1.172,2724000000.0,7033000000.0,9831000000.0,9831000000.0,0.0,0.015,0.039,0.067,0.05,11000000.0,9053000000.0,1.0,527513131.0,522000000,524000000.0,18.833,9118000000.0,1409000000.0,21000000.0,0.0,17.467,1216000000.0
12,MMC,MRY,2008-12-31,2008-12-31,2008-12-31,2021-10-21,-2098000000.0,15206000000.0,16034250000.0,4784000000.0,10422000000.0,0.669,11.132,-375000000.0,1685000000.0,1685000000.0,0.0,-62000000.0,1.413,1.651,3602000000.0,408000000.0,3194000000.0,3602000000.0,0.0,404000000.0,0.0,0.033,0.8,260000000.0,664000000.0,0.062,664000000.0,260000000.0,40000000.0,-0.13,-0.14,-0.13,5722000000.0,6923250000.0,5722000000.0,14620687015.0,56.0,22.019,565000000.0,1.099,1.0,10730000000.0,1.0,7163000000.0,220000000.0,6574000000.0,7703000000.0,0.0,0.0,0.0,0.0,9446000000.0,3386000000.0,6060000000.0,12476687015.0,-448000000.0,-70000000.0,68000000.0,-260000000.0,-412000000.0,-643000000.0,-348000000.0,97000000.0,940000000.0,-397000000.0,-73000000.0,-73000000.0,-73000000.0,443000000.0,11000000.0,-0.007,10051000000.0,679000000.0,1688000000.0,-6.154,2.18,-170.914,-186.692,969000000.0,0.0,24.27,1.163,1.163,2755000000.0,7237000000.0,10730000000.0,10730000000.0,0.0,-0.005,-0.011,0.034,0.024,34000000.0,10051000000.0,1.0,514078575.0,514000000,514000000.0,20.875,8043000000.0,1146000000.0,113000000.0,66000000.0,15.648,1398000000.0
13,MMC,MRY,2007-12-31,2007-12-31,2007-12-31,2021-10-21,-351000000.0,17359000000.0,17329750000.0,5454000000.0,11905000000.0,0.643,14.512,-367000000.0,2133000000.0,2133000000.0,0.0,2489000000.0,1.561,1.219,3864000000.0,260000000.0,3604000000.0,3864000000.0,0.0,442000000.0,0.0,0.029,0.76,3040000000.0,3482000000.0,0.313,3482000000.0,3040000000.0,2773000000.0,4.49,4.45,4.49,7822000000.0,6587750000.0,7822000000.0,14818378282.0,5.0,4.256,-670000000.0,-1.243,1.0,11135000000.0,1.0,7759000000.0,267000000.0,7838000000.0,7700000000.0,0.0,0.0,0.0,0.0,9537000000.0,3493000000.0,6044000000.0,13768378282.0,44000000.0,3151000000.0,-1196000000.0,-1117000000.0,-413000000.0,-2726000000.0,2996000000.0,211000000.0,-303000000.0,77000000.0,2475000000.0,2475000000.0,2475000000.0,-1932000000.0,14000000.0,0.222,10281000000.0,854000000.0,1670000000.0,0.169,1.76,5.563,5.895,992000000.0,0.0,26.47,1.236,1.281,2874000000.0,7732000000.0,11135000000.0,11135000000.0,0.0,0.143,0.376,0.395,0.273,71000000.0,10281000000.0,1.0,520150294.0,539000000,539000000.0,20.659,9600000000.0,0.0,298000000.0,96000000.0,17.811,1961000000.0
14,MMC,MRY,2006-12-31,2006-12-31,2006-12-31,2021-10-21,-1272000000.0,18137000000.0,17727750000.0,6976000000.0,11161000000.0,0.583,10.599,-171000000.0,2015000000.0,2015000000.0,0.0,990000000.0,1.179,2.117,4971000000.0,1111000000.0,3860000000.0,4971000000.0,0.0,488000000.0,0.0,0.022,0.68,1565000000.0,2053000000.0,0.199,2053000000.0,1565000000.0,1262000000.0,1.8,1.76,1.8,5819000000.0,5944500000.0,5819000000.0,20298401440.0,13.0,9.887,615000000.0,1.12,1.0,10340000000.0,1.0,7595000000.0,303000000.0,7580000000.0,8845000000.0,0.0,0.0,0.0,0.0,12318000000.0,5918000000.0,6400000000.0,16897401440.0,56000000.0,154000000.0,181000000.0,-566000000.0,-374000000.0,-759000000.0,-44000000.0,-15000000.0,786000000.0,73000000.0,990000000.0,990000000.0,990000000.0,-358000000.0,0.0,0.096,9392000000.0,948000000.0,2486000000.0,0.378,2.904,17.068,17.033,990000000.0,0.0,30.66,1.634,1.628,2718000000.0,5691000000.0,10340000000.0,10340000000.0,0.0,0.056,0.167,0.177,0.151,116000000.0,9392000000.0,1.0,551122030.0,549000000,557000000.0,18.834,10542000000.0,0.0,272000000.0,131000000.0,19.202,1058000000.0
15,MMC,MRY,2005-12-31,2005-12-31,2005-12-31,2021-10-21,-756000000.0,17892000000.0,17519750000.0,5262000000.0,12630000000.0,0.575,9.963,-299000000.0,2020000000.0,2020000000.0,0.0,404000000.0,1.209,2.338,5542000000.0,498000000.0,5044000000.0,5542000000.0,0.0,490000000.0,0.0,0.021,0.68,831000000.0,1321000000.0,0.131,1321000000.0,831000000.0,499000000.0,0.75,0.74,0.75,5360000000.0,5188750000.0,5360000000.0,21068661742.0,25.0,15.949,100000000.0,0.186,1.0,10082000000.0,1.0,7773000000.0,332000000.0,9290000000.0,9395750000.0,0.0,277000000.0,0.0,277000000.0,12532000000.0,4351000000.0,8181000000.0,17299661742.0,637000000.0,82000000.0,269000000.0,222000000.0,-363000000.0,128000000.0,153000000.0,318000000.0,399000000.0,-43000000.0,404000000.0,404000000.0,404000000.0,-203000000.0,0.0,0.04,9492000000.0,590000000.0,1733000000.0,0.907,3.228,42.821,42.347,1178000000.0,0.0,31.76,1.716,1.695,2730000000.0,4989000000.0,10082000000.0,10082000000.0,0.0,0.023,0.078,0.088,0.082,64000000.0,9492000000.0,1.0,544699677.0,538000000,543000000.0,18.74,10119000000.0,0.0,95000000.0,192000000.0,18.809,911000000.0
16,MMC,MRY,2004-12-31,2004-12-31,2004-12-31,2021-10-21,-370000000.0,18498000000.0,16466750000.0,4999000000.0,13499000000.0,0.712,9.612,-353000000.0,1370000000.0,1370000000.0,0.0,176000000.0,1.054,2.659,5327000000.0,636000000.0,4691000000.0,5327000000.0,0.0,456000000.0,0.0,0.026,0.84,634000000.0,1090000000.0,0.093,1090000000.0,634000000.0,415000000.0,0.33,0.33,0.33,5056000000.0,5480000000.0,5056000000.0,21612893628.0,34.0,19.828,1716000000.0,3.262,1.0,11727000000.0,1.0,8055000000.0,219000000.0,9657000000.0,8549500000.0,0.0,558000000.0,0.0,558000000.0,13442000000.0,4743000000.0,8699000000.0,17335893628.0,731000000.0,-2364000000.0,-80000000.0,1951000000.0,-681000000.0,1190000000.0,-2556000000.0,120000000.0,2069000000.0,28000000.0,176000000.0,176000000.0,176000000.0,-24000000.0,0.0,0.015,11130000000.0,597000000.0,1818000000.0,2.545,3.429,98.499,99.697,1363000000.0,0.0,32.9,1.478,1.476,2859000000.0,5044000000.0,11727000000.0,11727000000.0,0.0,0.011,0.032,0.074,0.054,0.0,10161000000.0,1.0,526926858.0,526000000,535000000.0,22.295,10443000000.0,0.0,239000000.0,281000000.0,19.854,256000000.0
17,MMC,MRY,2003-12-31,2003-12-31,2003-12-31,2021-10-21,-279000000.0,15053000000.0,14464000000.0,3848000000.0,11205000000.0,0.774,10.227,-428000000.0,665000000.0,665000000.0,0.0,1540000000.0,1.052,1.762,3357000000.0,447000000.0,2910000000.0,3357000000.0,0.0,391000000.0,0.0,0.031,1.49,2476000000.0,2867000000.0,0.256,2867000000.0,2476000000.0,2291000000.0,2.89,2.81,2.89,5451000000.0,5381000000.0,5451000000.0,27824264094.0,11.0,9.705,1439000000.0,2.7,1.0,11200000000.0,1.0,5797000000.0,185000000.0,8289000000.0,7742500000.0,0.0,648000000.0,0.0,648000000.0,9602000000.0,3659000000.0,5943000000.0,25393264094.0,119000000.0,-178000000.0,-622000000.0,-72000000.0,-631000000.0,-1325000000.0,-470000000.0,75000000.0,1867000000.0,47000000.0,1540000000.0,1540000000.0,1540000000.0,-24000000.0,0.0,0.138,8752000000.0,2448000000.0,1501000000.0,0.516,4.658,16.489,16.571,1389000000.0,0.0,47.89,2.267,2.279,2703000000.0,5386000000.0,11200000000.0,11200000000.0,0.0,0.106,0.286,0.32,0.221,0.0,8742000000.0,1.0,530241472.0,533000000,548000000.0,21.013,9256000000.0,0.0,751000000.0,272000000.0,17.366,189000000.0
18,MMC,MRY,2002-12-31,2002-12-31,2002-12-31,2021-10-21,-452000000.0,13855000000.0,13299500000.0,3664000000.0,10191000000.0,0.781,9.275,-405000000.0,546000000.0,546000000.0,0.0,1365000000.0,0.948,1.761,3434000000.0,543000000.0,2891000000.0,3434000000.0,0.0,359000000.0,0.0,0.024,1.09,2272000000.0,2631000000.0,0.253,2631000000.0,2272000000.0,2112000000.0,2.52,2.45,2.52,5018000000.0,5100750000.0,5018000000.0,27520621249.0,12.0,10.46,932000000.0,1.723,1.0,10388000000.0,1.0,5404000000.0,160000000.0,7476000000.0,7413250000.0,0.0,578000000.0,0.0,578000000.0,8837000000.0,3863000000.0,4974000000.0,24817621249.0,9000000.0,-92000000.0,-694000000.0,282000000.0,-593000000.0,-1005000000.0,-330000000.0,0.0,1337000000.0,7000000.0,1365000000.0,1365000000.0,1365000000.0,0.0,0.0,0.131,8114000000.0,2274000000.0,1406000000.0,0.433,4.946,18.181,18.337,1308000000.0,0.0,46.21,2.389,2.407,2478000000.0,4490000000.0,10388000000.0,10388000000.0,0.0,0.103,0.268,0.306,0.219,0.0,8114000000.0,1.0,537061702.0,541000000,557000000.0,19.201,8451000000.0,0.0,747000000.0,194000000.0,15.621,-199000000.0
19,MMC,MRY,2001-12-31,2001-12-31,2001-12-31,2021-10-21,-227000000.0,13769000000.0,13525750000.0,3792000000.0,9977000000.0,0.73,9.405,-433000000.0,537000000.0,537000000.0,0.0,974000000.0,0.859,1.662,3091000000.0,757000000.0,2334000000.0,3091000000.0,0.0,520000000.0,0.0,0.019,1.03,1769000000.0,2289000000.0,0.232,2289000000.0,1769000000.0,1573000000.0,1.77,1.7,1.77,5173000000.0,5190000000.0,5173000000.0,32281234945.0,18.0,14.103,1027000000.0,1.867,1.0,9869000000.0,1.0,5327000000.0,196000000.0,6582000000.0,6984250000.0,0.0,826000000.0,0.0,826000000.0,8596000000.0,4414000000.0,4182000000.0,29524234945.0,297000000.0,-53000000.0,-376000000.0,407000000.0,-567000000.0,-536000000.0,-616000000.0,0.0,1460000000.0,-11000000.0,974000000.0,974000000.0,974000000.0,0.0,0.0,0.099,8106000000.0,1763000000.0,1347000000.0,0.582,5.707,30.312,30.367,1235000000.0,0.0,53.75,2.992,2.995,2692000000.0,3723000000.0,9869000000.0,9869000000.0,0.0,0.072,0.188,0.253,0.179,0.0,8106000000.0,1.0,549288092.0,550000000,572000000.0,17.944,8442000000.0,0.0,599000000.0,600000000.0,15.349,-622000000.0
20,MMC,MRY,2000-12-31,2000-12-31,2000-12-31,2021-10-21,-149000000.0,13769000000.0,13610000000.0,3639000000.0,10130000000.0,0.757,9.628,-512000000.0,240000000.0,240000000.0,0.0,1181000000.0,0.883,1.634,2684000000.0,337000000.0,2347000000.0,2684000000.0,0.0,305000000.0,0.0,0.016,0.95,2181000000.0,2486000000.0,0.241,2486000000.0,2181000000.0,1934000000.0,2.18,2.05,2.18,5228000000.0,4829750000.0,5228000000.0,34974029357.0,16.0,14.068,786000000.0,1.448,1.0,10308000000.0,1.0,5476000000.0,247000000.0,6618000000.0,6809000000.0,0.0,976000000.0,0.0,976000000.0,8541000000.0,4119000000.0,4422000000.0,32185029357.0,-188000000.0,-99000000.0,315000000.0,-802000000.0,-514000000.0,-1001000000.0,-464000000.0,0.0,1298000000.0,-21000000.0,1181000000.0,1181000000.0,1181000000.0,0.0,0.0,0.115,8129000000.0,2179000000.0,1964000000.0,0.436,6.156,27.252,26.835,1360000000.0,0.0,58.5,3.122,3.082,2812000000.0,3323000000.0,10308000000.0,10308000000.0,0.0,0.087,0.245,0.32,0.212,0.0,8131000000.0,1.0,550171442.0,543000000,569000000.0,18.983,8293000000.0,0.0,753000000.0,291000000.0,15.273,-480000000.0
21,MMC,MRY,1999-12-31,1999-12-31,1999-12-31,2021-10-21,-75000000.0,13174000000.0,12352250000.0,3283000000.0,9891000000.0,0.741,7.928,-476000000.0,428000000.0,428000000.0,0.0,726000000.0,0.753,2.159,3488000000.0,1131000000.0,2357000000.0,3488000000.0,0.0,431000000.0,0.0,0.018,0.85,1483000000.0,1914000000.0,0.209,1914000000.0,1483000000.0,1250000000.0,1.38,1.31,1.38,4170000000.0,4070500000.0,4170000000.0,28494596613.0,19.0,14.887,555000000.0,1.055,1.0,9157000000.0,1.0,5542000000.0,233000000.0,6333000000.0,6263500000.0,0.0,611000000.0,0.0,611000000.0,9004000000.0,4359000000.0,4645000000.0,25529596613.0,-182000000.0,-272000000.0,476000000.0,-363000000.0,-447000000.0,-334000000.0,-876000000.0,0.0,1031000000.0,-3000000.0,726000000.0,726000000.0,726000000.0,0.0,0.0,0.079,7690000000.0,1467000000.0,1762000000.0,0.616,6.122,35.165,34.67,1314000000.0,0.0,47.845,2.788,2.748,2298000000.0,2674000000.0,9157000000.0,9157000000.0,0.0,0.059,0.178,0.237,0.162,0.0,7690000000.0,1.0,533589646.0,526000000,544000000.0,17.409,7632000000.0,0.0,524000000.0,188000000.0,14.51,-1076000000.0
22,MMC,MRY,1998-12-31,1998-12-31,1998-12-31,2021-10-21,206000000.0,11871000000.0,9385500000.0,3245000000.0,8626000000.0,0.766,7.146,-386000000.0,610000000.0,610000000.0,0.0,796000000.0,0.662,2.244,3824000000.0,2234000000.0,1590000000.0,3824000000.0,0.0,272000000.0,0.0,0.025,0.733,1445000000.0,1717000000.0,0.239,1717000000.0,1445000000.0,1305000000.0,1.555,1.49,1.555,3659000000.0,3565750000.0,3659000000.0,16129774171.0,11.0,9.394,768000000.0,1.5,1.0,7190000000.0,1.0,4826000000.0,140000000.0,5357000000.0,4647000000.0,0.0,828000000.0,0.0,828000000.0,8212000000.0,4902000000.0,3310000000.0,15036774171.0,186000000.0,-302000000.0,-57000000.0,66000000.0,-375000000.0,-366000000.0,-608000000.0,0.0,1154000000.0,6000000.0,796000000.0,796000000.0,796000000.0,0.0,0.0,0.111,5770000000.0,1420000000.0,1338000000.0,0.471,4.11,18.89,18.791,1287000000.0,0.0,29.22,2.091,2.081,1909000000.0,2412000000.0,7190000000.0,7190000000.0,0.0,0.085,0.223,0.311,0.201,0.0,5770000000.0,1.0,514605550.0,512000000,528000000.0,14.043,7045000000.0,0.0,509000000.0,385000000.0,13.76,-1657000000.0
23,MMC,MRY,1997-12-31,1997-12-31,1997-12-31,2021-10-21,167000000.0,7912000000.0,7502875000.0,2567000000.0,5345000000.0,0.801,6.598,-202000000.0,0.0,0.0,0.0,434000000.0,1.096,1.447,1477000000.0,237000000.0,1240000000.0,1477000000.0,0.0,199000000.0,0.0,0.025,0.633,822000000.0,1021000000.0,0.17,1021000000.0,822000000.0,715000000.0,0.885,0.865,0.885,3233000000.0,3185250000.0,3233000000.0,13795207679.0,17.0,13.511,213000000.0,0.435,1.0,6009000000.0,1.0,2417000000.0,107000000.0,4629000000.0,4448600000.0,0.0,720000000.0,0.0,720000000.0,4679000000.0,2343000000.0,2336000000.0,12664307679.0,124000000.0,-419000000.0,210000000.0,495000000.0,-306000000.0,399000000.0,-676000000.0,0.0,415000000.0,-14000000.0,434000000.0,434000000.0,434000000.0,0.0,0.0,0.072,5211000000.0,798000000.0,1223000000.0,0.715,3.917,29.18,28.083,957000000.0,0.0,24.853,2.108,2.027,1498000000.0,2010000000.0,6009000000.0,6009000000.0,0.0,0.058,0.136,0.185,0.137,0.0,5211000000.0,1.0,509561736.0,490000000,502000000.0,12.263,5495000000.0,166000000.0,281000000.0,234000000.0,11.214,224000000.0
24,MMC,MRY,1996-12-31,1996-12-31,1996-12-31,2021-10-21,145500000.0,4545200000.0,,1748600000.0,2796600000.0,,6.521,-157000000.0,0.0,0.0,0.0,459300000.0,1.124,1.407,850600000.0,392400000.0,458200000.0,850600000.0,0.0,140000000.0,0.0,0.032,0.55,729600000.0,869600000.0,0.197,869600000.0,729600000.0,668000000.0,1.585,1.56,1.585,1888600000.0,,1888600000.0,,,,160000000.0,0.552,1.0,4404000000.0,1.0,545300000.0,61600000.0,3294200000.0,,0.0,573300000.0,0.0,573300000.0,2656600000.0,1556300000.0,1100300000.0,7560878000.0,-28000000.0,235000000.0,-87000000.0,-1000000.0,-239000000.0,-325000000.0,-14000000.0,0.0,317000000.0,-6000000.0,459300000.0,459300000.0,459300000.0,0.0,0.0,0.104,3688700000.0,715300000.0,447500000.0,0.347,4.003,16.462,10.936,770100000.0,0.0,17.333,1.717,1.14,1085800000.0,1901600000.0,4404000000.0,4404000000.0,0.0,,,,0.166,0.0,3688700000.0,1.0,436204500.0,289600000,294800000.0,15.207,3999900000.0,0.0,208700000.0,259600000.0,13.812,192300000.0
25,MMC,MRY,1995-12-31,1995-12-31,1995-12-31,2021-10-21,,,,,,,,-136900000.0,,,0.0,402900000.0,,,,,,,,135100000.0,,0.034,0.496,712600000.0,847700000.0,0.215,847700000.0,712600000.0,649800000.0,1.38,1.365,1.38,,,,,,,181200000.0,0.621,1.0,3937300000.0,1.0,,62800000.0,,,,,,,,,,,33200000.0,-6800000.0,-55100000.0,174500000.0,-217000000.0,-92800000.0,-198100000.0,0.0,318100000.0,6000000.0,402900000.0,402900000.0,402900000.0,0.0,0.0,0.102,3242400000.0,694900000.0,,0.359,,,10.719,,0.0,14.792,,1.095,,,3937300000.0,3937300000.0,0.0,,,,0.181,0.0,3242400000.0,1.0,,291600000,294800000.0,13.502,,,246900000.0,,,
26,MMC,MRY,1994-12-31,1994-12-31,1994-12-31,2021-10-21,,,,,,,,-149100000.0,,,0.0,371500000.0,,,,,,,,120600000.0,,0.035,0.467,671600000.0,792200000.0,0.231,792200000.0,671600000.0,621000000.0,,,,,,,,,,219400000.0,0.497,1.0,3435000000.0,1.0,,50600000.0,,,,,,,,,,,-37100000.0,-18400000.0,-74200000.0,121000000.0,-206400000.0,-189800000.0,-223400000.0,0.0,368500000.0,7600000.0,371500000.0,371500000.0,371500000.0,0.0,0.0,0.108,2764700000.0,670300000.0,,,,,,,0.0,13.208,,1.698,,,3435000000.0,3435000000.0,0.0,,,,0.196,0.0,2764700000.0,1.0,,441600000,,7.779,,,249500000.0,,,
0,MMC,MRQ,2021-09-30,2021-09-30,2021-09-30,2021-10-21,-5345000000.0,32982000000.0,,7877000000.0,25105000000.0,,19.237,-117000000.0,1398000000.0,1398000000.0,0.0,542000000.0,1.183,2.373,12983000000.0,855000000.0,12128000000.0,12983000000.0,0.0,262000000.0,0.0,0.013,0.535,818000000.0,1080000000.0,0.236,1080000000.0,818000000.0,711000000.0,1.06,1.05,1.06,9734000000.0,,9734000000.0,88937365337.0,21.0,16.667,1207000000.0,2.385,1.0,4583000000.0,1.0,18235000000.0,107000000.0,19673000000.0,,0.0,0.0,0.0,0.0,23094000000.0,6659000000.0,16435000000.0,76718365337.0,510000000.0,-35000000.0,-260000000.0,-3000000.0,-272000000.0,-555000000.0,-152000000.0,4000000.0,1324000000.0,-107000000.0,537000000.0,537000000.0,537000000.0,0.0,5000000.0,0.117,3843000000.0,740000000.0,2833000000.0,0.505,7.881,28.268,28.411,2723000000.0,0.0,151.43,4.017,4.012,5624000000.0,17589000000.0,4583000000.0,4583000000.0,0.0,,,,,87000000.0,3843000000.0,1.0,506625935.0,506000000,513000000.0,9.057,14747000000.0,692000000.0,174000000.0,333000000.0,29.144,1218000000.0
1,MMC,MRQ,2021-06-30,2021-06-30,2021-06-30,2021-10-21,-5153000000.0,32953000000.0,,7573000000.0,25380000000.0,,19.898,-82000000.0,888000000.0,888000000.0,0.0,827000000.0,1.302,2.245,13107000000.0,858000000.0,12249000000.0,13107000000.0,0.0,272000000.0,0.0,0.013,0.465,1312000000.0,1584000000.0,0.316,1584000000.0,1312000000.0,1202000000.0,1.61,1.6,1.61,10108000000.0,,10108000000.0,83869271350.0,21.0,16.445,1076000000.0,2.118,1.0,5017000000.0,1.0,18492000000.0,110000000.0,20864000000.0,,0.0,0.0,0.0,0.0,22689000000.0,5816000000.0,16873000000.0,71540271350.0,-232000000.0,-282000000.0,-282000000.0,-505000000.0,-241000000.0,-1040000000.0,-370000000.0,-6000000.0,1158000000.0,20000000.0,820000000.0,820000000.0,820000000.0,0.0,7000000.0,0.163,3789000000.0,1228000000.0,2830000000.0,0.289,7.078,28.696,28.769,2799000000.0,0.0,140.68,3.87,3.866,5839000000.0,17597000000.0,5017000000.0,5017000000.0,0.0,,,,,98000000.0,3789000000.0,1.0,508531926.0,508000000,513000000.0,9.876,14461000000.0,669000000.0,382000000.0,353000000.0,28.467,1757000000.0
2,MMC,MRQ,2021-03-31,2021-03-31,2021-03-31,2021-10-21,-5197000000.0,32273000000.0,,7549000000.0,24724000000.0,,18.534,-69000000.0,1120000000.0,1120000000.0,0.0,998000000.0,1.233,2.404,13449000000.0,1357000000.0,12092000000.0,13449000000.0,0.0,276000000.0,0.0,0.015,0.465,1425000000.0,1701000000.0,0.335,1701000000.0,1425000000.0,1307000000.0,1.93,1.91,1.93,9434000000.0,,9434000000.0,73387123130.0,20.0,15.644,-477000000.0,-0.937,1.0,5083000000.0,1.0,18061000000.0,118000000.0,20418000000.0,,0.0,0.0,0.0,0.0,22677000000.0,6123000000.0,16554000000.0,61897123130.0,-969000000.0,0.0,-77000000.0,-4000000.0,-237000000.0,-451000000.0,-67000000.0,4000000.0,-408000000.0,-43000000.0,983000000.0,983000000.0,983000000.0,0.0,15000000.0,0.193,3725000000.0,1358000000.0,2940000000.0,0.241,6.561,27.571,27.619,2654000000.0,0.0,121.8,3.506,3.511,5597000000.0,16780000000.0,5083000000.0,5083000000.0,0.0,,,,,78000000.0,3725000000.0,1.0,508186561.0,509000000,514000000.0,9.986,14212000000.0,704000000.0,324000000.0,368000000.0,27.921,1426000000.0
3,MMC,MRQ,2020-12-31,2020-12-31,2020-12-31,2021-10-21,-5110000000.0,33049000000.0,,8155000000.0,24894000000.0,,17.992,-67000000.0,2089000000.0,2089000000.0,0.0,379000000.0,1.244,2.613,13579000000.0,859000000.0,12720000000.0,13579000000.0,0.0,308000000.0,0.0,0.016,0.465,663000000.0,971000000.0,0.22,971000000.0,663000000.0,535000000.0,0.73,0.73,0.73,9104000000.0,,9104000000.0,71938296573.0,22.0,16.447,1316000000.0,2.601,1.0,4416000000.0,1.0,18216000000.0,128000000.0,19767000000.0,,0.0,0.0,0.0,0.0,23789000000.0,6556000000.0,17233000000.0,59341296573.0,-299000000.0,-104000000.0,34000000.0,-1504000000.0,-241000000.0,-1717000000.0,-168000000.0,5000000.0,1383000000.0,203000000.0,374000000.0,374000000.0,374000000.0,0.0,5000000.0,0.085,3845000000.0,571000000.0,3050000000.0,0.637,6.518,29.435,29.397,2750000000.0,0.0,117.0,3.445,3.437,5326000000.0,16272000000.0,4416000000.0,4416000000.0,0.0,,,,,71000000.0,3845000000.0,1.0,507190569.0,506000000,515000000.0,8.727,14833000000.0,702000000.0,161000000.0,247000000.0,29.314,1599000000.0
4,MMC,MRQ,2020-09-30,2020-09-30,2020-09-30,2021-10-21,-5148000000.0,32681000000.0,,8312000000.0,24369000000.0,,16.945,-78000000.0,2388000000.0,2388000000.0,0.0,320000000.0,1.273,2.785,14985000000.0,1551000000.0,13434000000.0,14985000000.0,0.0,261000000.0,0.0,0.016,0.465,583000000.0,844000000.0,0.213,844000000.0,583000000.0,455000000.0,0.62,0.62,0.62,8591000000.0,,8591000000.0,71822912430.0,22.0,16.684,1343000000.0,2.649,1.0,3968000000.0,1.0,17745000000.0,128000000.0,21003000000.0,,0.0,0.0,0.0,0.0,23929000000.0,6530000000.0,17399000000.0,58098912430.0,677000000.0,3000000.0,32000000.0,-504000000.0,-236000000.0,-784000000.0,-82000000.0,-1000000.0,1421000000.0,122000000.0,316000000.0,316000000.0,316000000.0,0.0,4000000.0,0.08,3428000000.0,540000000.0,2662000000.0,0.75,6.763,28.578,28.603,2748000000.0,0.0,114.7,3.403,3.406,5236000000.0,15902000000.0,3968000000.0,3968000000.0,0.0,,,,,72000000.0,3428000000.0,1.0,506529315.0,507000000,512000000.0,7.826,14936000000.0,623000000.0,139000000.0,318000000.0,29.46,1782000000.0
5,MMC,MRQ,2020-06-30,2020-06-30,2020-06-30,2021-10-21,-5582000000.0,32169000000.0,,8097000000.0,24072000000.0,,16.257,-82000000.0,1711000000.0,1711000000.0,0.0,580000000.0,1.366,2.89,15435000000.0,1548000000.0,13887000000.0,15435000000.0,0.0,264000000.0,0.0,0.017,0.455,911000000.0,1175000000.0,0.28,1175000000.0,911000000.0,779000000.0,1.13,1.12,1.13,8226000000.0,,8226000000.0,68733976952.0,21.0,16.135,1134000000.0,2.241,1.0,4189000000.0,1.0,17558000000.0,132000000.0,22407000000.0,,0.0,0.0,0.0,0.0,23777000000.0,5928000000.0,17849000000.0,54341976952.0,231000000.0,-276000000.0,22000000.0,-460000000.0,-234000000.0,-719000000.0,-319000000.0,46000000.0,1216000000.0,53000000.0,572000000.0,572000000.0,572000000.0,0.0,8000000.0,0.137,3304000000.0,885000000.0,2668000000.0,0.403,6.606,26.902,26.91,2748000000.0,0.0,107.37,3.183,3.182,5647000000.0,16060000000.0,4189000000.0,4189000000.0,0.0,,,,,75000000.0,3304000000.0,1.0,506118813.0,506000000,511000000.0,8.279,14611000000.0,618000000.0,207000000.0,367000000.0,28.875,2169000000.0
6,MMC,MRQ,2020-03-31,2020-03-31,2020-03-31,2021-10-21,-5847000000.0,31391000000.0,,7749000000.0,23642000000.0,,14.446,-118000000.0,1480000000.0,1480000000.0,0.0,767000000.0,1.13,3.282,15872000000.0,2743000000.0,13129000000.0,15872000000.0,0.0,263000000.0,0.0,0.021,0.455,1121000000.0,1384000000.0,0.298,1384000000.0,1121000000.0,994000000.0,1.49,1.48,1.49,7295000000.0,,7295000000.0,56636011915.0,19.0,14.047,-756000000.0,-1.497,1.0,4651000000.0,1.0,17075000000.0,127000000.0,21849000000.0,,0.0,0.0,0.0,0.0,23940000000.0,6859000000.0,17081000000.0,43567011915.0,325000000.0,-193000000.0,44000000.0,1690000000.0,-232000000.0,1340000000.0,-245000000.0,57000000.0,-638000000.0,-132000000.0,754000000.0,754000000.0,754000000.0,0.0,13000000.0,0.162,3581000000.0,1070000000.0,2611000000.0,0.305,5.972,24.476,24.562,2735000000.0,0.0,86.46,2.528,2.534,5558000000.0,15490000000.0,4651000000.0,4651000000.0,0.0,,,,,72000000.0,3581000000.0,1.0,503897894.0,505000000,510000000.0,9.21,14316000000.0,694000000.0,240000000.0,256000000.0,28.349,890000000.0
7,MMC,MRQ,2019-12-31,2019-12-31,2019-12-31,2021-10-21,-5055000000.0,31357000000.0,,7068000000.0,24289000000.0,,15.401,-131000000.0,1155000000.0,1155000000.0,0.0,396000000.0,1.058,3.004,14224000000.0,1557000000.0,12667000000.0,14224000000.0,0.0,246000000.0,0.0,0.016,0.455,656000000.0,902000000.0,0.212,902000000.0,656000000.0,526000000.0,0.77,0.77,0.77,7793000000.0,,7793000000.0,69878088396.0,24.0,17.945,939000000.0,1.856,1.0,4264000000.0,1.0,17445000000.0,130000000.0,20302000000.0,,0.0,0.0,0.0,0.0,23414000000.0,6679000000.0,16735000000.0,56225088396.0,-58000000.0,-1000000.0,-159000000.0,-629000000.0,-235000000.0,-1031000000.0,-167000000.0,-10000000.0,1070000000.0,70000000.0,391000000.0,391000000.0,391000000.0,0.0,5000000.0,0.092,3672000000.0,592000000.0,2746000000.0,0.591,7.215,32.276,32.387,2779000000.0,0.0,111.41,3.376,3.385,5236000000.0,15199000000.0,4264000000.0,4264000000.0,0.0,,,,,68000000.0,3672000000.0,1.0,504668238.0,506000000,511000000.0,8.427,13912000000.0,676000000.0,135000000.0,179000000.0,27.494,389000000.0
8,MMC,MRQ,2019-09-30,2019-09-30,2019-09-30,2021-10-21,-4931000000.0,31097000000.0,,7056000000.0,24041000000.0,,15.059,-121000000.0,1213000000.0,1213000000.0,0.0,306000000.0,1.137,3.058,14866000000.0,1480000000.0,13386000000.0,14866000000.0,0.0,255000000.0,0.0,0.017,0.455,544000000.0,799000000.0,0.201,799000000.0,544000000.0,411000000.0,0.6,0.59,0.6,7620000000.0,,7620000000.0,64812434560.0,25.0,18.923,929000000.0,1.836,1.0,3968000000.0,1.0,17155000000.0,133000000.0,21391000000.0,,0.0,0.0,0.0,0.0,23300000000.0,6204000000.0,17096000000.0,50656434560.0,-81000000.0,60000000.0,-176000000.0,-527000000.0,-233000000.0,-987000000.0,-74000000.0,-9000000.0,1050000000.0,-70000000.0,303000000.0,303000000.0,303000000.0,0.0,3000000.0,0.076,3501000000.0,467000000.0,2479000000.0,0.758,6.648,33.681,33.574,2773000000.0,0.0,100.05,3.146,3.144,5198000000.0,14811000000.0,3968000000.0,3968000000.0,0.0,,,,,67000000.0,3501000000.0,1.0,506311190.0,506000000,511000000.0,7.842,13942000000.0,603000000.0,108000000.0,251000000.0,27.553,852000000.0
9,MMC,MRQ,2019-06-30,2019-06-30,2019-06-30,2021-10-21,-4527000000.0,32116000000.0,,7526000000.0,24590000000.0,,15.907,-87000000.0,1294000000.0,1294000000.0,0.0,344000000.0,1.179,2.948,15450000000.0,2010000000.0,13440000000.0,15450000000.0,0.0,268000000.0,0.0,0.017,0.415,679000000.0,947000000.0,0.218,947000000.0,679000000.0,538000000.0,0.66,0.65,0.66,8065000000.0,,8065000000.0,64395071198.0,26.0,20.117,430000000.0,0.848,1.0,4349000000.0,1.0,17562000000.0,141000000.0,22328000000.0,,0.0,0.0,0.0,0.0,23779000000.0,6382000000.0,17397000000.0,50597071198.0,-6182000000.0,-5195000000.0,-69000000.0,-941000000.0,-212000000.0,-1502000000.0,-5243000000.0,84000000.0,517000000.0,46000000.0,332000000.0,332000000.0,332000000.0,0.0,12000000.0,0.076,3669000000.0,680000000.0,2600000000.0,0.629,6.274,34.257,34.044,2815000000.0,0.0,99.75,3.236,3.234,5553000000.0,14741000000.0,4349000000.0,4349000000.0,0.0,,,,,60000000.0,3669000000.0,1.0,507238809.0,507000000,512000000.0,8.578,14554000000.0,628000000.0,206000000.0,165000000.0,28.706,1144000000.0
10,MMC,MRQ,2019-03-31,2019-03-31,2019-03-31,2021-10-21,-4590000000.0,30137000000.0,,12675000000.0,17462000000.0,,15.661,-72000000.0,1117000000.0,1117000000.0,0.0,727000000.0,2.209,2.801,14915000000.0,1853000000.0,13062000000.0,14915000000.0,0.0,193000000.0,0.0,0.017,0.415,1053000000.0,1246000000.0,0.306,1246000000.0,1053000000.0,933000000.0,1.42,1.4,1.42,7909000000.0,,7909000000.0,52187733222.0,20.0,16.526,-348000000.0,-0.689,1.0,4071000000.0,1.0,11203000000.0,120000000.0,26993000000.0,,0.0,0.0,0.0,0.0,22151000000.0,5739000000.0,16412000000.0,47429733222.0,6410000000.0,-140000000.0,77000000.0,7207000000.0,-210000000.0,6826000000.0,-187000000.0,27000000.0,-276000000.0,47000000.0,716000000.0,716000000.0,716000000.0,0.0,11000000.0,0.176,3133000000.0,938000000.0,2244000000.0,0.292,5.997,28.299,28.283,2341000000.0,0.0,93.9,3.158,3.157,4630000000.0,14642000000.0,4071000000.0,4071000000.0,0.0,,,,,57000000.0,3133000000.0,1.0,505108980.0,505000000,511000000.0,8.061,18934000000.0,680000000.0,217000000.0,256000000.0,37.493,6936000000.0
11,MMC,MRQ,2018-12-31,2018-12-31,2018-12-31,2021-10-21,-4647000000.0,21578000000.0,,5934000000.0,15644000000.0,,14.844,-92000000.0,1066000000.0,1066000000.0,0.0,159000000.0,1.205,1.863,5824000000.0,314000000.0,5510000000.0,5824000000.0,0.0,123000000.0,0.0,0.02,0.415,310000000.0,433000000.0,0.117,433000000.0,310000000.0,218000000.0,0.3,0.3,0.3,7511000000.0,,7511000000.0,45369720656.0,18.0,15.083,1017000000.0,2.01,1.0,3712000000.0,1.0,11036000000.0,92000000.0,10376000000.0,,0.0,0.0,0.0,0.0,13994000000.0,4924000000.0,9070000000.0,40170720656.0,115000000.0,-243000000.0,21000000.0,-340000000.0,-213000000.0,-563000000.0,-337000000.0,5000000.0,1109000000.0,-94000000.0,153000000.0,153000000.0,153000000.0,0.0,6000000.0,0.041,3091000000.0,621000000.0,2234000000.0,1.383,5.348,24.346,24.463,701000000.0,0.0,79.75,2.687,2.699,4317000000.0,14347000000.0,3712000000.0,3712000000.0,0.0,,,,,47000000.0,3091000000.0,1.0,503708096.0,506000000,508000000.0,7.336,10542000000.0,680000000.0,65000000.0,157000000.0,20.834,1010000000.0
12,MMC,MRQ,2018-09-30,2018-09-30,2018-09-30,2021-10-21,-4488000000.0,21129000000.0,,5966000000.0,15163000000.0,,14.788,-85000000.0,951000000.0,951000000.0,0.0,279000000.0,1.262,1.824,6150000000.0,638000000.0,5512000000.0,6150000000.0,0.0,124000000.0,0.0,0.019,0.415,451000000.0,575000000.0,0.164,575000000.0,451000000.0,382000000.0,0.55,0.54,0.55,7453000000.0,,7453000000.0,46987908045.0,16.0,13.812,821000000.0,1.629,1.0,3504000000.0,1.0,10764000000.0,69000000.0,10837000000.0,,0.0,0.0,0.0,0.0,13591000000.0,4727000000.0,8864000000.0,41771908045.0,-85000000.0,-391000000.0,-151000000.0,-128000000.0,-211000000.0,-515000000.0,-473000000.0,2000000.0,906000000.0,-3000000.0,276000000.0,276000000.0,276000000.0,0.0,3000000.0,0.079,2963000000.0,541000000.0,2293000000.0,0.755,5.605,27.373,27.391,707000000.0,0.0,82.72,2.799,2.794,4476000000.0,14196000000.0,3504000000.0,3504000000.0,0.0,,,,,47000000.0,2963000000.0,1.0,504979546.0,504000000,510000000.0,6.952,10365000000.0,497000000.0,106000000.0,179000000.0,20.565,1239000000.0
13,MMC,MRQ,2018-06-30,2018-06-30,2018-06-30,2021-10-21,-4265000000.0,21159000000.0,,6175000000.0,14984000000.0,,15.219,-77000000.0,1036000000.0,1036000000.0,0.0,536000000.0,1.465,1.732,6252000000.0,439000000.0,5813000000.0,6252000000.0,0.0,122000000.0,0.0,0.018,0.375,782000000.0,904000000.0,0.242,904000000.0,782000000.0,714000000.0,1.05,1.04,1.05,7716000000.0,,7716000000.0,46749223938.0,15.0,13.206,700000000.0,1.381,1.0,3734000000.0,1.0,10411000000.0,68000000.0,11748000000.0,,0.0,0.0,0.0,0.0,13362000000.0,4216000000.0,9146000000.0,41590223938.0,-132000000.0,-119000000.0,-234000000.0,-77000000.0,-194000000.0,-526000000.0,-209000000.0,-12000000.0,777000000.0,-174000000.0,531000000.0,531000000.0,531000000.0,0.0,5000000.0,0.142,3043000000.0,691000000.0,2246000000.0,0.357,5.39,25.314,25.299,698000000.0,0.0,81.97,2.818,2.816,4601000000.0,14131000000.0,3734000000.0,3734000000.0,0.0,,,,,49000000.0,3043000000.0,1.0,507383481.0,507000000,512000000.0,7.365,10748000000.0,532000000.0,183000000.0,216000000.0,21.199,1959000000.0
14,MMC,MRQ,2018-03-31,2018-03-31,2018-03-31,2021-10-21,-3905000000.0,21379000000.0,,6270000000.0,15109000000.0,,15.63,-57000000.0,1168000000.0,1168000000.0,0.0,696000000.0,1.521,1.682,6327000000.0,512000000.0,5815000000.0,6327000000.0,0.0,125000000.0,0.0,0.018,0.375,971000000.0,1096000000.0,0.274,1096000000.0,971000000.0,910000000.0,1.36,1.34,1.36,7940000000.0,,7940000000.0,46206448122.0,15.0,13.138,-421000000.0,-0.829,1.0,4000000000.0,1.0,10450000000.0,61000000.0,11966000000.0,,0.0,0.0,0.0,0.0,13358000000.0,4122000000.0,9236000000.0,41924448122.0,-37000000.0,-21000000.0,-218000000.0,838000000.0,-189000000.0,294000000.0,-70000000.0,9000000.0,-364000000.0,103000000.0,690000000.0,690000000.0,690000000.0,0.0,6000000.0,0.172,3092000000.0,908000000.0,2343000000.0,0.276,5.28,25.992,26.054,713000000.0,0.0,82.59,2.887,2.889,4562000000.0,13812000000.0,4000000000.0,4000000000.0,0.0,,,,,50000000.0,3092000000.0,1.0,507621360.0,508000000,514000000.0,7.874,10929000000.0,554000000.0,220000000.0,261000000.0,21.514,2148000000.0
15,MMC,MRQ,2017-12-31,2017-12-31,2017-12-31,2021-10-21,-4043000000.0,20429000000.0,,5562000000.0,14867000000.0,,14.429,-81000000.0,1205000000.0,1205000000.0,0.0,30000000.0,1.305,1.765,5487000000.0,262000000.0,5225000000.0,5487000000.0,0.0,125000000.0,0.0,0.018,0.375,702000000.0,827000000.0,0.224,827000000.0,702000000.0,643000000.0,0.06,0.06,0.06,7359000000.0,,7359000000.0,45947942068.0,16.0,13.745,675000000.0,1.324,1.0,3685000000.0,1.0,10363000000.0,59000000.0,10086000000.0,,0.0,0.0,0.0,0.0,12987000000.0,4262000000.0,8725000000.0,41537942068.0,127000000.0,-26000000.0,-268000000.0,-2000000.0,-195000000.0,-482000000.0,-97000000.0,8000000.0,756000000.0,-50000000.0,29000000.0,29000000.0,29000000.0,-2000000.0,1000000.0,0.008,3015000000.0,670000000.0,2083000000.0,6.25,5.645,27.84,27.969,712000000.0,0.0,81.39,2.962,2.977,4133000000.0,13140000000.0,3685000000.0,3685000000.0,0.0,,,,,38000000.0,3015000000.0,1.0,510356826.0,510000000,516000000.0,7.225,10066000000.0,669000000.0,614000000.0,199000000.0,19.737,1300000000.0
16,MMC,MRQ,2017-09-30,2017-09-30,2017-09-30,2021-10-21,-4560000000.0,19690000000.0,,5215000000.0,14475000000.0,,13.762,-73000000.0,1078000000.0,1078000000.0,0.0,397000000.0,1.367,1.782,5488000000.0,13000000.0,5475000000.0,5488000000.0,0.0,120000000.0,0.0,0.017,0.375,593000000.0,713000000.0,0.213,713000000.0,593000000.0,533000000.0,0.77,0.76,0.77,7046000000.0,,7046000000.0,47629709941.0,17.0,14.633,721000000.0,1.408,1.0,3341000000.0,1.0,10420000000.0,60000000.0,9866000000.0,,0.0,0.0,0.0,0.0,12559000000.0,3814000000.0,8745000000.0,42954709941.0,112000000.0,-217000000.0,-160000000.0,-157000000.0,-194000000.0,-543000000.0,-321000000.0,-33000000.0,794000000.0,182000000.0,393000000.0,393000000.0,393000000.0,0.0,4000000.0,0.118,2806000000.0,535000000.0,2002000000.0,0.487,6.096,22.62,22.651,728000000.0,0.0,83.81,3.135,3.131,3909000000.0,13113000000.0,3341000000.0,3341000000.0,0.0,,,,,36000000.0,2806000000.0,1.0,512524877.0,512000000,519000000.0,6.525,9270000000.0,947000000.0,140000000.0,229000000.0,18.105,1401000000.0
17,MMC,MRQ,2017-06-30,2017-06-30,2017-06-30,2021-10-21,-4541000000.0,19442000000.0,,5182000000.0,14260000000.0,,13.605,-79000000.0,966000000.0,966000000.0,0.0,507000000.0,1.42,1.769,5641000000.0,162000000.0,5479000000.0,5641000000.0,0.0,116000000.0,0.0,0.017,0.34,765000000.0,881000000.0,0.252,881000000.0,765000000.0,705000000.0,0.98,0.96,0.98,6993000000.0,,6993000000.0,45044912119.0,16.0,13.998,663000000.0,1.29,1.0,3495000000.0,1.0,10054000000.0,60000000.0,10414000000.0,,0.0,0.0,0.0,0.0,12368000000.0,3649000000.0,8719000000.0,40083912119.0,36000000.0,-1000000.0,-179000000.0,-251000000.0,-176000000.0,-681000000.0,-77000000.0,1000000.0,742000000.0,52000000.0,501000000.0,501000000.0,501000000.0,0.0,6000000.0,0.143,2794000000.0,701000000.0,2027000000.0,0.347,5.732,21.265,21.301,721000000.0,0.0,77.96,2.97,2.969,3984000000.0,12915000000.0,3495000000.0,3495000000.0,0.0,,,,,33000000.0,2794000000.0,1.0,514159981.0,514000000,520000000.0,6.8,9388000000.0,975000000.0,204000000.0,193000000.0,18.265,1533000000.0
18,MMC,MRQ,2017-03-31,2017-03-31,2017-03-31,2021-10-21,-4837000000.0,18969000000.0,,4981000000.0,13988000000.0,,12.683,-61000000.0,930000000.0,930000000.0,0.0,578000000.0,1.388,1.891,5891000000.0,412000000.0,5479000000.0,5891000000.0,0.0,120000000.0,0.0,0.018,0.34,802000000.0,922000000.0,0.263,922000000.0,802000000.0,744000000.0,1.1,1.09,1.1,6532000000.0,,6532000000.0,41834614970.0,15.0,13.205,-460000000.0,-0.893,1.0,3503000000.0,1.0,10060000000.0,58000000.0,10282000000.0,,0.0,0.0,0.0,0.0,12350000000.0,3588000000.0,8762000000.0,38053614970.0,-96000000.0,-411000000.0,-127000000.0,1082000000.0,-175000000.0,697000000.0,-461000000.0,11000000.0,-399000000.0,67000000.0,569000000.0,569000000.0,569000000.0,0.0,9000000.0,0.162,2754000000.0,749000000.0,2033000000.0,0.309,5.826,20.503,20.582,722000000.0,0.0,73.89,2.844,2.844,3795000000.0,12606000000.0,3503000000.0,3503000000.0,0.0,,,,,42000000.0,2754000000.0,1.0,515003586.0,515000000,522000000.0,6.802,8909000000.0,1009000000.0,175000000.0,202000000.0,17.299,1393000000.0
19,MMC,MRQ,2016-12-31,2016-12-31,2016-12-31,2021-10-21,-5093000000.0,18190000000.0,,4884000000.0,13306000000.0,,12.0,-80000000.0,1026000000.0,1026000000.0,0.0,441000000.0,1.196,1.925,4807000000.0,312000000.0,4495000000.0,4807000000.0,0.0,108000000.0,0.0,0.019,0.34,631000000.0,739000000.0,0.22,739000000.0,631000000.0,583000000.0,0.85,0.84,0.85,6192000000.0,,6192000000.0,38216989335.0,14.0,12.408,815000000.0,1.579,1.0,3364000000.0,1.0,9495000000.0,48000000.0,8394000000.0,,0.0,0.0,0.0,0.0,11918000000.0,4082000000.0,7836000000.0,34848989335.0,-362000000.0,-725000000.0,-141000000.0,47000000.0,-178000000.0,-284000000.0,-798000000.0,6000000.0,895000000.0,-175000000.0,436000000.0,436000000.0,436000000.0,0.0,5000000.0,0.13,2964000000.0,400000000.0,1969000000.0,0.4,5.628,19.711,19.821,725000000.0,0.0,67.59,2.638,2.655,3643000000.0,12388000000.0,3364000000.0,3364000000.0,0.0,,,,,25000000.0,2964000000.0,1.0,515593865.0,516000000,521000000.0,6.519,8695000000.0,1097000000.0,147000000.0,146000000.0,16.851,802000000.0
20,MMC,MRQ,2016-09-30,2016-09-30,2016-09-30,2021-10-21,-4289000000.0,18358000000.0,,5209000000.0,13149000000.0,,12.878,-56000000.0,1388000000.0,1388000000.0,0.0,384000000.0,1.362,1.739,4756000000.0,262000000.0,4494000000.0,4756000000.0,0.0,109000000.0,0.0,0.019,0.34,567000000.0,676000000.0,0.216,676000000.0,567000000.0,520000000.0,0.73,0.73,0.73,6671000000.0,,6671000000.0,38634467302.0,15.0,12.692,827000000.0,1.597,1.0,3135000000.0,1.0,8882000000.0,47000000.0,9019000000.0,,0.0,0.0,0.0,0.0,11604000000.0,3825000000.0,7779000000.0,34851467302.0,414000000.0,-11000000.0,-192000000.0,-3000000.0,-178000000.0,-407000000.0,-68000000.0,0.0,883000000.0,6000000.0,379000000.0,379000000.0,379000000.0,0.0,5000000.0,0.121,2563000000.0,572000000.0,1862000000.0,0.466,5.224,20.417,20.503,717000000.0,0.0,67.25,2.643,2.642,3603000000.0,11953000000.0,3135000000.0,3135000000.0,0.0,,,,,26000000.0,2563000000.0,1.0,518237432.0,518000000,523000000.0,6.052,9476000000.0,1085000000.0,141000000.0,213000000.0,18.293,1384000000.0
21,MMC,MRQ,2016-06-30,2016-06-30,2016-06-30,2021-10-21,-4301000000.0,18076000000.0,,4930000000.0,13146000000.0,,12.714,-63000000.0,974000000.0,974000000.0,0.0,480000000.0,1.407,1.717,4757000000.0,261000000.0,4496000000.0,4757000000.0,0.0,110000000.0,0.0,0.018,0.31,721000000.0,831000000.0,0.246,831000000.0,721000000.0,673000000.0,0.91,0.9,0.91,6624000000.0,,6624000000.0,39778618300.0,16.0,13.402,747000000.0,1.434,1.0,3376000000.0,1.0,8900000000.0,48000000.0,9455000000.0,,0.0,0.0,0.0,0.0,11371000000.0,3504000000.0,7867000000.0,35683618300.0,56000000.0,-2000000.0,-171000000.0,-255000000.0,-165000000.0,-621000000.0,-64000000.0,-2000000.0,810000000.0,-69000000.0,472000000.0,472000000.0,472000000.0,0.0,8000000.0,0.14,2650000000.0,726000000.0,1868000000.0,0.341,5.387,21.613,21.665,736000000.0,0.0,68.46,2.71,2.709,3721000000.0,11751000000.0,3376000000.0,3376000000.0,0.0,,,,,27000000.0,2650000000.0,1.0,521233104.0,521000000,525000000.0,6.48,9176000000.0,1093000000.0,201000000.0,182000000.0,17.612,1426000000.0
22,MMC,MRQ,2016-03-31,2016-03-31,2016-03-31,2021-10-21,-4097000000.0,18128000000.0,,4798000000.0,13330000000.0,,12.82,-50000000.0,918000000.0,918000000.0,0.0,490000000.0,1.519,1.7,5013000000.0,265000000.0,4748000000.0,5013000000.0,0.0,111000000.0,0.0,0.02,0.31,723000000.0,834000000.0,0.25,834000000.0,723000000.0,677000000.0,0.92,0.91,0.92,6679000000.0,,6679000000.0,34725394497.0,14.0,12.121,-631000000.0,-1.211,1.0,3336000000.0,1.0,8985000000.0,46000000.0,10079000000.0,,0.0,0.0,0.0,0.0,11357000000.0,3159000000.0,8198000000.0,31685394497.0,-456000000.0,-75000000.0,-108000000.0,596000000.0,-161000000.0,245000000.0,-126000000.0,-2000000.0,-581000000.0,6000000.0,481000000.0,481000000.0,481000000.0,0.0,9000000.0,0.144,2603000000.0,733000000.0,1879000000.0,0.337,4.744,19.828,20.063,757000000.0,0.0,60.79,2.435,2.434,3647000000.0,11460000000.0,3336000000.0,3336000000.0,0.0,,,,,31000000.0,2603000000.0,1.0,521227085.0,521000000,526000000.0,6.403,9143000000.0,1117000000.0,196000000.0,128000000.0,17.549,1639000000.0
23,MMC,MRQ,2015-12-31,2015-12-31,2015-12-31,2021-10-21,-4220000000.0,18216000000.0,,5044000000.0,13172000000.0,,12.477,-76000000.0,1374000000.0,1374000000.0,0.0,381000000.0,1.36,1.783,4414000000.0,12000000.0,4402000000.0,4414000000.0,0.0,111000000.0,0.0,0.021,0.31,592000000.0,703000000.0,0.211,703000000.0,592000000.0,546000000.0,0.72,0.71,0.72,6513000000.0,,6513000000.0,32079392524.0,13.0,11.232,823000000.0,1.577,1.0,3338000000.0,1.0,8925000000.0,46000000.0,8623000000.0,,0.0,0.0,0.0,0.0,11614000000.0,3708000000.0,7906000000.0,28925392524.0,44000000.0,-450000000.0,-30000000.0,-52000000.0,-164000000.0,-267000000.0,-522000000.0,-2000000.0,899000000.0,-66000000.0,375000000.0,375000000.0,375000000.0,-1000000.0,6000000.0,0.112,2744000000.0,594000000.0,1886000000.0,0.431,4.441,18.09,18.422,773000000.0,0.0,55.45,2.243,2.284,3471000000.0,11302000000.0,3338000000.0,3338000000.0,0.0,,,,,21000000.0,2744000000.0,1.0,521648197.0,522000000,524000000.0,6.395,9291000000.0,1138000000.0,171000000.0,154000000.0,17.799,1336000000.0
24,MMC,MRQ,2015-09-30,2015-09-30,2015-09-30,2021-10-21,-4122000000.0,17724000000.0,,5526000000.0,12198000000.0,,11.833,-72000000.0,1330000000.0,1330000000.0,0.0,331000000.0,1.623,1.822,4484000000.0,62000000.0,4422000000.0,4484000000.0,0.0,108000000.0,0.0,0.022,0.31,492000000.0,600000000.0,0.193,600000000.0,492000000.0,451000000.0,0.61,0.61,0.61,6248000000.0,,6248000000.0,30682211483.0,14.0,11.444,805000000.0,1.525,1.0,3115000000.0,1.0,8342000000.0,41000000.0,9132000000.0,,0.0,0.0,0.0,0.0,11381000000.0,3404000000.0,7977000000.0,27676211483.0,400000000.0,-171000000.0,-518000000.0,543000000.0,-166000000.0,-145000000.0,-215000000.0,27000000.0,877000000.0,-117000000.0,323000000.0,323000000.0,323000000.0,-2000000.0,8000000.0,0.104,2654000000.0,461000000.0,1759000000.0,0.508,4.43,18.232,18.452,786000000.0,0.0,52.22,2.162,2.154,3517000000.0,10928000000.0,3115000000.0,3115000000.0,0.0,,,,,21000000.0,2654000000.0,1.0,529992560.0,528000000,533000000.0,5.9,9382000000.0,1133000000.0,128000000.0,107000000.0,17.769,2122000000.0
25,MMC,MRQ,2015-06-30,2015-06-30,2015-06-30,2021-10-21,-3923000000.0,17413000000.0,,5299000000.0,12114000000.0,,12.679,-85000000.0,930000000.0,930000000.0,0.0,429000000.0,1.652,1.554,3936000000.0,111000000.0,3825000000.0,3936000000.0,0.0,103000000.0,0.0,0.02,0.28,625000000.0,728000000.0,0.226,728000000.0,625000000.0,585000000.0,0.78,0.77,0.78,6783000000.0,,6783000000.0,33226194828.0,15.0,12.548,550000000.0,1.028,1.0,3225000000.0,1.0,8155000000.0,40000000.0,9056000000.0,,0.0,0.0,0.0,0.0,10541000000.0,3208000000.0,7333000000.0,30441194828.0,-174000000.0,-244000000.0,-432000000.0,48000000.0,-151000000.0,-558000000.0,-334000000.0,-3000000.0,635000000.0,83000000.0,419000000.0,419000000.0,419000000.0,0.0,10000000.0,0.13,2596000000.0,629000000.0,1748000000.0,0.359,4.488,20.403,20.469,807000000.0,0.0,56.7,2.373,2.365,3659000000.0,10768000000.0,3225000000.0,3225000000.0,0.0,,,,,22000000.0,2596000000.0,1.0,536881743.0,535000000,541000000.0,6.028,9258000000.0,1260000000.0,166000000.0,209000000.0,17.305,2091000000.0
26,MMC,MRQ,2015-03-31,2015-03-31,2015-03-31,2021-10-21,-4090000000.0,16834000000.0,,5177000000.0,11657000000.0,,12.564,-90000000.0,1104000000.0,1104000000.0,0.0,495000000.0,1.88,1.472,3889000000.0,61000000.0,3828000000.0,3889000000.0,0.0,101000000.0,0.0,0.019,0.28,724000000.0,825000000.0,0.257,825000000.0,724000000.0,688000000.0,0.89,0.88,0.89,6772000000.0,,6772000000.0,31649142940.0,14.0,11.921,-613000000.0,-1.137,1.0,3215000000.0,1.0,7832000000.0,36000000.0,9034000000.0,,0.0,0.0,0.0,0.0,9971000000.0,2753000000.0,7218000000.0,30220142940.0,-854000000.0,-16000000.0,-196000000.0,491000000.0,-151000000.0,64000000.0,-194000000.0,-87000000.0,-523000000.0,-201000000.0,482000000.0,482000000.0,482000000.0,3000000.0,13000000.0,0.15,2480000000.0,735000000.0,1699000000.0,0.315,4.463,20.093,20.249,794000000.0,0.0,56.09,2.342,2.343,3380000000.0,10515000000.0,3215000000.0,3215000000.0,0.0,,,,,24000000.0,2480000000.0,1.0,538779514.0,539000000,545000000.0,5.965,9002000000.0,1278000000.0,206000000.0,136000000.0,16.701,2424000000.0
27,MMC,MRQ,2014-12-31,2014-12-31,2014-12-31,2021-10-21,-3847000000.0,17793000000.0,,5533000000.0,12260000000.0,,13.087,-82000000.0,1958000000.0,1958000000.0,0.0,299000000.0,1.505,1.511,3379000000.0,11000000.0,3368000000.0,3379000000.0,0.0,99000000.0,0.0,0.019,0.28,429000000.0,528000000.0,0.163,528000000.0,429000000.0,393000000.0,0.55,0.54,0.55,7054000000.0,,7054000000.0,32331072383.0,15.0,12.416,896000000.0,1.662,1.0,3246000000.0,1.0,7933000000.0,36000000.0,7604000000.0,,0.0,0.0,0.0,0.0,10660000000.0,3677000000.0,6983000000.0,30961072383.0,-691000000.0,-138000000.0,-127000000.0,-776000000.0,-153000000.0,-1098000000.0,-406000000.0,-181000000.0,978000000.0,-165000000.0,294000000.0,294000000.0,294000000.0,-30000000.0,5000000.0,0.091,2710000000.0,536000000.0,1883000000.0,0.509,4.389,21.134,21.279,809000000.0,0.0,57.24,2.391,2.409,3377000000.0,10335000000.0,3246000000.0,3246000000.0,0.0,,,,,19000000.0,2710000000.0,1.0,540899238.0,539000000,550000000.0,6.022,9860000000.0,1358000000.0,99000000.0,150000000.0,18.293,1856000000.0
28,MMC,MRQ,2014-09-30,2014-09-30,2014-09-30,2021-10-21,-2895000000.0,17987000000.0,,6852000000.0,11135000000.0,,14.399,-82000000.0,2649000000.0,2649000000.0,0.0,304000000.0,1.659,1.286,4019000000.0,640000000.0,3379000000.0,4019000000.0,0.0,98000000.0,0.0,0.02,0.28,469000000.0,567000000.0,0.181,567000000.0,469000000.0,424000000.0,0.55,0.54,0.55,7833000000.0,,7833000000.0,30029549215.0,13.0,11.353,801000000.0,1.472,1.0,3141000000.0,1.0,7814000000.0,45000000.0,7413000000.0,,0.0,0.0,0.0,0.0,10072000000.0,4130000000.0,5942000000.0,28489549215.0,644000000.0,-33000000.0,-196000000.0,476000000.0,-154000000.0,121000000.0,-235000000.0,-119000000.0,883000000.0,-125000000.0,297000000.0,297000000.0,297000000.0,1000000.0,7000000.0,0.095,2696000000.0,445000000.0,1800000000.0,0.509,3.637,19.328,19.457,822000000.0,0.0,52.34,2.222,2.221,3496000000.0,10042000000.0,3141000000.0,3141000000.0,0.0,,,,,23000000.0,2696000000.0,1.0,544316951.0,544000000,551000000.0,5.774,10173000000.0,994000000.0,127000000.0,199000000.0,18.7,2722000000.0
29,MMC,MRQ,2014-06-30,2014-06-30,2014-06-30,2021-10-21,-2607000000.0,17588000000.0,,6414000000.0,11174000000.0,,14.847,-103000000.0,2005000000.0,2005000000.0,0.0,438000000.0,1.817,1.148,3545000000.0,333000000.0,3212000000.0,3545000000.0,0.0,94000000.0,0.0,0.019,0.25,641000000.0,735000000.0,0.223,735000000.0,641000000.0,599000000.0,0.78,0.77,0.78,8151000000.0,,8151000000.0,30151337086.0,14.0,11.673,535000000.0,0.974,1.0,3300000000.0,1.0,7871000000.0,42000000.0,7727000000.0,,0.0,0.0,0.0,0.0,9360000000.0,3530000000.0,5830000000.0,28480337086.0,625000000.0,-64000000.0,-206000000.0,493000000.0,-138000000.0,127000000.0,-165000000.0,2000000.0,638000000.0,25000000.0,431000000.0,431000000.0,431000000.0,2000000.0,7000000.0,0.131,2653000000.0,647000000.0,1849000000.0,0.321,3.494,19.916,19.931,843000000.0,0.0,51.82,2.258,2.256,3706000000.0,9897000000.0,3300000000.0,3300000000.0,0.0,,,,,18000000.0,2653000000.0,1.0,549601256.0,549000000,556000000.0,6.011,9717000000.0,1026000000.0,168000000.0,209000000.0,17.699,2884000000.0
30,MMC,MRQ,2014-03-31,2014-03-31,2014-03-31,2021-10-21,-2708000000.0,16577000000.0,,5563000000.0,11014000000.0,,14.527,-98000000.0,1380000000.0,1380000000.0,0.0,456000000.0,1.664,1.072,3051000000.0,432000000.0,2619000000.0,3051000000.0,0.0,97000000.0,0.0,0.02,0.25,677000000.0,774000000.0,0.237,774000000.0,677000000.0,635000000.0,0.81,0.8,0.81,7961000000.0,,7961000000.0,27686849194.0,13.0,10.943,-478000000.0,-0.872,1.0,3264000000.0,1.0,7799000000.0,42000000.0,7106000000.0,,0.0,0.0,0.0,0.0,8534000000.0,3343000000.0,5191000000.0,27034849194.0,-923000000.0,-319000000.0,-8000000.0,97000000.0,-137000000.0,-118000000.0,-416000000.0,0.0,-380000000.0,-9000000.0,443000000.0,443000000.0,443000000.0,1000000.0,13000000.0,0.136,2591000000.0,673000000.0,1895000000.0,0.309,3.396,19.492,19.486,825000000.0,0.0,49.3,2.18,2.179,3462000000.0,9620000000.0,3264000000.0,3264000000.0,0.0,,,,,33000000.0,2591000000.0,1.0,548374223.0,548000000,556000000.0,5.956,8778000000.0,1048000000.0,192000000.0,176000000.0,16.018,2220000000.0
31,MMC,MRQ,2013-12-31,2013-12-31,2013-12-31,2021-10-21,-2621000000.0,16980000000.0,,6300000000.0,10680000000.0,,14.399,-110000000.0,2303000000.0,2303000000.0,0.0,307000000.0,1.654,1.139,2955000000.0,334000000.0,2621000000.0,2955000000.0,0.0,92000000.0,0.0,0.02,0.25,477000000.0,569000000.0,0.183,569000000.0,477000000.0,434000000.0,0.55,0.54,0.55,7905000000.0,,7905000000.0,27570790869.0,13.0,11.135,656000000.0,1.195,1.0,3115000000.0,1.0,7365000000.0,43000000.0,6458000000.0,,0.0,0.0,0.0,0.0,9005000000.0,3809000000.0,5196000000.0,26538790869.0,129000000.0,-32000000.0,-52000000.0,-276000000.0,-139000000.0,-484000000.0,-147000000.0,3000000.0,766000000.0,-6000000.0,303000000.0,303000000.0,303000000.0,0.0,4000000.0,0.097,2626000000.0,489000000.0,1861000000.0,0.455,3.357,19.557,19.579,828000000.0,0.0,48.36,2.164,2.165,3310000000.0,9452000000.0,3115000000.0,3115000000.0,0.0,,,,,29000000.0,2626000000.0,1.0,548775659.0,549000000,558000000.0,5.674,9615000000.0,1108000000.0,131000000.0,148000000.0,17.514,2491000000.0
32,MMC,MRQ,2013-09-30,2013-09-30,2013-09-30,2021-10-21,-3213000000.0,16976000000.0,,6161000000.0,10815000000.0,,12.827,-96000000.0,2174000000.0,2174000000.0,0.0,259000000.0,1.583,1.4,3206000000.0,583000000.0,2623000000.0,3206000000.0,0.0,89000000.0,0.0,0.022,0.25,416000000.0,505000000.0,0.172,505000000.0,416000000.0,376000000.0,0.46,0.45,0.46,7042000000.0,,7042000000.0,25418601337.0,12.0,10.538,642000000.0,1.169,1.0,2932000000.0,1.0,7353000000.0,40000000.0,6762000000.0,,0.0,0.0,0.0,0.0,9856000000.0,3893000000.0,5963000000.0,23935601337.0,944000000.0,-17000000.0,-102000000.0,494000000.0,-139000000.0,242000000.0,-105000000.0,8000000.0,738000000.0,69000000.0,253000000.0,253000000.0,253000000.0,1000000.0,6000000.0,0.086,2528000000.0,404000000.0,1830000000.0,0.543,3.399,18.23,18.146,824000000.0,0.0,43.55,1.97,1.968,3294000000.0,9151000000.0,2932000000.0,2932000000.0,0.0,,,,,34000000.0,2528000000.0,1.0,549611971.0,549000000,558000000.0,5.341,9623000000.0,1479000000.0,123000000.0,148000000.0,17.528,2268000000.0
33,MMC,MRQ,2013-06-30,2013-06-30,2013-06-30,2021-10-21,-3435000000.0,15838000000.0,,5214000000.0,10624000000.0,,12.303,-103000000.0,1230000000.0,1230000000.0,0.0,395000000.0,1.759,1.326,2713000000.0,10000000.0,2703000000.0,2713000000.0,0.0,90000000.0,0.0,0.023,0.23,592000000.0,682000000.0,0.221,682000000.0,592000000.0,552000000.0,0.71,0.69,0.71,6779000000.0,,6779000000.0,23459351451.0,12.0,9.903,327000000.0,0.593,1.0,3088000000.0,1.0,7281000000.0,40000000.0,7076000000.0,,0.0,0.0,0.0,0.0,8992000000.0,2964000000.0,6028000000.0,22007351451.0,-33000000.0,-90000000.0,-79000000.0,-3000000.0,-128000000.0,-228000000.0,-202000000.0,-10000000.0,430000000.0,-33000000.0,388000000.0,388000000.0,388000000.0,5000000.0,7000000.0,0.126,2511000000.0,577000000.0,1786000000.0,0.324,3.246,16.916,16.773,804000000.0,0.0,39.92,1.825,1.824,3345000000.0,9036000000.0,3088000000.0,3088000000.0,0.0,,,,,24000000.0,2511000000.0,1.0,551286359.0,551000000,559000000.0,5.604,8557000000.0,1539000000.0,164000000.0,171000000.0,15.53,2250000000.0
34,MMC,MRQ,2013-03-31,2013-03-31,2013-03-31,2021-10-21,-3379000000.0,15537000000.0,,5097000000.0,10440000000.0,,12.117,-87000000.0,1263000000.0,1263000000.0,0.0,424000000.0,1.795,1.329,2715000000.0,10000000.0,2705000000.0,2715000000.0,0.0,87000000.0,0.0,0.024,0.23,633000000.0,720000000.0,0.23,720000000.0,633000000.0,589000000.0,0.75,0.74,0.75,6640000000.0,,6640000000.0,21438719583.0,11.0,9.366,-680000000.0,-1.241,1.0,3126000000.0,1.0,7199000000.0,44000000.0,6950000000.0,,0.0,0.0,0.0,0.0,8824000000.0,2840000000.0,5984000000.0,20821719583.0,-1038000000.0,2000000.0,35000000.0,-202000000.0,-127000000.0,-364000000.0,8000000.0,92000000.0,-593000000.0,-89000000.0,413000000.0,413000000.0,413000000.0,-12000000.0,11000000.0,0.132,2519000000.0,607000000.0,1808000000.0,0.307,3.136,16.765,16.727,793000000.0,0.0,37.97,1.735,1.734,3176000000.0,8786000000.0,3126000000.0,3126000000.0,0.0,,,,,42000000.0,2519000000.0,1.0,548372915.0,548000000,557000000.0,5.704,8338000000.0,1565000000.0,176000000.0,148000000.0,15.215,2257000000.0
35,MMC,MRQ,2012-12-31,2012-12-31,2012-12-31,2021-10-21,-3307000000.0,16288000000.0,,5963000000.0,10325000000.0,,12.026,-69000000.0,2301000000.0,2301000000.0,0.0,263000000.0,1.673,1.48,2918000000.0,260000000.0,2658000000.0,2918000000.0,0.0,95000000.0,0.0,0.026,0.23,410000000.0,505000000.0,0.168,505000000.0,410000000.0,364000000.0,0.48,0.47,0.48,6542000000.0,,6542000000.0,19640010307.0,11.0,8.935,503000000.0,0.925,1.0,3002000000.0,1.0,7261000000.0,46000000.0,6080000000.0,,0.0,0.0,0.0,0.0,9682000000.0,3564000000.0,6118000000.0,18765010307.0,257000000.0,-141000000.0,47000000.0,-2000000.0,-128000000.0,-109000000.0,-214000000.0,-6000000.0,572000000.0,8000000.0,259000000.0,259000000.0,259000000.0,2000000.0,4000000.0,0.086,2596000000.0,406000000.0,1721000000.0,0.479,2.868,15.957,15.958,809000000.0,0.0,34.47,1.574,1.573,3058000000.0,8628000000.0,3002000000.0,3002000000.0,0.0,,,,,154000000.0,2596000000.0,1.0,544386722.0,544000000,552000000.0,5.518,9027000000.0,1633000000.0,105000000.0,110000000.0,16.594,2399000000.0
36,MMC,MRQ,2012-09-30,2012-09-30,2012-09-30,2021-10-21,-3005000000.0,15736000000.0,,5651000000.0,10085000000.0,,11.967,-97000000.0,2044000000.0,2044000000.0,0.0,247000000.0,1.612,1.406,2919000000.0,259000000.0,2660000000.0,2919000000.0,0.0,87000000.0,0.0,0.026,0.23,375000000.0,462000000.0,0.162,462000000.0,375000000.0,331000000.0,0.44,0.44,0.44,6510000000.0,,6510000000.0,19882555487.0,11.0,9.116,587000000.0,1.079,1.0,2845000000.0,1.0,7113000000.0,44000000.0,5992000000.0,,0.0,0.0,0.0,0.0,9156000000.0,3506000000.0,5650000000.0,18464555487.0,540000000.0,-24000000.0,-24000000.0,-3000000.0,-127000000.0,-164000000.0,-85000000.0,34000000.0,684000000.0,105000000.0,241000000.0,241000000.0,241000000.0,-1000000.0,6000000.0,0.085,2467000000.0,378000000.0,1742000000.0,0.523,2.836,15.741,15.781,807000000.0,0.0,33.93,1.561,1.56,3059000000.0,8371000000.0,2845000000.0,2845000000.0,0.0,,,,,3000000.0,2467000000.0,1.0,544195564.0,544000000,552000000.0,5.23,8623000000.0,1526000000.0,90000000.0,154000000.0,15.851,2145000000.0
37,MMC,MRQ,2012-06-30,2012-06-30,2012-06-30,2021-10-21,-3115000000.0,15202000000.0,,5195000000.0,10007000000.0,,11.51,-98000000.0,1504000000.0,1504000000.0,0.0,337000000.0,1.639,1.412,2922000000.0,259000000.0,2663000000.0,2922000000.0,0.0,84000000.0,0.0,0.027,0.22,518000000.0,602000000.0,0.199,602000000.0,518000000.0,473000000.0,0.6,0.59,0.6,6273000000.0,,6273000000.0,19119328608.0,11.0,9.336,471000000.0,0.864,1.0,3026000000.0,1.0,7086000000.0,45000000.0,6364000000.0,,0.0,0.0,0.0,0.0,8858000000.0,3170000000.0,5688000000.0,17606328608.0,94000000.0,-67000000.0,-82000000.0,-2000000.0,-121000000.0,-215000000.0,-168000000.0,-3000000.0,569000000.0,-92000000.0,329000000.0,329000000.0,329000000.0,2000000.0,8000000.0,0.109,2508000000.0,518000000.0,1758000000.0,0.367,2.807,16.578,16.528,800000000.0,0.0,32.23,1.493,1.49,3102000000.0,8257000000.0,3026000000.0,3026000000.0,0.0,,,,,9000000.0,2508000000.0,1.0,546271443.0,545000000,553000000.0,5.552,8116000000.0,1534000000.0,144000000.0,111000000.0,14.892,2025000000.0
38,MMC,MRQ,2012-03-31,2012-03-31,2012-03-31,2021-10-21,-3023000000.0,15010000000.0,,5035000000.0,9975000000.0,,11.435,-50000000.0,1410000000.0,1410000000.0,0.0,354000000.0,1.661,1.411,2923000000.0,259000000.0,2664000000.0,2923000000.0,0.0,83000000.0,0.0,0.027,0.22,546000000.0,629000000.0,0.206,629000000.0,546000000.0,500000000.0,0.64,0.63,0.64,6198000000.0,,6198000000.0,18633645529.0,11.0,9.373,-553000000.0,-1.02,1.0,3051000000.0,1.0,7129000000.0,46000000.0,6362000000.0,,0.0,0.0,0.0,0.0,8745000000.0,3032000000.0,5713000000.0,17818645529.0,-703000000.0,-60000000.0,77000000.0,-4000000.0,-121000000.0,-145000000.0,-116000000.0,-5000000.0,-503000000.0,61000000.0,347000000.0,347000000.0,347000000.0,0.0,7000000.0,0.114,2524000000.0,527000000.0,1873000000.0,0.344,2.875,17.555,17.629,795000000.0,0.0,32.79,1.524,1.52,3008000000.0,8053000000.0,3051000000.0,3051000000.0,0.0,,,,,11000000.0,2524000000.0,1.0,543417064.0,542000000,551000000.0,5.629,7881000000.0,1533000000.0,153000000.0,80000000.0,14.541,2003000000.0
39,MMC,MRQ,2011-12-31,2011-12-31,2011-12-31,2021-10-21,-3188000000.0,15454000000.0,,5648000000.0,9806000000.0,,10.915,-76000000.0,2113000000.0,2113000000.0,0.0,260000000.0,1.511,1.617,2928000000.0,260000000.0,2668000000.0,2928000000.0,0.0,82000000.0,0.0,0.027,0.22,406000000.0,488000000.0,0.168,488000000.0,406000000.0,356000000.0,0.47,0.46,0.47,5883000000.0,,5883000000.0,18226562674.0,11.0,9.366,634000000.0,1.176,1.0,2908000000.0,1.0,6963000000.0,50000000.0,5567000000.0,,0.0,0.0,0.0,0.0,9514000000.0,3739000000.0,5775000000.0,17010562674.0,399000000.0,-104000000.0,39000000.0,-3000000.0,-122000000.0,-116000000.0,-184000000.0,-2000000.0,710000000.0,-11000000.0,256000000.0,256000000.0,256000000.0,-16000000.0,4000000.0,0.088,2517000000.0,391000000.0,2016000000.0,0.468,2.891,17.13,17.374,804000000.0,0.0,31.62,1.476,1.487,2906000000.0,7949000000.0,2908000000.0,2908000000.0,0.0,,,,,5000000.0,2517000000.0,1.0,537968459.0,539000000,548000000.0,5.395,8491000000.0,1581000000.0,100000000.0,63000000.0,15.753,1909000000.0
40,MMC,MRQ,2011-09-30,2011-09-30,2011-09-30,2021-10-21,-2333000000.0,15121000000.0,,5030000000.0,10091000000.0,,11.865,-60000000.0,1714000000.0,1714000000.0,0.0,135000000.0,1.486,1.351,2930000000.0,260000000.0,2670000000.0,2930000000.0,0.0,85000000.0,0.0,0.032,0.22,244000000.0,329000000.0,0.117,329000000.0,244000000.0,195000000.0,0.24,0.24,0.24,6407000000.0,,6407000000.0,15755126259.0,10.0,8.279,605000000.0,1.12,1.0,2806000000.0,1.0,6933000000.0,49000000.0,6020000000.0,,0.0,0.0,0.0,0.0,8656000000.0,3384000000.0,5272000000.0,14381126259.0,55000000.0,-21000000.0,-115000000.0,-178000000.0,-123000000.0,-420000000.0,-52000000.0,31000000.0,665000000.0,-138000000.0,130000000.0,130000000.0,130000000.0,-2000000.0,5000000.0,0.046,2496000000.0,310000000.0,1819000000.0,0.917,2.245,15.299,15.526,804000000.0,0.0,26.55,1.261,1.257,2925000000.0,7696000000.0,2806000000.0,2806000000.0,0.0,,,,,4000000.0,2496000000.0,1.0,541662006.0,540000000,549000000.0,5.196,8188000000.0,1130000000.0,65000000.0,80000000.0,15.163,1646000000.0
41,MMC,MRQ,2011-06-30,2011-06-30,2011-06-30,2021-10-21,-2078000000.0,15451000000.0,,5186000000.0,10265000000.0,,12.298,-75000000.0,1659000000.0,1659000000.0,0.0,289000000.0,1.6,1.289,3033000000.0,260000000.0,2773000000.0,3033000000.0,0.0,82000000.0,0.0,0.027,0.21,460000000.0,542000000.0,0.185,542000000.0,460000000.0,411000000.0,0.51,0.5,0.51,6727000000.0,,6727000000.0,18809145471.0,12.0,9.69,631000000.0,1.154,1.0,2928000000.0,1.0,7000000000.0,49000000.0,6583000000.0,,0.0,0.0,0.0,0.0,8671000000.0,3242000000.0,5429000000.0,17107145471.0,329000000.0,-9000000.0,-212000000.0,-4000000.0,-118000000.0,-343000000.0,-53000000.0,33000000.0,706000000.0,19000000.0,282000000.0,282000000.0,282000000.0,-3000000.0,7000000.0,0.096,2463000000.0,465000000.0,1881000000.0,0.412,2.543,17.492,17.621,823000000.0,0.0,31.19,1.538,1.534,3111000000.0,7688000000.0,2928000000.0,2928000000.0,0.0,,,,,5000000.0,2463000000.0,1.0,548481740.0,547000000,555000000.0,5.353,8451000000.0,1115000000.0,129000000.0,110000000.0,15.45,1944000000.0
42,MMC,MRQ,2011-03-31,2011-03-31,2011-03-31,2021-10-21,-2183000000.0,15073000000.0,,4936000000.0,10137000000.0,,12.186,-66000000.0,1330000000.0,1330000000.0,0.0,331000000.0,1.709,1.265,3032000000.0,261000000.0,2771000000.0,3032000000.0,0.0,83000000.0,0.0,0.028,0.21,504000000.0,587000000.0,0.204,587000000.0,504000000.0,453000000.0,0.59,0.58,0.59,6629000000.0,,6629000000.0,17359268795.0,13.0,10.046,-442000000.0,-0.812,1.0,2884000000.0,1.0,6993000000.0,51000000.0,6893000000.0,,0.0,0.0,0.0,0.0,8386000000.0,2889000000.0,5497000000.0,16219268795.0,-564000000.0,-103000000.0,89000000.0,-2000000.0,-117000000.0,-128000000.0,-168000000.0,0.0,-376000000.0,108000000.0,325000000.0,325000000.0,325000000.0,-12000000.0,6000000.0,0.113,2412000000.0,472000000.0,1796000000.0,0.356,2.447,17.403,17.639,828000000.0,0.0,29.81,1.502,1.502,3212000000.0,7528000000.0,2884000000.0,2884000000.0,0.0,,,,,7000000.0,2412000000.0,1.0,544088185.0,544000000,552000000.0,5.301,8080000000.0,1417000000.0,128000000.0,49000000.0,14.853,2047000000.0
43,MMC,MRQ,2010-12-31,2010-12-31,2010-12-31,2021-10-21,-2300000000.0,15310000000.0,,5276000000.0,10034000000.0,,11.727,-75000000.0,1894000000.0,1894000000.0,0.0,206000000.0,1.699,1.397,3034000000.0,8000000.0,3026000000.0,3034000000.0,0.0,83000000.0,0.0,0.03,0.21,362000000.0,445000000.0,0.16,445000000.0,362000000.0,309000000.0,0.37,0.37,0.37,6368000000.0,,6368000000.0,16199941646.0,13.0,9.824,597000000.0,1.099,1.0,2785000000.0,1.0,6823000000.0,53000000.0,6522000000.0,,0.0,0.0,0.0,0.0,8895000000.0,3105000000.0,5790000000.0,14857941646.0,199000000.0,-236000000.0,-73000000.0,-2000000.0,-119000000.0,-199000000.0,-282000000.0,33000000.0,672000000.0,8000000.0,203000000.0,203000000.0,203000000.0,-14000000.0,3000000.0,0.073,2460000000.0,325000000.0,1741000000.0,0.568,2.333,17.378,17.526,822000000.0,0.0,27.34,1.408,1.399,3035000000.0,7436000000.0,2785000000.0,2785000000.0,0.0,,,,,4000000.0,2460000000.0,1.0,543450682.0,543000000,547000000.0,5.129,8487000000.0,1705000000.0,106000000.0,62000000.0,15.63,2171000000.0
44,MMC,MRQ,2010-09-30,2010-09-30,2010-09-30,2021-10-21,-2138000000.0,14903000000.0,,5045000000.0,9858000000.0,,11.731,-55000000.0,1695000000.0,1695000000.0,0.0,171000000.0,1.712,1.332,3037000000.0,9000000.0,3028000000.0,3037000000.0,0.0,84000000.0,0.0,0.033,0.2,283000000.0,367000000.0,0.145,367000000.0,283000000.0,223000000.0,0.3,0.3,0.3,6370000000.0,,6370000000.0,15197482407.0,16.0,11.522,-277000000.0,-0.51,1.0,2524000000.0,1.0,6647000000.0,60000000.0,6651000000.0,,0.0,0.0,0.0,0.0,8488000000.0,2947000000.0,5541000000.0,13084482407.0,185000000.0,1025000000.0,10000000.0,-553000000.0,-112000000.0,-666000000.0,970000000.0,1000000.0,-222000000.0,103000000.0,168000000.0,168000000.0,168000000.0,-43000000.0,3000000.0,0.067,2285000000.0,239000000.0,1780000000.0,0.667,2.054,19.384,19.452,816000000.0,0.0,24.12,1.267,1.268,3055000000.0,7236000000.0,2524000000.0,2524000000.0,0.0,,,,,3000000.0,2285000000.0,1.0,542474395.0,543000000,548000000.0,4.648,8256000000.0,1591000000.0,55000000.0,0.0,15.204,2098000000.0
45,MMC,MRQ,2010-06-30,2010-06-30,2010-06-30,2021-10-21,-2406000000.0,15621000000.0,,5168000000.0,10453000000.0,,11.091,-56000000.0,1475000000.0,1475000000.0,0.0,242000000.0,1.344,1.596,3588000000.0,558000000.0,3030000000.0,3588000000.0,0.0,93000000.0,0.0,0.035,0.2,236000000.0,329000000.0,0.126,329000000.0,236000000.0,176000000.0,0.43,0.43,0.43,6000000000.0,,6000000000.0,14627903280.0,16.0,11.428,467000000.0,0.863,1.0,2606000000.0,1.0,6499000000.0,60000000.0,7390000000.0,,0.0,0.0,0.0,0.0,9578000000.0,3845000000.0,5733000000.0,12204903280.0,343000000.0,8000000.0,8000000.0,-2000000.0,-112000000.0,-109000000.0,-11000000.0,38000000.0,523000000.0,-60000000.0,236000000.0,236000000.0,236000000.0,-271000000.0,6000000.0,0.091,2656000000.0,-50000000.0,2273000000.0,0.465,2.034,16.765,16.704,815000000.0,0.0,22.55,1.201,1.201,3215000000.0,7187000000.0,2606000000.0,2606000000.0,0.0,,,,,5000000.0,2656000000.0,1.0,541237396.0,541000000,545000000.0,4.817,9122000000.0,1144000000.0,-60000000.0,0.0,16.861,1323000000.0
46,MMC,MRQ,2010-03-31,2010-03-31,2010-03-31,2021-10-21,-2246000000.0,14962000000.0,,4592000000.0,10370000000.0,,11.214,-79000000.0,1167000000.0,1167000000.0,0.0,252000000.0,1.447,1.497,3590000000.0,558000000.0,3032000000.0,3590000000.0,0.0,97000000.0,0.0,0.033,0.2,411000000.0,508000000.0,0.193,508000000.0,411000000.0,351000000.0,0.46,0.45,0.46,5977000000.0,,5977000000.0,14811037041.0,25.0,15.428,-330000000.0,-0.619,1.0,2635000000.0,1.0,7250000000.0,60000000.0,6961000000.0,,0.0,0.0,0.0,0.0,8948000000.0,3174000000.0,5774000000.0,12996037041.0,-610000000.0,-87000000.0,10000000.0,-2000000.0,-109000000.0,-156000000.0,-142000000.0,19000000.0,-251000000.0,-61000000.0,248000000.0,248000000.0,248000000.0,22000000.0,4000000.0,0.094,2210000000.0,425000000.0,1870000000.0,0.435,2.174,43.465,43.607,920000000.0,0.0,24.42,1.297,1.299,2935000000.0,7062000000.0,2635000000.0,2635000000.0,0.0,,,,,6000000.0,2210000000.0,1.0,532188249.0,533000000,536000000.0,4.944,7712000000.0,1096000000.0,103000000.0,0.0,14.469,1418000000.0
47,MMC,MRQ,2009-12-31,2009-12-31,2009-12-31,2021-10-21,-2171000000.0,15337000000.0,,4931000000.0,10406000000.0,,11.101,-96000000.0,1707000000.0,1707000000.0,0.0,25000000.0,1.327,1.626,3592000000.0,558000000.0,3034000000.0,3592000000.0,0.0,88000000.0,0.0,0.036,0.2,27000000.0,115000000.0,0.045,115000000.0,27000000.0,-34000000.0,0.05,0.04,0.05,5828000000.0,,5828000000.0,13429489932.0,27.0,15.725,139000000.0,0.265,1.0,2564000000.0,1.0,6219000000.0,61000000.0,7288000000.0,,0.0,0.0,0.0,0.0,9474000000.0,3715000000.0,5759000000.0,11647489932.0,-36000000.0,-66000000.0,6000000.0,-2000000.0,-109000000.0,-106000000.0,-122000000.0,36000000.0,235000000.0,-43000000.0,23000000.0,23000000.0,23000000.0,-30000000.0,2000000.0,0.009,2592000000.0,-28000000.0,1751000000.0,4.0,1.999,51.311,51.349,850000000.0,0.0,22.08,1.185,1.172,2724000000.0,7033000000.0,2564000000.0,2564000000.0,0.0,,,,,3000000.0,2592000000.0,1.0,527513131.0,525000000,530000000.0,4.884,9118000000.0,1409000000.0,-57000000.0,0.0,17.368,1216000000.0
48,MMC,MRQ,2009-09-30,2009-09-30,2009-09-30,2021-10-21,-1836000000.0,15341000000.0,,4876000000.0,10465000000.0,,11.458,-63000000.0,1813000000.0,1813000000.0,0.0,225000000.0,1.434,1.549,3595000000.0,558000000.0,3037000000.0,3595000000.0,0.0,94000000.0,0.0,0.032,0.2,234000000.0,328000000.0,0.139,328000000.0,234000000.0,175000000.0,0.41,0.41,0.41,6004000000.0,,6004000000.0,15260193017.0,27.0,16.063,578000000.0,1.103,1.0,2354000000.0,1.0,7047000000.0,59000000.0,6675000000.0,,0.0,0.0,0.0,0.0,9302000000.0,3401000000.0,5901000000.0,12954193017.0,522000000.0,4000000.0,8000000.0,-2000000.0,-115000000.0,-120000000.0,-54000000.0,9000000.0,641000000.0,55000000.0,221000000.0,221000000.0,221000000.0,-18000000.0,4000000.0,0.094,2159000000.0,195000000.0,1699000000.0,0.488,2.158,45.613,45.796,964000000.0,0.0,24.73,1.395,1.395,2714000000.0,7013000000.0,2354000000.0,2354000000.0,0.0,,,,,4000000.0,2159000000.0,1.0,523825031.0,524000000,526000000.0,4.492,8294000000.0,1126000000.0,-46000000.0,0.0,15.828,1475000000.0
49,MMC,MRQ,2009-06-30,2009-06-30,2009-06-30,2021-10-21,-1924000000.0,14921000000.0,,4490000000.0,10431000000.0,,10.971,-71000000.0,1291000000.0,1291000000.0,0.0,-190000000.0,1.682,1.6,3597000000.0,9000000.0,3588000000.0,3597000000.0,0.0,93000000.0,0.0,0.04,0.2,-84000000.0,9000000.0,0.004,9000000.0,-84000000.0,-149000000.0,-0.36,-0.37,-0.36,5727000000.0,,5727000000.0,13102660027.0,36.0,17.564,143000000.0,0.274,1.0,2470000000.0,1.0,6983000000.0,65000000.0,7574000000.0,,0.0,0.0,0.0,0.0,9161000000.0,2670000000.0,6491000000.0,10518660027.0,-123000000.0,66000000.0,9000000.0,-401000000.0,-105000000.0,-498000000.0,2000000.0,2000000.0,214000000.0,159000000.0,-193000000.0,-193000000.0,-193000000.0,347000000.0,3000000.0,-0.078,2176000000.0,294000000.0,1712000000.0,-0.556,1.837,191.248,183.0,970000000.0,0.0,20.13,1.079,1.078,2854000000.0,6900000000.0,2470000000.0,2470000000.0,0.0,,,,,4000000.0,2176000000.0,1.0,522536514.0,522000000,523000000.0,4.732,7938000000.0,1182000000.0,44000000.0,24000000.0,15.207,1820000000.0
50,MMC,MRQ,2009-03-31,2009-03-31,2009-03-31,2021-10-21,-2132000000.0,14860000000.0,,4510000000.0,10350000000.0,,10.99,-68000000.0,1414000000.0,1414000000.0,0.0,180000000.0,1.612,1.619,3998000000.0,408000000.0,3590000000.0,3998000000.0,0.0,90000000.0,0.0,0.04,0.2,312000000.0,402000000.0,0.154,402000000.0,312000000.0,256000000.0,0.33,0.33,0.33,5660000000.0,,5660000000.0,12345424562.0,20.0,12.033,-518000000.0,-1.006,1.0,2609000000.0,1.0,7129000000.0,56000000.0,7518000000.0,,0.0,0.0,0.0,0.0,9166000000.0,2797000000.0,6369000000.0,10428424562.0,-271000000.0,-2000000.0,11000000.0,395000000.0,-102000000.0,260000000.0,-62000000.0,6000000.0,-450000000.0,-19000000.0,176000000.0,176000000.0,176000000.0,-1000000.0,4000000.0,0.067,2285000000.0,324000000.0,1670000000.0,0.606,1.842,33.318,34.322,945000000.0,0.0,20.25,1.011,1.011,2746000000.0,7202000000.0,2609000000.0,2609000000.0,0.0,,,,,0.0,2285000000.0,1.0,514983929.0,515000000,515000000.0,5.066,7731000000.0,0.0,80000000.0,19000000.0,15.012,1713000000.0
51,MMC,MRQ,2008-12-31,2008-12-31,2008-12-31,2021-10-21,-2098000000.0,15206000000.0,,4784000000.0,10422000000.0,,11.132,-52000000.0,1685000000.0,1685000000.0,0.0,83000000.0,1.413,1.651,3602000000.0,408000000.0,3194000000.0,3602000000.0,0.0,102000000.0,0.0,0.033,0.2,109000000.0,211000000.0,0.114,211000000.0,109000000.0,54000000.0,0.16,0.16,0.16,5722000000.0,,5722000000.0,14620687015.0,56.0,22.019,585000000.0,1.138,1.0,1854000000.0,1.0,7163000000.0,55000000.0,6574000000.0,,0.0,0.0,0.0,0.0,9446000000.0,3386000000.0,6060000000.0,12476687015.0,224000000.0,-12000000.0,51000000.0,-2000000.0,-104000000.0,-94000000.0,2000000.0,64000000.0,637000000.0,-321000000.0,80000000.0,80000000.0,80000000.0,439000000.0,3000000.0,0.043,1329000000.0,525000000.0,1688000000.0,1.25,2.18,-170.914,-186.692,969000000.0,0.0,24.27,1.163,1.163,2755000000.0,7237000000.0,1854000000.0,1854000000.0,0.0,,,,,6000000.0,1869000000.0,1.0,514078575.0,514000000,514000000.0,3.607,8043000000.0,1146000000.0,-26000000.0,66000000.0,15.648,1398000000.0
52,MMC,MRQ,2008-09-30,2008-09-30,2008-09-30,2021-10-21,-762000000.0,16026000000.0,,4805000000.0,11221000000.0,,13.481,-101000000.0,1461000000.0,1461000000.0,0.0,-5000000.0,1.45,1.317,3605000000.0,408000000.0,3197000000.0,3605000000.0,0.0,98000000.0,0.0,0.025,0.2,26000000.0,124000000.0,0.044,124000000.0,26000000.0,-28000000.0,-0.02,-0.02,-0.02,6916000000.0,,6916000000.0,18731689168.0,55.0,25.11,519000000.0,1.012,1.0,2819000000.0,1.0,7335000000.0,54000000.0,7521000000.0,,0.0,0.0,0.0,0.0,9110000000.0,3314000000.0,5796000000.0,16289689168.0,296000000.0,-22000000.0,16000000.0,-2000000.0,-102000000.0,-88000000.0,-115000000.0,6000000.0,620000000.0,-121000000.0,-8000000.0,-8000000.0,-8000000.0,22000000.0,3000000.0,-0.003,2755000000.0,64000000.0,1686000000.0,-10.0,2.355,-239.554,-167.158,1037000000.0,0.0,31.76,1.385,1.385,2914000000.0,7157000000.0,2819000000.0,2819000000.0,0.0,,,,,6000000.0,2755000000.0,1.0,512899533.0,513000000,516000000.0,5.495,8691000000.0,0.0,-20000000.0,0.0,16.942,1491000000.0
53,MMC,MRQ,2008-06-30,2008-06-30,2008-06-30,2021-10-21,-252000000.0,16432000000.0,,4761000000.0,11671000000.0,,14.711,-103000000.0,1165000000.0,1165000000.0,0.0,67000000.0,1.469,1.182,3607000000.0,408000000.0,3199000000.0,3607000000.0,0.0,103000000.0,0.0,0.029,0.2,186000000.0,289000000.0,0.095,289000000.0,186000000.0,131000000.0,0.12,0.12,0.12,7532000000.0,,7532000000.0,15908446080.0,7.0,5.663,-5000000.0,-0.01,1.0,3033000000.0,1.0,7376000000.0,55000000.0,8257000000.0,,0.0,0.0,0.0,0.0,8900000000.0,3241000000.0,5659000000.0,13582446080.0,-120000000.0,-35000000.0,8000000.0,-3000000.0,-103000000.0,-98000000.0,-117000000.0,27000000.0,98000000.0,-3000000.0,65000000.0,65000000.0,65000000.0,-12000000.0,2000000.0,0.021,2853000000.0,180000000.0,1787000000.0,1.667,1.803,7.206,7.651,1049000000.0,0.0,26.55,1.165,1.166,3143000000.0,7273000000.0,3033000000.0,3033000000.0,0.0,,,,,7000000.0,2738000000.0,1.0,511579890.0,512000000,512000000.0,5.924,9056000000.0,0.0,66000000.0,13000000.0,17.688,1520000000.0
54,MMC,MRQ,2008-03-31,2008-03-31,2008-03-31,2021-10-21,-238000000.0,16473000000.0,,4779000000.0,11694000000.0,,14.495,-119000000.0,1285000000.0,1285000000.0,0.0,-207000000.0,1.659,1.19,3611000000.0,9000000.0,3602000000.0,3611000000.0,0.0,101000000.0,0.0,0.032,0.2,-60000000.0,41000000.0,0.013,41000000.0,-60000000.0,-116000000.0,-0.39,-0.4,-0.39,7523000000.0,,7523000000.0,14417945163.0,6.0,4.874,-534000000.0,-1.029,1.0,3039000000.0,1.0,7458000000.0,56000000.0,8460000000.0,,0.0,0.0,0.0,0.0,8950000000.0,2881000000.0,6069000000.0,12686945163.0,-848000000.0,-1000000.0,-7000000.0,-253000000.0,-103000000.0,-363000000.0,-118000000.0,0.0,-415000000.0,48000000.0,-210000000.0,-210000000.0,-210000000.0,-5000000.0,3000000.0,-0.069,3127000000.0,-88000000.0,1773000000.0,-0.513,1.686,6.353,6.635,1019000000.0,0.0,24.35,1.112,1.107,3070000000.0,7313000000.0,3039000000.0,3039000000.0,0.0,,,,,15000000.0,2702000000.0,1.0,521024442.0,519000000,519000000.0,5.855,9015000000.0,0.0,94000000.0,75000000.0,17.37,1898000000.0
55,MMC,MRQ,2007-12-31,2007-12-31,2007-12-31,2021-10-21,-351000000.0,17359000000.0,,5454000000.0,11905000000.0,,15.013,-111000000.0,2133000000.0,2133000000.0,0.0,99000000.0,1.561,1.219,3864000000.0,260000000.0,3604000000.0,3864000000.0,0.0,104000000.0,0.0,0.029,0.19,188000000.0,292000000.0,0.102,292000000.0,188000000.0,132000000.0,0.1,0.14,0.1,7822000000.0,,7822000000.0,14818378282.0,5.0,4.256,-384000000.0,-0.737,1.0,2873000000.0,1.0,7759000000.0,56000000.0,7838000000.0,,0.0,0.0,0.0,0.0,9537000000.0,3493000000.0,6044000000.0,13768378282.0,-686000000.0,-69000000.0,-65000000.0,-6000000.0,-100000000.0,-171000000.0,-102000000.0,78000000.0,-273000000.0,-140000000.0,85000000.0,85000000.0,85000000.0,10000000.0,14000000.0,0.03,2710000000.0,163000000.0,1670000000.0,1.9,1.76,5.563,5.895,992000000.0,0.0,26.47,1.236,1.281,2874000000.0,7732000000.0,2873000000.0,2873000000.0,0.0,,,,,9000000.0,2710000000.0,1.0,520150294.0,521000000,497000000.0,5.514,9600000000.0,0.0,47000000.0,96000000.0,18.426,1961000000.0
56,MMC,MRQ,2007-09-30,2007-09-30,2007-09-30,2021-10-21,-1010000000.0,17543000000.0,,6152000000.0,11391000000.0,,12.963,-96000000.0,2819000000.0,2819000000.0,0.0,1945000000.0,1.474,1.534,3869000000.0,262000000.0,3607000000.0,3869000000.0,0.0,102000000.0,0.0,0.029,0.19,2085000000.0,2187000000.0,0.805,2187000000.0,2085000000.0,2020000000.0,3.64,3.6,3.64,6922000000.0,,6922000000.0,17627840298.0,5.0,4.739,143000000.0,0.268,1.0,2716000000.0,1.0,7756000000.0,65000000.0,6664000000.0,,0.0,96000000.0,0.0,96000000.0,10621000000.0,4173000000.0,6448000000.0,13795840298.0,1626000000.0,3222000000.0,-754000000.0,-1081000000.0,-103000000.0,-1938000000.0,3145000000.0,20000000.0,239000000.0,180000000.0,1945000000.0,1945000000.0,1945000000.0,-1865000000.0,0.0,0.716,2600000000.0,116000000.0,1596000000.0,0.052,1.993,5.274,5.247,983000000.0,0.0,25.5,1.276,1.259,3001000000.0,7648000000.0,2716000000.0,2716000000.0,0.0,,,,,10000000.0,2600000000.0,1.0,541013345.0,534000000,540000000.0,5.086,9787000000.0,0.0,75000000.0,967000000.0,18.328,1979000000.0
57,MMC,MRQ,2007-06-30,2007-06-30,2007-06-30,2021-10-21,-1160000000.0,17189000000.0,,6009000000.0,11180000000.0,,10.327,-74000000.0,1117000000.0,1117000000.0,0.0,177000000.0,1.131,2.037,4949000000.0,1341000000.0,3608000000.0,4949000000.0,0.0,116000000.0,0.0,0.023,0.19,322000000.0,438000000.0,0.157,438000000.0,322000000.0,247000000.0,0.32,0.31,0.32,5659000000.0,,5659000000.0,20602336373.0,14.0,10.603,40000000.0,0.073,1.0,2785000000.0,1.0,7606000000.0,75000000.0,8100000000.0,,0.0,99000000.0,0.0,99000000.0,11530000000.0,5315000000.0,6215000000.0,17151336373.0,-79000000.0,-2000000.0,-476000000.0,289000000.0,-105000000.0,-292000000.0,69000000.0,136000000.0,114000000.0,30000000.0,177000000.0,177000000.0,177000000.0,-37000000.0,0.0,0.064,2546000000.0,239000000.0,2519000000.0,0.594,3.031,20.25,20.052,969000000.0,0.0,30.88,1.614,1.592,3028000000.0,5804000000.0,2785000000.0,2785000000.0,0.0,,,,,25000000.0,2546000000.0,1.0,555418924.0,548000000,558000000.0,5.082,9583000000.0,0.0,70000000.0,49000000.0,17.487,694000000.0
58,MMC,MRQ,2007-03-31,2007-03-31,2007-03-31,2021-10-21,-1244000000.0,17228000000.0,,6004000000.0,11224000000.0,,10.756,-86000000.0,1203000000.0,1203000000.0,0.0,268000000.0,1.228,1.896,4654000000.0,1045000000.0,3609000000.0,4654000000.0,0.0,120000000.0,0.0,0.024,0.19,445000000.0,565000000.0,0.201,565000000.0,445000000.0,374000000.0,0.49,0.47,0.49,5948000000.0,,5948000000.0,19072794834.0,13.0,9.882,-469000000.0,-0.848,1.0,2812000000.0,1.0,7593000000.0,71000000.0,8198000000.0,,0.0,144000000.0,0.0,144000000.0,11280000000.0,4888000000.0,6392000000.0,16190794834.0,-817000000.0,0.0,99000000.0,-319000000.0,-105000000.0,-325000000.0,-116000000.0,-23000000.0,-383000000.0,7000000.0,268000000.0,268000000.0,268000000.0,-40000000.0,0.0,0.095,2425000000.0,387000000.0,2483000000.0,0.388,2.722,19.229,19.144,979000000.0,0.0,29.29,1.545,1.546,2904000000.0,5734000000.0,2812000000.0,2812000000.0,0.0,,,,,27000000.0,2425000000.0,1.0,552775515.0,553000000,562000000.0,5.085,9635000000.0,0.0,106000000.0,20000000.0,17.423,1116000000.0
59,MMC,MRQ,2006-12-31,2006-12-31,2006-12-31,2021-10-21,-1272000000.0,18137000000.0,,6976000000.0,11161000000.0,,10.599,-11000000.0,2015000000.0,2015000000.0,0.0,226000000.0,1.179,2.117,4971000000.0,1111000000.0,3860000000.0,4971000000.0,0.0,145000000.0,0.0,0.022,0.17,385000000.0,530000000.0,0.212,530000000.0,385000000.0,313000000.0,0.41,0.4,0.41,5819000000.0,,5819000000.0,20298401440.0,13.0,9.887,638000000.0,1.162,1.0,2500000000.0,1.0,7595000000.0,72000000.0,7580000000.0,,0.0,0.0,0.0,0.0,12318000000.0,5918000000.0,6400000000.0,16897401440.0,407000000.0,-90000000.0,40000000.0,-103000000.0,-94000000.0,-157000000.0,-116000000.0,26000000.0,649000000.0,31000000.0,226000000.0,226000000.0,226000000.0,-58000000.0,0.0,0.09,2396000000.0,104000000.0,2486000000.0,0.415,2.904,17.068,17.033,990000000.0,0.0,30.66,1.634,1.628,2718000000.0,5691000000.0,2500000000.0,2500000000.0,0.0,,,,,23000000.0,2396000000.0,1.0,551122030.0,549000000,563000000.0,4.554,10542000000.0,0.0,87000000.0,131000000.0,19.202,1058000000.0
60,MMC,MRQ,2006-09-30,2006-09-30,2006-09-30,2021-10-21,-588000000.0,17815000000.0,,4849000000.0,12966000000.0,,11.28,-38000000.0,1682000000.0,1682000000.0,0.0,176000000.0,1.027,1.872,5083000000.0,1219000000.0,3864000000.0,5083000000.0,0.0,111000000.0,0.0,0.024,0.17,299000000.0,410000000.0,0.162,410000000.0,299000000.0,224000000.0,0.32,0.31,0.32,6204000000.0,,6204000000.0,19350542147.0,16.0,11.525,474000000.0,0.862,1.0,2532000000.0,1.0,7845000000.0,75000000.0,8650000000.0,,0.0,511000000.0,0.0,511000000.0,11611000000.0,4721000000.0,6890000000.0,15493542147.0,275000000.0,-32000000.0,25000000.0,-157000000.0,-94000000.0,-226000000.0,-49000000.0,23000000.0,512000000.0,38000000.0,176000000.0,176000000.0,176000000.0,-43000000.0,0.0,0.07,2288000000.0,244000000.0,1881000000.0,0.531,2.497,19.391,19.414,1098000000.0,0.0,28.15,1.703,1.702,2800000000.0,5467000000.0,2532000000.0,2532000000.0,0.0,,,,,26000000.0,2288000000.0,1.0,550392261.0,550000000,554000000.0,4.604,9970000000.0,0.0,48000000.0,64000000.0,18.127,128000000.0
61,MMC,MRQ,2006-06-30,2006-06-30,2006-06-30,2021-10-21,-625000000.0,17437000000.0,,4702000000.0,12735000000.0,,10.958,-57000000.0,1375000000.0,1375000000.0,0.0,172000000.0,1.215,1.898,5232000000.0,699000000.0,4533000000.0,5232000000.0,0.0,111000000.0,0.0,0.025,0.17,314000000.0,425000000.0,0.161,425000000.0,314000000.0,236000000.0,0.31,0.31,0.31,6016000000.0,,6016000000.0,18611993855.0,16.0,11.691,85000000.0,0.155,1.0,2634000000.0,1.0,7816000000.0,78000000.0,9608000000.0,,0.0,329000000.0,0.0,329000000.0,11421000000.0,3870000000.0,7551000000.0,14773993855.0,-195000000.0,-10000000.0,26000000.0,-180000000.0,-93000000.0,-247000000.0,-90000000.0,-61000000.0,142000000.0,0.0,172000000.0,172000000.0,172000000.0,-41000000.0,0.0,0.065,2371000000.0,263000000.0,1704000000.0,0.548,2.456,21.35,21.341,1122000000.0,0.0,26.89,1.581,1.58,2921000000.0,5387000000.0,2634000000.0,2634000000.0,0.0,,,,,29000000.0,2371000000.0,1.0,549423349.0,549000000,555000000.0,4.798,9621000000.0,0.0,64000000.0,39000000.0,17.525,832000000.0
62,MMC,MRQ,2006-03-31,2006-03-31,2006-03-31,2021-10-21,-744000000.0,17522000000.0,,4823000000.0,12699000000.0,,10.492,-65000000.0,1575000000.0,1575000000.0,0.0,416000000.0,1.197,2.053,5413000000.0,879000000.0,4534000000.0,5413000000.0,0.0,121000000.0,0.0,0.023,0.17,567000000.0,688000000.0,0.257,688000000.0,567000000.0,489000000.0,0.76,0.75,0.76,5739000000.0,,5739000000.0,19581954116.0,17.0,12.201,-582000000.0,-1.064,1.0,2674000000.0,1.0,7790000000.0,78000000.0,9542000000.0,,0.0,290000000.0,0.0,290000000.0,11783000000.0,4028000000.0,7755000000.0,16059954116.0,-431000000.0,286000000.0,90000000.0,-126000000.0,-93000000.0,-129000000.0,211000000.0,-3000000.0,-517000000.0,4000000.0,416000000.0,416000000.0,416000000.0,-216000000.0,0.0,0.156,2337000000.0,337000000.0,1618000000.0,0.224,2.798,23.411,23.302,1151000000.0,0.0,29.36,1.658,1.658,2841000000.0,5310000000.0,2674000000.0,2674000000.0,0.0,,,,,38000000.0,2337000000.0,1.0,547001162.0,547000000,555000000.0,4.888,9732000000.0,0.0,73000000.0,177000000.0,17.792,795000000.0
63,MMC,MRQ,2005-12-31,2005-12-31,2005-12-31,2021-10-21,-756000000.0,17892000000.0,,5262000000.0,12630000000.0,,9.799,-102000000.0,2020000000.0,2020000000.0,0.0,35000000.0,1.209,2.338,5542000000.0,498000000.0,5044000000.0,5542000000.0,0.0,110000000.0,0.0,0.021,0.17,46000000.0,156000000.0,0.124,156000000.0,46000000.0,-33000000.0,0.06,0.06,0.06,5360000000.0,,5360000000.0,21068661742.0,25.0,15.949,188000000.0,0.344,1.0,1256000000.0,1.0,7773000000.0,79000000.0,9290000000.0,,0.0,277000000.0,0.0,277000000.0,12532000000.0,4351000000.0,8181000000.0,17299661742.0,796000000.0,146000000.0,1000000.0,537000000.0,-92000000.0,446000000.0,70000000.0,52000000.0,290000000.0,-10000000.0,35000000.0,35000000.0,35000000.0,-186000000.0,0.0,0.028,1407000000.0,-151000000.0,1733000000.0,2.833,3.228,42.821,42.347,1178000000.0,0.0,31.76,1.716,1.695,2730000000.0,4989000000.0,1256000000.0,1256000000.0,0.0,,,,,27000000.0,1407000000.0,1.0,544699677.0,547000000,555000000.0,2.296,10119000000.0,0.0,-68000000.0,192000000.0,18.499,911000000.0
64,MMC,MRQ,2005-09-30,2005-09-30,2005-09-30,2021-10-21,-695000000.0,17508000000.0,,4481000000.0,13027000000.0,,9.942,-75000000.0,1237000000.0,1237000000.0,0.0,69000000.0,1.115,2.267,5006000000.0,77000000.0,4929000000.0,5006000000.0,0.0,119000000.0,0.0,0.028,0.17,204000000.0,323000000.0,0.116,323000000.0,204000000.0,93000000.0,0.13,0.12,0.13,5359000000.0,,5359000000.0,20464001658.0,-175.0,53.153,411000000.0,0.763,1.0,2779000000.0,1.0,8015000000.0,111000000.0,9243000000.0,,0.0,318000000.0,0.0,318000000.0,12149000000.0,4019000000.0,8130000000.0,16267001658.0,381000000.0,1000000.0,58000000.0,-44000000.0,-91000000.0,-77000000.0,-25000000.0,16000000.0,486000000.0,-3000000.0,69000000.0,69000000.0,69000000.0,-6000000.0,0.0,0.025,2592000000.0,187000000.0,1875000000.0,1.308,3.035,-52.305,-49.016,1235000000.0,0.0,30.39,1.43,1.44,2981000000.0,5043000000.0,2779000000.0,2779000000.0,0.0,,,,,37000000.0,2592000000.0,1.0,535274816.0,539000000,544000000.0,5.156,9493000000.0,0.0,24000000.0,316000000.0,17.612,462000000.0
65,MMC,MRQ,2005-06-30,2005-06-30,2005-06-30,2021-10-21,-658000000.0,17132000000.0,,4026000000.0,13106000000.0,,9.361,-65000000.0,856000000.0,856000000.0,0.0,166000000.0,1.031,2.421,5053000000.0,364000000.0,4689000000.0,5053000000.0,0.0,130000000.0,0.0,0.037,0.17,308000000.0,438000000.0,0.147,438000000.0,308000000.0,235000000.0,0.31,0.31,0.31,5008000000.0,,5008000000.0,19086865665.0,-99.0,60.98,108000000.0,0.202,1.0,2977000000.0,1.0,8069000000.0,73000000.0,9355000000.0,,0.0,331000000.0,0.0,331000000.0,12124000000.0,3905000000.0,8219000000.0,14760865665.0,-54000000.0,-36000000.0,97000000.0,-183000000.0,-90000000.0,-176000000.0,-28000000.0,56000000.0,173000000.0,-23000000.0,166000000.0,166000000.0,166000000.0,-6000000.0,0.0,0.056,2684000000.0,293000000.0,1798000000.0,0.548,2.947,-41.117,-39.014,1268000000.0,0.0,27.7,1.278,1.283,2910000000.0,5073000000.0,2977000000.0,2977000000.0,0.0,,,,,0.0,2684000000.0,1.0,532883237.0,535000000,538000000.0,5.564,9063000000.0,0.0,69000000.0,179000000.0,16.94,121000000.0
66,MMC,MRQ,2005-03-31,2005-03-31,2005-03-31,2021-10-21,-465000000.0,17547000000.0,,4209000000.0,13338000000.0,,9.469,-57000000.0,910000000.0,910000000.0,0.0,134000000.0,1.035,2.49,5236000000.0,547000000.0,4689000000.0,5236000000.0,0.0,131000000.0,0.0,0.033,0.17,273000000.0,404000000.0,0.132,404000000.0,273000000.0,204000000.0,0.25,0.25,0.25,5028000000.0,,5028000000.0,20020820442.0,154.0,32.875,-607000000.0,-1.143,1.0,3070000000.0,1.0,8112000000.0,69000000.0,9695000000.0,,0.0,375000000.0,0.0,375000000.0,12519000000.0,4066000000.0,8453000000.0,16089820442.0,-486000000.0,-29000000.0,113000000.0,-88000000.0,-90000000.0,-65000000.0,136000000.0,194000000.0,-550000000.0,-7000000.0,134000000.0,134000000.0,134000000.0,-5000000.0,0.0,0.044,2809000000.0,261000000.0,1793000000.0,0.68,3.2,-118.308,-112.667,1319000000.0,0.0,30.42,1.387,1.392,3024000000.0,4998000000.0,3070000000.0,3070000000.0,0.0,,,,,0.0,2809000000.0,1.0,528922434.0,531000000,536000000.0,5.782,9435000000.0,0.0,70000000.0,300000000.0,17.768,143000000.0
67,MMC,MRQ,2004-12-31,2004-12-31,2004-12-31,2021-10-21,-370000000.0,18498000000.0,,4999000000.0,13499000000.0,,9.398,-81000000.0,1370000000.0,1370000000.0,0.0,-680000000.0,1.054,2.659,5327000000.0,636000000.0,4691000000.0,5327000000.0,0.0,122000000.0,0.0,0.026,0.34,-902000000.0,-780000000.0,-0.306,-780000000.0,-902000000.0,-968000000.0,-1.31,-1.27,-1.31,5056000000.0,,5056000000.0,21612893628.0,34.0,19.828,558000000.0,1.037,1.0,2553000000.0,1.0,8055000000.0,66000000.0,9657000000.0,,0.0,558000000.0,0.0,558000000.0,13442000000.0,4743000000.0,8699000000.0,17335893628.0,819000000.0,-115000000.0,6000000.0,469000000.0,-179000000.0,2084000000.0,-141000000.0,38000000.0,639000000.0,25000000.0,-680000000.0,-680000000.0,-680000000.0,-24000000.0,0.0,-0.266,3489000000.0,-936000000.0,1818000000.0,-0.26,3.429,98.499,99.697,1363000000.0,0.0,32.9,1.478,1.476,2859000000.0,5044000000.0,2553000000.0,2553000000.0,0.0,,,,,0.0,2787000000.0,1.0,526926858.0,538000000,532000000.0,4.745,10443000000.0,0.0,-288000000.0,281000000.0,19.411,256000000.0
68,MMC,MRQ,2004-09-30,2004-09-30,2004-09-30,2021-10-21,-336000000.0,17075000000.0,,4014000000.0,13061000000.0,,10.86,-109000000.0,577000000.0,577000000.0,0.0,21000000.0,0.808,2.018,4854000000.0,1396000000.0,3458000000.0,4854000000.0,0.0,123000000.0,0.0,0.024,0.34,128000000.0,251000000.0,0.085,251000000.0,128000000.0,73000000.0,0.04,0.04,0.04,5658000000.0,,5658000000.0,26634765726.0,13.0,10.511,552000000.0,1.06,1.0,2950000000.0,1.0,7816000000.0,55000000.0,8567000000.0,,0.0,566000000.0,0.0,566000000.0,11417000000.0,4969000000.0,6448000000.0,23823765726.0,178000000.0,-2033000000.0,213000000.0,1623000000.0,-177000000.0,-129000000.0,-2153000000.0,-29000000.0,661000000.0,11000000.0,21000000.0,21000000.0,21000000.0,0.0,0.0,0.007,2822000000.0,128000000.0,1867000000.0,8.5,4.211,19.353,19.472,1385000000.0,0.0,45.76,2.016,2.017,2979000000.0,5724000000.0,2950000000.0,2950000000.0,0.0,,,,,0.0,2550000000.0,1.0,520624251.0,521000000,533000000.0,5.662,9259000000.0,0.0,52000000.0,391000000.0,17.772,-955000000.0
69,MMC,MRQ,2004-06-30,2004-06-30,2004-06-30,2021-10-21,-315000000.0,14784000000.0,,3725000000.0,11059000000.0,,10.774,-89000000.0,399000000.0,399000000.0,0.0,389000000.0,0.893,1.629,3210000000.0,911000000.0,2299000000.0,3210000000.0,0.0,103000000.0,0.0,0.024,0.16,631000000.0,734000000.0,0.242,734000000.0,631000000.0,583000000.0,0.75,0.73,0.75,5624000000.0,,5624000000.0,27066304808.0,11.0,9.101,791000000.0,1.515,1.0,3028000000.0,1.0,5938000000.0,48000000.0,7485000000.0,,0.0,557000000.0,0.0,557000000.0,9160000000.0,4172000000.0,4988000000.0,23747304808.0,-235000000.0,-60000000.0,-157000000.0,-738000000.0,-162000000.0,-1057000000.0,-52000000.0,111000000.0,880000000.0,-6000000.0,389000000.0,389000000.0,389000000.0,0.0,0.0,0.128,2396000000.0,632000000.0,1500000000.0,0.213,4.222,15.155,15.228,1355000000.0,0.0,45.38,2.028,2.023,2867000000.0,5882000000.0,3028000000.0,3028000000.0,0.0,,,,,0.0,2396000000.0,1.0,523298916.0,522000000,534000000.0,5.801,8846000000.0,0.0,194000000.0,394000000.0,16.946,-447000000.0
70,MMC,MRQ,2004-03-31,2004-03-31,2004-03-31,2021-10-21,-284000000.0,15510000000.0,,4304000000.0,11206000000.0,,10.632,-74000000.0,634000000.0,634000000.0,0.0,446000000.0,0.981,1.779,3953000000.0,1045000000.0,2908000000.0,3953000000.0,0.0,108000000.0,0.0,0.026,0.0,777000000.0,885000000.0,0.277,885000000.0,777000000.0,727000000.0,0.85,0.83,0.85,5582000000.0,,5582000000.0,26978203852.0,11.0,9.179,-185000000.0,-0.352,1.0,3196000000.0,1.0,5954000000.0,50000000.0,8489000000.0,,0.0,624000000.0,0.0,624000000.0,9928000000.0,4386000000.0,5542000000.0,24286203852.0,-31000000.0,-156000000.0,-142000000.0,597000000.0,-163000000.0,292000000.0,-210000000.0,0.0,-111000000.0,-2000000.0,446000000.0,446000000.0,446000000.0,0.0,0.0,0.14,2423000000.0,773000000.0,1774000000.0,0.0,4.351,15.74,15.911,1377000000.0,0.0,46.3,2.104,2.106,3012000000.0,5669000000.0,3196000000.0,3196000000.0,0.0,,,,,0.0,2428000000.0,1.0,524540040.0,525000000,540000000.0,6.088,9556000000.0,0.0,281000000.0,377000000.0,18.202,-82000000.0
71,MMC,MRQ,2003-12-31,2003-12-31,2003-12-31,2021-10-21,-279000000.0,15053000000.0,,3848000000.0,11205000000.0,,10.285,-105000000.0,665000000.0,665000000.0,0.0,375000000.0,1.052,1.762,3357000000.0,447000000.0,2910000000.0,3357000000.0,0.0,99000000.0,0.0,0.031,0.62,565000000.0,664000000.0,0.251,664000000.0,565000000.0,517000000.0,0.71,0.69,0.71,5451000000.0,,5451000000.0,27824264094.0,11.0,9.705,137000000.0,0.258,1.0,2646000000.0,1.0,5797000000.0,48000000.0,8289000000.0,,0.0,648000000.0,0.0,648000000.0,9602000000.0,3659000000.0,5943000000.0,25393264094.0,-26000000.0,-79000000.0,-217000000.0,236000000.0,-165000000.0,-146000000.0,-137000000.0,75000000.0,242000000.0,15000000.0,375000000.0,375000000.0,375000000.0,-24000000.0,0.0,0.142,2107000000.0,539000000.0,1501000000.0,0.873,4.658,16.489,16.571,1389000000.0,0.0,47.89,2.267,2.279,2703000000.0,5386000000.0,2646000000.0,2646000000.0,0.0,,,,,0.0,2097000000.0,1.0,530241472.0,530000000,542000000.0,4.992,9256000000.0,0.0,142000000.0,272000000.0,17.464,189000000.0
72,MMC,MRQ,2003-09-30,2003-09-30,2003-09-30,2021-10-21,-252000000.0,14489000000.0,,3789000000.0,10700000000.0,,10.305,-92000000.0,691000000.0,691000000.0,0.0,357000000.0,0.983,1.648,3122000000.0,203000000.0,2919000000.0,3122000000.0,0.0,98000000.0,0.0,0.024,0.31,593000000.0,691000000.0,0.244,691000000.0,593000000.0,545000000.0,0.67,0.65,0.67,5472000000.0,,5472000000.0,27986863995.0,12.0,9.963,477000000.0,0.898,1.0,2837000000.0,1.0,5712000000.0,48000000.0,7355000000.0,,0.0,600000000.0,0.0,600000000.0,9017000000.0,3853000000.0,5164000000.0,25358863995.0,73000000.0,2000000.0,-166000000.0,-126000000.0,-165000000.0,-457000000.0,-43000000.0,0.0,569000000.0,4000000.0,357000000.0,357000000.0,357000000.0,0.0,0.0,0.126,2244000000.0,593000000.0,1559000000.0,0.463,4.634,17.169,17.25,1378000000.0,0.0,47.61,2.276,2.269,2656000000.0,5174000000.0,2837000000.0,2837000000.0,0.0,,,,,0.0,2244000000.0,1.0,532637345.0,531000000,550000000.0,5.343,8777000000.0,0.0,188000000.0,505000000.0,16.529,-64000000.0
73,MMC,MRQ,2003-06-30,2003-06-30,2003-06-30,2021-10-21,-264000000.0,14457000000.0,,3763000000.0,10694000000.0,,10.2,-127000000.0,618000000.0,618000000.0,0.0,365000000.0,0.975,1.654,3246000000.0,369000000.0,2877000000.0,3246000000.0,0.0,99000000.0,0.0,0.022,0.28,600000000.0,699000000.0,0.244,699000000.0,600000000.0,554000000.0,0.68,0.66,0.68,5447000000.0,,5447000000.0,30430492321.0,13.0,11.196,752000000.0,1.408,1.0,2865000000.0,1.0,5741000000.0,46000000.0,7485000000.0,,0.0,567000000.0,0.0,567000000.0,9010000000.0,3859000000.0,5151000000.0,27343492321.0,52000000.0,-101000000.0,-92000000.0,-409000000.0,-150000000.0,-651000000.0,-194000000.0,0.0,879000000.0,18000000.0,365000000.0,365000000.0,365000000.0,0.0,0.0,0.127,2266000000.0,599000000.0,1561000000.0,0.412,5.02,19.27,19.272,1386000000.0,0.0,51.07,2.518,2.512,2694000000.0,4982000000.0,2865000000.0,2865000000.0,0.0,,,,,0.0,2266000000.0,1.0,535412029.0,534000000,552000000.0,5.365,8716000000.0,0.0,189000000.0,491000000.0,16.322,-96000000.0
74,MMC,MRQ,2003-03-31,2003-03-31,2003-03-31,2021-10-21,-453000000.0,13857000000.0,,3606000000.0,10251000000.0,,9.616,-104000000.0,566000000.0,566000000.0,0.0,443000000.0,0.977,1.689,3653000000.0,772000000.0,2881000000.0,3653000000.0,0.0,95000000.0,0.0,0.026,0.28,718000000.0,813000000.0,0.285,813000000.0,718000000.0,675000000.0,0.83,0.81,0.83,5154000000.0,,5154000000.0,25720164910.0,11.0,9.629,73000000.0,0.136,1.0,2852000000.0,1.0,5412000000.0,43000000.0,7841000000.0,,0.0,517000000.0,0.0,517000000.0,8703000000.0,3691000000.0,5012000000.0,22832164910.0,20000000.0,0.0,-147000000.0,227000000.0,-151000000.0,-71000000.0,-96000000.0,0.0,177000000.0,10000000.0,443000000.0,443000000.0,443000000.0,0.0,0.0,0.155,2135000000.0,717000000.0,1512000000.0,0.337,4.43,16.426,16.459,1322000000.0,0.0,42.63,2.153,2.155,2550000000.0,4784000000.0,2852000000.0,2852000000.0,0.0,,,,,0.0,2135000000.0,1.0,535589137.0,536000000,547000000.0,5.321,8445000000.0,0.0,232000000.0,282000000.0,15.756,-85000000.0
75,MMC,MRQ,2002-12-31,2002-12-31,2002-12-31,2021-10-21,-452000000.0,13855000000.0,,3664000000.0,10191000000.0,,9.327,-138000000.0,546000000.0,546000000.0,0.0,312000000.0,0.948,1.761,3434000000.0,543000000.0,2891000000.0,3434000000.0,0.0,94000000.0,0.0,0.024,0.28,512000000.0,606000000.0,0.234,606000000.0,512000000.0,470000000.0,0.58,0.57,0.58,5018000000.0,,5018000000.0,27520621249.0,12.0,10.46,-34000000.0,-0.063,1.0,2588000000.0,1.0,5404000000.0,42000000.0,7476000000.0,,0.0,578000000.0,0.0,578000000.0,8837000000.0,3863000000.0,4974000000.0,24817621249.0,-129000000.0,-43000000.0,37000000.0,55000000.0,-151000000.0,-59000000.0,-185000000.0,0.0,104000000.0,11000000.0,312000000.0,312000000.0,312000000.0,0.0,0.0,0.121,2078000000.0,510000000.0,1406000000.0,0.483,4.946,18.181,18.337,1308000000.0,0.0,46.21,2.389,2.407,2478000000.0,4490000000.0,2588000000.0,2588000000.0,0.0,,,,,0.0,2078000000.0,1.0,537061702.0,538000000,551000000.0,4.81,8451000000.0,0.0,158000000.0,194000000.0,15.708,-199000000.0
76,MMC,MRQ,2002-09-30,2002-09-30,2002-09-30,2021-10-21,-263000000.0,13018000000.0,,3662000000.0,9356000000.0,,9.357,-92000000.0,675000000.0,675000000.0,0.0,299000000.0,1.07,1.6,3378000000.0,490000000.0,2888000000.0,3378000000.0,0.0,90000000.0,0.0,0.026,0.28,510000000.0,600000000.0,0.235,600000000.0,510000000.0,467000000.0,0.56,0.55,0.56,5006000000.0,,5006000000.0,25340759016.0,12.0,10.42,622000000.0,1.163,1.0,2553000000.0,1.0,5354000000.0,43000000.0,6943000000.0,,0.0,568000000.0,0.0,568000000.0,8012000000.0,3424000000.0,4588000000.0,22307759016.0,204000000.0,-28000000.0,-164000000.0,-158000000.0,-151000000.0,-473000000.0,-28000000.0,0.0,714000000.0,-9000000.0,299000000.0,299000000.0,299000000.0,0.0,0.0,0.117,2041000000.0,512000000.0,1360000000.0,0.5,4.456,18.636,18.927,1249000000.0,0.0,41.64,2.211,2.208,2463000000.0,4329000000.0,2553000000.0,2553000000.0,0.0,,,,,0.0,2041000000.0,1.0,535729083.0,535000000,548000000.0,4.772,7664000000.0,0.0,168000000.0,587000000.0,14.325,238000000.0
77,MMC,MRQ,2002-06-30,2002-06-30,2002-06-30,2021-10-21,-214000000.0,13124000000.0,,3716000000.0,9408000000.0,,9.242,-76000000.0,471000000.0,471000000.0,0.0,336000000.0,1.092,1.606,3504000000.0,647000000.0,2857000000.0,3504000000.0,0.0,89000000.0,0.0,0.022,0.265,563000000.0,652000000.0,0.25,652000000.0,563000000.0,525000000.0,0.62,0.6,0.62,5037000000.0,,5037000000.0,29529023982.0,16.0,12.974,641000000.0,1.176,1.0,2612000000.0,1.0,5349000000.0,38000000.0,7406000000.0,,0.0,691000000.0,0.0,691000000.0,8087000000.0,3402000000.0,4685000000.0,26452023982.0,-72000000.0,-19000000.0,-512000000.0,-147000000.0,-146000000.0,-805000000.0,6000000.0,0.0,717000000.0,10000000.0,336000000.0,336000000.0,336000000.0,0.0,0.0,0.129,2047000000.0,565000000.0,1392000000.0,0.427,5.252,24.814,24.769,1242000000.0,0.0,48.3,2.66,2.647,2717000000.0,4181000000.0,2612000000.0,2612000000.0,0.0,,,,,0.0,2047000000.0,1.0,547660952.0,545000000,562000000.0,4.793,7775000000.0,0.0,189000000.0,453000000.0,14.266,314000000.0
78,MMC,MRQ,2002-03-31,2002-03-31,2002-03-31,2021-10-21,-276000000.0,13201000000.0,,3726000000.0,9475000000.0,,9.748,-99000000.0,543000000.0,543000000.0,0.0,418000000.0,1.185,1.471,3620000000.0,794000000.0,2826000000.0,3620000000.0,0.0,86000000.0,0.0,0.019,0.265,687000000.0,773000000.0,0.293,773000000.0,687000000.0,650000000.0,0.76,0.73,0.76,5342000000.0,,5342000000.0,33488170875.0,18.0,14.649,-297000000.0,-0.542,1.0,2635000000.0,1.0,5307000000.0,37000000.0,7828000000.0,,0.0,816000000.0,0.0,816000000.0,7859000000.0,3143000000.0,4716000000.0,30934170875.0,6000000.0,-2000000.0,-55000000.0,532000000.0,-145000000.0,332000000.0,-123000000.0,0.0,-198000000.0,-5000000.0,418000000.0,418000000.0,418000000.0,0.0,0.0,0.159,1948000000.0,687000000.0,1332000000.0,0.349,5.791,30.239,30.296,1239000000.0,0.0,56.35,3.133,3.128,2649000000.0,3996000000.0,2635000000.0,2635000000.0,0.0,,,,,0.0,1948000000.0,1.0,548964878.0,548000000,569000000.0,4.808,7894000000.0,0.0,232000000.0,340000000.0,14.405,583000000.0
79,MMC,MRQ,2001-12-31,2001-12-31,2001-12-31,2021-10-21,-227000000.0,13769000000.0,,3792000000.0,9977000000.0,,9.457,-270000000.0,537000000.0,537000000.0,0.0,144000000.0,0.859,1.662,3091000000.0,757000000.0,2334000000.0,3091000000.0,0.0,125000000.0,0.0,0.019,0.265,282000000.0,407000000.0,0.178,407000000.0,282000000.0,240000000.0,0.26,0.26,0.26,5173000000.0,,5173000000.0,32281234945.0,18.0,14.103,318000000.0,0.581,1.0,2290000000.0,1.0,5327000000.0,42000000.0,6582000000.0,,0.0,826000000.0,0.0,826000000.0,8596000000.0,4414000000.0,4182000000.0,29524234945.0,-63000000.0,0.0,-98000000.0,-265000000.0,-146000000.0,-509000000.0,-122000000.0,0.0,588000000.0,-20000000.0,144000000.0,144000000.0,144000000.0,0.0,0.0,0.063,2010000000.0,280000000.0,1347000000.0,1.019,5.707,30.312,30.367,1235000000.0,0.0,53.75,2.992,2.995,2692000000.0,3723000000.0,2290000000.0,2290000000.0,0.0,,,,,0.0,2010000000.0,1.0,549288092.0,547000000,572000000.0,4.186,8442000000.0,0.0,96000000.0,600000000.0,15.433,-622000000.0
80,MMC,MRQ,2001-09-30,2001-09-30,2001-09-30,2021-10-21,-405000000.0,13443000000.0,,3916000000.0,9527000000.0,,9.281,-42000000.0,600000000.0,600000000.0,0.0,168000000.0,0.966,1.638,3357000000.0,1011000000.0,2346000000.0,3357000000.0,0.0,130000000.0,0.0,0.021,0.265,314000000.0,444000000.0,0.184,444000000.0,314000000.0,268000000.0,0.31,0.29,0.31,5095000000.0,,5095000000.0,29672594704.0,15.0,12.643,526000000.0,0.958,1.0,2407000000.0,1.0,5363000000.0,46000000.0,6784000000.0,,0.0,651000000.0,0.0,651000000.0,8348000000.0,4053000000.0,4295000000.0,26583594704.0,198000000.0,-6000000.0,-114000000.0,-134000000.0,-147000000.0,-395000000.0,7000000.0,0.0,568000000.0,18000000.0,168000000.0,168000000.0,168000000.0,0.0,0.0,0.07,2095000000.0,312000000.0,1559000000.0,0.855,5.218,23.82,23.877,1222000000.0,0.0,48.35,2.605,2.601,2730000000.0,3724000000.0,2407000000.0,2407000000.0,0.0,,,,,0.0,2095000000.0,1.0,549815816.0,549000000,569000000.0,4.384,8080000000.0,0.0,100000000.0,500000000.0,14.718,-137000000.0
81,MMC,MRQ,2001-06-30,2001-06-30,2001-06-30,2021-10-21,-365000000.0,13400000000.0,,3705000000.0,9695000000.0,,9.485,-6000000.0,402000000.0,402000000.0,0.0,293000000.0,0.953,1.564,3491000000.0,1145000000.0,2346000000.0,3491000000.0,0.0,134000000.0,0.0,0.02,0.25,528000000.0,662000000.0,0.261,662000000.0,528000000.0,472000000.0,0.53,0.51,0.53,5226000000.0,,5226000000.0,31051351230.0,14.0,12.167,488000000.0,0.886,1.0,2541000000.0,1.0,5405000000.0,56000000.0,7195000000.0,,0.0,764000000.0,0.0,764000000.0,8174000000.0,3889000000.0,4285000000.0,27828351230.0,69000000.0,-6000000.0,-148000000.0,-66000000.0,-138000000.0,-352000000.0,-69000000.0,0.0,494000000.0,-4000000.0,293000000.0,293000000.0,293000000.0,0.0,0.0,0.115,2015000000.0,526000000.0,1428000000.0,0.472,5.325,22.625,22.595,1271000000.0,0.0,50.5,2.693,2.693,2702000000.0,3702000000.0,2541000000.0,2541000000.0,0.0,,,,,0.0,2015000000.0,1.0,551056460.0,551000000,573000000.0,4.612,7995000000.0,0.0,179000000.0,407000000.0,14.51,-184000000.0
82,MMC,MRQ,2001-03-31,2001-03-31,2001-03-31,2021-10-21,-326000000.0,13491000000.0,,3561000000.0,9930000000.0,,9.54,-115000000.0,333000000.0,333000000.0,0.0,369000000.0,0.919,1.562,3556000000.0,1209000000.0,2347000000.0,3556000000.0,0.0,131000000.0,0.0,0.021,0.25,645000000.0,776000000.0,0.295,776000000.0,645000000.0,593000000.0,0.665,0.635,0.665,5266000000.0,,5266000000.0,28686370953.0,13.0,11.37,-305000000.0,-0.553,1.0,2631000000.0,1.0,5463000000.0,52000000.0,7376000000.0,,0.0,789000000.0,0.0,789000000.0,8225000000.0,3875000000.0,4350000000.0,26242370953.0,93000000.0,-41000000.0,-16000000.0,872000000.0,-136000000.0,720000000.0,-432000000.0,0.0,-190000000.0,-5000000.0,369000000.0,369000000.0,369000000.0,0.0,0.0,0.14,1986000000.0,645000000.0,1605000000.0,0.376,4.983,21.634,21.451,1365000000.0,0.0,47.515,2.554,2.553,2714000000.0,3554000000.0,2631000000.0,2631000000.0,0.0,,,,,0.0,1986000000.0,1.0,552296558.0,552000000,576000000.0,4.766,8028000000.0,0.0,224000000.0,377000000.0,14.543,-314000000.0
83,MMC,MRQ,2000-12-31,2000-12-31,2000-12-31,2021-10-21,-149000000.0,13769000000.0,,3639000000.0,10130000000.0,,9.471,-160000000.0,240000000.0,240000000.0,0.0,286000000.0,0.883,1.634,2684000000.0,337000000.0,2347000000.0,2684000000.0,0.0,-54000000.0,0.0,0.016,0.25,519000000.0,465000000.0,0.177,465000000.0,519000000.0,463000000.0,0.52,0.49,0.52,5228000000.0,,5228000000.0,34974029357.0,16.0,14.068,328000000.0,0.594,1.0,2627000000.0,1.0,5476000000.0,56000000.0,6618000000.0,,0.0,976000000.0,0.0,976000000.0,8541000000.0,4119000000.0,4422000000.0,32185029357.0,-101000000.0,-49000000.0,11000000.0,-447000000.0,-138000000.0,-574000000.0,-15000000.0,0.0,488000000.0,0.0,286000000.0,286000000.0,286000000.0,0.0,0.0,0.109,2107000000.0,520000000.0,1964000000.0,0.481,6.156,27.252,26.835,1360000000.0,0.0,58.5,3.122,3.082,2812000000.0,3323000000.0,2627000000.0,2627000000.0,0.0,,,,,0.0,2109000000.0,1.0,550171442.0,552000000,578000000.0,4.759,8293000000.0,0.0,177000000.0,291000000.0,15.024,-480000000.0
84,MMC,MRQ,2000-09-30,2000-09-30,2000-09-30,2021-10-21,-162000000.0,13616000000.0,,3687000000.0,9929000000.0,,9.197,-116000000.0,341000000.0,341000000.0,0.0,282000000.0,0.908,1.722,3130000000.0,780000000.0,2350000000.0,3130000000.0,0.0,122000000.0,0.0,0.014,0.25,527000000.0,649000000.0,0.256,649000000.0,527000000.0,464000000.0,0.52,0.485,0.52,5003000000.0,,5003000000.0,39241956664.0,21.0,16.699,378000000.0,0.695,1.0,2535000000.0,1.0,5564000000.0,63000000.0,6779000000.0,,0.0,694000000.0,0.0,694000000.0,8613000000.0,4062000000.0,4551000000.0,36032956664.0,-98000000.0,-49000000.0,191000000.0,-517000000.0,-135000000.0,-461000000.0,-120000000.0,0.0,494000000.0,-11000000.0,282000000.0,282000000.0,282000000.0,0.0,0.0,0.111,2009000000.0,526000000.0,1830000000.0,0.481,7.202,38.252,38.161,1325000000.0,0.0,66.4,3.598,3.607,2843000000.0,3175000000.0,2535000000.0,2535000000.0,0.0,,,,,0.0,2009000000.0,1.0,542665010.0,544000000,572000000.0,4.66,8052000000.0,0.0,182000000.0,193000000.0,14.801,-375000000.0
85,MMC,MRQ,2000-06-30,2000-06-30,2000-06-30,2021-10-21,-157000000.0,13636000000.0,,3695000000.0,9941000000.0,,8.591,-121000000.0,439000000.0,439000000.0,0.0,276000000.0,0.854,1.939,3648000000.0,1299000000.0,2349000000.0,3648000000.0,0.0,118000000.0,0.0,0.017,0.225,515000000.0,633000000.0,0.255,633000000.0,515000000.0,447000000.0,0.51,0.48,0.51,4639000000.0,,4639000000.0,31521815728.0,18.0,14.129,359000000.0,0.665,1.0,2481000000.0,1.0,5540000000.0,68000000.0,6979000000.0,,0.0,618000000.0,0.0,618000000.0,8997000000.0,4326000000.0,4671000000.0,28143815728.0,-68000000.0,-29000000.0,38000000.0,-236000000.0,-121000000.0,-319000000.0,-225000000.0,0.0,480000000.0,-4000000.0,276000000.0,276000000.0,276000000.0,0.0,0.0,0.111,1967000000.0,514000000.0,1817000000.0,0.441,6.067,31.873,31.829,1339000000.0,0.0,52.2,2.899,2.904,2656000000.0,3031000000.0,2481000000.0,2481000000.0,0.0,,,,,0.0,1967000000.0,1.0,539153558.0,540000000,566000000.0,4.594,8096000000.0,0.0,171000000.0,176000000.0,14.993,-631000000.0
86,MMC,MRQ,2000-03-31,2000-03-31,2000-03-31,2021-10-21,-119000000.0,13419000000.0,,3657000000.0,9762000000.0,,8.3,-115000000.0,507000000.0,507000000.0,0.0,337000000.0,0.821,2.016,3885000000.0,1534000000.0,2351000000.0,3885000000.0,0.0,119000000.0,0.0,0.016,0.225,620000000.0,739000000.0,0.277,739000000.0,620000000.0,560000000.0,0.63,0.595,0.63,4449000000.0,,4449000000.0,32605036534.0,21.0,16.006,-279000000.0,-0.521,1.0,2665000000.0,1.0,5480000000.0,60000000.0,6860000000.0,,0.0,606000000.0,0.0,606000000.0,8970000000.0,4457000000.0,4513000000.0,29545036534.0,79000000.0,28000000.0,75000000.0,398000000.0,-120000000.0,353000000.0,-104000000.0,0.0,-164000000.0,-6000000.0,337000000.0,337000000.0,337000000.0,0.0,0.0,0.126,2046000000.0,619000000.0,1800000000.0,0.357,6.641,37.685,37.517,1327000000.0,0.0,55.15,3.12,3.121,2611000000.0,2890000000.0,2665000000.0,2665000000.0,0.0,,,,,0.0,2046000000.0,1.0,535721424.0,536000000,560000000.0,4.972,7939000000.0,0.0,223000000.0,290000000.0,14.812,-800000000.0
87,MMC,MRQ,1999-12-31,1999-12-31,1999-12-31,2021-10-21,-75000000.0,13174000000.0,,3283000000.0,9891000000.0,,7.838,-200000000.0,428000000.0,428000000.0,0.0,47000000.0,0.753,2.159,3488000000.0,1131000000.0,2357000000.0,3488000000.0,0.0,154000000.0,0.0,0.018,0.225,175000000.0,329000000.0,0.141,329000000.0,175000000.0,116000000.0,0.08,0.075,0.08,4170000000.0,,4170000000.0,28494596613.0,19.0,14.887,-3000000.0,-0.006,1.0,2334000000.0,1.0,5542000000.0,59000000.0,6333000000.0,,0.0,611000000.0,0.0,611000000.0,9004000000.0,4359000000.0,4645000000.0,25529596613.0,-213000000.0,85000000.0,7000000.0,-109000000.0,-120000000.0,-222000000.0,-187000000.0,0.0,197000000.0,-1000000.0,47000000.0,47000000.0,47000000.0,0.0,0.0,0.02,2158000000.0,176000000.0,1762000000.0,2.812,6.122,35.165,34.67,1314000000.0,0.0,47.845,2.788,2.748,2298000000.0,2674000000.0,2334000000.0,2334000000.0,0.0,,,,,0.0,2158000000.0,1.0,533589646.0,532000000,556000000.0,4.387,7632000000.0,0.0,69000000.0,188000000.0,14.346,-1076000000.0
88,MMC,MRQ,1999-09-30,1999-09-30,1999-09-30,2021-10-21,-30000000.0,12389000000.0,,3403000000.0,8986000000.0,,8.091,-112000000.0,641000000.0,641000000.0,0.0,223000000.0,0.956,1.9,3606000000.0,1015000000.0,2591000000.0,3606000000.0,0.0,99000000.0,0.0,0.024,0.225,431000000.0,530000000.0,0.238,530000000.0,431000000.0,372000000.0,0.42,0.405,0.42,4272000000.0,,4272000000.0,21043277825.0,13.0,10.423,331000000.0,0.627,1.0,2227000000.0,1.0,5108000000.0,59000000.0,6687000000.0,,0.0,576000000.0,0.0,576000000.0,8117000000.0,3559000000.0,4558000000.0,18088277825.0,42000000.0,-265000000.0,100000000.0,32000000.0,-119000000.0,13000000.0,-420000000.0,0.0,443000000.0,6000000.0,223000000.0,223000000.0,223000000.0,0.0,0.0,0.1,1802000000.0,425000000.0,1142000000.0,0.536,4.234,20.911,20.571,1346000000.0,0.0,34.25,2.063,2.062,2153000000.0,2747000000.0,2227000000.0,2227000000.0,0.0,,,,,0.0,1802000000.0,1.0,528124900.0,528000000,546000000.0,4.218,7281000000.0,0.0,149000000.0,362000000.0,13.79,-156000000.0
89,MMC,MRQ,1999-06-30,1999-06-30,1999-06-30,2021-10-21,-7000000.0,11977000000.0,,3426000000.0,8551000000.0,,7.759,-83000000.0,599000000.0,599000000.0,0.0,177000000.0,0.951,1.935,3554000000.0,957000000.0,2597000000.0,3554000000.0,0.0,88000000.0,0.0,0.021,0.2,351000000.0,439000000.0,0.196,439000000.0,351000000.0,296000000.0,0.34,0.315,0.34,4081000000.0,,4081000000.0,23258227480.0,15.0,12.312,260000000.0,0.494,1.0,2245000000.0,1.0,4846000000.0,55000000.0,6482000000.0,,0.0,684000000.0,0.0,684000000.0,7896000000.0,3604000000.0,4292000000.0,19924227480.0,9000000.0,-81000000.0,320000000.0,-369000000.0,-105000000.0,-154000000.0,-173000000.0,0.0,343000000.0,-7000000.0,177000000.0,177000000.0,177000000.0,0.0,0.0,0.079,1898000000.0,347000000.0,1451000000.0,0.588,4.882,24.063,23.506,1264000000.0,0.0,37.845,2.412,2.41,2173000000.0,2644000000.0,2245000000.0,2245000000.0,0.0,,,,,0.0,1898000000.0,1.0,526469216.0,526000000,544000000.0,4.268,7131000000.0,0.0,119000000.0,318000000.0,13.557,-178000000.0
90,MMC,MRQ,1999-03-31,1999-03-31,1999-03-31,2021-10-21,57000000.0,11869000000.0,,3357000000.0,8512000000.0,,7.285,-81000000.0,590000000.0,590000000.0,0.0,279000000.0,0.694,2.157,3924000000.0,2360000000.0,1564000000.0,3924000000.0,0.0,90000000.0,0.0,0.021,0.2,526000000.0,616000000.0,0.262,616000000.0,526000000.0,466000000.0,0.54,0.515,0.54,3759000000.0,,3759000000.0,22934666663.0,15.0,12.278,-33000000.0,-0.064,1.0,2351000000.0,1.0,4811000000.0,60000000.0,5552000000.0,,0.0,693000000.0,0.0,693000000.0,8110000000.0,4840000000.0,3270000000.0,19110666663.0,-20000000.0,-11000000.0,49000000.0,83000000.0,-103000000.0,29000000.0,-96000000.0,0.0,48000000.0,-1000000.0,279000000.0,279000000.0,279000000.0,0.0,0.0,0.119,1832000000.0,519000000.0,1448000000.0,0.37,5.084,22.643,22.568,1240000000.0,0.0,37.125,2.461,2.467,2035000000.0,2586000000.0,2351000000.0,2351000000.0,0.0,,,,,0.0,1832000000.0,1.0,514765432.0,516000000,532000000.0,4.556,7058000000.0,73000000.0,187000000.0,437000000.0,13.678,-1483000000.0
91,MMC,MRQ,1998-12-31,1998-12-31,1998-12-31,2021-10-21,206000000.0,11871000000.0,,3245000000.0,8626000000.0,,7.146,-170000000.0,610000000.0,610000000.0,0.0,186000000.0,0.662,2.244,3824000000.0,2234000000.0,1590000000.0,3824000000.0,0.0,91000000.0,0.0,0.025,0.2,343000000.0,434000000.0,0.223,434000000.0,343000000.0,297000000.0,0.365,0.35,0.365,3659000000.0,,3659000000.0,16129774171.0,11.0,9.394,117000000.0,0.229,1.0,1945000000.0,1.0,4826000000.0,46000000.0,5357000000.0,,0.0,828000000.0,0.0,828000000.0,8212000000.0,4902000000.0,3310000000.0,15036774171.0,-57000000.0,71000000.0,-33000000.0,-215000000.0,-99000000.0,-347000000.0,2000000.0,0.0,287000000.0,1000000.0,186000000.0,186000000.0,186000000.0,0.0,0.0,0.096,1610000000.0,335000000.0,1338000000.0,0.548,4.11,18.89,18.791,1287000000.0,0.0,29.22,2.091,2.081,1909000000.0,2412000000.0,1945000000.0,1945000000.0,0.0,,,,,0.0,1610000000.0,1.0,514605550.0,512000000,528000000.0,3.799,7045000000.0,0.0,111000000.0,385000000.0,13.76,-1657000000.0
92,MMC,MRQ,1998-09-30,1998-09-30,1998-09-30,2021-10-21,216000000.0,8728000000.0,,2846000000.0,5882000000.0,,6.986,-82000000.0,667000000.0,667000000.0,0.0,186000000.0,1.049,1.44,1760000000.0,480000000.0,1280000000.0,1760000000.0,0.0,60000000.0,0.0,0.028,0.2,340000000.0,400000000.0,0.233,400000000.0,340000000.0,307000000.0,0.365,0.345,0.365,3577000000.0,,3577000000.0,14063276438.0,13.0,10.402,451000000.0,0.881,1.0,1719000000.0,1.0,2822000000.0,33000000.0,4285000000.0,,0.0,752000000.0,0.0,752000000.0,5151000000.0,2714000000.0,2437000000.0,12719276438.0,69000000.0,-60000000.0,22000000.0,-195000000.0,-105000000.0,-278000000.0,-193000000.0,0.0,533000000.0,7000000.0,186000000.0,186000000.0,186000000.0,0.0,0.0,0.108,1384000000.0,335000000.0,1130000000.0,0.548,3.556,21.377,21.725,934000000.0,0.0,24.875,1.851,1.854,1636000000.0,2294000000.0,1719000000.0,1719000000.0,0.0,,,,,0.0,1384000000.0,1.0,511327696.0,512000000,526000000.0,3.357,5906000000.0,0.0,121000000.0,354000000.0,11.535,132000000.0
93,MMC,MRQ,1998-06-30,1998-06-30,1998-06-30,2021-10-21,270000000.0,8599000000.0,,2863000000.0,5736000000.0,,6.848,-74000000.0,598000000.0,598000000.0,0.0,193000000.0,1.072,1.443,1942000000.0,648000000.0,1294000000.0,1942000000.0,0.0,65000000.0,0.0,0.022,0.167,353000000.0,418000000.0,0.239,418000000.0,353000000.0,320000000.0,0.375,0.36,0.375,3520000000.0,,3520000000.0,16610262731.0,16.0,13.141,113000000.0,0.22,1.0,1750000000.0,1.0,2720000000.0,33000000.0,4553000000.0,,0.0,893000000.0,0.0,893000000.0,5079000000.0,2670000000.0,2409000000.0,15511262731.0,31000000.0,-201000000.0,-89000000.0,276000000.0,-86000000.0,101000000.0,-258000000.0,0.0,187000000.0,1000000.0,193000000.0,193000000.0,193000000.0,0.0,0.0,0.11,1404000000.0,346000000.0,1150000000.0,0.445,4.407,28.254,28.645,884000000.0,0.0,30.22,2.315,2.318,1686000000.0,2211000000.0,1750000000.0,1750000000.0,0.0,,,,,0.0,1404000000.0,1.0,513278052.0,514000000,530000000.0,3.405,5879000000.0,0.0,127000000.0,228000000.0,11.438,193000000.0
94,MMC,MRQ,1998-03-31,1998-03-31,1998-03-31,2021-10-21,268000000.0,8344000000.0,,2779000000.0,5565000000.0,,6.823,-60000000.0,567000000.0,567000000.0,0.0,231000000.0,1.096,1.379,1666000000.0,503000000.0,1163000000.0,1666000000.0,0.0,56000000.0,0.0,0.022,0.167,409000000.0,465000000.0,0.262,465000000.0,409000000.0,381000000.0,0.45,0.435,0.45,3507000000.0,,3507000000.0,16367890517.0,17.0,14.002,87000000.0,0.169,1.0,1776000000.0,1.0,2514000000.0,28000000.0,4393000000.0,,0.0,869000000.0,0.0,869000000.0,4837000000.0,2536000000.0,2301000000.0,14891390517.0,143000000.0,-112000000.0,43000000.0,200000000.0,-85000000.0,158000000.0,-159000000.0,0.0,147000000.0,-3000000.0,231000000.0,231000000.0,231000000.0,0.0,0.0,0.13,1372000000.0,404000000.0,1269000000.0,0.371,4.246,29.723,30.159,940000000.0,0.0,29.103,2.295,2.305,1606000000.0,2121000000.0,1776000000.0,1776000000.0,0.0,,,,,0.0,1372000000.0,1.0,511673022.0,514000000,528000000.0,3.455,5830000000.0,0.0,150000000.0,326000000.0,11.342,243000000.0
95,MMC,MRQ,1997-12-31,1997-12-31,1997-12-31,2021-10-21,167000000.0,7912000000.0,,2567000000.0,5345000000.0,,6.29,-43000000.0,0.0,0.0,0.0,-15000000.0,1.096,1.447,1477000000.0,237000000.0,1240000000.0,1477000000.0,0.0,52000000.0,0.0,0.025,0.167,17000000.0,69000000.0,0.042,69000000.0,17000000.0,-13000000.0,-0.045,-0.045,-0.045,3233000000.0,,3233000000.0,13795207679.0,17.0,13.511,71000000.0,0.138,1.0,1626000000.0,1.0,2417000000.0,30000000.0,4629000000.0,,0.0,720000000.0,0.0,720000000.0,4679000000.0,2343000000.0,2336000000.0,12664307679.0,-11000000.0,120000000.0,15000000.0,-73000000.0,-85000000.0,-143000000.0,22000000.0,0.0,114000000.0,-4000000.0,-15000000.0,-15000000.0,-15000000.0,0.0,0.0,-0.009,1616000000.0,10000000.0,1223000000.0,-3.711,3.917,29.18,28.083,957000000.0,0.0,24.853,2.108,2.027,1498000000.0,2010000000.0,1626000000.0,1626000000.0,0.0,,,,,0.0,1616000000.0,1.0,509561736.0,514000000,526000000.0,3.163,5495000000.0,166000000.0,2000000.0,234000000.0,10.691,224000000.0
96,MMC,MRQ,1997-09-30,1997-09-30,1997-09-30,2021-10-21,173100000.0,7385100000.0,,2336600000.0,5048500000.0,,6.568,-42000000.0,434900000.0,434900000.0,0.0,140000000.0,1.355,-0.992,1565800000.0,297400000.0,1268400000.0,1565800000.0,0.0,57000000.0,0.0,0.024,0.167,255000000.0,312000000.0,0.202,312000000.0,255000000.0,227000000.0,0.275,0.27,0.275,3323500000.0,,3323500000.0,14130921349.0,15.0,12.883,127000000.0,0.251,1.0,1548000000.0,1.0,2171400000.0,28000000.0,4620000000.0,,0.0,729500000.0,0.0,729500000.0,-3296500000.0,1724600000.0,-5021100000.0,12911621349.0,-65000000.0,-18000000.0,81000000.0,-155000000.0,-84000000.0,-158000000.0,-76000000.0,0.0,169000000.0,0.0,140000000.0,140000000.0,140000000.0,0.0,0.0,0.09,1299000000.0,249000000.0,679200000.0,0.607,3.885,23.587,15.097,960500000.0,0.0,25.543,2.269,2.271,1421600000.0,2110500000.0,1548000000.0,1548000000.0,0.0,,,,,0.0,1299000000.0,1.0,505479108.0,506000000,520000000.0,3.059,5213700000.0,0.0,87000000.0,212500000.0,10.304,612000000.0
97,MMC,MRQ,1997-06-30,1997-06-30,1997-06-30,2021-10-21,145300000.0,7456800000.0,,2375700000.0,5081100000.0,,6.366,-66000000.0,500400000.0,500400000.0,0.0,145000000.0,1.113,-0.992,1719700000.0,609200000.0,1110500000.0,1719700000.0,0.0,53000000.0,0.0,0.025,0.15,270000000.0,323000000.0,0.21,323000000.0,270000000.0,238000000.0,0.285,0.28,0.285,3182800000.0,,3182800000.0,13028562328.0,16.0,13.06,130000000.0,0.26,1.0,1540000000.0,1.0,2194100000.0,32000000.0,4347800000.0,,0.0,642100000.0,0.0,642100000.0,-3155800000.0,2134200000.0,-5290000000.0,11833062328.0,-92000000.0,-146000000.0,59000000.0,-61000000.0,-72000000.0,-74000000.0,-209000000.0,0.0,196000000.0,-5000000.0,145000000.0,145000000.0,145000000.0,0.0,0.0,0.094,1278000000.0,262000000.0,767200000.0,0.526,3.718,23.202,14.359,969100000.0,0.0,23.793,2.306,2.318,1415200000.0,2055200000.0,1540000000.0,1540000000.0,0.0,,,,,0.0,1278000000.0,1.0,497326800.0,500000000,512000000.0,3.08,5262700000.0,0.0,93000000.0,284700000.0,10.525,241500000.0
98,MMC,MRQ,1997-03-31,1997-03-31,1997-03-31,2021-10-21,96700000.0,7257600000.0,,2396700000.0,4860900000.0,,6.853,-51000000.0,592400000.0,592400000.0,0.0,164000000.0,1.129,1.418,1787900000.0,618200000.0,1169700000.0,1787900000.0,0.0,37000000.0,0.0,0.03,0.15,280000000.0,317000000.0,0.245,317000000.0,280000000.0,263000000.0,0.377,0.367,0.377,3001700000.0,,3001700000.0,9087594975.0,12.0,10.034,-115000000.0,-0.263,1.0,1295000000.0,1.0,2133200000.0,17000000.0,4197600000.0,,0.0,571300000.0,0.0,571300000.0,4255900000.0,2122300000.0,2133600000.0,8236994975.0,292000000.0,-375000000.0,55000000.0,784000000.0,-65000000.0,774000000.0,-413000000.0,0.0,-64000000.0,-5000000.0,164000000.0,164000000.0,164000000.0,0.0,0.0,0.127,1018000000.0,277000000.0,933800000.0,0.398,2.744,17.153,11.549,954000000.0,0.0,18.883,1.78,1.787,1363500000.0,1993900000.0,1295000000.0,1295000000.0,0.0,,,,,0.0,1018000000.0,1.0,436204500.0,438000000,447000000.0,2.957,5124400000.0,0.0,99000000.0,268300000.0,11.7,274400000.0
99,MMC,MRQ,1996-12-31,1996-12-31,1996-12-31,2021-10-21,145500000.0,4545200000.0,,1748600000.0,2796600000.0,,6.521,-63600000.0,0.0,0.0,0.0,98400000.0,1.124,1.407,850600000.0,392400000.0,458200000.0,850600000.0,0.0,36000000.0,0.0,0.032,0.15,108900000.0,144900000.0,0.111,144900000.0,108900000.0,92900000.0,0.755,0.73,0.755,1888600000.0,,1888600000.0,,,,-9400000.0,-0.032,1.0,1307500000.0,1.0,545300000.0,16000000.0,3294200000.0,,0.0,573300000.0,0.0,573300000.0,2656600000.0,1556300000.0,1100300000.0,7560878000.0,-117300000.0,-2100000.0,42100000.0,-25400000.0,-64500000.0,-48200000.0,-119800000.0,0.0,54200000.0,-3500000.0,98400000.0,98400000.0,98400000.0,0.0,0.0,0.075,1202200000.0,105300000.0,447500000.0,0.199,4.003,16.462,10.936,770100000.0,0.0,17.333,1.717,1.14,1085800000.0,1901600000.0,1307500000.0,1307500000.0,0.0,,,,,0.0,1202200000.0,1.0,436204500.0,289600000,294800000.0,4.515,3999900000.0,0.0,-5500000.0,259600000.0,13.812,192300000.0
100,MMC,MRQ,1996-09-30,1996-09-30,1996-09-30,2021-10-21,,,,,,,,-33100000.0,,,0.0,102600000.0,,,,,,,,34800000.0,,0.033,0.133,177900000.0,212700000.0,0.215,212700000.0,177900000.0,163400000.0,0.24,0.24,0.24,,,,,,,124000000.0,0.288,1.0,989000000.0,1.0,,14500000.0,,,,,,,,,,,78600000.0,-3600000.0,-116300000.0,129100000.0,-58000000.0,-45200000.0,-33600000.0,0.0,157100000.0,300000.0,102600000.0,102600000.0,102600000.0,0.0,0.0,0.104,814800000.0,174200000.0,,0.554,,,,,0.0,16.187,,,,,989000000.0,989000000.0,0.0,,,,,0.0,814800000.0,1.0,,430200000,430200000.0,2.299,,,60800000.0,,,
101,MMC,MRQ,1996-06-30,1996-06-30,1996-06-30,2021-10-21,,,,,,,,-28800000.0,,,0.0,115200000.0,,,,,,,,34300000.0,,0.033,0.133,196800000.0,231100000.0,0.223,231100000.0,196800000.0,180900000.0,0.263,0.263,0.263,,,,,,,46200000.0,0.105,1.0,1036800000.0,1.0,,15900000.0,,,,,,,,,,,100000.0,241800000.0,-28500000.0,-191300000.0,-58400000.0,-276400000.0,202800000.0,0.0,75000000.0,-1300000.0,115200000.0,115200000.0,115200000.0,0.0,0.0,0.111,843500000.0,193300000.0,,0.506,,,,,0.0,15.958,,,,,1036800000.0,1036800000.0,0.0,,,,,0.0,843500000.0,1.0,,438000000,438000000.0,2.367,,,65700000.0,,,
102,MMC,MRQ,1996-03-31,1996-03-31,1996-03-31,2021-10-21,,,,,,,,-31500000.0,,,0.0,143100000.0,,,,,,,,34900000.0,,0.032,0.133,246000000.0,280900000.0,0.262,280900000.0,246000000.0,230800000.0,0.327,,0.327,,,,,,,-800000.0,-0.002,1.0,1070700000.0,1.0,,15200000.0,,,,,,,,,,,10600000.0,-1100000.0,15700000.0,86600000.0,-58100000.0,44800000.0,-63400000.0,0.0,30700000.0,-1500000.0,143100000.0,143100000.0,143100000.0,0.0,0.0,0.134,828200000.0,242500000.0,,0.407,,,,,0.0,15.812,,,,,1070700000.0,1070700000.0,0.0,,,,,0.0,828200000.0,1.0,,437400000,,2.448,,,87700000.0,,,
0,MMC,MRT,2021-09-30,2021-09-30,2021-09-30,2021-10-21,-5345000000.0,32982000000.0,32814250000.0,7877000000.0,25105000000.0,0.582,19.237,-335000000.0,1398000000.0,1398000000.0,0.0,2746000000.0,1.183,2.373,12983000000.0,855000000.0,12128000000.0,12983000000.0,0.0,1118000000.0,0.0,0.013,1.93,4218000000.0,5336000000.0,0.279,5336000000.0,4218000000.0,3755000000.0,5.33,5.29,5.33,9734000000.0,9595000000.0,9734000000.0,88937365337.0,21.0,16.667,3122000000.0,6.17,1.0,19099000000.0,1.0,18235000000.0,463000000.0,19673000000.0,20180500000.0,0.0,0.0,0.0,0.0,23094000000.0,6659000000.0,16435000000.0,76718365337.0,-990000000.0,-421000000.0,-585000000.0,-2016000000.0,-991000000.0,-3763000000.0,-757000000.0,7000000.0,3457000000.0,73000000.0,2714000000.0,2714000000.0,2714000000.0,0.0,32000000.0,0.142,15202000000.0,3897000000.0,2833000000.0,0.362,7.881,28.268,28.411,2723000000.0,0.0,151.43,4.017,4.012,5624000000.0,17589000000.0,19099000000.0,19099000000.0,0.0,0.083,0.283,0.209,0.221,334000000.0,15202000000.0,1.0,506625935.0,506000000,513000000.0,37.745,14747000000.0,692000000.0,1041000000.0,333000000.0,29.144,1218000000.0
1,MMC,MRT,2021-06-30,2021-06-30,2021-06-30,2021-10-21,-5153000000.0,32953000000.0,32739000000.0,7573000000.0,25380000000.0,0.565,19.898,-296000000.0,888000000.0,888000000.0,0.0,2524000000.0,1.302,2.245,13107000000.0,858000000.0,12249000000.0,13107000000.0,0.0,1117000000.0,0.0,0.013,1.86,3983000000.0,5100000000.0,0.276,5100000000.0,3983000000.0,3499000000.0,4.89,4.86,4.89,10108000000.0,9309250000.0,10108000000.0,83869271350.0,21.0,16.445,3258000000.0,6.413,1.0,18484000000.0,1.0,18492000000.0,484000000.0,20864000000.0,20513000000.0,0.0,0.0,0.0,0.0,22689000000.0,5816000000.0,16873000000.0,71540271350.0,-823000000.0,-383000000.0,-293000000.0,-2517000000.0,-955000000.0,-3992000000.0,-687000000.0,2000000.0,3554000000.0,302000000.0,2493000000.0,2493000000.0,2493000000.0,0.0,31000000.0,0.135,14787000000.0,3697000000.0,2830000000.0,0.38,7.078,28.696,28.769,2799000000.0,0.0,140.68,3.87,3.866,5839000000.0,17597000000.0,18484000000.0,18484000000.0,0.0,0.076,0.268,0.194,0.215,319000000.0,14787000000.0,1.0,508531926.0,508000000,513000000.0,36.386,14461000000.0,669000000.0,1006000000.0,353000000.0,28.467,1757000000.0
2,MMC,MRT,2021-03-31,2021-03-31,2021-03-31,2021-10-21,-5197000000.0,32273000000.0,32543000000.0,7549000000.0,24724000000.0,0.543,18.534,-296000000.0,1120000000.0,1120000000.0,0.0,2277000000.0,1.233,2.404,13449000000.0,1357000000.0,12092000000.0,13449000000.0,0.0,1109000000.0,0.0,0.015,1.85,3582000000.0,4691000000.0,0.266,4691000000.0,3582000000.0,3076000000.0,4.41,4.38,4.41,9434000000.0,8838750000.0,9434000000.0,73387123130.0,20.0,15.644,3316000000.0,6.515,1.0,17656000000.0,1.0,18061000000.0,506000000.0,20418000000.0,20898750000.0,0.0,0.0,0.0,0.0,22677000000.0,6123000000.0,16554000000.0,61897123130.0,-360000000.0,-377000000.0,11000000.0,-2472000000.0,-948000000.0,-3671000000.0,-636000000.0,54000000.0,3612000000.0,335000000.0,2245000000.0,2245000000.0,2245000000.0,0.0,32000000.0,0.127,14302000000.0,3354000000.0,2940000000.0,0.42,6.561,27.571,27.619,2654000000.0,0.0,121.8,3.506,3.511,5597000000.0,16780000000.0,17656000000.0,17656000000.0,0.0,0.069,0.254,0.171,0.203,296000000.0,14302000000.0,1.0,508186561.0,509000000,514000000.0,34.688,14212000000.0,704000000.0,831000000.0,368000000.0,27.921,1426000000.0
3,MMC,MRT,2020-12-31,2020-12-31,2020-12-31,2021-10-21,-5110000000.0,33049000000.0,32322500000.0,8155000000.0,24894000000.0,0.533,17.992,-342000000.0,2089000000.0,2089000000.0,0.0,2046000000.0,1.244,2.613,13579000000.0,859000000.0,12720000000.0,13579000000.0,0.0,1096000000.0,0.0,0.016,1.84,3278000000.0,4374000000.0,0.254,4374000000.0,3278000000.0,2763000000.0,3.98,3.94,3.98,9104000000.0,8304000000.0,9104000000.0,71938296573.0,22.0,16.447,3040000000.0,6.008,1.0,17224000000.0,1.0,18216000000.0,515000000.0,19767000000.0,21256500000.0,0.0,0.0,0.0,0.0,23789000000.0,6556000000.0,17233000000.0,59341296573.0,934000000.0,-570000000.0,132000000.0,-778000000.0,-943000000.0,-1880000000.0,-814000000.0,107000000.0,3382000000.0,246000000.0,2016000000.0,2016000000.0,2016000000.0,0.0,30000000.0,0.117,14158000000.0,3066000000.0,3050000000.0,0.462,6.518,29.435,29.397,2750000000.0,0.0,117.0,3.445,3.437,5326000000.0,16272000000.0,17224000000.0,17224000000.0,0.0,0.062,0.243,0.154,0.19,290000000.0,14158000000.0,1.0,507190569.0,506000000,512000000.0,34.04,14833000000.0,702000000.0,747000000.0,247000000.0,29.314,1599000000.0
4,MMC,MRT,2020-09-30,2020-09-30,2020-09-30,2021-10-21,-5148000000.0,32681000000.0,31899500000.0,8312000000.0,24369000000.0,0.535,16.945,-409000000.0,2388000000.0,2388000000.0,0.0,2063000000.0,1.273,2.785,14985000000.0,1551000000.0,13434000000.0,14985000000.0,0.0,1034000000.0,0.0,0.016,1.83,3271000000.0,4305000000.0,0.252,4305000000.0,3271000000.0,2754000000.0,4.01,3.99,4.01,8591000000.0,7976250000.0,8591000000.0,71822912430.0,22.0,16.684,2660000000.0,5.247,1.0,17072000000.0,1.0,17745000000.0,517000000.0,21003000000.0,21390250000.0,0.0,0.0,0.0,0.0,23929000000.0,6530000000.0,17399000000.0,58098912430.0,1175000000.0,-467000000.0,-61000000.0,97000000.0,-937000000.0,-1194000000.0,-813000000.0,92000000.0,3069000000.0,113000000.0,2033000000.0,2033000000.0,2033000000.0,0.0,30000000.0,0.119,13985000000.0,3087000000.0,2662000000.0,0.456,6.763,28.578,28.603,2748000000.0,0.0,114.7,3.403,3.406,5236000000.0,15902000000.0,17072000000.0,17072000000.0,0.0,0.064,0.255,0.153,0.192,287000000.0,13985000000.0,1.0,506529315.0,507000000,512000000.0,33.673,14936000000.0,623000000.0,721000000.0,318000000.0,29.46,1782000000.0
5,MMC,MRT,2020-06-30,2020-06-30,2020-06-30,2021-10-21,-5582000000.0,32169000000.0,31503500000.0,8097000000.0,24072000000.0,0.542,16.257,-452000000.0,1711000000.0,1711000000.0,0.0,2049000000.0,1.366,2.89,15435000000.0,1548000000.0,13887000000.0,15435000000.0,0.0,1028000000.0,0.0,0.017,1.82,3232000000.0,4260000000.0,0.25,4260000000.0,3232000000.0,2710000000.0,3.99,3.96,3.99,8226000000.0,7733500000.0,8226000000.0,68733976952.0,21.0,16.135,2246000000.0,4.439,1.0,17072000000.0,1.0,17558000000.0,522000000.0,22407000000.0,21487250000.0,0.0,0.0,0.0,0.0,23777000000.0,5928000000.0,17849000000.0,54341976952.0,417000000.0,-410000000.0,-269000000.0,74000000.0,-934000000.0,-1397000000.0,-805000000.0,84000000.0,2698000000.0,-79000000.0,2020000000.0,2020000000.0,2020000000.0,0.0,29000000.0,0.118,14058000000.0,3014000000.0,2668000000.0,0.456,6.606,26.902,26.91,2748000000.0,0.0,107.37,3.183,3.182,5647000000.0,16060000000.0,17072000000.0,17072000000.0,0.0,0.064,0.261,0.15,0.189,282000000.0,14058000000.0,1.0,506118813.0,506000000,511000000.0,33.739,14611000000.0,618000000.0,690000000.0,367000000.0,28.875,2169000000.0
6,MMC,MRT,2020-03-31,2020-03-31,2020-03-31,2021-10-21,-5847000000.0,31391000000.0,31490250000.0,7749000000.0,23642000000.0,0.547,14.446,-457000000.0,1480000000.0,1480000000.0,0.0,1813000000.0,1.13,3.282,15872000000.0,2743000000.0,13129000000.0,15872000000.0,0.0,1032000000.0,0.0,0.021,1.78,3000000000.0,4032000000.0,0.234,4032000000.0,3000000000.0,2469000000.0,3.52,3.49,3.52,7295000000.0,7693250000.0,7295000000.0,56636011915.0,19.0,14.047,1542000000.0,3.053,1.0,17232000000.0,1.0,17075000000.0,531000000.0,21849000000.0,21467500000.0,0.0,0.0,0.0,0.0,23940000000.0,6859000000.0,17081000000.0,43567011915.0,-5996000000.0,-5329000000.0,-360000000.0,-407000000.0,-912000000.0,-2180000000.0,-5729000000.0,122000000.0,1999000000.0,-86000000.0,1780000000.0,1780000000.0,1780000000.0,0.0,33000000.0,0.103,14423000000.0,2809000000.0,2611000000.0,0.506,5.972,24.476,24.562,2735000000.0,0.0,86.46,2.528,2.534,5558000000.0,15490000000.0,17232000000.0,17232000000.0,0.0,0.057,0.231,0.14,0.174,267000000.0,14423000000.0,1.0,503897894.0,505000000,510000000.0,34.123,14316000000.0,694000000.0,689000000.0,256000000.0,28.349,890000000.0
7,MMC,MRT,2019-12-31,2019-12-31,2019-12-31,2021-10-21,-5055000000.0,31357000000.0,31176750000.0,7068000000.0,24289000000.0,0.534,15.401,-411000000.0,1155000000.0,1155000000.0,0.0,1773000000.0,1.058,3.004,14224000000.0,1557000000.0,12667000000.0,14224000000.0,0.0,962000000.0,0.0,0.016,1.74,2932000000.0,3894000000.0,0.234,3894000000.0,2932000000.0,2408000000.0,3.44,3.41,3.44,7793000000.0,7846750000.0,7793000000.0,69878088396.0,24.0,17.945,1950000000.0,3.854,1.0,16652000000.0,1.0,17445000000.0,524000000.0,20302000000.0,22753500000.0,0.0,0.0,0.0,0.0,23414000000.0,6679000000.0,16735000000.0,56225088396.0,89000000.0,-5276000000.0,-327000000.0,5110000000.0,-890000000.0,3306000000.0,-5671000000.0,92000000.0,2361000000.0,93000000.0,1742000000.0,1742000000.0,1742000000.0,0.0,31000000.0,0.105,13975000000.0,2677000000.0,2746000000.0,0.506,7.215,32.276,32.387,2779000000.0,0.0,111.41,3.376,3.385,5236000000.0,15199000000.0,16652000000.0,16652000000.0,0.0,0.056,0.222,0.129,0.176,252000000.0,13975000000.0,1.0,504668238.0,506000000,511000000.0,32.909,13912000000.0,676000000.0,666000000.0,179000000.0,27.494,389000000.0
8,MMC,MRT,2019-09-30,2019-09-30,2019-09-30,2021-10-21,-4931000000.0,31097000000.0,28732000000.0,7056000000.0,24041000000.0,0.56,15.059,-372000000.0,1213000000.0,1213000000.0,0.0,1536000000.0,1.137,3.058,14866000000.0,1480000000.0,13386000000.0,14866000000.0,0.0,839000000.0,0.0,0.017,1.7,2586000000.0,3425000000.0,0.213,3425000000.0,2586000000.0,2100000000.0,2.98,2.94,2.98,7620000000.0,7776250000.0,7620000000.0,64812434560.0,25.0,18.923,2028000000.0,4.008,1.0,16100000000.0,1.0,17155000000.0,486000000.0,21391000000.0,20272000000.0,0.0,0.0,0.0,0.0,23300000000.0,6204000000.0,17096000000.0,50656434560.0,262000000.0,-5518000000.0,-147000000.0,5399000000.0,-868000000.0,3774000000.0,-5841000000.0,107000000.0,2400000000.0,-71000000.0,1504000000.0,1504000000.0,1504000000.0,0.0,32000000.0,0.093,13394000000.0,2706000000.0,2479000000.0,0.57,6.648,33.681,33.574,2773000000.0,0.0,100.05,3.146,3.144,5198000000.0,14811000000.0,16100000000.0,16100000000.0,0.0,0.052,0.193,0.128,0.161,231000000.0,13394000000.0,1.0,506311190.0,506000000,511000000.0,31.818,13942000000.0,603000000.0,596000000.0,251000000.0,27.553,852000000.0
9,MMC,MRT,2019-06-30,2019-06-30,2019-06-30,2021-10-21,-4527000000.0,32116000000.0,26240000000.0,7526000000.0,24590000000.0,0.596,15.907,-336000000.0,1294000000.0,1294000000.0,0.0,1509000000.0,1.179,2.948,15450000000.0,2010000000.0,13440000000.0,15450000000.0,0.0,708000000.0,0.0,0.017,1.66,2493000000.0,3201000000.0,0.205,3201000000.0,2493000000.0,2071000000.0,2.93,2.89,2.93,8065000000.0,7734500000.0,8065000000.0,64395071198.0,26.0,20.117,1920000000.0,3.787,1.0,15636000000.0,1.0,17562000000.0,422000000.0,22328000000.0,17633500000.0,0.0,0.0,0.0,0.0,23779000000.0,6382000000.0,17397000000.0,50597071198.0,258000000.0,-5969000000.0,-122000000.0,5798000000.0,-846000000.0,4246000000.0,-6240000000.0,118000000.0,2256000000.0,-4000000.0,1477000000.0,1477000000.0,1477000000.0,0.0,32000000.0,0.094,12856000000.0,2780000000.0,2600000000.0,0.567,6.274,34.257,34.044,2815000000.0,0.0,99.75,3.236,3.234,5553000000.0,14741000000.0,15636000000.0,15636000000.0,0.0,0.056,0.191,0.141,0.159,211000000.0,12856000000.0,1.0,507238809.0,507000000,512000000.0,30.84,14554000000.0,628000000.0,594000000.0,165000000.0,28.706,1144000000.0
10,MMC,MRT,2019-03-31,2019-03-31,2019-03-31,2021-10-21,-4590000000.0,30137000000.0,23500750000.0,12675000000.0,17462000000.0,0.639,15.661,-326000000.0,1117000000.0,1117000000.0,0.0,1701000000.0,2.209,2.801,14915000000.0,1853000000.0,13062000000.0,14915000000.0,0.0,562000000.0,0.0,0.017,1.62,2596000000.0,3158000000.0,0.21,3158000000.0,2596000000.0,2247000000.0,3.32,3.28,3.32,7909000000.0,7647250000.0,7909000000.0,52187733222.0,20.0,16.526,2190000000.0,4.337,1.0,15021000000.0,1.0,11203000000.0,349000000.0,26993000000.0,14988500000.0,0.0,0.0,0.0,0.0,22151000000.0,5739000000.0,16412000000.0,47429733222.0,6308000000.0,-893000000.0,-287000000.0,6662000000.0,-828000000.0,5222000000.0,-1206000000.0,22000000.0,2516000000.0,-224000000.0,1676000000.0,1676000000.0,1676000000.0,0.0,25000000.0,0.112,12230000000.0,2791000000.0,2244000000.0,0.488,5.997,28.299,28.283,2341000000.0,0.0,93.9,3.158,3.157,4630000000.0,14642000000.0,15021000000.0,15021000000.0,0.0,0.071,0.219,0.173,0.173,200000000.0,12230000000.0,1.0,505108980.0,505000000,511000000.0,29.745,18934000000.0,680000000.0,571000000.0,256000000.0,37.493,6936000000.0
11,MMC,MRT,2018-12-31,2018-12-31,2018-12-31,2021-10-21,-4647000000.0,21578000000.0,21311250000.0,5934000000.0,15644000000.0,0.702,14.844,-311000000.0,1066000000.0,1066000000.0,0.0,1670000000.0,1.205,1.863,5824000000.0,314000000.0,5510000000.0,5824000000.0,0.0,494000000.0,0.0,0.02,1.58,2514000000.0,3008000000.0,0.201,3008000000.0,2514000000.0,2224000000.0,3.26,3.23,3.26,7511000000.0,7655000000.0,7511000000.0,45369720656.0,18.0,15.083,2117000000.0,4.184,1.0,14950000000.0,1.0,11036000000.0,290000000.0,10376000000.0,11231750000.0,0.0,0.0,0.0,0.0,13994000000.0,4924000000.0,9070000000.0,40170720656.0,-139000000.0,-774000000.0,-582000000.0,293000000.0,-807000000.0,-1310000000.0,-1089000000.0,4000000.0,2428000000.0,-168000000.0,1650000000.0,1650000000.0,1650000000.0,0.0,20000000.0,0.11,12189000000.0,2761000000.0,2234000000.0,0.485,5.348,24.346,24.463,701000000.0,0.0,79.75,2.687,2.699,4317000000.0,14347000000.0,14950000000.0,14950000000.0,0.0,0.077,0.216,0.224,0.168,193000000.0,12189000000.0,1.0,503708096.0,506000000,511000000.0,29.545,10542000000.0,680000000.0,574000000.0,157000000.0,20.834,1010000000.0
12,MMC,MRT,2018-09-30,2018-09-30,2018-09-30,2021-10-21,-4488000000.0,21129000000.0,21024000000.0,5966000000.0,15163000000.0,0.71,14.788,-300000000.0,951000000.0,951000000.0,0.0,1541000000.0,1.262,1.824,6150000000.0,638000000.0,5512000000.0,6150000000.0,0.0,496000000.0,0.0,0.019,1.54,2906000000.0,3402000000.0,0.228,3402000000.0,2906000000.0,2649000000.0,3.02,2.98,3.02,7453000000.0,7617000000.0,7453000000.0,46987908045.0,16.0,13.812,1775000000.0,3.522,1.0,14923000000.0,1.0,10764000000.0,257000000.0,10837000000.0,11159250000.0,0.0,0.0,0.0,0.0,13591000000.0,4727000000.0,8864000000.0,41771908045.0,-127000000.0,-557000000.0,-871000000.0,631000000.0,-789000000.0,-1229000000.0,-849000000.0,7000000.0,2075000000.0,-124000000.0,1526000000.0,1526000000.0,1526000000.0,-2000000.0,15000000.0,0.102,12113000000.0,2810000000.0,2293000000.0,0.51,5.605,27.373,27.391,707000000.0,0.0,82.72,2.799,2.794,4476000000.0,14196000000.0,14923000000.0,14923000000.0,0.0,0.073,0.2,0.26,0.195,184000000.0,12113000000.0,1.0,504979546.0,504000000,510000000.0,29.609,10365000000.0,497000000.0,1123000000.0,179000000.0,20.565,1239000000.0
13,MMC,MRT,2018-06-30,2018-06-30,2018-06-30,2021-10-21,-4265000000.0,21159000000.0,20664250000.0,6175000000.0,14984000000.0,0.714,15.219,-288000000.0,1036000000.0,1036000000.0,0.0,1659000000.0,1.465,1.732,6252000000.0,439000000.0,5813000000.0,6252000000.0,0.0,492000000.0,0.0,0.018,1.5,3048000000.0,3540000000.0,0.24,3540000000.0,3048000000.0,2800000000.0,3.24,3.2,3.24,7716000000.0,7515250000.0,7716000000.0,46749223938.0,15.0,13.206,1675000000.0,3.304,1.0,14760000000.0,1.0,10411000000.0,248000000.0,11748000000.0,10916500000.0,0.0,0.0,0.0,0.0,13362000000.0,4216000000.0,9146000000.0,41590223938.0,70000000.0,-383000000.0,-880000000.0,602000000.0,-772000000.0,-1257000000.0,-697000000.0,-28000000.0,1963000000.0,61000000.0,1643000000.0,1643000000.0,1643000000.0,-2000000.0,16000000.0,0.111,11956000000.0,2804000000.0,2246000000.0,0.463,5.39,25.314,25.299,698000000.0,0.0,81.97,2.818,2.816,4601000000.0,14131000000.0,14760000000.0,14760000000.0,0.0,0.08,0.219,0.279,0.207,173000000.0,11956000000.0,1.0,507383481.0,507000000,512000000.0,29.112,10748000000.0,532000000.0,1157000000.0,216000000.0,21.199,1959000000.0
14,MMC,MRT,2018-03-31,2018-03-31,2018-03-31,2021-10-21,-3905000000.0,21379000000.0,20235000000.0,6270000000.0,15109000000.0,0.718,15.63,-290000000.0,1168000000.0,1168000000.0,0.0,1630000000.0,1.521,1.682,6327000000.0,512000000.0,5815000000.0,6327000000.0,0.0,486000000.0,0.0,0.018,1.465,3031000000.0,3517000000.0,0.242,3517000000.0,3031000000.0,2791000000.0,3.17,3.12,3.17,7940000000.0,7334500000.0,7940000000.0,46206448122.0,15.0,13.138,1638000000.0,3.224,1.0,14521000000.0,1.0,10450000000.0,240000000.0,11966000000.0,10583000000.0,0.0,0.0,0.0,0.0,13358000000.0,4122000000.0,9236000000.0,41924448122.0,238000000.0,-265000000.0,-825000000.0,428000000.0,-754000000.0,-1412000000.0,-565000000.0,-15000000.0,1928000000.0,287000000.0,1613000000.0,1613000000.0,1613000000.0,-2000000.0,17000000.0,0.111,11707000000.0,2814000000.0,2343000000.0,0.462,5.28,25.992,26.054,713000000.0,0.0,82.59,2.887,2.889,4562000000.0,13812000000.0,14521000000.0,14521000000.0,0.0,0.08,0.22,0.286,0.209,157000000.0,11707000000.0,1.0,507621360.0,508000000,514000000.0,28.585,10929000000.0,554000000.0,1178000000.0,261000000.0,21.514,2148000000.0
15,MMC,MRT,2017-12-31,2017-12-31,2017-12-31,2021-10-21,-4043000000.0,20429000000.0,19632500000.0,5562000000.0,14867000000.0,0.714,14.345,-294000000.0,1205000000.0,1205000000.0,0.0,1512000000.0,1.305,1.765,5487000000.0,262000000.0,5225000000.0,5487000000.0,0.0,481000000.0,0.0,0.018,1.43,2862000000.0,3343000000.0,0.238,3343000000.0,2862000000.0,2625000000.0,2.91,2.87,2.91,7359000000.0,6982500000.0,7359000000.0,45947942068.0,16.0,13.745,1599000000.0,3.117,1.0,14024000000.0,1.0,10363000000.0,237000000.0,10086000000.0,10162000000.0,0.0,0.0,0.0,0.0,12987000000.0,4262000000.0,8725000000.0,41537942068.0,179000000.0,-655000000.0,-734000000.0,672000000.0,-740000000.0,-1009000000.0,-956000000.0,-13000000.0,1893000000.0,251000000.0,1492000000.0,1492000000.0,1492000000.0,-2000000.0,20000000.0,0.106,11369000000.0,2655000000.0,2083000000.0,0.491,5.645,27.84,27.969,712000000.0,0.0,81.39,2.962,2.977,4133000000.0,13140000000.0,14024000000.0,14024000000.0,0.0,0.076,0.214,0.282,0.204,149000000.0,11369000000.0,1.0,510356826.0,513000000,519000000.0,27.337,10066000000.0,669000000.0,1133000000.0,199000000.0,19.622,1300000000.0
16,MMC,MRT,2017-09-30,2017-09-30,2017-09-30,2021-10-21,-4560000000.0,19690000000.0,19072750000.0,5215000000.0,14475000000.0,0.718,13.762,-293000000.0,1078000000.0,1078000000.0,0.0,1923000000.0,1.367,1.782,5488000000.0,13000000.0,5475000000.0,5488000000.0,0.0,464000000.0,0.0,0.017,1.395,2791000000.0,3255000000.0,0.238,3255000000.0,2791000000.0,2565000000.0,3.7,3.65,3.7,7046000000.0,6690750000.0,7046000000.0,47629709941.0,17.0,14.633,1739000000.0,3.396,1.0,13703000000.0,1.0,10420000000.0,226000000.0,9866000000.0,9739000000.0,0.0,0.0,0.0,0.0,12559000000.0,3814000000.0,8745000000.0,42954709941.0,-310000000.0,-1354000000.0,-607000000.0,721000000.0,-723000000.0,-811000000.0,-1657000000.0,-15000000.0,2032000000.0,126000000.0,1899000000.0,1899000000.0,1899000000.0,0.0,24000000.0,0.139,11318000000.0,2385000000.0,2002000000.0,0.377,6.096,22.62,22.651,728000000.0,0.0,83.81,3.135,3.131,3909000000.0,13113000000.0,13703000000.0,13703000000.0,0.0,0.1,0.284,0.287,0.204,136000000.0,11318000000.0,1.0,512524877.0,512000000,519000000.0,26.764,9270000000.0,947000000.0,666000000.0,229000000.0,18.105,1401000000.0
17,MMC,MRT,2017-06-30,2017-06-30,2017-06-30,2021-10-21,-4541000000.0,19442000000.0,18739750000.0,5182000000.0,14260000000.0,0.72,13.605,-276000000.0,966000000.0,966000000.0,0.0,1910000000.0,1.42,1.769,5641000000.0,162000000.0,5479000000.0,5641000000.0,0.0,453000000.0,0.0,0.017,1.36,2765000000.0,3218000000.0,0.238,3218000000.0,2765000000.0,2552000000.0,3.66,3.62,3.66,6993000000.0,6597000000.0,6993000000.0,45044912119.0,16.0,13.998,1845000000.0,3.589,1.0,13497000000.0,1.0,10054000000.0,213000000.0,10414000000.0,9527250000.0,0.0,0.0,0.0,0.0,12368000000.0,3649000000.0,8719000000.0,40083912119.0,-8000000.0,-1148000000.0,-639000000.0,875000000.0,-707000000.0,-675000000.0,-1404000000.0,18000000.0,2121000000.0,-50000000.0,1885000000.0,1885000000.0,1885000000.0,0.0,25000000.0,0.14,11075000000.0,2422000000.0,2027000000.0,0.372,5.732,21.265,21.301,721000000.0,0.0,77.96,2.97,2.969,3984000000.0,12915000000.0,13497000000.0,13497000000.0,0.0,0.101,0.286,0.29,0.205,126000000.0,11075000000.0,1.0,514159981.0,514000000,520000000.0,26.259,9388000000.0,975000000.0,667000000.0,193000000.0,18.265,1533000000.0
18,MMC,MRT,2017-03-31,2017-03-31,2017-03-31,2021-10-21,-4837000000.0,18969000000.0,18398250000.0,4981000000.0,13988000000.0,0.727,12.683,-260000000.0,930000000.0,930000000.0,0.0,1883000000.0,1.388,1.891,5891000000.0,412000000.0,5479000000.0,5891000000.0,0.0,447000000.0,0.0,0.018,1.33,2721000000.0,3168000000.0,0.237,3168000000.0,2721000000.0,2520000000.0,3.59,3.56,3.59,6532000000.0,6504750000.0,6532000000.0,41834614970.0,15.0,13.205,1929000000.0,3.746,1.0,13378000000.0,1.0,10060000000.0,201000000.0,10282000000.0,9287500000.0,0.0,0.0,0.0,0.0,12350000000.0,3588000000.0,8762000000.0,38053614970.0,12000000.0,-1149000000.0,-631000000.0,871000000.0,-696000000.0,-615000000.0,-1391000000.0,15000000.0,2189000000.0,-171000000.0,1856000000.0,1856000000.0,1856000000.0,0.0,27000000.0,0.139,10931000000.0,2447000000.0,2033000000.0,0.37,5.826,20.503,20.582,722000000.0,0.0,73.89,2.844,2.844,3795000000.0,12606000000.0,13378000000.0,13378000000.0,0.0,0.101,0.285,0.293,0.203,120000000.0,10931000000.0,1.0,515003586.0,515000000,522000000.0,25.977,8909000000.0,1009000000.0,664000000.0,202000000.0,17.299,1393000000.0
19,MMC,MRT,2016-12-31,2016-12-31,2016-12-31,2021-10-21,-5093000000.0,18190000000.0,18188000000.0,4884000000.0,13306000000.0,0.726,11.931,-249000000.0,1026000000.0,1026000000.0,0.0,1795000000.0,1.196,1.925,4807000000.0,312000000.0,4495000000.0,4807000000.0,0.0,438000000.0,0.0,0.019,1.3,2642000000.0,3080000000.0,0.233,3080000000.0,2642000000.0,2453000000.0,3.41,3.38,3.41,6192000000.0,6541500000.0,6192000000.0,38216989335.0,14.0,12.408,1758000000.0,3.387,1.0,13211000000.0,1.0,9495000000.0,189000000.0,8394000000.0,9236750000.0,0.0,0.0,0.0,0.0,11918000000.0,4082000000.0,7836000000.0,34848989335.0,-348000000.0,-813000000.0,-612000000.0,385000000.0,-682000000.0,-1067000000.0,-1056000000.0,2000000.0,2007000000.0,-232000000.0,1768000000.0,1768000000.0,1768000000.0,0.0,27000000.0,0.134,10780000000.0,2431000000.0,1969000000.0,0.381,5.628,19.711,19.821,725000000.0,0.0,67.59,2.638,2.655,3643000000.0,12388000000.0,13211000000.0,13211000000.0,0.0,0.097,0.27,0.286,0.2,109000000.0,10780000000.0,1.0,515593865.0,519000000,524000000.0,25.455,8695000000.0,1097000000.0,685000000.0,146000000.0,16.753,802000000.0
20,MMC,MRT,2016-09-30,2016-09-30,2016-09-30,2021-10-21,-4289000000.0,18358000000.0,18194500000.0,5209000000.0,13149000000.0,0.725,12.878,-245000000.0,1388000000.0,1388000000.0,0.0,1735000000.0,1.362,1.739,4756000000.0,262000000.0,4494000000.0,4756000000.0,0.0,441000000.0,0.0,0.019,1.27,2603000000.0,3044000000.0,0.231,3044000000.0,2603000000.0,2416000000.0,3.28,3.25,3.28,6671000000.0,6621750000.0,6671000000.0,38634467302.0,15.0,12.692,1766000000.0,3.409,1.0,13185000000.0,1.0,8882000000.0,187000000.0,9019000000.0,9294000000.0,0.0,0.0,0.0,0.0,11604000000.0,3825000000.0,7779000000.0,34851467302.0,58000000.0,-538000000.0,-501000000.0,286000000.0,-668000000.0,-1050000000.0,-780000000.0,-6000000.0,2011000000.0,-123000000.0,1707000000.0,1707000000.0,1707000000.0,-1000000.0,28000000.0,0.129,10560000000.0,2625000000.0,1862000000.0,0.387,5.224,20.417,20.503,717000000.0,0.0,67.25,2.643,2.642,3603000000.0,11953000000.0,13185000000.0,13185000000.0,0.0,0.094,0.258,0.28,0.197,105000000.0,10560000000.0,1.0,518237432.0,518000000,523000000.0,25.454,9476000000.0,1085000000.0,709000000.0,213000000.0,18.293,1384000000.0
21,MMC,MRT,2016-06-30,2016-06-30,2016-06-30,2021-10-21,-4301000000.0,18076000000.0,18036000000.0,4930000000.0,13146000000.0,0.73,12.714,-261000000.0,974000000.0,974000000.0,0.0,1682000000.0,1.407,1.717,4757000000.0,261000000.0,4496000000.0,4757000000.0,0.0,440000000.0,0.0,0.018,1.24,2528000000.0,2968000000.0,0.225,2968000000.0,2528000000.0,2347000000.0,3.16,3.13,3.16,6624000000.0,6516000000.0,6624000000.0,39778618300.0,16.0,13.402,1744000000.0,3.347,1.0,13165000000.0,1.0,8900000000.0,181000000.0,9455000000.0,9322250000.0,0.0,0.0,0.0,0.0,11371000000.0,3504000000.0,7867000000.0,35683618300.0,44000000.0,-698000000.0,-827000000.0,832000000.0,-656000000.0,-788000000.0,-927000000.0,21000000.0,2005000000.0,-246000000.0,1651000000.0,1651000000.0,1651000000.0,-3000000.0,31000000.0,0.125,10651000000.0,2514000000.0,1868000000.0,0.392,5.387,21.613,21.665,736000000.0,0.0,68.46,2.71,2.709,3721000000.0,11751000000.0,13165000000.0,13165000000.0,0.0,0.092,0.253,0.271,0.192,100000000.0,10651000000.0,1.0,521233104.0,521000000,525000000.0,25.269,9176000000.0,1093000000.0,696000000.0,182000000.0,17.612,1426000000.0
22,MMC,MRT,2016-03-31,2016-03-31,2016-03-31,2021-10-21,-4097000000.0,18128000000.0,17870250000.0,4798000000.0,13330000000.0,0.728,12.82,-283000000.0,918000000.0,918000000.0,0.0,1631000000.0,1.519,1.7,5013000000.0,265000000.0,4748000000.0,5013000000.0,0.0,433000000.0,0.0,0.02,1.21,2432000000.0,2865000000.0,0.22,2865000000.0,2432000000.0,2259000000.0,3.03,3.0,3.03,6679000000.0,6555750000.0,6679000000.0,34725394497.0,14.0,12.121,1547000000.0,2.969,1.0,13014000000.0,1.0,8985000000.0,173000000.0,10079000000.0,9222500000.0,0.0,0.0,0.0,0.0,11357000000.0,3159000000.0,8198000000.0,31685394497.0,-186000000.0,-940000000.0,-1088000000.0,1135000000.0,-642000000.0,-725000000.0,-1197000000.0,20000000.0,1830000000.0,-94000000.0,1598000000.0,1598000000.0,1598000000.0,-3000000.0,33000000.0,0.123,10597000000.0,2417000000.0,1879000000.0,0.399,4.744,19.828,20.063,757000000.0,0.0,60.79,2.435,2.434,3647000000.0,11460000000.0,13014000000.0,13014000000.0,0.0,0.089,0.244,0.264,0.187,95000000.0,10597000000.0,1.0,521227085.0,521000000,526000000.0,24.979,9143000000.0,1117000000.0,661000000.0,128000000.0,17.549,1639000000.0
23,MMC,MRT,2015-12-31,2015-12-31,2015-12-31,2021-10-21,-4220000000.0,18216000000.0,17546750000.0,5044000000.0,13172000000.0,0.735,12.266,-323000000.0,1374000000.0,1374000000.0,0.0,1636000000.0,1.36,1.783,4414000000.0,12000000.0,4402000000.0,4414000000.0,0.0,423000000.0,0.0,0.021,1.18,2433000000.0,2856000000.0,0.222,2856000000.0,2433000000.0,2270000000.0,3.01,2.98,3.01,6513000000.0,6579000000.0,6513000000.0,32079392524.0,13.0,11.232,1565000000.0,2.947,1.0,12893000000.0,1.0,8925000000.0,163000000.0,8623000000.0,8961250000.0,0.0,0.0,0.0,0.0,11614000000.0,3708000000.0,7906000000.0,28925392524.0,-584000000.0,-881000000.0,-1176000000.0,1030000000.0,-632000000.0,-906000000.0,-1265000000.0,-65000000.0,1888000000.0,-301000000.0,1599000000.0,1599000000.0,1599000000.0,0.0,37000000.0,0.124,10474000000.0,2419000000.0,1886000000.0,0.392,4.441,18.09,18.422,773000000.0,0.0,55.45,2.243,2.284,3471000000.0,11302000000.0,12893000000.0,12893000000.0,0.0,0.091,0.243,0.272,0.189,88000000.0,10474000000.0,1.0,521648197.0,531000000,536000000.0,24.281,9291000000.0,1138000000.0,671000000.0,154000000.0,17.497,1336000000.0
24,MMC,MRT,2015-09-30,2015-09-30,2015-09-30,2021-10-21,-4122000000.0,17724000000.0,17441000000.0,5526000000.0,12198000000.0,0.734,11.833,-329000000.0,1330000000.0,1330000000.0,0.0,1554000000.0,1.623,1.822,4484000000.0,62000000.0,4422000000.0,4484000000.0,0.0,411000000.0,0.0,0.022,1.15,2270000000.0,2681000000.0,0.209,2681000000.0,2270000000.0,2117000000.0,2.83,2.8,2.83,6248000000.0,6714250000.0,6248000000.0,30682211483.0,14.0,11.444,1638000000.0,3.102,1.0,12801000000.0,1.0,8342000000.0,153000000.0,9132000000.0,8706500000.0,0.0,0.0,0.0,0.0,11381000000.0,3404000000.0,7977000000.0,27676211483.0,-1319000000.0,-569000000.0,-1273000000.0,306000000.0,-621000000.0,-1737000000.0,-1149000000.0,-244000000.0,1967000000.0,-400000000.0,1518000000.0,1518000000.0,1518000000.0,-29000000.0,36000000.0,0.119,10440000000.0,2361000000.0,1759000000.0,0.406,4.43,18.232,18.452,786000000.0,0.0,52.22,2.162,2.154,3517000000.0,10928000000.0,12801000000.0,12801000000.0,0.0,0.087,0.226,0.261,0.177,86000000.0,10440000000.0,1.0,529992560.0,528000000,533000000.0,24.244,9382000000.0,1133000000.0,599000000.0,107000000.0,17.769,2122000000.0
25,MMC,MRT,2015-06-30,2015-06-30,2015-06-30,2021-10-21,-3923000000.0,17413000000.0,17506750000.0,5299000000.0,12114000000.0,0.733,12.679,-339000000.0,930000000.0,930000000.0,0.0,1527000000.0,1.652,1.554,3936000000.0,111000000.0,3825000000.0,3936000000.0,0.0,401000000.0,0.0,0.02,1.12,2247000000.0,2648000000.0,0.206,2648000000.0,2247000000.0,2090000000.0,2.77,2.73,2.77,6783000000.0,7110500000.0,6783000000.0,33226194828.0,15.0,12.548,1634000000.0,3.054,1.0,12827000000.0,1.0,8155000000.0,157000000.0,9056000000.0,8276750000.0,0.0,0.0,0.0,0.0,10541000000.0,3208000000.0,7333000000.0,30441194828.0,-1075000000.0,-431000000.0,-951000000.0,239000000.0,-609000000.0,-1471000000.0,-1169000000.0,-390000000.0,1973000000.0,-408000000.0,1492000000.0,1492000000.0,1492000000.0,-26000000.0,35000000.0,0.116,10482000000.0,2345000000.0,1748000000.0,0.404,4.488,20.403,20.469,807000000.0,0.0,56.7,2.373,2.365,3659000000.0,10768000000.0,12827000000.0,12827000000.0,0.0,0.085,0.21,0.271,0.175,88000000.0,10482000000.0,1.0,536881743.0,535000000,541000000.0,23.976,9258000000.0,1260000000.0,598000000.0,209000000.0,17.305,2091000000.0
26,MMC,MRT,2015-03-31,2015-03-31,2015-03-31,2021-10-21,-4090000000.0,16834000000.0,17550500000.0,5177000000.0,11657000000.0,0.735,12.564,-357000000.0,1104000000.0,1104000000.0,0.0,1536000000.0,1.88,1.472,3889000000.0,61000000.0,3828000000.0,3889000000.0,0.0,392000000.0,0.0,0.019,1.09,2263000000.0,2655000000.0,0.206,2655000000.0,2263000000.0,2104000000.0,2.77,2.73,2.77,6772000000.0,7452500000.0,6772000000.0,31649142940.0,14.0,11.921,1619000000.0,3.004,1.0,12902000000.0,1.0,7832000000.0,159000000.0,9034000000.0,7944500000.0,0.0,0.0,0.0,0.0,9971000000.0,2753000000.0,7218000000.0,30220142940.0,-276000000.0,-251000000.0,-725000000.0,684000000.0,-596000000.0,-786000000.0,-1000000000.0,-385000000.0,1976000000.0,-466000000.0,1504000000.0,1504000000.0,1504000000.0,-24000000.0,32000000.0,0.117,10539000000.0,2363000000.0,1699000000.0,0.394,4.463,20.093,20.249,794000000.0,0.0,56.09,2.342,2.343,3380000000.0,10515000000.0,12902000000.0,12902000000.0,0.0,0.086,0.202,0.285,0.175,84000000.0,10539000000.0,1.0,538779514.0,539000000,545000000.0,23.937,9002000000.0,1278000000.0,600000000.0,136000000.0,16.701,2424000000.0
27,MMC,MRT,2014-12-31,2014-12-31,2014-12-31,2021-10-21,-3847000000.0,17793000000.0,17486250000.0,5533000000.0,12260000000.0,0.741,12.943,-365000000.0,1958000000.0,1958000000.0,0.0,1497000000.0,1.505,1.511,3379000000.0,11000000.0,3368000000.0,3379000000.0,0.0,388000000.0,0.0,0.019,1.06,2216000000.0,2604000000.0,0.201,2604000000.0,2216000000.0,2051000000.0,2.69,2.65,2.69,7054000000.0,7749750000.0,7054000000.0,32331072383.0,15.0,12.416,1754000000.0,3.218,1.0,12951000000.0,1.0,7933000000.0,165000000.0,7604000000.0,7462500000.0,0.0,0.0,0.0,0.0,10660000000.0,3677000000.0,6983000000.0,30961072383.0,-345000000.0,-554000000.0,-537000000.0,290000000.0,-582000000.0,-968000000.0,-1222000000.0,-298000000.0,2119000000.0,-274000000.0,1465000000.0,1465000000.0,1465000000.0,-26000000.0,32000000.0,0.113,10650000000.0,2301000000.0,1883000000.0,0.394,4.389,21.134,21.279,809000000.0,0.0,57.24,2.391,2.409,3377000000.0,10335000000.0,12951000000.0,12951000000.0,0.0,0.084,0.189,0.297,0.171,93000000.0,10650000000.0,1.0,540899238.0,545000000,553000000.0,23.763,9860000000.0,1358000000.0,586000000.0,150000000.0,18.092,1856000000.0
28,MMC,MRT,2014-09-30,2014-09-30,2014-09-30,2021-10-21,-2895000000.0,17987000000.0,17283000000.0,6852000000.0,11135000000.0,0.742,14.399,-393000000.0,2649000000.0,2649000000.0,0.0,1505000000.0,1.659,1.286,4019000000.0,640000000.0,3379000000.0,4019000000.0,0.0,381000000.0,0.0,0.02,1.03,2264000000.0,2645000000.0,0.206,2645000000.0,2264000000.0,2092000000.0,2.69,2.65,2.69,7833000000.0,7962500000.0,7833000000.0,30029549215.0,13.0,11.353,1514000000.0,2.783,1.0,12820000000.0,1.0,7814000000.0,172000000.0,7413000000.0,7176000000.0,0.0,0.0,0.0,0.0,10072000000.0,4130000000.0,5942000000.0,28489549215.0,475000000.0,-448000000.0,-462000000.0,790000000.0,-568000000.0,-354000000.0,-963000000.0,-114000000.0,1907000000.0,-115000000.0,1474000000.0,1474000000.0,1474000000.0,4000000.0,31000000.0,0.115,10566000000.0,2254000000.0,1800000000.0,0.383,3.637,19.328,19.457,822000000.0,0.0,52.34,2.222,2.221,3496000000.0,10042000000.0,12820000000.0,12820000000.0,0.0,0.085,0.185,0.315,0.177,103000000.0,10566000000.0,1.0,544316951.0,544000000,551000000.0,23.566,10173000000.0,994000000.0,618000000.0,199000000.0,18.7,2722000000.0
29,MMC,MRT,2014-06-30,2014-06-30,2014-06-30,2021-10-21,-2607000000.0,17588000000.0,17030250000.0,6414000000.0,11174000000.0,0.741,14.847,-407000000.0,2005000000.0,2005000000.0,0.0,1460000000.0,1.817,1.148,3545000000.0,333000000.0,3212000000.0,3545000000.0,0.0,372000000.0,0.0,0.019,1.0,2211000000.0,2583000000.0,0.205,2583000000.0,2211000000.0,2044000000.0,2.6,2.56,2.6,8151000000.0,7764750000.0,8151000000.0,30151337086.0,14.0,11.673,1355000000.0,2.468,1.0,12611000000.0,1.0,7871000000.0,167000000.0,7727000000.0,7013250000.0,0.0,0.0,0.0,0.0,9360000000.0,3530000000.0,5830000000.0,28480337086.0,775000000.0,-432000000.0,-368000000.0,808000000.0,-553000000.0,-233000000.0,-833000000.0,13000000.0,1762000000.0,79000000.0,1430000000.0,1430000000.0,1430000000.0,4000000.0,30000000.0,0.113,10398000000.0,2213000000.0,1849000000.0,0.385,3.494,19.916,19.931,843000000.0,0.0,51.82,2.258,2.256,3706000000.0,9897000000.0,12611000000.0,12611000000.0,0.0,0.084,0.184,0.315,0.175,114000000.0,10398000000.0,1.0,549601256.0,549000000,556000000.0,22.971,9717000000.0,1026000000.0,614000000.0,209000000.0,17.699,2884000000.0
30,MMC,MRT,2014-03-31,2014-03-31,2014-03-31,2021-10-21,-2708000000.0,16577000000.0,16592750000.0,5563000000.0,11014000000.0,0.747,14.527,-407000000.0,1380000000.0,1380000000.0,0.0,1417000000.0,1.664,1.072,3051000000.0,432000000.0,2619000000.0,3051000000.0,0.0,368000000.0,0.0,0.02,0.98,2162000000.0,2530000000.0,0.204,2530000000.0,2162000000.0,1997000000.0,2.53,2.48,2.53,7961000000.0,7421750000.0,7961000000.0,27686849194.0,13.0,10.943,1147000000.0,2.093,1.0,12399000000.0,1.0,7799000000.0,165000000.0,7106000000.0,6850500000.0,0.0,0.0,0.0,0.0,8534000000.0,3343000000.0,5191000000.0,27034849194.0,117000000.0,-458000000.0,-241000000.0,312000000.0,-543000000.0,-588000000.0,-870000000.0,1000000.0,1554000000.0,21000000.0,1387000000.0,1387000000.0,1387000000.0,7000000.0,30000000.0,0.112,10256000000.0,2143000000.0,1895000000.0,0.387,3.396,19.492,19.486,825000000.0,0.0,49.3,2.18,2.179,3462000000.0,9620000000.0,12399000000.0,12399000000.0,0.0,0.084,0.187,0.316,0.174,120000000.0,10256000000.0,1.0,548374223.0,548000000,556000000.0,22.626,8778000000.0,1048000000.0,610000000.0,176000000.0,16.018,2220000000.0
31,MMC,MRT,2013-12-31,2013-12-31,2013-12-31,2021-10-21,-2621000000.0,16980000000.0,16332750000.0,6300000000.0,10680000000.0,0.751,14.399,-396000000.0,2303000000.0,2303000000.0,0.0,1385000000.0,1.654,1.139,2955000000.0,334000000.0,2621000000.0,2955000000.0,0.0,358000000.0,0.0,0.02,0.96,2118000000.0,2476000000.0,0.202,2476000000.0,2118000000.0,1951000000.0,2.47,2.43,2.47,7905000000.0,7091500000.0,7905000000.0,27570790869.0,13.0,11.135,945000000.0,1.721,1.0,12261000000.0,1.0,7365000000.0,167000000.0,6458000000.0,6811500000.0,0.0,0.0,0.0,0.0,9005000000.0,3809000000.0,5196000000.0,26538790869.0,2000000.0,-137000000.0,-198000000.0,13000000.0,-533000000.0,-834000000.0,-446000000.0,93000000.0,1341000000.0,-59000000.0,1357000000.0,1357000000.0,1357000000.0,-6000000.0,28000000.0,0.111,10184000000.0,2077000000.0,1861000000.0,0.389,3.357,19.557,19.579,828000000.0,0.0,48.36,2.164,2.165,3310000000.0,9452000000.0,12261000000.0,12261000000.0,0.0,0.083,0.191,0.311,0.173,129000000.0,10184000000.0,1.0,548775659.0,549000000,558000000.0,22.333,9615000000.0,1108000000.0,594000000.0,148000000.0,17.514,2491000000.0
32,MMC,MRT,2013-09-30,2013-09-30,2013-09-30,2021-10-21,-3213000000.0,16976000000.0,16159750000.0,6161000000.0,10815000000.0,0.752,12.827,-355000000.0,2174000000.0,2174000000.0,0.0,1341000000.0,1.583,1.4,3206000000.0,583000000.0,2623000000.0,3206000000.0,0.0,361000000.0,0.0,0.022,0.94,2051000000.0,2412000000.0,0.199,2412000000.0,2051000000.0,1881000000.0,2.4,2.35,2.4,7042000000.0,6750750000.0,7042000000.0,25418601337.0,12.0,10.538,792000000.0,1.443,1.0,12148000000.0,1.0,7353000000.0,170000000.0,6762000000.0,6717000000.0,0.0,0.0,0.0,0.0,9856000000.0,3893000000.0,5963000000.0,23935601337.0,130000000.0,-246000000.0,-99000000.0,287000000.0,-522000000.0,-459000000.0,-513000000.0,84000000.0,1147000000.0,-45000000.0,1313000000.0,1313000000.0,1313000000.0,-4000000.0,28000000.0,0.108,10154000000.0,1994000000.0,1830000000.0,0.392,3.399,18.23,18.146,824000000.0,0.0,43.55,1.97,1.968,3294000000.0,9151000000.0,12148000000.0,12148000000.0,0.0,0.081,0.194,0.305,0.169,254000000.0,10154000000.0,1.0,549611971.0,549000000,558000000.0,22.128,9623000000.0,1479000000.0,568000000.0,148000000.0,17.528,2268000000.0
33,MMC,MRT,2013-06-30,2013-06-30,2013-06-30,2021-10-21,-3435000000.0,15838000000.0,15849750000.0,5214000000.0,10624000000.0,0.761,12.303,-356000000.0,1230000000.0,1230000000.0,0.0,1329000000.0,1.759,1.326,2713000000.0,10000000.0,2703000000.0,2713000000.0,0.0,359000000.0,0.0,0.023,0.92,2010000000.0,2369000000.0,0.196,2369000000.0,2010000000.0,1836000000.0,2.38,2.34,2.38,6779000000.0,6617750000.0,6779000000.0,23459351451.0,12.0,9.903,737000000.0,1.338,1.0,12061000000.0,1.0,7281000000.0,174000000.0,7076000000.0,6524500000.0,0.0,0.0,0.0,0.0,8992000000.0,2964000000.0,6028000000.0,22007351451.0,-274000000.0,-253000000.0,-21000000.0,-210000000.0,-510000000.0,-865000000.0,-493000000.0,110000000.0,1093000000.0,-9000000.0,1301000000.0,1301000000.0,1301000000.0,-6000000.0,28000000.0,0.108,10093000000.0,1968000000.0,1786000000.0,0.387,3.246,16.916,16.773,804000000.0,0.0,39.92,1.825,1.824,3345000000.0,9036000000.0,12061000000.0,12061000000.0,0.0,0.082,0.197,0.308,0.167,223000000.0,10093000000.0,1.0,551286359.0,551000000,559000000.0,21.889,8557000000.0,1539000000.0,535000000.0,171000000.0,15.53,2250000000.0
34,MMC,MRT,2013-03-31,2013-03-31,2013-03-31,2021-10-21,-3379000000.0,15537000000.0,15690750000.0,5097000000.0,10440000000.0,0.765,12.117,-351000000.0,1263000000.0,1263000000.0,0.0,1271000000.0,1.795,1.329,2715000000.0,10000000.0,2705000000.0,2715000000.0,0.0,353000000.0,0.0,0.024,0.91,1936000000.0,2289000000.0,0.191,2289000000.0,1936000000.0,1757000000.0,2.27,2.24,2.27,6640000000.0,6491250000.0,6640000000.0,21438719583.0,11.0,9.366,881000000.0,1.608,1.0,11999000000.0,1.0,7199000000.0,179000000.0,6950000000.0,6346500000.0,0.0,0.0,0.0,0.0,8824000000.0,2840000000.0,5984000000.0,20821719583.0,-147000000.0,-230000000.0,-24000000.0,-209000000.0,-503000000.0,-852000000.0,-459000000.0,117000000.0,1232000000.0,-68000000.0,1242000000.0,1242000000.0,1242000000.0,-9000000.0,29000000.0,0.104,10090000000.0,1909000000.0,1808000000.0,0.401,3.136,16.765,16.727,793000000.0,0.0,37.97,1.735,1.734,3176000000.0,8786000000.0,11999000000.0,11999000000.0,0.0,0.079,0.191,0.305,0.161,208000000.0,10090000000.0,1.0,548372915.0,548000000,557000000.0,21.896,8338000000.0,1565000000.0,515000000.0,148000000.0,15.215,2257000000.0
35,MMC,MRT,2012-12-31,2012-12-31,2012-12-31,2021-10-21,-3307000000.0,16288000000.0,15559000000.0,5963000000.0,10325000000.0,0.766,12.026,-314000000.0,2301000000.0,2301000000.0,0.0,1201000000.0,1.673,1.48,2918000000.0,260000000.0,2658000000.0,2918000000.0,0.0,349000000.0,0.0,0.026,0.9,1849000000.0,2198000000.0,0.184,2198000000.0,1849000000.0,1668000000.0,2.16,2.13,2.16,6542000000.0,6380750000.0,6542000000.0,19640010307.0,11.0,8.935,1008000000.0,1.853,1.0,11924000000.0,1.0,7261000000.0,181000000.0,6080000000.0,6199500000.0,0.0,0.0,0.0,0.0,9682000000.0,3564000000.0,6118000000.0,18765010307.0,188000000.0,-292000000.0,18000000.0,-11000000.0,-497000000.0,-633000000.0,-583000000.0,20000000.0,1322000000.0,82000000.0,1176000000.0,1176000000.0,1176000000.0,3000000.0,25000000.0,0.099,10095000000.0,1829000000.0,1721000000.0,0.417,2.868,15.957,15.958,809000000.0,0.0,34.47,1.574,1.573,3058000000.0,8628000000.0,11924000000.0,11924000000.0,0.0,0.076,0.184,0.298,0.155,177000000.0,10095000000.0,1.0,544386722.0,544000000,552000000.0,21.919,9027000000.0,1633000000.0,492000000.0,110000000.0,16.594,2399000000.0
36,MMC,MRT,2012-09-30,2012-09-30,2012-09-30,2021-10-21,-3005000000.0,15736000000.0,15350500000.0,5651000000.0,10085000000.0,0.771,11.967,-321000000.0,2044000000.0,2044000000.0,0.0,1198000000.0,1.612,1.406,2919000000.0,259000000.0,2660000000.0,2919000000.0,0.0,336000000.0,0.0,0.026,0.89,1845000000.0,2181000000.0,0.184,2181000000.0,1845000000.0,1660000000.0,2.15,2.12,2.15,6510000000.0,6216000000.0,6510000000.0,19882555487.0,11.0,9.116,1139000000.0,2.094,1.0,11830000000.0,1.0,7113000000.0,185000000.0,5992000000.0,6071250000.0,0.0,0.0,0.0,0.0,9156000000.0,3506000000.0,5650000000.0,18464555487.0,330000000.0,-255000000.0,10000000.0,-12000000.0,-491000000.0,-640000000.0,-553000000.0,24000000.0,1460000000.0,63000000.0,1173000000.0,1173000000.0,1173000000.0,-15000000.0,25000000.0,0.099,10016000000.0,1814000000.0,1742000000.0,0.414,2.836,15.741,15.781,807000000.0,0.0,33.93,1.561,1.56,3059000000.0,8371000000.0,11830000000.0,11830000000.0,0.0,0.076,0.189,0.304,0.156,28000000.0,10016000000.0,1.0,544195564.0,544000000,552000000.0,21.746,8623000000.0,1526000000.0,487000000.0,154000000.0,15.851,2145000000.0
37,MMC,MRT,2012-06-30,2012-06-30,2012-06-30,2021-10-21,-3115000000.0,15202000000.0,15196750000.0,5195000000.0,10007000000.0,0.776,11.51,-284000000.0,1504000000.0,1504000000.0,0.0,1086000000.0,1.639,1.412,2922000000.0,259000000.0,2663000000.0,2922000000.0,0.0,334000000.0,0.0,0.027,0.88,1714000000.0,2048000000.0,0.174,2048000000.0,1714000000.0,1524000000.0,1.95,1.92,1.95,6273000000.0,6190250000.0,6273000000.0,19119328608.0,11.0,9.336,1157000000.0,2.123,1.0,11791000000.0,1.0,7086000000.0,190000000.0,6364000000.0,6078250000.0,0.0,0.0,0.0,0.0,8858000000.0,3170000000.0,5688000000.0,17606328608.0,-155000000.0,-252000000.0,-81000000.0,-187000000.0,-487000000.0,-896000000.0,-520000000.0,21000000.0,1441000000.0,-180000000.0,1062000000.0,1062000000.0,1062000000.0,-16000000.0,24000000.0,0.09,10045000000.0,1746000000.0,1758000000.0,0.451,2.807,16.578,16.528,800000000.0,0.0,32.23,1.493,1.49,3102000000.0,8257000000.0,11791000000.0,11791000000.0,0.0,0.07,0.172,0.282,0.145,29000000.0,10045000000.0,1.0,546271443.0,545000000,553000000.0,21.635,8116000000.0,1534000000.0,462000000.0,111000000.0,14.892,2025000000.0
38,MMC,MRT,2012-03-31,2012-03-31,2012-03-31,2021-10-21,-3023000000.0,15010000000.0,15259000000.0,5035000000.0,9975000000.0,0.766,11.435,-261000000.0,1410000000.0,1410000000.0,0.0,1038000000.0,1.661,1.411,2923000000.0,259000000.0,2664000000.0,2923000000.0,0.0,332000000.0,0.0,0.027,0.87,1656000000.0,1988000000.0,0.17,1988000000.0,1656000000.0,1462000000.0,1.86,1.83,1.86,6198000000.0,6303750000.0,6198000000.0,18633645529.0,11.0,9.373,1317000000.0,2.43,1.0,11693000000.0,1.0,7129000000.0,194000000.0,6362000000.0,6133000000.0,0.0,0.0,0.0,0.0,8745000000.0,3032000000.0,5713000000.0,17818645529.0,80000000.0,-194000000.0,-211000000.0,-189000000.0,-484000000.0,-1024000000.0,-405000000.0,57000000.0,1578000000.0,-69000000.0,1015000000.0,1015000000.0,1015000000.0,-21000000.0,23000000.0,0.087,10000000000.0,1693000000.0,1873000000.0,0.468,2.875,17.555,17.629,795000000.0,0.0,32.79,1.524,1.52,3008000000.0,8053000000.0,11693000000.0,11693000000.0,0.0,0.067,0.161,0.27,0.142,25000000.0,10000000000.0,1.0,543417064.0,542000000,551000000.0,21.574,7881000000.0,1533000000.0,447000000.0,80000000.0,14.541,2003000000.0
39,MMC,MRT,2011-12-31,2011-12-31,2011-12-31,2021-10-21,-3188000000.0,15454000000.0,15274750000.0,5648000000.0,9806000000.0,0.755,10.854,-277000000.0,2113000000.0,2113000000.0,0.0,1015000000.0,1.511,1.617,2928000000.0,260000000.0,2668000000.0,2928000000.0,0.0,332000000.0,0.0,0.027,0.86,1614000000.0,1946000000.0,0.169,1946000000.0,1614000000.0,1415000000.0,1.82,1.79,1.82,5883000000.0,6411500000.0,5883000000.0,18226562674.0,11.0,9.366,1428000000.0,2.635,1.0,11526000000.0,1.0,6963000000.0,199000000.0,5567000000.0,6265750000.0,0.0,0.0,0.0,0.0,9514000000.0,3739000000.0,5775000000.0,17010562674.0,219000000.0,-237000000.0,-199000000.0,-187000000.0,-480000000.0,-1007000000.0,-457000000.0,62000000.0,1705000000.0,-22000000.0,993000000.0,993000000.0,993000000.0,-33000000.0,22000000.0,0.086,9888000000.0,1638000000.0,2016000000.0,0.473,2.891,17.13,17.374,804000000.0,0.0,31.62,1.476,1.487,2906000000.0,7949000000.0,11526000000.0,11526000000.0,0.0,0.065,0.155,0.258,0.14,21000000.0,9888000000.0,1.0,537968459.0,542000000,551000000.0,21.266,8491000000.0,1581000000.0,422000000.0,63000000.0,15.666,1909000000.0
40,MMC,MRT,2011-09-30,2011-09-30,2011-09-30,2021-10-21,-2333000000.0,15121000000.0,15238750000.0,5030000000.0,10091000000.0,0.748,11.865,-276000000.0,1714000000.0,1714000000.0,0.0,961000000.0,1.486,1.351,2930000000.0,260000000.0,2670000000.0,2930000000.0,0.0,333000000.0,0.0,0.032,0.85,1570000000.0,1903000000.0,0.167,1903000000.0,1570000000.0,1368000000.0,1.71,1.69,1.71,6407000000.0,6532750000.0,6407000000.0,15755126259.0,10.0,8.279,1391000000.0,2.576,1.0,11403000000.0,1.0,6933000000.0,202000000.0,6020000000.0,6504500000.0,0.0,0.0,0.0,0.0,8656000000.0,3384000000.0,5272000000.0,14381126259.0,19000000.0,-369000000.0,-311000000.0,-186000000.0,-477000000.0,-1090000000.0,-555000000.0,97000000.0,1667000000.0,-3000000.0,940000000.0,940000000.0,940000000.0,-31000000.0,21000000.0,0.082,9831000000.0,1572000000.0,1819000000.0,0.497,2.245,15.299,15.526,804000000.0,0.0,26.55,1.261,1.257,2925000000.0,7696000000.0,11403000000.0,11403000000.0,0.0,0.062,0.144,0.241,0.138,20000000.0,9831000000.0,1.0,541662006.0,540000000,549000000.0,21.117,8188000000.0,1130000000.0,428000000.0,80000000.0,15.163,1646000000.0
41,MMC,MRT,2011-06-30,2011-06-30,2011-06-30,2021-10-21,-2078000000.0,15451000000.0,15184250000.0,5186000000.0,10265000000.0,0.732,12.298,-271000000.0,1659000000.0,1659000000.0,0.0,997000000.0,1.6,1.289,3033000000.0,260000000.0,2773000000.0,3033000000.0,0.0,332000000.0,0.0,0.027,0.83,1609000000.0,1941000000.0,0.175,1941000000.0,1609000000.0,1396000000.0,1.77,1.75,1.77,6727000000.0,6523500000.0,6727000000.0,18809145471.0,12.0,9.69,509000000.0,0.931,1.0,11121000000.0,1.0,7000000000.0,213000000.0,6583000000.0,6662250000.0,0.0,0.0,0.0,0.0,8671000000.0,3242000000.0,5429000000.0,17107145471.0,149000000.0,677000000.0,-186000000.0,-561000000.0,-466000000.0,-1336000000.0,467000000.0,67000000.0,780000000.0,238000000.0,978000000.0,978000000.0,978000000.0,-72000000.0,19000000.0,0.088,9620000000.0,1501000000.0,1881000000.0,0.469,2.543,17.492,17.621,823000000.0,0.0,31.19,1.538,1.534,3111000000.0,7688000000.0,11121000000.0,11121000000.0,0.0,0.064,0.15,0.242,0.145,19000000.0,9620000000.0,1.0,548481740.0,547000000,555000000.0,20.331,8451000000.0,1115000000.0,418000000.0,110000000.0,15.45,1944000000.0
42,MMC,MRT,2011-03-31,2011-03-31,2011-03-31,2021-10-21,-2183000000.0,15073000000.0,15226750000.0,4936000000.0,10137000000.0,0.709,12.186,-252000000.0,1330000000.0,1330000000.0,0.0,950000000.0,1.709,1.265,3032000000.0,261000000.0,2771000000.0,3032000000.0,0.0,343000000.0,0.0,0.028,0.82,1385000000.0,1728000000.0,0.16,1728000000.0,1385000000.0,1161000000.0,1.69,1.68,1.69,6629000000.0,6341750000.0,6629000000.0,17359268795.0,13.0,10.046,345000000.0,0.634,1.0,10799000000.0,1.0,6993000000.0,224000000.0,6893000000.0,6864000000.0,0.0,0.0,0.0,0.0,8386000000.0,2889000000.0,5497000000.0,16219268795.0,163000000.0,694000000.0,34000000.0,-559000000.0,-460000000.0,-1102000000.0,509000000.0,72000000.0,597000000.0,159000000.0,932000000.0,932000000.0,932000000.0,-340000000.0,18000000.0,0.086,9813000000.0,986000000.0,1796000000.0,0.485,2.447,17.403,17.639,828000000.0,0.0,29.81,1.502,1.502,3212000000.0,7528000000.0,10799000000.0,10799000000.0,0.0,0.061,0.147,0.202,0.128,19000000.0,9813000000.0,1.0,544088185.0,544000000,552000000.0,19.851,8080000000.0,1417000000.0,229000000.0,49000000.0,14.853,2047000000.0
43,MMC,MRT,2010-12-31,2010-12-31,2010-12-31,2021-10-21,-2300000000.0,15310000000.0,15199000000.0,5276000000.0,10034000000.0,0.694,11.793,-265000000.0,1894000000.0,1894000000.0,0.0,871000000.0,1.699,1.397,3034000000.0,8000000.0,3026000000.0,3034000000.0,0.0,357000000.0,0.0,0.03,0.81,1292000000.0,1649000000.0,0.156,1649000000.0,1292000000.0,1059000000.0,1.56,1.55,1.56,6368000000.0,6178750000.0,6368000000.0,16199941646.0,13.0,9.824,457000000.0,0.846,1.0,10550000000.0,1.0,6823000000.0,233000000.0,6522000000.0,6881000000.0,0.0,0.0,0.0,0.0,8895000000.0,3105000000.0,5790000000.0,14857941646.0,117000000.0,710000000.0,-45000000.0,-559000000.0,-452000000.0,-1130000000.0,535000000.0,91000000.0,722000000.0,-10000000.0,855000000.0,855000000.0,855000000.0,-306000000.0,16000000.0,0.081,9611000000.0,939000000.0,1741000000.0,0.519,2.333,17.378,17.526,822000000.0,0.0,27.34,1.408,1.399,3035000000.0,7436000000.0,10550000000.0,10550000000.0,0.0,0.056,0.138,0.188,0.122,18000000.0,9611000000.0,1.0,543450682.0,540000000,544000000.0,19.537,8487000000.0,1705000000.0,204000000.0,62000000.0,15.717,2171000000.0
44,MMC,MRT,2010-09-30,2010-09-30,2010-09-30,2021-10-21,-2138000000.0,14903000000.0,15205750000.0,5045000000.0,9858000000.0,0.679,11.731,-286000000.0,1695000000.0,1695000000.0,0.0,690000000.0,1.712,1.332,3037000000.0,9000000.0,3028000000.0,3037000000.0,0.0,362000000.0,0.0,0.033,0.8,957000000.0,1319000000.0,0.128,1319000000.0,957000000.0,716000000.0,1.24,1.22,1.24,6370000000.0,6043750000.0,6370000000.0,15197482407.0,16.0,11.522,-1000000.0,-0.002,1.0,10329000000.0,1.0,6647000000.0,241000000.0,6651000000.0,7072500000.0,0.0,0.0,0.0,0.0,8488000000.0,2947000000.0,5541000000.0,13084482407.0,-118000000.0,880000000.0,34000000.0,-559000000.0,-442000000.0,-1037000000.0,695000000.0,94000000.0,285000000.0,-61000000.0,675000000.0,675000000.0,675000000.0,-322000000.0,15000000.0,0.065,9743000000.0,586000000.0,1780000000.0,0.645,2.054,19.384,19.452,816000000.0,0.0,24.12,1.267,1.268,3055000000.0,7236000000.0,10329000000.0,10329000000.0,0.0,0.044,0.112,0.135,0.093,17000000.0,9743000000.0,1.0,542474395.0,543000000,548000000.0,19.022,8256000000.0,1591000000.0,41000000.0,0.0,15.204,2098000000.0
45,MMC,MRT,2010-06-30,2010-06-30,2010-06-30,2021-10-21,-2406000000.0,15621000000.0,15315250000.0,5168000000.0,10453000000.0,0.663,11.091,-294000000.0,1475000000.0,1475000000.0,0.0,744000000.0,1.344,1.596,3588000000.0,558000000.0,3030000000.0,3588000000.0,0.0,372000000.0,0.0,0.035,0.8,908000000.0,1280000000.0,0.126,1280000000.0,908000000.0,668000000.0,1.35,1.33,1.35,6000000000.0,5952250000.0,6000000000.0,14627903280.0,16.0,11.428,854000000.0,1.579,1.0,10159000000.0,1.0,6499000000.0,240000000.0,7390000000.0,7078500000.0,0.0,0.0,0.0,0.0,9578000000.0,3845000000.0,5733000000.0,12204903280.0,219000000.0,-141000000.0,32000000.0,-8000000.0,-445000000.0,-491000000.0,-329000000.0,102000000.0,1148000000.0,-109000000.0,728000000.0,728000000.0,728000000.0,-297000000.0,16000000.0,0.072,9617000000.0,542000000.0,2273000000.0,0.593,2.034,16.765,16.704,815000000.0,0.0,22.55,1.201,1.201,3215000000.0,7187000000.0,10159000000.0,10159000000.0,0.0,0.048,0.122,0.128,0.089,18000000.0,9617000000.0,1.0,541237396.0,541000000,545000000.0,18.778,9122000000.0,1144000000.0,-60000000.0,0.0,16.861,1323000000.0
46,MMC,MRT,2010-03-31,2010-03-31,2010-03-31,2021-10-21,-2246000000.0,14962000000.0,15140250000.0,4592000000.0,10370000000.0,0.662,11.214,-309000000.0,1167000000.0,1167000000.0,0.0,312000000.0,1.447,1.497,3590000000.0,558000000.0,3032000000.0,3590000000.0,0.0,372000000.0,0.0,0.033,0.8,588000000.0,960000000.0,0.096,960000000.0,588000000.0,343000000.0,0.56,0.53,0.56,5977000000.0,5884000000.0,5977000000.0,14811037041.0,25.0,15.428,530000000.0,0.994,1.0,10023000000.0,1.0,7250000000.0,245000000.0,6961000000.0,7124500000.0,0.0,0.0,0.0,0.0,8948000000.0,3174000000.0,5774000000.0,12996037041.0,-247000000.0,-83000000.0,33000000.0,-407000000.0,-438000000.0,-880000000.0,-316000000.0,66000000.0,839000000.0,110000000.0,299000000.0,299000000.0,299000000.0,321000000.0,13000000.0,0.03,9137000000.0,886000000.0,1870000000.0,1.429,2.174,43.465,43.607,920000000.0,0.0,24.42,1.297,1.299,2935000000.0,7062000000.0,10023000000.0,10023000000.0,0.0,0.02,0.051,0.083,0.059,17000000.0,9137000000.0,1.0,532188249.0,533000000,536000000.0,18.805,7712000000.0,1096000000.0,44000000.0,0.0,14.469,1418000000.0
47,MMC,MRT,2009-12-31,2009-12-31,2009-12-31,2021-10-21,-2171000000.0,15337000000.0,15114750000.0,4931000000.0,10406000000.0,0.65,11.165,-298000000.0,1707000000.0,1707000000.0,0.0,241000000.0,1.327,1.626,3592000000.0,558000000.0,3034000000.0,3592000000.0,0.0,365000000.0,0.0,0.036,0.8,489000000.0,854000000.0,0.087,854000000.0,489000000.0,248000000.0,0.43,0.42,0.43,5828000000.0,5804750000.0,5828000000.0,13429489932.0,27.0,15.725,342000000.0,0.655,1.0,9831000000.0,1.0,6219000000.0,241000000.0,7288000000.0,7263750000.0,0.0,0.0,0.0,0.0,9474000000.0,3715000000.0,5759000000.0,11647489932.0,92000000.0,2000000.0,34000000.0,-10000000.0,-431000000.0,-464000000.0,-236000000.0,53000000.0,640000000.0,152000000.0,227000000.0,227000000.0,227000000.0,290000000.0,14000000.0,0.023,9053000000.0,778000000.0,1751000000.0,1.86,1.999,51.311,51.349,850000000.0,0.0,22.08,1.185,1.172,2724000000.0,7033000000.0,9831000000.0,9831000000.0,0.0,0.015,0.039,0.067,0.05,11000000.0,9053000000.0,1.0,527513131.0,522000000,524000000.0,18.833,9118000000.0,1409000000.0,21000000.0,0.0,17.467,1216000000.0
48,MMC,MRT,2009-09-30,2009-09-30,2009-09-30,2021-10-21,-1836000000.0,15341000000.0,15082000000.0,4876000000.0,10465000000.0,0.616,11.458,-254000000.0,1813000000.0,1813000000.0,0.0,298000000.0,1.434,1.549,3595000000.0,558000000.0,3037000000.0,3595000000.0,0.0,379000000.0,0.0,0.032,0.8,571000000.0,950000000.0,0.102,950000000.0,571000000.0,336000000.0,0.54,0.53,0.54,6004000000.0,5778250000.0,6004000000.0,15260193017.0,27.0,16.063,788000000.0,1.504,1.0,9287000000.0,1.0,7047000000.0,235000000.0,6675000000.0,7085250000.0,0.0,0.0,0.0,0.0,9302000000.0,3401000000.0,5901000000.0,12954193017.0,352000000.0,56000000.0,79000000.0,-10000000.0,-426000000.0,-452000000.0,-112000000.0,81000000.0,1042000000.0,-126000000.0,284000000.0,284000000.0,284000000.0,767000000.0,14000000.0,0.031,7949000000.0,1338000000.0,1699000000.0,1.481,2.158,45.613,45.796,964000000.0,0.0,24.73,1.395,1.395,2714000000.0,7013000000.0,9287000000.0,9287000000.0,0.0,0.019,0.049,0.081,0.061,14000000.0,8489000000.0,1.0,523825031.0,524000000,526000000.0,17.723,8294000000.0,1126000000.0,52000000.0,0.0,15.828,1475000000.0
49,MMC,MRT,2009-06-30,2009-06-30,2009-06-30,2021-10-21,-1924000000.0,14921000000.0,15253250000.0,4490000000.0,10431000000.0,0.639,10.971,-292000000.0,1291000000.0,1291000000.0,0.0,68000000.0,1.682,1.6,3597000000.0,9000000.0,3588000000.0,3597000000.0,0.0,383000000.0,0.0,0.04,0.8,363000000.0,746000000.0,0.076,746000000.0,363000000.0,133000000.0,0.11,0.1,0.11,5727000000.0,6006250000.0,5727000000.0,13102660027.0,36.0,17.564,729000000.0,1.397,1.0,9752000000.0,1.0,6983000000.0,230000000.0,7574000000.0,7296750000.0,0.0,0.0,0.0,0.0,9161000000.0,2670000000.0,6491000000.0,10518660027.0,126000000.0,30000000.0,87000000.0,-10000000.0,-413000000.0,-420000000.0,-173000000.0,78000000.0,1021000000.0,-302000000.0,55000000.0,55000000.0,55000000.0,807000000.0,13000000.0,0.006,8545000000.0,1207000000.0,1712000000.0,7.273,1.837,191.248,183.0,970000000.0,0.0,20.13,1.079,1.078,2854000000.0,6900000000.0,9752000000.0,9752000000.0,0.0,0.004,0.009,0.05,0.037,16000000.0,9085000000.0,1.0,522536514.0,522000000,523000000.0,18.682,7938000000.0,1182000000.0,78000000.0,24000000.0,15.207,1820000000.0
50,MMC,MRT,2009-03-31,2009-03-31,2009-03-31,2021-10-21,-2132000000.0,14860000000.0,15631000000.0,4510000000.0,10350000000.0,0.66,10.99,-324000000.0,1414000000.0,1414000000.0,0.0,325000000.0,1.612,1.619,3998000000.0,408000000.0,3590000000.0,3998000000.0,0.0,393000000.0,0.0,0.04,0.8,633000000.0,1026000000.0,0.099,1026000000.0,633000000.0,413000000.0,0.59,0.59,0.59,5660000000.0,6457500000.0,5660000000.0,12345424562.0,20.0,12.033,581000000.0,1.128,1.0,10315000000.0,1.0,7129000000.0,220000000.0,7518000000.0,7467500000.0,0.0,0.0,0.0,0.0,9166000000.0,2797000000.0,6369000000.0,10428424562.0,129000000.0,-71000000.0,86000000.0,388000000.0,-411000000.0,-20000000.0,-292000000.0,103000000.0,905000000.0,-464000000.0,313000000.0,313000000.0,313000000.0,448000000.0,12000000.0,0.03,9222000000.0,1093000000.0,1670000000.0,1.356,1.842,33.318,34.322,945000000.0,0.0,20.25,1.011,1.011,2746000000.0,7202000000.0,10315000000.0,10315000000.0,0.0,0.02,0.048,0.085,0.061,19000000.0,9647000000.0,1.0,514983929.0,515000000,515000000.0,20.029,7731000000.0,0.0,100000000.0,19000000.0,15.012,1713000000.0
51,MMC,MRT,2008-12-31,2008-12-31,2008-12-31,2021-10-21,-2098000000.0,15206000000.0,16034250000.0,4784000000.0,10422000000.0,0.669,11.132,-375000000.0,1685000000.0,1685000000.0,0.0,-62000000.0,1.413,1.651,3602000000.0,408000000.0,3194000000.0,3602000000.0,0.0,404000000.0,0.0,0.033,0.8,260000000.0,664000000.0,0.062,664000000.0,260000000.0,40000000.0,-0.13,-0.14,-0.13,5722000000.0,6923250000.0,5722000000.0,14620687015.0,56.0,22.019,565000000.0,1.099,1.0,10730000000.0,1.0,7163000000.0,220000000.0,6574000000.0,7703000000.0,0.0,0.0,0.0,0.0,9446000000.0,3386000000.0,6060000000.0,12476687015.0,-448000000.0,-70000000.0,68000000.0,-260000000.0,-412000000.0,-643000000.0,-348000000.0,97000000.0,940000000.0,-397000000.0,-73000000.0,-73000000.0,-73000000.0,443000000.0,11000000.0,-0.007,10051000000.0,679000000.0,1688000000.0,-6.154,2.18,-170.914,-186.692,969000000.0,0.0,24.27,1.163,1.163,2755000000.0,7237000000.0,10730000000.0,10730000000.0,0.0,-0.005,-0.011,0.034,0.024,34000000.0,10051000000.0,1.0,514078575.0,514000000,514000000.0,20.875,8043000000.0,1146000000.0,113000000.0,66000000.0,15.648,1398000000.0
52,MMC,MRT,2008-09-30,2008-09-30,2008-09-30,2021-10-21,-762000000.0,16026000000.0,16572500000.0,4805000000.0,11221000000.0,0.71,13.481,-434000000.0,1461000000.0,1461000000.0,0.0,-46000000.0,1.45,1.317,3605000000.0,408000000.0,3197000000.0,3605000000.0,0.0,406000000.0,0.0,0.025,0.79,340000000.0,746000000.0,0.063,746000000.0,340000000.0,119000000.0,-0.19,-0.16,-0.19,6916000000.0,7448250000.0,6916000000.0,18731689168.0,55.0,25.11,-404000000.0,-0.788,1.0,11764000000.0,1.0,7335000000.0,221000000.0,7521000000.0,8019000000.0,0.0,0.0,0.0,0.0,9110000000.0,3314000000.0,5796000000.0,16289689168.0,-1358000000.0,-127000000.0,-48000000.0,-264000000.0,-408000000.0,-720000000.0,-452000000.0,111000000.0,30000000.0,-216000000.0,-68000000.0,-68000000.0,-68000000.0,15000000.0,22000000.0,-0.006,11445000000.0,319000000.0,1686000000.0,-4.158,2.355,-239.554,-167.158,1037000000.0,0.0,31.76,1.385,1.385,2914000000.0,7157000000.0,11764000000.0,11764000000.0,0.0,-0.004,-0.009,0.042,0.029,37000000.0,10905000000.0,1.0,512899533.0,513000000,516000000.0,22.932,8691000000.0,0.0,187000000.0,0.0,16.942,1491000000.0
53,MMC,MRT,2008-06-30,2008-06-30,2008-06-30,2021-10-21,-252000000.0,16432000000.0,16951750000.0,4761000000.0,11671000000.0,0.688,14.711,-429000000.0,1165000000.0,1165000000.0,0.0,1904000000.0,1.469,1.182,3607000000.0,408000000.0,3199000000.0,3607000000.0,0.0,410000000.0,0.0,0.029,0.78,2399000000.0,2809000000.0,0.241,2809000000.0,2399000000.0,2167000000.0,3.47,3.46,3.47,7532000000.0,7449750000.0,7532000000.0,15908446080.0,7.0,5.663,-780000000.0,-1.523,1.0,11661000000.0,1.0,7376000000.0,232000000.0,8257000000.0,7804750000.0,0.0,0.0,0.0,0.0,8900000000.0,3241000000.0,5659000000.0,13582446080.0,-28000000.0,3117000000.0,-818000000.0,-1343000000.0,-409000000.0,-2570000000.0,2808000000.0,125000000.0,-351000000.0,85000000.0,1885000000.0,1885000000.0,1885000000.0,-1872000000.0,19000000.0,0.162,11290000000.0,371000000.0,1787000000.0,0.225,1.803,7.206,7.651,1049000000.0,0.0,26.55,1.165,1.166,3143000000.0,7273000000.0,11661000000.0,11661000000.0,0.0,0.111,0.253,0.307,0.206,41000000.0,10750000000.0,1.0,511579890.0,512000000,512000000.0,22.775,9056000000.0,0.0,282000000.0,13000000.0,17.688,1520000000.0
54,MMC,MRT,2008-03-31,2008-03-31,2008-03-31,2021-10-21,-238000000.0,16473000000.0,17141000000.0,4779000000.0,11694000000.0,0.666,14.495,-400000000.0,1285000000.0,1285000000.0,0.0,2014000000.0,1.659,1.19,3611000000.0,9000000.0,3602000000.0,3611000000.0,0.0,423000000.0,0.0,0.032,0.77,2535000000.0,2958000000.0,0.259,2958000000.0,2535000000.0,2283000000.0,3.67,3.65,3.67,7523000000.0,6981500000.0,7523000000.0,14417945163.0,6.0,4.874,-735000000.0,-1.416,1.0,11413000000.0,1.0,7458000000.0,252000000.0,8460000000.0,7765500000.0,0.0,0.0,0.0,0.0,8950000000.0,2881000000.0,6069000000.0,12686945163.0,13000000.0,3150000000.0,-1302000000.0,-1051000000.0,-411000000.0,-2764000000.0,2994000000.0,234000000.0,-335000000.0,118000000.0,1997000000.0,1997000000.0,1997000000.0,-1897000000.0,17000000.0,0.175,10983000000.0,430000000.0,1773000000.0,0.21,1.686,6.353,6.635,1019000000.0,0.0,24.35,1.112,1.107,3070000000.0,7313000000.0,11413000000.0,11413000000.0,0.0,0.117,0.286,0.326,0.222,59000000.0,10558000000.0,1.0,521024442.0,519000000,519000000.0,21.99,9015000000.0,0.0,286000000.0,75000000.0,17.37,1898000000.0
55,MMC,MRT,2007-12-31,2007-12-31,2007-12-31,2021-10-21,-351000000.0,17359000000.0,17329750000.0,5454000000.0,11905000000.0,0.643,14.512,-367000000.0,2133000000.0,2133000000.0,0.0,2489000000.0,1.561,1.219,3864000000.0,260000000.0,3604000000.0,3864000000.0,0.0,442000000.0,0.0,0.029,0.76,3040000000.0,3482000000.0,0.313,3482000000.0,3040000000.0,2773000000.0,4.49,4.45,4.49,7822000000.0,6587750000.0,7822000000.0,14818378282.0,5.0,4.256,-670000000.0,-1.243,1.0,11135000000.0,1.0,7759000000.0,267000000.0,7838000000.0,7700000000.0,0.0,0.0,0.0,0.0,9537000000.0,3493000000.0,6044000000.0,13768378282.0,44000000.0,3151000000.0,-1196000000.0,-1117000000.0,-413000000.0,-2726000000.0,2996000000.0,211000000.0,-303000000.0,77000000.0,2475000000.0,2475000000.0,2475000000.0,-1932000000.0,14000000.0,0.222,10281000000.0,854000000.0,1670000000.0,0.169,1.76,5.563,5.895,992000000.0,0.0,26.47,1.236,1.281,2874000000.0,7732000000.0,11135000000.0,11135000000.0,0.0,0.143,0.376,0.395,0.273,71000000.0,10281000000.0,1.0,520150294.0,539000000,539000000.0,20.659,9600000000.0,0.0,298000000.0,96000000.0,17.811,1961000000.0
56,MMC,MRT,2007-09-30,2007-09-30,2007-09-30,2021-10-21,-1010000000.0,17543000000.0,17524250000.0,6152000000.0,11391000000.0,0.617,12.963,-267000000.0,2819000000.0,2819000000.0,0.0,2616000000.0,1.474,1.534,3869000000.0,262000000.0,3607000000.0,3869000000.0,0.0,483000000.0,0.0,0.029,0.74,3237000000.0,3720000000.0,0.344,3720000000.0,3237000000.0,2954000000.0,4.86,4.78,4.86,6922000000.0,6087000000.0,6922000000.0,17627840298.0,5.0,4.739,352000000.0,0.659,1.0,10813000000.0,1.0,7756000000.0,283000000.0,6664000000.0,7635500000.0,0.0,96000000.0,0.0,96000000.0,10621000000.0,4173000000.0,6448000000.0,13795840298.0,1137000000.0,3130000000.0,-1091000000.0,-1214000000.0,-407000000.0,-2712000000.0,2982000000.0,159000000.0,619000000.0,248000000.0,2616000000.0,2616000000.0,2616000000.0,-2000000000.0,0.0,0.242,9967000000.0,846000000.0,1596000000.0,0.152,1.993,5.274,5.247,983000000.0,0.0,25.5,1.276,1.259,3001000000.0,7648000000.0,10813000000.0,10813000000.0,0.0,0.149,0.43,0.424,0.299,85000000.0,9967000000.0,1.0,541013345.0,534000000,540000000.0,20.249,9787000000.0,0.0,338000000.0,967000000.0,18.328,1979000000.0
57,MMC,MRT,2007-06-30,2007-06-30,2007-06-30,2021-10-21,-1160000000.0,17189000000.0,17592250000.0,6009000000.0,11180000000.0,0.604,10.327,-209000000.0,1117000000.0,1117000000.0,0.0,847000000.0,1.131,2.037,4949000000.0,1341000000.0,3608000000.0,4949000000.0,0.0,492000000.0,0.0,0.023,0.72,1451000000.0,1943000000.0,0.183,1943000000.0,1451000000.0,1158000000.0,1.54,1.49,1.54,5659000000.0,5907500000.0,5659000000.0,20602336373.0,14.0,10.603,683000000.0,1.246,1.0,10629000000.0,1.0,7606000000.0,293000000.0,8100000000.0,8132000000.0,0.0,99000000.0,0.0,99000000.0,11530000000.0,5315000000.0,6215000000.0,17151336373.0,-214000000.0,-124000000.0,-312000000.0,-290000000.0,-398000000.0,-1000000000.0,-212000000.0,162000000.0,892000000.0,106000000.0,847000000.0,847000000.0,847000000.0,-178000000.0,0.0,0.08,9655000000.0,974000000.0,2519000000.0,0.468,3.031,20.25,20.052,969000000.0,0.0,30.88,1.614,1.592,3028000000.0,5804000000.0,10629000000.0,10629000000.0,0.0,0.048,0.143,0.178,0.137,101000000.0,9655000000.0,1.0,555418924.0,548000000,558000000.0,19.396,9583000000.0,0.0,311000000.0,49000000.0,17.487,694000000.0
58,MMC,MRT,2007-03-31,2007-03-31,2007-03-31,2021-10-21,-1244000000.0,17228000000.0,17654250000.0,6004000000.0,11224000000.0,0.594,10.756,-192000000.0,1203000000.0,1203000000.0,0.0,842000000.0,1.228,1.896,4654000000.0,1045000000.0,3609000000.0,4654000000.0,0.0,487000000.0,0.0,0.024,0.7,1443000000.0,1930000000.0,0.184,1930000000.0,1443000000.0,1147000000.0,1.53,1.49,1.53,5948000000.0,5996750000.0,5948000000.0,19072794834.0,13.0,9.882,728000000.0,1.316,1.0,10478000000.0,1.0,7593000000.0,296000000.0,8198000000.0,8509000000.0,0.0,144000000.0,0.0,144000000.0,11280000000.0,4888000000.0,6392000000.0,16190794834.0,-330000000.0,-132000000.0,190000000.0,-759000000.0,-386000000.0,-955000000.0,-371000000.0,-35000000.0,920000000.0,76000000.0,842000000.0,842000000.0,842000000.0,-182000000.0,0.0,0.08,9480000000.0,998000000.0,2483000000.0,0.458,2.722,19.229,19.144,979000000.0,0.0,29.29,1.545,1.546,2904000000.0,5734000000.0,10478000000.0,10478000000.0,0.0,0.048,0.14,0.17,0.138,105000000.0,9480000000.0,1.0,552775515.0,553000000,562000000.0,18.948,9635000000.0,0.0,305000000.0,20000000.0,17.423,1116000000.0
59,MMC,MRT,2006-12-31,2006-12-31,2006-12-31,2021-10-21,-1272000000.0,18137000000.0,17727750000.0,6976000000.0,11161000000.0,0.583,10.599,-171000000.0,2015000000.0,2015000000.0,0.0,990000000.0,1.179,2.117,4971000000.0,1111000000.0,3860000000.0,4971000000.0,0.0,488000000.0,0.0,0.022,0.68,1565000000.0,2053000000.0,0.199,2053000000.0,1565000000.0,1262000000.0,1.8,1.76,1.8,5819000000.0,5944500000.0,5819000000.0,20298401440.0,13.0,9.887,615000000.0,1.12,1.0,10340000000.0,1.0,7595000000.0,303000000.0,7580000000.0,8845000000.0,0.0,0.0,0.0,0.0,12318000000.0,5918000000.0,6400000000.0,16897401440.0,56000000.0,154000000.0,181000000.0,-566000000.0,-374000000.0,-759000000.0,-44000000.0,-15000000.0,786000000.0,73000000.0,990000000.0,990000000.0,990000000.0,-358000000.0,0.0,0.096,9392000000.0,948000000.0,2486000000.0,0.378,2.904,17.068,17.033,990000000.0,0.0,30.66,1.634,1.628,2718000000.0,5691000000.0,10340000000.0,10340000000.0,0.0,0.056,0.167,0.177,0.151,116000000.0,9392000000.0,1.0,551122030.0,549000000,557000000.0,18.834,10542000000.0,0.0,272000000.0,131000000.0,19.202,1058000000.0
60,MMC,MRT,2006-09-30,2006-09-30,2006-09-30,2021-10-21,-588000000.0,17815000000.0,17666500000.0,4849000000.0,12966000000.0,0.515,11.28,-262000000.0,1682000000.0,1682000000.0,0.0,799000000.0,1.027,1.872,5083000000.0,1219000000.0,3864000000.0,5083000000.0,0.0,453000000.0,0.0,0.024,0.68,1226000000.0,1679000000.0,0.185,1679000000.0,1226000000.0,916000000.0,1.45,1.43,1.45,6204000000.0,5829750000.0,6204000000.0,19350542147.0,16.0,11.525,165000000.0,0.3,1.0,9096000000.0,1.0,7845000000.0,310000000.0,8650000000.0,9272500000.0,0.0,511000000.0,0.0,511000000.0,11611000000.0,4721000000.0,6890000000.0,15493542147.0,445000000.0,390000000.0,142000000.0,74000000.0,-372000000.0,-156000000.0,142000000.0,11000000.0,427000000.0,32000000.0,799000000.0,799000000.0,799000000.0,-486000000.0,0.0,0.088,8403000000.0,693000000.0,1881000000.0,0.469,2.497,19.391,19.414,1098000000.0,0.0,28.15,1.703,1.702,2800000000.0,5467000000.0,9096000000.0,9096000000.0,0.0,0.045,0.137,0.132,0.135,120000000.0,8403000000.0,1.0,550392261.0,550000000,554000000.0,16.538,9970000000.0,0.0,117000000.0,64000000.0,18.127,128000000.0
61,MMC,MRT,2006-06-30,2006-06-30,2006-06-30,2021-10-21,-625000000.0,17437000000.0,17589750000.0,4702000000.0,12735000000.0,0.531,10.958,-299000000.0,1375000000.0,1375000000.0,0.0,692000000.0,1.215,1.898,5232000000.0,699000000.0,4533000000.0,5232000000.0,0.0,461000000.0,0.0,0.025,0.68,1131000000.0,1592000000.0,0.17,1592000000.0,1131000000.0,785000000.0,1.26,1.24,1.26,6016000000.0,5618500000.0,6016000000.0,18611993855.0,16.0,11.691,102000000.0,0.186,1.0,9343000000.0,1.0,7816000000.0,346000000.0,9608000000.0,9420750000.0,0.0,329000000.0,0.0,329000000.0,11421000000.0,3870000000.0,7551000000.0,14773993855.0,551000000.0,423000000.0,175000000.0,187000000.0,-369000000.0,-7000000.0,166000000.0,4000000.0,401000000.0,-9000000.0,692000000.0,692000000.0,692000000.0,-449000000.0,0.0,0.074,8707000000.0,636000000.0,1704000000.0,0.54,2.456,21.35,21.341,1122000000.0,0.0,26.89,1.581,1.58,2921000000.0,5387000000.0,9343000000.0,9343000000.0,0.0,0.039,0.123,0.12,0.121,131000000.0,8707000000.0,1.0,549423349.0,549000000,555000000.0,17.018,9621000000.0,0.0,93000000.0,39000000.0,17.525,832000000.0
62,MMC,MRT,2006-03-31,2006-03-31,2006-03-31,2021-10-21,-744000000.0,17522000000.0,17513500000.0,4823000000.0,12699000000.0,0.553,10.492,-307000000.0,1575000000.0,1575000000.0,0.0,686000000.0,1.197,2.053,5413000000.0,879000000.0,4534000000.0,5413000000.0,0.0,480000000.0,0.0,0.023,0.68,1125000000.0,1605000000.0,0.166,1605000000.0,1125000000.0,784000000.0,1.26,1.24,1.26,5739000000.0,5366500000.0,5739000000.0,19581954116.0,17.0,12.201,125000000.0,0.229,1.0,9686000000.0,1.0,7790000000.0,341000000.0,9542000000.0,9357500000.0,0.0,290000000.0,0.0,290000000.0,11783000000.0,4028000000.0,7755000000.0,16059954116.0,692000000.0,397000000.0,246000000.0,184000000.0,-366000000.0,64000000.0,228000000.0,121000000.0,432000000.0,-32000000.0,686000000.0,686000000.0,686000000.0,-414000000.0,0.0,0.071,9020000000.0,666000000.0,1618000000.0,0.54,2.798,23.411,23.302,1151000000.0,0.0,29.36,1.658,1.658,2841000000.0,5310000000.0,9686000000.0,9686000000.0,0.0,0.039,0.128,0.12,0.116,102000000.0,9020000000.0,1.0,547001162.0,547000000,555000000.0,17.707,9732000000.0,0.0,98000000.0,177000000.0,17.792,795000000.0
63,MMC,MRT,2005-12-31,2005-12-31,2005-12-31,2021-10-21,-756000000.0,17892000000.0,17519750000.0,5262000000.0,12630000000.0,0.575,9.963,-299000000.0,2020000000.0,2020000000.0,0.0,404000000.0,1.209,2.338,5542000000.0,498000000.0,5044000000.0,5542000000.0,0.0,490000000.0,0.0,0.021,0.68,831000000.0,1321000000.0,0.131,1321000000.0,831000000.0,499000000.0,0.75,0.74,0.75,5360000000.0,5188750000.0,5360000000.0,21068661742.0,25.0,15.949,100000000.0,0.186,1.0,10082000000.0,1.0,7773000000.0,332000000.0,9290000000.0,9395750000.0,0.0,277000000.0,0.0,277000000.0,12532000000.0,4351000000.0,8181000000.0,17299661742.0,637000000.0,82000000.0,269000000.0,222000000.0,-363000000.0,128000000.0,153000000.0,318000000.0,399000000.0,-43000000.0,404000000.0,404000000.0,404000000.0,-203000000.0,0.0,0.04,9492000000.0,590000000.0,1733000000.0,0.907,3.228,42.821,42.347,1178000000.0,0.0,31.76,1.716,1.695,2730000000.0,4989000000.0,10082000000.0,10082000000.0,0.0,0.023,0.078,0.088,0.082,64000000.0,9492000000.0,1.0,544699677.0,538000000,543000000.0,18.74,10119000000.0,0.0,95000000.0,192000000.0,18.809,911000000.0
64,MMC,MRT,2005-09-30,2005-09-30,2005-09-30,2021-10-21,-695000000.0,17508000000.0,17671250000.0,4481000000.0,13027000000.0,0.644,9.942,-278000000.0,1237000000.0,1237000000.0,0.0,-311000000.0,1.115,2.267,5006000000.0,77000000.0,4929000000.0,5006000000.0,0.0,502000000.0,0.0,0.028,0.85,-117000000.0,385000000.0,0.034,385000000.0,-117000000.0,-436000000.0,-0.62,-0.59,-0.62,5359000000.0,5112750000.0,5359000000.0,20464001658.0,-175.0,53.153,470000000.0,0.872,1.0,11379000000.0,1.0,8015000000.0,319000000.0,9243000000.0,9487500000.0,0.0,318000000.0,0.0,318000000.0,12149000000.0,4019000000.0,8130000000.0,16267001658.0,660000000.0,-179000000.0,274000000.0,154000000.0,-450000000.0,1766000000.0,-58000000.0,304000000.0,748000000.0,-8000000.0,-311000000.0,-311000000.0,-311000000.0,-41000000.0,0.0,-0.027,11574000000.0,-195000000.0,1875000000.0,-1.371,3.035,-52.305,-49.016,1235000000.0,0.0,30.39,1.43,1.44,2981000000.0,5043000000.0,11379000000.0,11379000000.0,0.0,-0.018,-0.061,-0.012,-0.01,37000000.0,10872000000.0,1.0,535274816.0,539000000,544000000.0,21.111,9493000000.0,0.0,-125000000.0,316000000.0,17.612,462000000.0
65,MMC,MRT,2005-06-30,2005-06-30,2005-06-30,2021-10-21,-658000000.0,17132000000.0,17563000000.0,4026000000.0,13106000000.0,0.658,9.361,-312000000.0,856000000.0,856000000.0,0.0,-359000000.0,1.031,2.421,5053000000.0,364000000.0,4689000000.0,5053000000.0,0.0,506000000.0,0.0,0.037,1.02,-193000000.0,313000000.0,0.027,313000000.0,-193000000.0,-456000000.0,-0.71,-0.67,-0.71,5008000000.0,5187500000.0,5008000000.0,19086865665.0,-99.0,60.98,611000000.0,1.142,1.0,11550000000.0,1.0,8069000000.0,263000000.0,9355000000.0,9318500000.0,0.0,331000000.0,0.0,331000000.0,12124000000.0,3905000000.0,8219000000.0,14760865665.0,457000000.0,-2213000000.0,429000000.0,1821000000.0,-536000000.0,1714000000.0,-2186000000.0,259000000.0,923000000.0,6000000.0,-359000000.0,-359000000.0,-359000000.0,-35000000.0,0.0,-0.031,11804000000.0,-254000000.0,1798000000.0,-1.437,2.947,-41.117,-39.014,1268000000.0,0.0,27.7,1.278,1.283,2910000000.0,5073000000.0,11550000000.0,11550000000.0,0.0,-0.02,-0.069,-0.021,-0.017,0.0,10830000000.0,1.0,532883237.0,535000000,538000000.0,21.589,9063000000.0,0.0,-97000000.0,179000000.0,16.94,121000000.0
66,MMC,MRT,2005-03-31,2005-03-31,2005-03-31,2021-10-21,-465000000.0,17547000000.0,16976000000.0,4209000000.0,13338000000.0,0.683,9.469,-336000000.0,910000000.0,910000000.0,0.0,-136000000.0,1.035,2.49,5236000000.0,547000000.0,4689000000.0,5236000000.0,0.0,479000000.0,0.0,0.033,1.01,130000000.0,609000000.0,0.052,609000000.0,130000000.0,-108000000.0,-0.27,-0.25,-0.27,5028000000.0,5341500000.0,5028000000.0,20020820442.0,154.0,32.875,1294000000.0,2.437,1.0,11601000000.0,1.0,8112000000.0,238000000.0,9695000000.0,8851000000.0,0.0,375000000.0,0.0,375000000.0,12519000000.0,4066000000.0,8453000000.0,16089820442.0,276000000.0,-2237000000.0,175000000.0,1266000000.0,-608000000.0,833000000.0,-2210000000.0,314000000.0,1630000000.0,23000000.0,-136000000.0,-136000000.0,-136000000.0,-29000000.0,0.0,-0.012,11516000000.0,85000000.0,1793000000.0,-3.741,3.2,-118.308,-112.667,1319000000.0,0.0,30.42,1.387,1.392,3024000000.0,4998000000.0,11601000000.0,11601000000.0,0.0,-0.008,-0.025,0.015,0.011,0.0,10542000000.0,1.0,528922434.0,531000000,536000000.0,21.847,9435000000.0,0.0,28000000.0,300000000.0,17.768,143000000.0
67,MMC,MRT,2004-12-31,2004-12-31,2004-12-31,2021-10-21,-370000000.0,18498000000.0,16466750000.0,4999000000.0,13499000000.0,0.712,9.612,-353000000.0,1370000000.0,1370000000.0,0.0,176000000.0,1.054,2.659,5327000000.0,636000000.0,4691000000.0,5327000000.0,0.0,456000000.0,0.0,0.026,0.84,634000000.0,1090000000.0,0.093,1090000000.0,634000000.0,415000000.0,0.33,0.33,0.33,5056000000.0,5480000000.0,5056000000.0,21612893628.0,34.0,19.828,1716000000.0,3.262,1.0,11727000000.0,1.0,8055000000.0,219000000.0,9657000000.0,8549500000.0,0.0,558000000.0,0.0,558000000.0,13442000000.0,4743000000.0,8699000000.0,17335893628.0,731000000.0,-2364000000.0,-80000000.0,1951000000.0,-681000000.0,1190000000.0,-2556000000.0,120000000.0,2069000000.0,28000000.0,176000000.0,176000000.0,176000000.0,-24000000.0,0.0,0.015,11130000000.0,597000000.0,1818000000.0,2.545,3.429,98.499,99.697,1363000000.0,0.0,32.9,1.478,1.476,2859000000.0,5044000000.0,11727000000.0,11727000000.0,0.0,0.011,0.032,0.074,0.054,0.0,10161000000.0,1.0,526926858.0,526000000,535000000.0,22.295,10443000000.0,0.0,239000000.0,281000000.0,19.854,256000000.0
68,MMC,MRT,2004-09-30,2004-09-30,2004-09-30,2021-10-21,-336000000.0,17075000000.0,15605500000.0,4014000000.0,13061000000.0,0.757,10.86,-377000000.0,577000000.0,577000000.0,0.0,1231000000.0,0.808,2.018,4854000000.0,1396000000.0,3458000000.0,4854000000.0,0.0,433000000.0,0.0,0.024,1.12,2101000000.0,2534000000.0,0.214,2534000000.0,2101000000.0,1900000000.0,2.35,2.29,2.35,5658000000.0,5578750000.0,5658000000.0,26634765726.0,13.0,10.511,1295000000.0,2.486,1.0,11820000000.0,1.0,7816000000.0,201000000.0,8567000000.0,8207500000.0,0.0,566000000.0,0.0,566000000.0,11417000000.0,4969000000.0,6448000000.0,23823765726.0,-114000000.0,-2328000000.0,-303000000.0,1718000000.0,-667000000.0,-1040000000.0,-2552000000.0,157000000.0,1672000000.0,18000000.0,1231000000.0,1231000000.0,1231000000.0,-24000000.0,0.0,0.104,9748000000.0,2072000000.0,1867000000.0,0.477,4.211,19.353,19.472,1385000000.0,0.0,45.76,2.016,2.017,2979000000.0,5724000000.0,11820000000.0,11820000000.0,0.0,0.079,0.221,0.256,0.178,0.0,9471000000.0,1.0,520624251.0,521000000,533000000.0,22.687,9259000000.0,0.0,669000000.0,391000000.0,17.772,-955000000.0
69,MMC,MRT,2004-06-30,2004-06-30,2004-06-30,2021-10-21,-315000000.0,14784000000.0,14959000000.0,3725000000.0,11059000000.0,0.783,10.774,-360000000.0,399000000.0,399000000.0,0.0,1567000000.0,0.893,1.629,3210000000.0,911000000.0,2299000000.0,3210000000.0,0.0,408000000.0,0.0,0.024,1.09,2566000000.0,2974000000.0,0.254,2974000000.0,2566000000.0,2372000000.0,2.98,2.9,2.98,5624000000.0,5532250000.0,5624000000.0,27066304808.0,11.0,9.101,1220000000.0,2.337,1.0,11707000000.0,1.0,5938000000.0,194000000.0,7485000000.0,7904500000.0,0.0,557000000.0,0.0,557000000.0,9160000000.0,4172000000.0,4988000000.0,23747304808.0,-219000000.0,-293000000.0,-682000000.0,-31000000.0,-655000000.0,-1368000000.0,-442000000.0,186000000.0,1580000000.0,11000000.0,1567000000.0,1567000000.0,1567000000.0,-24000000.0,0.0,0.134,9170000000.0,2537000000.0,1500000000.0,0.366,4.222,15.155,15.228,1355000000.0,0.0,45.38,2.028,2.023,2867000000.0,5882000000.0,11707000000.0,11707000000.0,0.0,0.105,0.283,0.325,0.219,0.0,9165000000.0,1.0,523298916.0,522000000,534000000.0,22.427,8846000000.0,0.0,805000000.0,394000000.0,16.946,-447000000.0
70,MMC,MRT,2004-03-31,2004-03-31,2004-03-31,2021-10-21,-284000000.0,15510000000.0,14877250000.0,4304000000.0,11206000000.0,0.776,10.632,-398000000.0,634000000.0,634000000.0,0.0,1543000000.0,0.981,1.779,3953000000.0,1045000000.0,2908000000.0,3953000000.0,0.0,404000000.0,0.0,0.026,1.21,2535000000.0,2939000000.0,0.255,2939000000.0,2535000000.0,2343000000.0,2.91,2.83,2.91,5582000000.0,5488000000.0,5582000000.0,26978203852.0,11.0,9.179,1181000000.0,2.25,1.0,11544000000.0,1.0,5954000000.0,192000000.0,8489000000.0,7904500000.0,0.0,624000000.0,0.0,624000000.0,9928000000.0,4386000000.0,5542000000.0,24286203852.0,68000000.0,-334000000.0,-617000000.0,298000000.0,-643000000.0,-962000000.0,-584000000.0,75000000.0,1579000000.0,35000000.0,1543000000.0,1543000000.0,1543000000.0,-24000000.0,0.0,0.134,9040000000.0,2504000000.0,1774000000.0,0.416,4.351,15.74,15.911,1377000000.0,0.0,46.3,2.104,2.106,3012000000.0,5669000000.0,11544000000.0,11544000000.0,0.0,0.104,0.281,0.321,0.22,0.0,9035000000.0,1.0,524540040.0,525000000,540000000.0,21.989,9556000000.0,0.0,800000000.0,377000000.0,18.202,-82000000.0
71,MMC,MRT,2003-12-31,2003-12-31,2003-12-31,2021-10-21,-279000000.0,15053000000.0,14464000000.0,3848000000.0,11205000000.0,0.774,10.227,-428000000.0,665000000.0,665000000.0,0.0,1540000000.0,1.052,1.762,3357000000.0,447000000.0,2910000000.0,3357000000.0,0.0,391000000.0,0.0,0.031,1.49,2476000000.0,2867000000.0,0.256,2867000000.0,2476000000.0,2291000000.0,2.89,2.81,2.89,5451000000.0,5381000000.0,5451000000.0,27824264094.0,11.0,9.705,1439000000.0,2.7,1.0,11200000000.0,1.0,5797000000.0,185000000.0,8289000000.0,7742500000.0,0.0,648000000.0,0.0,648000000.0,9602000000.0,3659000000.0,5943000000.0,25393264094.0,119000000.0,-178000000.0,-622000000.0,-72000000.0,-631000000.0,-1325000000.0,-470000000.0,75000000.0,1867000000.0,47000000.0,1540000000.0,1540000000.0,1540000000.0,-24000000.0,0.0,0.138,8752000000.0,2448000000.0,1501000000.0,0.516,4.658,16.489,16.571,1389000000.0,0.0,47.89,2.267,2.279,2703000000.0,5386000000.0,11200000000.0,11200000000.0,0.0,0.106,0.286,0.32,0.221,0.0,8742000000.0,1.0,530241472.0,533000000,548000000.0,21.013,9256000000.0,0.0,751000000.0,272000000.0,17.366,189000000.0
72,MMC,MRT,2003-09-30,2003-09-30,2003-09-30,2021-10-21,-252000000.0,14489000000.0,14164500000.0,3789000000.0,10700000000.0,0.787,10.305,-461000000.0,691000000.0,691000000.0,0.0,1477000000.0,0.983,1.648,3122000000.0,203000000.0,2919000000.0,3122000000.0,0.0,386000000.0,0.0,0.024,1.15,2423000000.0,2809000000.0,0.252,2809000000.0,2423000000.0,2244000000.0,2.76,2.69,2.76,5472000000.0,5272750000.0,5472000000.0,27986863995.0,12.0,9.963,1268000000.0,2.388,1.0,11142000000.0,1.0,5712000000.0,179000000.0,7355000000.0,7539250000.0,0.0,600000000.0,0.0,600000000.0,9017000000.0,3853000000.0,5164000000.0,25358863995.0,16000000.0,-142000000.0,-368000000.0,-253000000.0,-617000000.0,-1238000000.0,-518000000.0,0.0,1729000000.0,43000000.0,1477000000.0,1477000000.0,1477000000.0,0.0,0.0,0.133,8723000000.0,2419000000.0,1559000000.0,0.417,4.634,17.169,17.25,1378000000.0,0.0,47.61,2.276,2.269,2656000000.0,5174000000.0,11142000000.0,11142000000.0,0.0,0.104,0.28,0.321,0.217,0.0,8723000000.0,1.0,532637345.0,531000000,550000000.0,20.983,8777000000.0,0.0,767000000.0,505000000.0,16.529,-64000000.0
73,MMC,MRT,2003-06-30,2003-06-30,2003-06-30,2021-10-21,-264000000.0,14457000000.0,13796750000.0,3763000000.0,10694000000.0,0.787,10.2,-461000000.0,618000000.0,618000000.0,0.0,1419000000.0,0.975,1.654,3246000000.0,369000000.0,2877000000.0,3246000000.0,0.0,378000000.0,0.0,0.022,1.12,2340000000.0,2718000000.0,0.25,2718000000.0,2340000000.0,2166000000.0,2.65,2.59,2.65,5447000000.0,5156250000.0,5447000000.0,30430492321.0,13.0,11.196,1413000000.0,2.646,1.0,10858000000.0,1.0,5741000000.0,174000000.0,7485000000.0,7436250000.0,0.0,567000000.0,0.0,567000000.0,9010000000.0,3859000000.0,5151000000.0,27343492321.0,147000000.0,-172000000.0,-366000000.0,-285000000.0,-603000000.0,-1254000000.0,-503000000.0,0.0,1874000000.0,30000000.0,1419000000.0,1419000000.0,1419000000.0,0.0,0.0,0.131,8520000000.0,2338000000.0,1561000000.0,0.423,5.02,19.27,19.272,1386000000.0,0.0,51.07,2.518,2.512,2694000000.0,4982000000.0,10858000000.0,10858000000.0,0.0,0.103,0.275,0.315,0.216,0.0,8520000000.0,1.0,535412029.0,534000000,552000000.0,20.333,8716000000.0,0.0,747000000.0,491000000.0,16.322,-96000000.0
74,MMC,MRT,2003-03-31,2003-03-31,2003-03-31,2021-10-21,-453000000.0,13857000000.0,13463500000.0,3606000000.0,10251000000.0,0.788,9.616,-410000000.0,566000000.0,566000000.0,0.0,1390000000.0,0.977,1.689,3653000000.0,772000000.0,2881000000.0,3653000000.0,0.0,368000000.0,0.0,0.026,1.105,2303000000.0,2671000000.0,0.252,2671000000.0,2303000000.0,2137000000.0,2.59,2.53,2.59,5154000000.0,5053750000.0,5154000000.0,25720164910.0,11.0,9.629,1302000000.0,2.429,1.0,10605000000.0,1.0,5412000000.0,166000000.0,7841000000.0,7416500000.0,0.0,517000000.0,0.0,517000000.0,8703000000.0,3691000000.0,5012000000.0,22832164910.0,23000000.0,-90000000.0,-786000000.0,-23000000.0,-599000000.0,-1408000000.0,-303000000.0,0.0,1712000000.0,22000000.0,1390000000.0,1390000000.0,1390000000.0,0.0,0.0,0.131,8301000000.0,2304000000.0,1512000000.0,0.427,4.43,16.426,16.459,1322000000.0,0.0,42.63,2.153,2.155,2550000000.0,4784000000.0,10605000000.0,10605000000.0,0.0,0.103,0.275,0.311,0.217,0.0,8301000000.0,1.0,535589137.0,536000000,547000000.0,19.785,8445000000.0,0.0,747000000.0,282000000.0,15.756,-85000000.0
75,MMC,MRT,2002-12-31,2002-12-31,2002-12-31,2021-10-21,-452000000.0,13855000000.0,13299500000.0,3664000000.0,10191000000.0,0.781,9.275,-405000000.0,546000000.0,546000000.0,0.0,1365000000.0,0.948,1.761,3434000000.0,543000000.0,2891000000.0,3434000000.0,0.0,359000000.0,0.0,0.024,1.09,2272000000.0,2631000000.0,0.253,2631000000.0,2272000000.0,2112000000.0,2.52,2.45,2.52,5018000000.0,5100750000.0,5018000000.0,27520621249.0,12.0,10.46,932000000.0,1.723,1.0,10388000000.0,1.0,5404000000.0,160000000.0,7476000000.0,7413250000.0,0.0,578000000.0,0.0,578000000.0,8837000000.0,3863000000.0,4974000000.0,24817621249.0,9000000.0,-92000000.0,-694000000.0,282000000.0,-593000000.0,-1005000000.0,-330000000.0,0.0,1337000000.0,7000000.0,1365000000.0,1365000000.0,1365000000.0,0.0,0.0,0.131,8114000000.0,2274000000.0,1406000000.0,0.433,4.946,18.181,18.337,1308000000.0,0.0,46.21,2.389,2.407,2478000000.0,4490000000.0,10388000000.0,10388000000.0,0.0,0.103,0.268,0.306,0.219,0.0,8114000000.0,1.0,537061702.0,541000000,557000000.0,19.201,8451000000.0,0.0,747000000.0,194000000.0,15.621,-199000000.0
76,MMC,MRT,2002-09-30,2002-09-30,2002-09-30,2021-10-21,-263000000.0,13018000000.0,13278000000.0,3662000000.0,9356000000.0,0.76,9.357,-537000000.0,675000000.0,675000000.0,0.0,1197000000.0,1.07,1.6,3378000000.0,490000000.0,2888000000.0,3378000000.0,0.0,390000000.0,0.0,0.026,1.075,2042000000.0,2432000000.0,0.241,2432000000.0,2042000000.0,1882000000.0,2.2,2.14,2.2,5006000000.0,5139500000.0,5006000000.0,25340759016.0,12.0,10.42,1284000000.0,2.4,1.0,10090000000.0,1.0,5354000000.0,160000000.0,6943000000.0,7189750000.0,0.0,568000000.0,0.0,568000000.0,8012000000.0,3424000000.0,4588000000.0,22307759016.0,75000000.0,-49000000.0,-829000000.0,-38000000.0,-588000000.0,-1455000000.0,-267000000.0,0.0,1821000000.0,-24000000.0,1197000000.0,1197000000.0,1197000000.0,0.0,0.0,0.119,8046000000.0,2044000000.0,1360000000.0,0.489,4.456,18.636,18.927,1249000000.0,0.0,41.64,2.211,2.208,2463000000.0,4329000000.0,10090000000.0,10090000000.0,0.0,0.09,0.233,0.284,0.202,0.0,8046000000.0,1.0,535729083.0,535000000,548000000.0,18.86,7664000000.0,0.0,685000000.0,587000000.0,14.325,238000000.0
77,MMC,MRT,2002-06-30,2002-06-30,2002-06-30,2021-10-21,-214000000.0,13124000000.0,13384250000.0,3716000000.0,9408000000.0,0.743,9.242,-487000000.0,471000000.0,471000000.0,0.0,1066000000.0,1.092,1.606,3504000000.0,647000000.0,2857000000.0,3504000000.0,0.0,430000000.0,0.0,0.022,1.06,1846000000.0,2276000000.0,0.229,2276000000.0,1846000000.0,1683000000.0,1.95,1.88,1.95,5037000000.0,5161750000.0,5037000000.0,29529023982.0,16.0,12.974,1188000000.0,2.18,1.0,9944000000.0,1.0,5349000000.0,163000000.0,7406000000.0,7150000000.0,0.0,691000000.0,0.0,691000000.0,8087000000.0,3402000000.0,4685000000.0,26452023982.0,69000000.0,-27000000.0,-779000000.0,-14000000.0,-584000000.0,-1377000000.0,-232000000.0,0.0,1675000000.0,3000000.0,1066000000.0,1066000000.0,1066000000.0,0.0,0.0,0.107,8100000000.0,1844000000.0,1392000000.0,0.544,5.252,24.814,24.769,1242000000.0,0.0,48.3,2.66,2.647,2717000000.0,4181000000.0,9944000000.0,9944000000.0,0.0,0.08,0.207,0.258,0.186,0.0,8100000000.0,1.0,547660952.0,545000000,562000000.0,18.246,7775000000.0,0.0,617000000.0,453000000.0,14.266,314000000.0
78,MMC,MRT,2002-03-31,2002-03-31,2002-03-31,2021-10-21,-276000000.0,13201000000.0,13453250000.0,3726000000.0,9475000000.0,0.734,9.748,-417000000.0,543000000.0,543000000.0,0.0,1023000000.0,1.185,1.471,3620000000.0,794000000.0,2826000000.0,3620000000.0,0.0,475000000.0,0.0,0.019,1.045,1811000000.0,2286000000.0,0.232,2286000000.0,1811000000.0,1630000000.0,1.86,1.79,1.86,5342000000.0,5209000000.0,5342000000.0,33488170875.0,18.0,14.649,1035000000.0,1.889,1.0,9873000000.0,1.0,5307000000.0,181000000.0,7828000000.0,7097250000.0,0.0,816000000.0,0.0,816000000.0,7859000000.0,3143000000.0,4716000000.0,30934170875.0,210000000.0,-14000000.0,-415000000.0,67000000.0,-576000000.0,-924000000.0,-307000000.0,0.0,1452000000.0,-11000000.0,1023000000.0,1023000000.0,1023000000.0,0.0,0.0,0.104,8068000000.0,1805000000.0,1332000000.0,0.562,5.791,30.239,30.296,1239000000.0,0.0,56.35,3.133,3.128,2649000000.0,3996000000.0,9873000000.0,9873000000.0,0.0,0.076,0.196,0.255,0.183,0.0,8068000000.0,1.0,548964878.0,548000000,569000000.0,18.016,7894000000.0,0.0,607000000.0,340000000.0,14.405,583000000.0
79,MMC,MRT,2001-12-31,2001-12-31,2001-12-31,2021-10-21,-227000000.0,13769000000.0,13525750000.0,3792000000.0,9977000000.0,0.73,9.405,-433000000.0,537000000.0,537000000.0,0.0,974000000.0,0.859,1.662,3091000000.0,757000000.0,2334000000.0,3091000000.0,0.0,520000000.0,0.0,0.019,1.03,1769000000.0,2289000000.0,0.232,2289000000.0,1769000000.0,1573000000.0,1.77,1.7,1.77,5173000000.0,5190000000.0,5173000000.0,32281234945.0,18.0,14.103,1027000000.0,1.867,1.0,9869000000.0,1.0,5327000000.0,196000000.0,6582000000.0,6984250000.0,0.0,826000000.0,0.0,826000000.0,8596000000.0,4414000000.0,4182000000.0,29524234945.0,297000000.0,-53000000.0,-376000000.0,407000000.0,-567000000.0,-536000000.0,-616000000.0,0.0,1460000000.0,-11000000.0,974000000.0,974000000.0,974000000.0,0.0,0.0,0.099,8106000000.0,1763000000.0,1347000000.0,0.582,5.707,30.312,30.367,1235000000.0,0.0,53.75,2.992,2.995,2692000000.0,3723000000.0,9869000000.0,9869000000.0,0.0,0.072,0.188,0.253,0.179,0.0,8106000000.0,1.0,549288092.0,550000000,572000000.0,17.944,8442000000.0,0.0,599000000.0,600000000.0,15.349,-622000000.0
80,MMC,MRT,2001-09-30,2001-09-30,2001-09-30,2021-10-21,-405000000.0,13443000000.0,13525750000.0,3916000000.0,9527000000.0,0.755,9.281,-323000000.0,600000000.0,600000000.0,0.0,1116000000.0,0.966,1.638,3357000000.0,1011000000.0,2346000000.0,3357000000.0,0.0,341000000.0,0.0,0.021,1.015,2006000000.0,2347000000.0,0.23,2347000000.0,2006000000.0,1796000000.0,2.025,1.925,2.025,5095000000.0,5203750000.0,5095000000.0,29672594704.0,15.0,12.643,1037000000.0,1.889,1.0,10206000000.0,1.0,5363000000.0,210000000.0,6784000000.0,6993250000.0,0.0,651000000.0,0.0,651000000.0,8348000000.0,4053000000.0,4295000000.0,26583594704.0,259000000.0,-102000000.0,-267000000.0,225000000.0,-559000000.0,-601000000.0,-509000000.0,0.0,1360000000.0,9000000.0,1116000000.0,1116000000.0,1116000000.0,0.0,0.0,0.109,8203000000.0,2003000000.0,1559000000.0,0.501,5.218,23.82,23.877,1222000000.0,0.0,48.35,2.605,2.601,2730000000.0,3724000000.0,10206000000.0,10206000000.0,0.0,0.083,0.214,0.287,0.197,0.0,8205000000.0,1.0,549815816.0,549000000,569000000.0,18.59,8080000000.0,0.0,680000000.0,500000000.0,14.718,-137000000.0
81,MMC,MRT,2001-06-30,2001-06-30,2001-06-30,2021-10-21,-365000000.0,13400000000.0,13569000000.0,3705000000.0,9695000000.0,0.762,9.485,-397000000.0,402000000.0,402000000.0,0.0,1230000000.0,0.953,1.564,3491000000.0,1145000000.0,2346000000.0,3491000000.0,0.0,333000000.0,0.0,0.02,1.0,2219000000.0,2552000000.0,0.247,2552000000.0,2219000000.0,1992000000.0,2.235,2.12,2.235,5226000000.0,5180750000.0,5226000000.0,31051351230.0,14.0,12.167,889000000.0,1.613,1.0,10334000000.0,1.0,5405000000.0,227000000.0,7195000000.0,6992000000.0,0.0,764000000.0,0.0,764000000.0,8174000000.0,3889000000.0,4285000000.0,27828351230.0,-37000000.0,-145000000.0,38000000.0,-158000000.0,-547000000.0,-667000000.0,-636000000.0,0.0,1286000000.0,-20000000.0,1230000000.0,1230000000.0,1230000000.0,0.0,0.0,0.119,8117000000.0,2217000000.0,1428000000.0,0.447,5.325,22.625,22.595,1271000000.0,0.0,50.5,2.693,2.693,2702000000.0,3702000000.0,10334000000.0,10334000000.0,0.0,0.091,0.237,0.317,0.215,0.0,8119000000.0,1.0,551056460.0,551000000,573000000.0,18.755,7995000000.0,0.0,762000000.0,407000000.0,14.51,-184000000.0
82,MMC,MRT,2001-03-31,2001-03-31,2001-03-31,2021-10-21,-326000000.0,13491000000.0,13628000000.0,3561000000.0,9930000000.0,0.754,9.54,-512000000.0,333000000.0,333000000.0,0.0,1213000000.0,0.919,1.562,3556000000.0,1209000000.0,2347000000.0,3556000000.0,0.0,317000000.0,0.0,0.021,0.975,2206000000.0,2523000000.0,0.246,2523000000.0,2206000000.0,1967000000.0,2.215,2.09,2.215,5266000000.0,5034000000.0,5266000000.0,28686370953.0,13.0,11.37,760000000.0,1.377,1.0,10274000000.0,1.0,5463000000.0,239000000.0,7376000000.0,6938000000.0,0.0,789000000.0,0.0,789000000.0,8225000000.0,3875000000.0,4350000000.0,26242370953.0,-174000000.0,-168000000.0,224000000.0,-328000000.0,-530000000.0,-634000000.0,-792000000.0,0.0,1272000000.0,-20000000.0,1213000000.0,1213000000.0,1213000000.0,0.0,0.0,0.118,8069000000.0,2205000000.0,1605000000.0,0.44,4.983,21.634,21.451,1365000000.0,0.0,47.515,2.554,2.553,2714000000.0,3554000000.0,10274000000.0,10274000000.0,0.0,0.089,0.241,0.318,0.215,0.0,8071000000.0,1.0,552296558.0,552000000,576000000.0,18.612,8028000000.0,0.0,754000000.0,377000000.0,14.543,-314000000.0
83,MMC,MRT,2000-12-31,2000-12-31,2000-12-31,2021-10-21,-149000000.0,13769000000.0,13610000000.0,3639000000.0,10130000000.0,0.757,9.628,-512000000.0,240000000.0,240000000.0,0.0,1181000000.0,0.883,1.634,2684000000.0,337000000.0,2347000000.0,2684000000.0,0.0,305000000.0,0.0,0.016,0.95,2181000000.0,2486000000.0,0.241,2486000000.0,2181000000.0,1934000000.0,2.18,2.05,2.18,5228000000.0,4829750000.0,5228000000.0,34974029357.0,16.0,14.068,786000000.0,1.448,1.0,10308000000.0,1.0,5476000000.0,247000000.0,6618000000.0,6809000000.0,0.0,976000000.0,0.0,976000000.0,8541000000.0,4119000000.0,4422000000.0,32185029357.0,-188000000.0,-99000000.0,315000000.0,-802000000.0,-514000000.0,-1001000000.0,-464000000.0,0.0,1298000000.0,-21000000.0,1181000000.0,1181000000.0,1181000000.0,0.0,0.0,0.115,8129000000.0,2179000000.0,1964000000.0,0.436,6.156,27.252,26.835,1360000000.0,0.0,58.5,3.122,3.082,2812000000.0,3323000000.0,10308000000.0,10308000000.0,0.0,0.087,0.245,0.32,0.212,0.0,8131000000.0,1.0,550171442.0,543000000,569000000.0,18.983,8293000000.0,0.0,753000000.0,291000000.0,15.273,-480000000.0
84,MMC,MRT,2000-09-30,2000-09-30,2000-09-30,2021-10-21,-162000000.0,13616000000.0,13461250000.0,3687000000.0,9929000000.0,0.744,9.197,-552000000.0,341000000.0,341000000.0,0.0,942000000.0,0.908,1.722,3130000000.0,780000000.0,2350000000.0,3130000000.0,0.0,513000000.0,0.0,0.014,0.925,1837000000.0,2350000000.0,0.235,2350000000.0,1837000000.0,1587000000.0,1.74,1.635,1.74,5003000000.0,4565250000.0,5003000000.0,39241956664.0,21.0,16.699,455000000.0,0.836,1.0,10015000000.0,1.0,5564000000.0,250000000.0,6779000000.0,6737750000.0,0.0,694000000.0,0.0,694000000.0,8613000000.0,4062000000.0,4551000000.0,36032956664.0,-300000000.0,35000000.0,311000000.0,-464000000.0,-496000000.0,-649000000.0,-636000000.0,0.0,1007000000.0,-22000000.0,942000000.0,942000000.0,942000000.0,0.0,0.0,0.094,8180000000.0,1835000000.0,1830000000.0,0.532,7.202,38.252,38.161,1325000000.0,0.0,66.4,3.598,3.607,2843000000.0,3175000000.0,10015000000.0,10015000000.0,0.0,0.07,0.206,0.273,0.183,0.0,8180000000.0,1.0,542665010.0,544000000,572000000.0,18.41,8052000000.0,0.0,645000000.0,193000000.0,14.801,-375000000.0
85,MMC,MRT,2000-06-30,2000-06-30,2000-06-30,2021-10-21,-157000000.0,13636000000.0,13154500000.0,3695000000.0,9941000000.0,0.738,8.591,-548000000.0,439000000.0,439000000.0,0.0,883000000.0,0.854,1.939,3648000000.0,1299000000.0,2349000000.0,3648000000.0,0.0,490000000.0,0.0,0.017,0.9,1741000000.0,2231000000.0,0.23,2231000000.0,1741000000.0,1495000000.0,1.64,1.555,1.64,4639000000.0,4382500000.0,4639000000.0,31521815728.0,18.0,14.129,408000000.0,0.756,1.0,9707000000.0,1.0,5540000000.0,246000000.0,6979000000.0,6714750000.0,0.0,618000000.0,0.0,618000000.0,8997000000.0,4326000000.0,4671000000.0,28143815728.0,-160000000.0,-181000000.0,220000000.0,85000000.0,-480000000.0,-175000000.0,-936000000.0,0.0,956000000.0,-5000000.0,883000000.0,883000000.0,883000000.0,0.0,0.0,0.091,7973000000.0,1734000000.0,1817000000.0,0.549,6.067,31.873,31.829,1339000000.0,0.0,52.2,2.899,2.904,2656000000.0,3031000000.0,9707000000.0,9707000000.0,0.0,0.067,0.201,0.259,0.179,0.0,7973000000.0,1.0,539153558.0,540000000,566000000.0,17.976,8096000000.0,0.0,612000000.0,176000000.0,14.993,-631000000.0
86,MMC,MRT,2000-03-31,2000-03-31,2000-03-31,2021-10-21,-119000000.0,13419000000.0,12739750000.0,3657000000.0,9762000000.0,0.743,8.3,-510000000.0,507000000.0,507000000.0,0.0,784000000.0,0.821,2.016,3885000000.0,1534000000.0,2351000000.0,3885000000.0,0.0,460000000.0,0.0,0.016,0.875,1577000000.0,2037000000.0,0.215,2037000000.0,1577000000.0,1344000000.0,1.47,1.39,1.47,4449000000.0,4243000000.0,4449000000.0,32605036534.0,21.0,16.006,309000000.0,0.576,1.0,9471000000.0,1.0,5480000000.0,233000000.0,6860000000.0,6590500000.0,0.0,606000000.0,0.0,606000000.0,8970000000.0,4457000000.0,4513000000.0,29545036534.0,-83000000.0,-233000000.0,502000000.0,-48000000.0,-464000000.0,-10000000.0,-884000000.0,0.0,819000000.0,-8000000.0,784000000.0,784000000.0,784000000.0,0.0,0.0,0.083,7904000000.0,1567000000.0,1800000000.0,0.595,6.641,37.685,37.517,1327000000.0,0.0,55.15,3.12,3.121,2611000000.0,2890000000.0,9471000000.0,9471000000.0,0.0,0.062,0.185,0.239,0.167,0.0,7904000000.0,1.0,535721424.0,536000000,560000000.0,17.67,7939000000.0,0.0,560000000.0,290000000.0,14.812,-800000000.0
87,MMC,MRT,1999-12-31,1999-12-31,1999-12-31,2021-10-21,-75000000.0,13174000000.0,12352250000.0,3283000000.0,9891000000.0,0.741,7.928,-476000000.0,428000000.0,428000000.0,0.0,726000000.0,0.753,2.159,3488000000.0,1131000000.0,2357000000.0,3488000000.0,0.0,431000000.0,0.0,0.018,0.85,1483000000.0,1914000000.0,0.209,1914000000.0,1483000000.0,1250000000.0,1.38,1.31,1.38,4170000000.0,4070500000.0,4170000000.0,28494596613.0,19.0,14.887,555000000.0,1.055,1.0,9157000000.0,1.0,5542000000.0,233000000.0,6333000000.0,6263500000.0,0.0,611000000.0,0.0,611000000.0,9004000000.0,4359000000.0,4645000000.0,25529596613.0,-182000000.0,-272000000.0,476000000.0,-363000000.0,-447000000.0,-334000000.0,-876000000.0,0.0,1031000000.0,-3000000.0,726000000.0,726000000.0,726000000.0,0.0,0.0,0.079,7690000000.0,1467000000.0,1762000000.0,0.616,6.122,35.165,34.67,1314000000.0,0.0,47.845,2.788,2.748,2298000000.0,2674000000.0,9157000000.0,9157000000.0,0.0,0.059,0.178,0.237,0.162,0.0,7690000000.0,1.0,533589646.0,526000000,544000000.0,17.409,7632000000.0,0.0,524000000.0,188000000.0,14.51,-1076000000.0
88,MMC,MRT,1999-09-30,1999-09-30,1999-09-30,2021-10-21,-30000000.0,12389000000.0,12026500000.0,3403000000.0,8986000000.0,0.729,8.091,-446000000.0,641000000.0,641000000.0,0.0,865000000.0,0.956,1.9,3606000000.0,1015000000.0,2591000000.0,3606000000.0,0.0,368000000.0,0.0,0.024,0.825,1651000000.0,2019000000.0,0.23,2019000000.0,1651000000.0,1431000000.0,1.665,1.585,1.665,4272000000.0,3942750000.0,4272000000.0,21043277825.0,13.0,10.423,675000000.0,1.278,1.0,8768000000.0,1.0,5108000000.0,220000000.0,6687000000.0,6019500000.0,0.0,576000000.0,0.0,576000000.0,8117000000.0,3559000000.0,4558000000.0,18088277825.0,-26000000.0,-286000000.0,436000000.0,-469000000.0,-426000000.0,-459000000.0,-687000000.0,0.0,1121000000.0,-1000000.0,865000000.0,865000000.0,865000000.0,0.0,0.0,0.099,7142000000.0,1626000000.0,1142000000.0,0.495,4.234,20.911,20.571,1346000000.0,0.0,34.25,2.063,2.062,2153000000.0,2747000000.0,8768000000.0,8768000000.0,0.0,0.072,0.219,0.274,0.188,0.0,7142000000.0,1.0,528124900.0,528000000,546000000.0,16.606,7281000000.0,0.0,566000000.0,362000000.0,13.79,-156000000.0
89,MMC,MRT,1999-06-30,1999-06-30,1999-06-30,2021-10-21,-7000000.0,11977000000.0,11111250000.0,3426000000.0,8551000000.0,0.743,7.759,-416000000.0,599000000.0,599000000.0,0.0,828000000.0,0.951,1.935,3554000000.0,957000000.0,2597000000.0,3554000000.0,0.0,329000000.0,0.0,0.021,0.8,1560000000.0,1889000000.0,0.229,1889000000.0,1560000000.0,1366000000.0,1.61,1.525,1.61,4081000000.0,3769000000.0,4081000000.0,23258227480.0,15.0,12.312,795000000.0,1.511,1.0,8260000000.0,1.0,4846000000.0,194000000.0,6482000000.0,5419000000.0,0.0,684000000.0,0.0,684000000.0,7896000000.0,3604000000.0,4292000000.0,19924227480.0,1000000.0,-81000000.0,358000000.0,-696000000.0,-412000000.0,-750000000.0,-460000000.0,0.0,1211000000.0,0.0,828000000.0,828000000.0,828000000.0,0.0,0.0,0.1,6724000000.0,1536000000.0,1451000000.0,0.497,4.882,24.063,23.506,1264000000.0,0.0,37.845,2.412,2.41,2173000000.0,2644000000.0,8260000000.0,8260000000.0,0.0,0.075,0.22,0.288,0.189,0.0,6724000000.0,1.0,526469216.0,526000000,544000000.0,15.703,7131000000.0,0.0,538000000.0,318000000.0,13.557,-178000000.0
90,MMC,MRT,1999-03-31,1999-03-31,1999-03-31,2021-10-21,57000000.0,11869000000.0,10266750000.0,3357000000.0,8512000000.0,0.756,7.285,-407000000.0,590000000.0,590000000.0,0.0,844000000.0,0.694,2.157,3924000000.0,2360000000.0,1564000000.0,3924000000.0,0.0,306000000.0,0.0,0.021,0.767,1562000000.0,1868000000.0,0.241,1868000000.0,1562000000.0,1390000000.0,1.645,1.57,1.645,3759000000.0,3628750000.0,3759000000.0,22934666663.0,15.0,12.278,648000000.0,1.256,1.0,7765000000.0,1.0,4811000000.0,172000000.0,5552000000.0,4936750000.0,0.0,693000000.0,0.0,693000000.0,8110000000.0,4840000000.0,3270000000.0,19110666663.0,23000000.0,-201000000.0,-51000000.0,-51000000.0,-393000000.0,-495000000.0,-545000000.0,0.0,1055000000.0,8000000.0,844000000.0,844000000.0,844000000.0,0.0,0.0,0.109,6230000000.0,1535000000.0,1448000000.0,0.466,5.084,22.643,22.568,1240000000.0,0.0,37.125,2.461,2.467,2035000000.0,2586000000.0,7765000000.0,7765000000.0,0.0,0.082,0.233,0.316,0.201,0.0,6230000000.0,1.0,514765432.0,516000000,532000000.0,15.048,7058000000.0,73000000.0,546000000.0,437000000.0,13.678,-1483000000.0
91,MMC,MRT,1998-12-31,1998-12-31,1998-12-31,2021-10-21,206000000.0,11871000000.0,9385500000.0,3245000000.0,8626000000.0,0.766,7.146,-386000000.0,610000000.0,610000000.0,0.0,796000000.0,0.662,2.244,3824000000.0,2234000000.0,1590000000.0,3824000000.0,0.0,272000000.0,0.0,0.025,0.733,1445000000.0,1717000000.0,0.239,1717000000.0,1445000000.0,1305000000.0,1.555,1.49,1.555,3659000000.0,3565750000.0,3659000000.0,16129774171.0,11.0,9.394,768000000.0,1.5,1.0,7190000000.0,1.0,4826000000.0,140000000.0,5357000000.0,4647000000.0,0.0,828000000.0,0.0,828000000.0,8212000000.0,4902000000.0,3310000000.0,15036774171.0,186000000.0,-302000000.0,-57000000.0,66000000.0,-375000000.0,-366000000.0,-608000000.0,0.0,1154000000.0,6000000.0,796000000.0,796000000.0,796000000.0,0.0,0.0,0.111,5770000000.0,1420000000.0,1338000000.0,0.471,4.11,18.89,18.791,1287000000.0,0.0,29.22,2.091,2.081,1909000000.0,2412000000.0,7190000000.0,7190000000.0,0.0,0.085,0.223,0.311,0.201,0.0,5770000000.0,1.0,514605550.0,512000000,528000000.0,14.043,7045000000.0,0.0,509000000.0,385000000.0,13.76,-1657000000.0
92,MMC,MRT,1998-09-30,1998-09-30,1998-09-30,2021-10-21,216000000.0,8728000000.0,8395750000.0,2846000000.0,5882000000.0,0.818,6.986,-259000000.0,667000000.0,667000000.0,0.0,595000000.0,1.049,1.44,1760000000.0,480000000.0,1280000000.0,1760000000.0,0.0,233000000.0,0.0,0.028,0.7,1119000000.0,1352000000.0,0.197,1352000000.0,1119000000.0,995000000.0,1.145,1.095,1.145,3577000000.0,3459250000.0,3577000000.0,14063276438.0,13.0,10.402,722000000.0,1.41,1.0,6871000000.0,1.0,2822000000.0,124000000.0,4285000000.0,4465000000.0,0.0,752000000.0,0.0,752000000.0,5151000000.0,2714000000.0,2437000000.0,12719276438.0,232000000.0,-253000000.0,-9000000.0,208000000.0,-361000000.0,-162000000.0,-588000000.0,0.0,981000000.0,1000000.0,595000000.0,595000000.0,595000000.0,0.0,0.0,0.087,5776000000.0,1095000000.0,1130000000.0,0.611,3.556,21.377,21.725,934000000.0,0.0,24.875,1.851,1.854,1636000000.0,2294000000.0,6871000000.0,6871000000.0,0.0,0.071,0.172,0.251,0.163,0.0,5776000000.0,1.0,511327696.0,512000000,526000000.0,13.42,5906000000.0,0.0,400000000.0,354000000.0,11.535,132000000.0
93,MMC,MRT,1998-06-30,1998-06-30,1998-06-30,2021-10-21,270000000.0,8599000000.0,8060025000.0,2863000000.0,5736000000.0,0.831,6.848,-219000000.0,598000000.0,598000000.0,0.0,549000000.0,1.072,1.443,1942000000.0,648000000.0,1294000000.0,1942000000.0,0.0,230000000.0,0.0,0.022,0.667,1034000000.0,1264000000.0,0.189,1264000000.0,1034000000.0,915000000.0,1.055,1.02,1.055,3520000000.0,3395875000.0,3520000000.0,16610262731.0,16.0,13.141,398000000.0,0.774,1.0,6700000000.0,1.0,2720000000.0,119000000.0,4553000000.0,4548750000.0,0.0,893000000.0,0.0,893000000.0,5079000000.0,2670000000.0,2409000000.0,15511262731.0,98000000.0,-211000000.0,50000000.0,248000000.0,-340000000.0,-42000000.0,-471000000.0,0.0,617000000.0,-6000000.0,549000000.0,549000000.0,549000000.0,0.0,0.0,0.082,5691000000.0,1009000000.0,1150000000.0,0.632,4.407,28.254,28.645,884000000.0,0.0,30.22,2.315,2.318,1686000000.0,2211000000.0,6700000000.0,6700000000.0,0.0,0.068,0.162,0.227,0.154,0.0,5691000000.0,1.0,513278052.0,514000000,530000000.0,13.035,5879000000.0,0.0,366000000.0,228000000.0,11.438,193000000.0
94,MMC,MRT,1998-03-31,1998-03-31,1998-03-31,2021-10-21,268000000.0,8344000000.0,7774475000.0,2779000000.0,5565000000.0,0.835,6.823,-211000000.0,567000000.0,567000000.0,0.0,501000000.0,1.096,1.379,1666000000.0,503000000.0,1163000000.0,1666000000.0,0.0,218000000.0,0.0,0.022,0.65,951000000.0,1169000000.0,0.18,1169000000.0,951000000.0,833000000.0,0.965,0.94,0.965,3507000000.0,3311575000.0,3507000000.0,16367890517.0,17.0,14.002,415000000.0,0.807,1.0,6490000000.0,1.0,2514000000.0,118000000.0,4393000000.0,4497450000.0,0.0,869000000.0,0.0,869000000.0,4837000000.0,2536000000.0,2301000000.0,14891390517.0,-25000000.0,-156000000.0,198000000.0,-89000000.0,-326000000.0,-217000000.0,-422000000.0,0.0,626000000.0,-12000000.0,501000000.0,501000000.0,501000000.0,0.0,0.0,0.077,5565000000.0,925000000.0,1269000000.0,0.674,4.246,29.723,30.159,940000000.0,0.0,29.103,2.295,2.305,1606000000.0,2121000000.0,6490000000.0,6490000000.0,0.0,0.064,0.151,0.211,0.147,0.0,5565000000.0,1.0,511673022.0,514000000,528000000.0,12.626,5830000000.0,0.0,332000000.0,326000000.0,11.342,243000000.0
95,MMC,MRT,1997-12-31,1997-12-31,1997-12-31,2021-10-21,167000000.0,7912000000.0,7502875000.0,2567000000.0,5345000000.0,0.801,6.598,-202000000.0,0.0,0.0,0.0,434000000.0,1.096,1.447,1477000000.0,237000000.0,1240000000.0,1477000000.0,0.0,199000000.0,0.0,0.025,0.633,822000000.0,1021000000.0,0.17,1021000000.0,822000000.0,715000000.0,0.885,0.865,0.885,3233000000.0,3185250000.0,3233000000.0,13795207679.0,17.0,13.511,213000000.0,0.435,1.0,6009000000.0,1.0,2417000000.0,107000000.0,4629000000.0,4448600000.0,0.0,720000000.0,0.0,720000000.0,4679000000.0,2343000000.0,2336000000.0,12664307679.0,124000000.0,-419000000.0,210000000.0,495000000.0,-306000000.0,399000000.0,-676000000.0,0.0,415000000.0,-14000000.0,434000000.0,434000000.0,434000000.0,0.0,0.0,0.072,5211000000.0,798000000.0,1223000000.0,0.715,3.917,29.18,28.083,957000000.0,0.0,24.853,2.108,2.027,1498000000.0,2010000000.0,6009000000.0,6009000000.0,0.0,0.058,0.136,0.185,0.137,0.0,5211000000.0,1.0,509561736.0,490000000,502000000.0,12.263,5495000000.0,166000000.0,281000000.0,234000000.0,11.214,224000000.0
96,MMC,MRT,1997-09-30,1997-09-30,1997-09-30,2021-10-21,173100000.0,7385100000.0,6661175000.0,2336600000.0,5048500000.0,0.854,6.568,-222600000.0,434900000.0,434900000.0,0.0,547400000.0,1.355,-0.992,1565800000.0,297400000.0,1268400000.0,1565800000.0,0.0,183000000.0,0.0,0.024,0.617,913900000.0,1096900000.0,0.193,1096900000.0,913900000.0,820900000.0,1.692,1.647,1.692,3323500000.0,2849150000.0,3323500000.0,14130921349.0,15.0,12.883,132600000.0,0.262,1.0,5690500000.0,1.0,2171400000.0,93000000.0,4620000000.0,4114900000.0,0.0,729500000.0,0.0,729500000.0,-3296500000.0,1724600000.0,-5021100000.0,12911621349.0,17700000.0,-541100000.0,237100000.0,542600000.0,-285500000.0,493800000.0,-817800000.0,0.0,355200000.0,-13500000.0,547400000.0,547400000.0,547400000.0,0.0,0.0,0.096,4797200000.0,893300000.0,679200000.0,0.365,3.885,23.587,15.097,960500000.0,0.0,25.543,2.269,2.271,1421600000.0,2110500000.0,5690500000.0,5690500000.0,0.0,0.082,0.192,0.222,0.161,0.0,4797200000.0,1.0,505479108.0,506000000,520000000.0,11.246,5213700000.0,0.0,273500000.0,212500000.0,10.304,612000000.0
97,MMC,MRT,1997-06-30,1997-06-30,1997-06-30,2021-10-21,145300000.0,7456800000.0,,2375700000.0,5081100000.0,,6.366,-213700000.0,500400000.0,500400000.0,0.0,510000000.0,1.113,-0.992,1719700000.0,609200000.0,1110500000.0,1719700000.0,0.0,160800000.0,0.0,0.025,0.583,836800000.0,997600000.0,0.194,997600000.0,836800000.0,757300000.0,1.657,1.617,1.657,3182800000.0,,3182800000.0,13028562328.0,16.0,13.06,129600000.0,0.259,1.0,5131500000.0,1.0,2194100000.0,79500000.0,4347800000.0,,0.0,642100000.0,0.0,642100000.0,-3155800000.0,2134200000.0,-5290000000.0,11833062328.0,161300000.0,-526700000.0,39800000.0,826700000.0,-259500000.0,606600000.0,-775400000.0,0.0,343300000.0,-13200000.0,510000000.0,510000000.0,510000000.0,0.0,0.0,0.099,4313000000.0,818500000.0,767200000.0,0.352,3.718,23.202,14.359,969100000.0,0.0,23.793,2.306,2.318,1415200000.0,2055200000.0,5131500000.0,5131500000.0,0.0,,,,0.163,0.0,4313000000.0,1.0,497326800.0,500000000,512000000.0,10.263,5262700000.0,0.0,247300000.0,284700000.0,10.525,241500000.0
98,MMC,MRT,1997-03-31,1997-03-31,1997-03-31,2021-10-21,96700000.0,7257600000.0,,2396700000.0,4860900000.0,,6.853,-176500000.0,592400000.0,592400000.0,0.0,480200000.0,1.129,1.418,1787900000.0,618200000.0,1169700000.0,1787900000.0,0.0,142100000.0,0.0,0.03,0.567,763600000.0,905700000.0,0.196,905700000.0,763600000.0,700200000.0,1.635,1.6,1.635,3001700000.0,,3001700000.0,9087594975.0,12.0,10.034,45800000.0,0.105,1.0,4628300000.0,1.0,2133200000.0,63400000.0,4197600000.0,,0.0,571300000.0,0.0,571300000.0,4255900000.0,2122300000.0,2133600000.0,8236994975.0,253400000.0,-138900000.0,-47700000.0,696400000.0,-245900000.0,404200000.0,-363600000.0,0.0,222300000.0,-9500000.0,480200000.0,480200000.0,480200000.0,0.0,0.0,0.104,3878500000.0,749800000.0,933800000.0,0.347,2.744,17.153,11.549,954000000.0,0.0,18.883,1.78,1.787,1363500000.0,1993900000.0,4628300000.0,4628300000.0,0.0,,,,0.165,0.0,3878500000.0,1.0,436204500.0,438000000,447000000.0,10.567,5124400000.0,0.0,220000000.0,268300000.0,11.7,274400000.0
99,MMC,MRT,1996-12-31,1996-12-31,1996-12-31,2021-10-21,145500000.0,4545200000.0,,1748600000.0,2796600000.0,,6.521,-157000000.0,0.0,0.0,0.0,459300000.0,1.124,1.407,850600000.0,392400000.0,458200000.0,850600000.0,0.0,140000000.0,0.0,0.032,0.55,729600000.0,869600000.0,0.197,869600000.0,729600000.0,668000000.0,1.585,1.56,1.585,1888600000.0,,1888600000.0,,,,160000000.0,0.552,1.0,4404000000.0,1.0,545300000.0,61600000.0,3294200000.0,,0.0,573300000.0,0.0,573300000.0,2656600000.0,1556300000.0,1100300000.0,7560878000.0,-28000000.0,235000000.0,-87000000.0,-1000000.0,-239000000.0,-325000000.0,-14000000.0,0.0,317000000.0,-6000000.0,459300000.0,459300000.0,459300000.0,0.0,0.0,0.104,3688700000.0,715300000.0,447500000.0,0.347,4.003,16.462,10.936,770100000.0,0.0,17.333,1.717,1.14,1085800000.0,1901600000.0,4404000000.0,4404000000.0,0.0,,,,0.166,0.0,3688700000.0,1.0,436204500.0,289600000,294800000.0,15.207,3999900000.0,0.0,208700000.0,259600000.0,13.812,192300000.0
100,MMC,MRT,1996-09-30,1996-09-30,1996-09-30,2021-10-21,,,,,,,,,,,,,,,,,,,,,,0.033,0.533,,,,,,,,,,,,,,,,,,1.0,,,,,,,,,,,,,,,,,,,,,,,,,,,,,,,,,,,,,,,,16.187,,,,,,,,,,,,,,1.0,,430200000,,,,,,,,
101,MMC,MRT,1996-06-30,1996-06-30,1996-06-30,2021-10-21,,,,,,,,,,,,,,,,,,,,,,0.033,0.521,,,,,,,,,,,,,,,,,,1.0,,,,,,,,,,,,,,,,,,,,,,,,,,,,,,,,,,,,,,,,15.958,,,,,,,,,,,,,,1.0,,438000000,,,,,,,,
102,MMC,MRT,1996-03-31,1996-03-31,1996-03-31,2021-10-21,,,,,,,,,,,,,,,,,,,,,,0.032,0.508,,,,,,,,,,,,,,,,,,1.0,,,,,,,,,,,,,,,,,,,,,,,,,,,,,,,,,,,,,,,,15.812,,,,,,,,,,,,,,1.0,,437400000,,,,,,,,
103,MMC,MRT,1995-12-31,1995-12-31,1995-12-31,2021-10-21,,,,,,,,-136900000.0,,,0.0,402900000.0,,,,,,,,135100000.0,,0.034,0.496,712600000.0,847700000.0,0.215,847700000.0,712600000.0,649800000.0,1.38,1.365,1.38,,,,,,,181200000.0,0.621,1.0,3937300000.0,1.0,,62800000.0,,,,,,,,,,,33200000.0,-6800000.0,-55100000.0,174500000.0,-217000000.0,-92800000.0,-198100000.0,0.0,318100000.0,6000000.0,402900000.0,402900000.0,402900000.0,0.0,0.0,0.102,3242400000.0,694900000.0,,0.359,,,10.719,,0.0,14.792,,1.095,,,3937300000.0,3937300000.0,0.0,,,,0.181,0.0,3242400000.0,1.0,,291600000,294800000.0,13.502,,,246900000.0,,,
104,MMC,MRT,1994-12-31,1994-12-31,1994-12-31,2021-10-21,,,,,,,,-149100000.0,,,0.0,371500000.0,,,,,,,,120600000.0,,0.035,0.467,671600000.0,792200000.0,0.231,792200000.0,671600000.0,621000000.0,,,,,,,,,,219400000.0,0.497,1.0,3435000000.0,1.0,,50600000.0,,,,,,,,,,,-37100000.0,-18400000.0,-74200000.0,121000000.0,-206400000.0,-189800000.0,-223400000.0,0.0,368500000.0,7600000.0,371500000.0,371500000.0,371500000.0,0.0,0.0,0.108,2764700000.0,670300000.0,,,,,,,0.0,13.208,,1.698,,,3435000000.0,3435000000.0,0.0,,,,0.196,0.0,2764700000.0,1.0,,441600000,,7.779,,,249500000.0,,,
