None,ticker,dimension,calendardate,datekey,reportperiod,lastupdated,accoci,assets,assetsavg,assetsc,assetsnc,assetturnover,bvps,capex,cashneq,cashnequsd,cor,consolinc,currentratio,de,debt,debtc,debtnc,debtusd,deferredrev,depamor,deposits,divyield,dps,ebit,ebitda,ebitdamargin,ebitdausd,ebitusd,ebt,eps,epsdil,epsusd,equity,equityavg,equityusd,ev,evebit,evebitda,fcf,fcfps,fxusd,gp,grossmargin,intangibles,intexp,invcap,invcapavg,inventory,investments,investmentsc,investmentsnc,liabilities,liabilitiesc,liabilitiesnc,marketcap,ncf,ncfbus,ncfcommon,ncfdebt,ncfdiv,ncff,ncfi,ncfinv,ncfo,ncfx,netinc,netinccmn,netinccmnusd,netincdis,netincnci,netmargin,opex,opinc,payables,payoutratio,pb,pe,pe1,ppnenet,prefdivis,price,ps,ps1,receivables,retearn,revenue,revenueusd,rnd,roa,roe,roic,ros,sbcomp,sgna,sharefactor,sharesbas,shareswa,shareswadil,sps,tangibles,taxassets,taxexp,taxliabilities,tbvps,workingcapital
0,NEE,MRY,2020-12-31,2020-12-31,2020-12-31,2021-07-26,-92000000.0,127684000000.0,124166000000.0,7382000000.0,120302000000.0,0.145,18.638,-6747000000.0,1105000000.0,1105000000.0,7290000000.0,2369000000.0,0.474,2.266,48091000000.0,6147000000.0,41944000000.0,48091000000.0,0.0,4052000000.0,474000000.0,0.018,1.4,4913000000.0,8965000000.0,0.498,8965000000.0,4913000000.0,2963000000.0,1.49,1.48,1.49,36513000000.0,36819000000.0,36513000000.0,197477568667.0,40.0,22.028,1236000000.0,0.631,1.0,10707000000.0,0.595,4254000000.0,1950000000.0,154858000000.0,151288000000.0,1552000000.0,13507000000.0,0.0,13507000000.0,82755000000.0,15558000000.0,67197000000.0,151142568667.0,438000000.0,-1012000000.0,-92000000.0,5394000000.0,-2743000000.0,6174000000.0,-13699000000.0,-184000000.0,7983000000.0,-20000000.0,2919000000.0,2919000000.0,2919000000.0,0.0,-550000000.0,0.162,5591000000.0,5116000000.0,4615000000.0,0.94,4.139,51.779,51.779,91803000000.0,0.0,77.15,8.398,8.398,2974000000.0,25363000000.0,17997000000.0,17997000000.0,0.0,0.024,0.079,0.032,0.273,0.0,0.0,1.0,1959074124.0,1959074124,,9.186,123430000000.0,0.0,44000000.0,8539000000.0,63.004,-8176000000.0
1,NEE,MRY,2019-12-31,2019-12-31,2019-12-31,2021-07-26,-169000000.0,117691000000.0,112873500000.0,7408000000.0,110283000000.0,0.17,18.927,-5912000000.0,600000000.0,600000000.0,8003000000.0,3388000000.0,0.535,2.05,42583000000.0,5040000000.0,37543000000.0,42583000000.0,0.0,4216000000.0,499000000.0,0.021,1.25,6466000000.0,10682000000.0,0.556,10682000000.0,6466000000.0,4217000000.0,1.95,1.94,1.95,37005000000.0,35683250000.0,37005000000.0,159017972670.0,25.0,14.887,2243000000.0,1.147,1.0,11201000000.0,0.583,4204000000.0,2249000000.0,141617000000.0,134812500000.0,1328000000.0,14407000000.0,0.0,14407000000.0,75844000000.0,13853000000.0,61991000000.0,118361972670.0,-4145000000.0,-5165000000.0,1494000000.0,3614000000.0,-2408000000.0,3873000000.0,-16177000000.0,-152000000.0,8155000000.0,4000000.0,3769000000.0,3769000000.0,3769000000.0,0.0,-381000000.0,0.196,5848000000.0,5353000000.0,3631000000.0,0.641,3.199,31.404,31.046,82010000000.0,0.0,60.54,6.163,6.163,2807000000.0,25199000000.0,19204000000.0,19204000000.0,0.0,0.033,0.106,0.048,0.337,0.0,0.0,1.0,1955103612.0,1955103612,,9.822,113487000000.0,0.0,448000000.0,8919000000.0,58.047,-6445000000.0
2,NEE,MRY,2018-12-31,2018-12-31,2018-12-31,2021-07-26,-188000000.0,103702000000.0,98019750000.0,6393000000.0,97309000000.0,0.171,18.039,-5959000000.0,638000000.0,638000000.0,7062000000.0,5776000000.0,0.364,1.941,37712000000.0,10930000000.0,26782000000.0,37712000000.0,0.0,3911000000.0,445000000.0,0.026,1.11,9712000000.0,13623000000.0,0.814,13623000000.0,9712000000.0,8214000000.0,3.51,3.47,3.51,34144000000.0,33530750000.0,34144000000.0,115166444572.0,12.0,8.454,634000000.0,0.335,1.0,9665000000.0,0.578,891000000.0,1498000000.0,122322000000.0,118489000000.0,2963000000.0,12634000000.0,0.0,12634000000.0,66289000000.0,17563000000.0,48726000000.0,83076444572.0,3270000000.0,0.0,718000000.0,7561000000.0,-2101000000.0,7634000000.0,-10950000000.0,314000000.0,6593000000.0,-7000000.0,6638000000.0,6638000000.0,6638000000.0,0.0,-862000000.0,0.397,5385000000.0,4280000000.0,2386000000.0,0.316,2.433,12.515,12.38,70334000000.0,0.0,43.455,4.967,4.917,2969000000.0,23837000000.0,16727000000.0,16727000000.0,0.0,0.068,0.198,0.082,0.581,0.0,0.0,1.0,1911781028.0,1892800000,1908000000.0,8.837,102811000000.0,0.0,1576000000.0,7844000000.0,54.317,-11170000000.0
3,NEE,MRY,2017-12-31,2017-12-31,2017-12-31,2021-07-26,111000000.0,97963000000.0,94709750000.0,7181000000.0,90782000000.0,0.181,15.058,-5405000000.0,1714000000.0,1714000000.0,7529000000.0,5323000000.0,0.639,2.424,35025000000.0,3615000000.0,31410000000.0,35025000000.0,0.0,2357000000.0,448000000.0,0.025,0.983,6278000000.0,8635000000.0,0.503,8635000000.0,6278000000.0,4720000000.0,2.87,2.848,2.87,28236000000.0,26514250000.0,28236000000.0,107049398176.0,17.0,12.397,1053000000.0,0.562,1.0,9644000000.0,0.562,0.0,1558000000.0,120031000000.0,117829000000.0,3040000000.0,8324000000.0,0.0,8324000000.0,68432000000.0,11243000000.0,57189000000.0,73471398176.0,454000000.0,1454000000.0,55000000.0,3441000000.0,-1845000000.0,2888000000.0,-8918000000.0,-30000000.0,6458000000.0,26000000.0,5380000000.0,5380000000.0,5380000000.0,0.0,-57000000.0,0.313,4471000000.0,5173000000.0,3235000000.0,0.343,2.602,13.656,13.605,72289000000.0,0.0,39.047,4.278,4.264,2737000000.0,19020000000.0,17173000000.0,17173000000.0,0.0,0.057,0.203,0.053,0.366,0.0,0.0,1.0,1881590324.0,1875200000,1890000000.0,9.158,97963000000.0,0.0,-660000000.0,6385000000.0,52.241,-4062000000.0
4,NEE,MRY,2016-12-31,2016-12-31,2016-12-31,2021-07-26,-70000000.0,89993000000.0,86978500000.0,7409000000.0,82584000000.0,0.186,13.14,-4240000000.0,1292000000.0,1292000000.0,7521000000.0,2999000000.0,0.679,2.657,30840000000.0,3022000000.0,27818000000.0,30840000000.0,0.0,3120000000.0,470000000.0,0.029,0.87,5383000000.0,8503000000.0,0.527,8503000000.0,5383000000.0,4285000000.0,1.567,1.56,1.567,24341000000.0,23583500000.0,24341000000.0,86815832532.0,16.0,10.21,2129000000.0,1.149,1.0,8617000000.0,0.534,0.0,1098000000.0,108622000000.0,107129500000.0,3420000000.0,7916000000.0,0.0,7916000000.0,64662000000.0,10919000000.0,53743000000.0,55819832532.0,757000000.0,645000000.0,537000000.0,2079000000.0,-1612000000.0,2424000000.0,-8046000000.0,-53000000.0,6369000000.0,10000000.0,2906000000.0,2906000000.0,2906000000.0,0.0,93000000.0,0.18,4158000000.0,4459000000.0,3447000000.0,0.555,2.293,19.208,19.059,66912000000.0,0.0,29.865,3.459,3.428,2439000000.0,15458000000.0,16138000000.0,16138000000.0,0.0,0.033,0.123,0.05,0.334,0.0,0.0,1.0,1869071908.0,1852400000,1863200000.0,8.712,89993000000.0,0.0,1379000000.0,11581000000.0,48.582,-3510000000.0
5,NEE,MRY,2015-12-31,2015-12-31,2015-12-31,2021-07-26,-167000000.0,82479000000.0,78643000000.0,6795000000.0,75684000000.0,0.222,12.527,-3872000000.0,571000000.0,571000000.0,8596000000.0,2762000000.0,0.672,2.63,29687000000.0,3006000000.0,26681000000.0,29687000000.0,0.0,2831000000.0,473000000.0,0.03,0.77,5191000000.0,8022000000.0,0.459,8022000000.0,5191000000.0,3980000000.0,1.528,1.515,1.528,22574000000.0,21616250000.0,22574000000.0,76928075274.0,15.0,9.59,2217000000.0,1.23,1.0,8890000000.0,0.508,0.0,1211000000.0,101488000000.0,97926500000.0,3326000000.0,6924000000.0,0.0,6924000000.0,59367000000.0,10107000000.0,49260000000.0,47845075274.0,7000000.0,345000000.0,1298000000.0,1444000000.0,-1385000000.0,1897000000.0,-7996000000.0,-131000000.0,6089000000.0,17000000.0,2752000000.0,2752000000.0,2752000000.0,0.0,10000000.0,0.157,4258000000.0,4632000000.0,2529000000.0,0.504,2.119,17.386,16.998,61386000000.0,0.0,25.973,2.736,2.677,2265000000.0,14140000000.0,17486000000.0,17486000000.0,0.0,0.035,0.127,0.053,0.297,0.0,0.0,1.0,1842143624.0,1802000000,1816000000.0,9.704,82479000000.0,0.0,1228000000.0,10276000000.0,45.771,-3312000000.0
6,NEE,MRY,2014-12-31,2014-12-31,2014-12-31,2021-07-26,-40000000.0,74605000000.0,72179750000.0,6944000000.0,67661000000.0,0.236,11.462,-3429000000.0,577000000.0,577000000.0,8751000000.0,2469000000.0,0.719,2.733,28701000000.0,4657000000.0,24044000000.0,28701000000.0,0.0,2551000000.0,462000000.0,0.027,0.725,4902000000.0,7453000000.0,0.438,7453000000.0,4902000000.0,3641000000.0,1.417,1.4,1.417,19916000000.0,18912250000.0,19916000000.0,75331704305.0,15.0,10.108,2071000000.0,1.192,1.0,8270000000.0,0.486,0.0,1261000000.0,93066000000.0,91229750000.0,3298000000.0,6565000000.0,0.0,6565000000.0,54437000000.0,9663000000.0,44774000000.0,46393704305.0,139000000.0,0.0,633000000.0,755000000.0,-1261000000.0,1000000000.0,-6361000000.0,292000000.0,5500000000.0,0.0,2465000000.0,2465000000.0,2465000000.0,0.0,4000000.0,0.145,3886000000.0,4384000000.0,1354000000.0,0.512,2.329,18.821,18.753,55705000000.0,0.0,26.573,2.726,2.713,2159000000.0,12773000000.0,17021000000.0,17021000000.0,0.0,0.034,0.13,0.054,0.288,0.0,0.0,1.0,1745929224.0,1737600000,1760400000.0,9.796,74605000000.0,739000000.0,1176000000.0,9735000000.0,42.936,-2719000000.0
7,NEE,MRY,2013-12-31,2013-12-31,2013-12-31,2021-07-26,56000000.0,69306000000.0,66383000000.0,5842000000.0,63464000000.0,0.228,10.632,-2976000000.0,438000000.0,438000000.0,9432000000.0,1908000000.0,0.636,2.842,28426000000.0,4457000000.0,23969000000.0,28426000000.0,0.0,2163000000.0,452000000.0,0.031,0.66,3806000000.0,5969000000.0,0.394,5969000000.0,3806000000.0,2685000000.0,1.125,1.117,1.125,18040000000.0,17063000000.0,18040000000.0,65026954825.0,17.0,10.894,2126000000.0,1.253,1.0,5704000000.0,0.377,0.0,1121000000.0,88105000000.0,85289250000.0,3212000000.0,5901000000.0,0.0,5901000000.0,51266000000.0,9189000000.0,42077000000.0,36874954825.0,109000000.0,0.0,842000000.0,1255000000.0,-1122000000.0,1130000000.0,-6123000000.0,-65000000.0,5102000000.0,0.0,1908000000.0,1908000000.0,1908000000.0,-231000000.0,0.0,0.126,2463000000.0,3241000000.0,1200000000.0,0.587,2.044,19.326,19.027,52720000000.0,0.0,21.405,2.436,2.4,2289000000.0,11569000000.0,15136000000.0,15136000000.0,0.0,0.029,0.112,0.045,0.251,0.0,0.0,1.0,1722726224.0,1696800000,1708000000.0,8.92,69306000000.0,753000000.0,777000000.0,8617000000.0,40.845,-3347000000.0
8,NEE,MRY,2012-12-31,2012-12-31,2012-12-31,2021-07-26,-255000000.0,64439000000.0,61521250000.0,5237000000.0,59202000000.0,0.232,9.64,-4556000000.0,329000000.0,329000000.0,9462000000.0,1911000000.0,0.59,3.01,27359000000.0,4182000000.0,23177000000.0,27359000000.0,0.0,1518000000.0,508000000.0,0.035,0.6,3641000000.0,5159000000.0,0.362,5159000000.0,3641000000.0,2603000000.0,1.147,1.14,1.147,16068000000.0,15741250000.0,16068000000.0,55385628468.0,15.0,10.736,-564000000.0,-0.338,1.0,4794000000.0,0.336,0.0,1038000000.0,82590000000.0,78766750000.0,2968000000.0,5166000000.0,0.0,5166000000.0,48371000000.0,8879000000.0,39492000000.0,29281628468.0,-48000000.0,0.0,386000000.0,5079000000.0,-1004000000.0,4888000000.0,-8928000000.0,-118000000.0,3992000000.0,0.0,1911000000.0,1911000000.0,1911000000.0,0.0,0.0,0.134,1518000000.0,3276000000.0,1281000000.0,0.523,1.822,15.323,15.081,49413000000.0,0.0,17.297,2.054,2.022,2056000000.0,10783000000.0,14256000000.0,14256000000.0,0.0,0.031,0.121,0.046,0.255,0.0,0.0,1.0,1692824308.0,1666800000,1676800000.0,8.553,64439000000.0,397000000.0,692000000.0,7117000000.0,38.66,-3642000000.0
9,NEE,MRY,2011-12-31,2011-12-31,2011-12-31,2021-07-26,-154000000.0,57188000000.0,55396750000.0,4872000000.0,52316000000.0,0.277,8.967,-4592000000.0,377000000.0,377000000.0,10462000000.0,1923000000.0,0.725,2.827,22967000000.0,2157000000.0,20810000000.0,22967000000.0,0.0,1567000000.0,547000000.0,0.036,0.55,3487000000.0,5054000000.0,0.329,5054000000.0,3487000000.0,2452000000.0,1.155,1.147,1.155,14943000000.0,14833750000.0,14943000000.0,47555003491.0,14.0,9.409,-518000000.0,-0.311,1.0,4879000000.0,0.318,0.0,1035000000.0,73059000000.0,70184250000.0,2869000000.0,4774000000.0,0.0,4774000000.0,42245000000.0,6719000000.0,35526000000.0,25724003491.0,75000000.0,0.0,-327000000.0,2279000000.0,-920000000.0,1280000000.0,-5279000000.0,-119000000.0,4074000000.0,0.0,1923000000.0,1923000000.0,1923000000.0,0.0,0.0,0.125,1618000000.0,3261000000.0,1191000000.0,0.476,1.721,13.377,13.177,42490000000.0,0.0,15.22,1.677,1.653,1802000000.0,9876000000.0,15341000000.0,15341000000.0,0.0,0.035,0.13,0.05,0.227,0.0,0.0,1.0,1690144776.0,1666400000,1676000000.0,9.206,57188000000.0,10000000.0,529000000.0,6145000000.0,34.318,-1847000000.0
10,NEE,MRY,2010-12-31,2010-12-31,2010-12-31,2021-07-26,166000000.0,52994000000.0,51969750000.0,5258000000.0,47736000000.0,0.295,8.811,-2947000000.0,302000000.0,302000000.0,10283000000.0,1957000000.0,0.762,2.665,20822000000.0,2809000000.0,18013000000.0,20822000000.0,0.0,1788000000.0,634000000.0,0.038,0.5,3468000000.0,5256000000.0,0.343,5256000000.0,3468000000.0,2489000000.0,1.192,1.185,1.192,14461000000.0,13869250000.0,14461000000.0,41430673893.0,12.0,7.883,887000000.0,0.54,1.0,5034000000.0,0.329,0.0,979000000.0,66610000000.0,64434750000.0,2396000000.0,4713000000.0,0.0,4713000000.0,38533000000.0,6904000000.0,31629000000.0,21753673893.0,64000000.0,0.0,308000000.0,1825000000.0,-823000000.0,1514000000.0,-5284000000.0,-102000000.0,3834000000.0,0.0,1957000000.0,1957000000.0,1957000000.0,0.0,0.0,0.128,1807000000.0,3227000000.0,1124000000.0,0.419,1.504,11.116,10.904,39075000000.0,0.0,12.998,1.42,1.393,2582000000.0,8873000000.0,15317000000.0,15317000000.0,0.0,0.038,0.141,0.054,0.226,0.0,0.0,1.0,1673681392.0,1641200000,1652000000.0,9.333,52994000000.0,0.0,532000000.0,5571000000.0,32.29,-1646000000.0
11,NEE,MRY,2009-12-31,2009-12-31,2009-12-31,2021-07-26,169000000.0,48458000000.0,46830250000.0,4337000000.0,44121000000.0,0.334,8.016,-2938000000.0,238000000.0,238000000.0,11284000000.0,1615000000.0,0.673,2.737,18889000000.0,2589000000.0,16300000000.0,18889000000.0,377000000.0,1765000000.0,613000000.0,0.036,0.472,2791000000.0,4556000000.0,0.291,4556000000.0,2791000000.0,1942000000.0,0.998,0.993,0.998,12967000000.0,12485500000.0,12967000000.0,39513002484.0,14.0,8.673,1525000000.0,0.943,1.0,4359000000.0,0.279,0.0,849000000.0,60660000000.0,57821500000.0,2291000000.0,4325000000.0,0.0,4325000000.0,35491000000.0,6449000000.0,29042000000.0,21833002484.0,-297000000.0,0.0,198000000.0,1739000000.0,-766000000.0,1175000000.0,-5935000000.0,-127000000.0,4463000000.0,0.0,1615000000.0,1615000000.0,1615000000.0,0.0,0.0,0.103,1765000000.0,2594000000.0,992000000.0,0.473,1.684,13.519,13.231,36078000000.0,0.0,13.205,1.396,1.365,2247000000.0,7739000000.0,15643000000.0,15643000000.0,0.0,0.034,0.129,0.048,0.178,0.0,0.0,1.0,1653389056.0,1617600000,1628800000.0,9.67,48458000000.0,0.0,327000000.0,5326000000.0,29.957,-2112000000.0
12,NEE,MRY,2008-12-31,2008-12-31,2008-12-31,2021-07-26,0.0,44821000000.0,43845500000.0,5392000000.0,39429000000.0,0.374,7.299,-2521000000.0,535000000.0,535000000.0,12143000000.0,1639000000.0,0.701,2.837,17086000000.0,3253000000.0,13833000000.0,17086000000.0,11000000.0,1442000000.0,575000000.0,0.035,0.445,2902000000.0,4344000000.0,0.265,4344000000.0,2902000000.0,2089000000.0,1.025,1.018,1.025,11681000000.0,11135750000.0,11681000000.0,36013211993.0,12.0,8.29,882000000.0,0.551,1.0,4267000000.0,0.26,0.0,813000000.0,53683000000.0,51157500000.0,2228000000.0,3870000000.0,0.0,3870000000.0,33140000000.0,7689000000.0,25451000000.0,20571211993.0,245000000.0,0.0,41000000.0,3317000000.0,-714000000.0,2650000000.0,-5808000000.0,-636000000.0,3403000000.0,0.0,1639000000.0,1639000000.0,1639000000.0,0.0,0.0,0.1,1442000000.0,2825000000.0,1062000000.0,0.434,1.761,12.551,12.276,32411000000.0,0.0,12.582,1.254,1.227,1707000000.0,6885000000.0,16410000000.0,16410000000.0,0.0,0.037,0.147,0.057,0.177,0.0,0.0,1.0,1634906576.0,1600400000,1610800000.0,10.254,44821000000.0,0.0,450000000.0,4605000000.0,28.006,-2297000000.0
13,NEE,MRY,2007-12-31,2007-12-31,2007-12-31,2021-07-26,0.0,40123000000.0,38143000000.0,3779000000.0,36344000000.0,0.4,6.748,-2167000000.0,290000000.0,290000000.0,11645000000.0,1312000000.0,0.656,2.738,13698000000.0,2418000000.0,11280000000.0,13698000000.0,18000000.0,1335000000.0,539000000.0,0.024,0.41,2442000000.0,3777000000.0,0.247,3777000000.0,2442000000.0,1680000000.0,0.825,0.818,0.825,10735000000.0,10355500000.0,10735000000.0,41053725896.0,17.0,10.869,1426000000.0,0.896,1.0,3618000000.0,0.237,0.0,762000000.0,47773000000.0,44580500000.0,1953000000.0,3873000000.0,0.0,3873000000.0,29388000000.0,5758000000.0,23630000000.0,27591725896.0,-330000000.0,0.0,46000000.0,1253000000.0,-654000000.0,655000000.0,-4578000000.0,-236000000.0,3593000000.0,0.0,1312000000.0,1312000000.0,1312000000.0,0.0,0.0,0.086,1335000000.0,2283000000.0,1204000000.0,0.497,2.57,21.03,20.539,28652000000.0,0.0,16.945,1.808,1.766,1721000000.0,5945000000.0,15263000000.0,15263000000.0,0.0,0.034,0.127,0.055,0.16,0.0,0.0,1.0,1628310764.0,1590800000,1602400000.0,9.595,40123000000.0,0.0,368000000.0,4172000000.0,25.222,-1979000000.0
14,NEE,MRY,2006-12-31,2006-12-31,2006-12-31,2021-07-26,0.0,35822000000.0,34322750000.0,4830000000.0,30992000000.0,0.458,6.309,-2038000000.0,620000000.0,620000000.0,12097000000.0,1281000000.0,0.764,2.607,12333000000.0,2742000000.0,9591000000.0,12333000000.0,37000000.0,1143000000.0,510000000.0,0.028,0.375,2384000000.0,3527000000.0,0.225,3527000000.0,2384000000.0,1678000000.0,0.812,0.807,0.812,9930000000.0,9381500000.0,9930000000.0,33768313836.0,14.0,9.574,460000000.0,0.292,1.0,3613000000.0,0.23,0.0,706000000.0,41209000000.0,39508000000.0,1473000000.0,3357000000.0,0.0,3357000000.0,25892000000.0,6326000000.0,19566000000.0,22026313836.0,90000000.0,0.0,285000000.0,1681000000.0,-593000000.0,1399000000.0,-3807000000.0,-95000000.0,2498000000.0,0.0,1281000000.0,1281000000.0,1281000000.0,0.0,0.0,0.082,1516000000.0,2097000000.0,1060000000.0,0.462,2.218,17.195,16.755,24499000000.0,0.0,13.605,1.402,1.363,1656000000.0,5256000000.0,15710000000.0,15710000000.0,0.0,0.037,0.137,0.06,0.152,0.0,0.0,1.0,1618986684.0,1574000000,1586000000.0,9.981,35822000000.0,0.0,397000000.0,3734000000.0,22.759,-1496000000.0
15,NEE,MRY,2005-12-31,2005-12-31,2005-12-31,2021-07-26,0.0,32990000000.0,31487000000.0,4987000000.0,28003000000.0,0.376,5.631,-1731000000.0,530000000.0,530000000.0,8916000000.0,901000000.0,0.686,2.854,10602000000.0,2563000000.0,8039000000.0,10602000000.0,32000000.0,1242000000.0,433000000.0,0.034,0.355,1776000000.0,3018000000.0,0.255,3018000000.0,1776000000.0,1183000000.0,0.593,0.585,0.593,8561000000.0,8325250000.0,8561000000.0,25040186226.0,14.0,8.297,-184000000.0,-0.121,1.0,2930000000.0,0.247,0.0,593000000.0,35795000000.0,35029750000.0,1087000000.0,2875000000.0,0.0,2875000000.0,24429000000.0,7267000000.0,17162000000.0,16410186226.0,305000000.0,0.0,639000000.0,838000000.0,-544000000.0,923000000.0,-2165000000.0,286000000.0,1547000000.0,0.0,901000000.0,901000000.0,901000000.0,0.0,0.0,0.076,1440000000.0,1490000000.0,1245000000.0,0.599,1.917,18.213,17.521,22421000000.0,0.0,10.39,1.385,1.334,1430000000.0,4506000000.0,11846000000.0,11846000000.0,0.0,0.029,0.108,0.051,0.15,0.0,0.0,1.0,1579421196.0,1520400000,1542800000.0,7.791,32990000000.0,0.0,282000000.0,3305000000.0,21.698,-2280000000.0
16,NEE,MRY,2004-12-31,2004-12-31,2004-12-31,2021-07-26,0.0,28333000000.0,27783750000.0,2527000000.0,25806000000.0,0.379,5.254,-1541000000.0,225000000.0,225000000.0,7758000000.0,896000000.0,0.595,2.759,9744000000.0,1717000000.0,8027000000.0,9744000000.0,30000000.0,1153000000.0,394000000.0,0.035,0.325,1657000000.0,2810000000.0,0.267,2810000000.0,1657000000.0,1168000000.0,0.625,0.62,0.625,7537000000.0,7298250000.0,7537000000.0,23141749794.0,14.0,8.235,1109000000.0,0.773,1.0,2764000000.0,0.263,0.0,489000000.0,33604000000.0,33529250000.0,898000000.0,3011000000.0,0.0,3011000000.0,20796000000.0,4248000000.0,16548000000.0,13872749794.0,96000000.0,126000000.0,110000000.0,-286000000.0,-467000000.0,-682000000.0,-1872000000.0,85000000.0,2650000000.0,0.0,896000000.0,896000000.0,896000000.0,0.0,0.0,0.085,1279000000.0,1485000000.0,762000000.0,0.52,1.841,15.483,14.95,21226000000.0,0.0,9.344,1.318,1.274,1044000000.0,4165000000.0,10522000000.0,10522000000.0,0.0,0.032,0.123,0.049,0.157,0.0,0.0,1.0,1484709008.0,1434400000,1446800000.0,7.335,28333000000.0,0.0,272000000.0,2993000000.0,19.753,-1721000000.0
17,NEE,MRY,2003-12-31,2003-12-31,2003-12-31,2021-07-26,0.0,26935000000.0,24476500000.0,2470000000.0,24465000000.0,0.393,4.905,-1425000000.0,129000000.0,129000000.0,6994000000.0,890000000.0,0.725,2.866,10010000000.0,1287000000.0,8723000000.0,10010000000.0,48000000.0,1060000000.0,357000000.0,0.037,0.3,1637000000.0,2697000000.0,0.28,2697000000.0,1637000000.0,1258000000.0,0.627,0.627,0.627,6967000000.0,6761000000.0,6967000000.0,21314824319.0,13.0,7.903,829000000.0,0.584,1.0,2636000000.0,0.274,0.0,379000000.0,33411000000.0,29357000000.0,921000000.0,3246000000.0,188000000.0,3058000000.0,19968000000.0,3405000000.0,16563000000.0,12033824319.0,-137000000.0,0.0,73000000.0,1326000000.0,-425000000.0,698000000.0,-3089000000.0,13000000.0,2254000000.0,0.0,890000000.0,890000000.0,890000000.0,0.0,0.0,0.092,1105000000.0,1531000000.0,542000000.0,0.478,1.727,13.521,13.042,20297000000.0,0.0,8.178,1.25,1.206,1188000000.0,3745000000.0,9630000000.0,9630000000.0,0.0,0.036,0.132,0.056,0.17,0.0,0.0,1.0,1471577416.0,1420400000,1425200000.0,6.78,26935000000.0,0.0,368000000.0,2429000000.0,18.963,-935000000.0
18,NEE,MRY,2002-12-31,2002-12-31,2002-12-31,2021-07-26,0.0,23185000000.0,19376000000.0,1908000000.0,21277000000.0,0.422,4.62,-1277000000.0,266000000.0,266000000.0,5789000000.0,473000000.0,0.488,2.628,8092000000.0,2302000000.0,5790000000.0,8092000000.0,62000000.0,908000000.0,316000000.0,0.039,0.29,1028000000.0,1936000000.0,0.237,1936000000.0,1028000000.0,717000000.0,0.343,0.341,0.343,6390000000.0,6195250000.0,6390000000.0,17275495566.0,17.0,8.923,1061000000.0,0.767,1.0,2384000000.0,0.292,0.0,311000000.0,27100000000.0,22793250000.0,650000000.0,2706000000.0,88000000.0,2618000000.0,16795000000.0,3911000000.0,12884000000.0,10974495566.0,184000000.0,0.0,378000000.0,1187000000.0,-400000000.0,1113000000.0,-3267000000.0,0.0,2338000000.0,0.0,473000000.0,473000000.0,473000000.0,0.0,0.0,0.058,1159000000.0,1225000000.0,458000000.0,0.845,1.717,23.202,21.913,17700000000.0,0.0,7.516,1.343,1.272,865000000.0,3281000000.0,8173000000.0,8173000000.0,0.0,0.024,0.076,0.045,0.126,0.0,0.0,1.0,1460102520.0,1383200000,1386400000.0,5.909,23185000000.0,0.0,244000000.0,1716000000.0,16.762,-2003000000.0
19,NEE,MRY,2001-12-31,2001-12-31,2001-12-31,2021-07-26,0.0,17463000000.0,16760000000.0,1602000000.0,15861000000.0,0.49,4.457,-1282000000.0,82000000.0,82000000.0,5795000000.0,781000000.0,0.44,1.903,6872000000.0,2014000000.0,4858000000.0,6872000000.0,144000000.0,983000000.0,285000000.0,0.04,0.28,1484000000.0,2467000000.0,0.3,2467000000.0,1484000000.0,1160000000.0,0.579,0.578,0.579,6015000000.0,5841750000.0,6015000000.0,16055005734.0,11.0,6.508,660000000.0,0.489,1.0,2422000000.0,0.295,0.0,324000000.0,20614000000.0,19430750000.0,349000000.0,2643000000.0,0.0,2643000000.0,11448000000.0,3639000000.0,7809000000.0,9919005734.0,-47000000.0,0.0,0.0,1657000000.0,-377000000.0,1280000000.0,-3269000000.0,0.0,1942000000.0,0.0,781000000.0,781000000.0,781000000.0,0.0,0.0,0.095,1013000000.0,1409000000.0,473000000.0,0.484,1.649,12.7,12.176,11662000000.0,0.0,7.05,1.207,1.158,780000000.0,3207000000.0,8217000000.0,8217000000.0,0.0,0.047,0.134,0.076,0.181,0.0,0.0,1.0,1406951168.0,1349600000,1351200000.0,6.088,17463000000.0,0.0,379000000.0,1690000000.0,12.939,-2037000000.0
20,NEE,MRY,2000-12-31,2000-12-31,2000-12-31,2021-07-26,0.0,15300000000.0,14448500000.0,1781000000.0,13519000000.0,0.489,4.115,-1387000000.0,129000000.0,129000000.0,4723000000.0,704000000.0,0.645,1.736,5134000000.0,1158000000.0,3976000000.0,5134000000.0,70000000.0,1032000000.0,254000000.0,0.03,0.27,1318000000.0,2350000000.0,0.333,2350000000.0,1318000000.0,1040000000.0,0.517,0.517,0.517,5593000000.0,5540750000.0,5593000000.0,16972555361.0,13.0,7.222,-411000000.0,-0.302,1.0,2339000000.0,0.331,0.0,278000000.0,17542000000.0,16231750000.0,370000000.0,651000000.0,0.0,651000000.0,9707000000.0,2763000000.0,6944000000.0,12691555361.0,-232000000.0,0.0,-150000000.0,1251000000.0,-366000000.0,735000000.0,-1943000000.0,0.0,976000000.0,0.0,704000000.0,704000000.0,704000000.0,0.0,0.0,0.1,1099000000.0,1240000000.0,564000000.0,0.522,2.269,18.028,17.348,9934000000.0,0.0,8.969,1.797,1.726,883000000.0,2803000000.0,7062000000.0,7062000000.0,0.0,0.049,0.127,0.081,0.187,0.0,0.0,1.0,1415086312.0,1359200000,1361600000.0,5.196,15300000000.0,0.0,336000000.0,1793000000.0,11.257,-982000000.0
21,NEE,MRY,1999-12-31,1999-12-31,1999-12-31,2021-07-26,0.0,13441000000.0,13140750000.0,1373000000.0,12068000000.0,0.49,3.919,-663000000.0,361000000.0,361000000.0,4233000000.0,697000000.0,0.734,1.503,3942000000.0,464000000.0,3478000000.0,3942000000.0,116000000.0,1040000000.0,284000000.0,0.049,0.26,1242000000.0,2282000000.0,0.354,2282000000.0,1242000000.0,1020000000.0,0.509,0.509,0.509,5370000000.0,5273750000.0,5370000000.0,10909044832.0,9.0,4.78,900000000.0,0.657,1.0,2205000000.0,0.342,0.0,222000000.0,15152000000.0,14009250000.0,343000000.0,611000000.0,0.0,611000000.0,8071000000.0,1870000000.0,6201000000.0,7669044832.0,174000000.0,0.0,-116000000.0,1254000000.0,-355000000.0,783000000.0,-2172000000.0,0.0,1563000000.0,0.0,697000000.0,697000000.0,697000000.0,0.0,0.0,0.108,1285000000.0,920000000.0,407000000.0,0.511,1.428,11.003,10.513,9264000000.0,0.0,5.351,1.191,1.139,543000000.0,2465000000.0,6438000000.0,6438000000.0,0.0,0.053,0.132,0.089,0.193,0.0,0.0,1.0,1433131480.0,1370400000,1372000000.0,4.698,13441000000.0,0.0,323000000.0,1571000000.0,9.808,-497000000.0
22,NEE,MRY,1998-12-31,1998-12-31,1998-12-31,2021-07-26,0.0,12029000000.0,12547000000.0,1266000000.0,10763000000.0,0.531,3.704,-482000000.0,187000000.0,187000000.0,4125000000.0,664000000.0,0.771,1.347,2816000000.0,469000000.0,2347000000.0,2816000000.0,89000000.0,1284000000.0,282000000.0,0.032,0.25,1265000000.0,2549000000.0,0.383,2549000000.0,1265000000.0,943000000.0,0.481,0.481,0.481,5126000000.0,5010250000.0,5126000000.0,13772876914.0,11.0,5.403,1261000000.0,0.911,1.0,2536000000.0,0.381,0.0,322000000.0,13017000000.0,13683000000.0,282000000.0,391000000.0,0.0,391000000.0,6903000000.0,1641000000.0,5262000000.0,11147876914.0,133000000.0,220000000.0,-62000000.0,-408000000.0,-345000000.0,-815000000.0,-795000000.0,0.0,1743000000.0,0.0,664000000.0,664000000.0,664000000.0,0.0,0.0,0.1,1284000000.0,1252000000.0,338000000.0,0.52,2.175,16.789,16.016,8555000000.0,0.0,7.704,1.674,1.601,559000000.0,2123000000.0,6661000000.0,6661000000.0,0.0,0.053,0.133,0.092,0.19,0.0,0.0,1.0,1447071480.0,1384000000,1384000000.0,4.813,12029000000.0,0.0,279000000.0,1799000000.0,8.691,-375000000.0
23,NEE,MRY,1997-12-31,1997-12-31,1997-12-31,2021-07-26,0.0,12449000000.0,12334000000.0,1101000000.0,11348000000.0,0.516,3.501,-508000000.0,54000000.0,54000000.0,4080000000.0,618000000.0,0.734,1.569,3281000000.0,332000000.0,2949000000.0,3281000000.0,61000000.0,1061000000.0,279000000.0,0.032,0.24,1213000000.0,2274000000.0,0.357,2274000000.0,1213000000.0,922000000.0,0.446,0.446,0.446,4845000000.0,4718500000.0,4845000000.0,,,,1089000000.0,0.787,1.0,2289000000.0,0.359,0.0,291000000.0,14177000000.0,14112500000.0,302000000.0,282000000.0,0.0,282000000.0,7604000000.0,1499000000.0,6105000000.0,10758515568.0,-142000000.0,53000000.0,-48000000.0,-562000000.0,-332000000.0,-942000000.0,-797000000.0,0.0,1597000000.0,0.0,618000000.0,618000000.0,618000000.0,0.0,0.0,0.097,1061000000.0,1228000000.0,368000000.0,0.538,2.221,17.409,16.589,9354000000.0,0.0,7.399,1.689,1.608,501000000.0,1804000000.0,6369000000.0,6369000000.0,0.0,0.05,0.131,0.086,0.19,0.0,0.0,1.0,1454099080.0,1384000000,1384000000.0,4.602,12449000000.0,0.0,304000000.0,2048000000.0,8.995,-398000000.0
24,NEE,MRY,1996-12-31,1996-12-31,1996-12-31,2021-07-26,0.0,12219000000.0,,1173000000.0,11046000000.0,,3.299,-405000000.0,196000000.0,196000000.0,3906000000.0,579000000.0,0.921,1.661,3299000000.0,155000000.0,3144000000.0,3299000000.0,0.0,960000000.0,268000000.0,0.04,0.23,1140000000.0,2100000000.0,0.348,2100000000.0,1140000000.0,873000000.0,0.416,0.416,0.416,4592000000.0,,4592000000.0,,,,1187000000.0,0.853,1.0,2131000000.0,0.353,0.0,267000000.0,14048000000.0,,268000000.0,327000000.0,0.0,327000000.0,7627000000.0,1274000000.0,6353000000.0,,150000000.0,41000000.0,-82000000.0,-517000000.0,-320000000.0,-916000000.0,-526000000.0,0.0,1592000000.0,0.0,579000000.0,579000000.0,579000000.0,0.0,0.0,0.096,960000000.0,1171000000.0,308000000.0,0.553,,,13.822,9384000000.0,0.0,5.75,,1.326,462000000.0,,6037000000.0,6037000000.0,0.0,,,,0.189,0.0,0.0,1.0,,1392000000,1392000000.0,4.337,12219000000.0,0.0,294000000.0,2170000000.0,8.778,-101000000.0
25,NEE,MRY,1995-12-31,1995-12-31,1995-12-31,2021-07-26,,,,,,,,-661000000.0,,,3477000000.0,553000000.0,,,,,,,,918000000.0,,0.038,0.22,1173000000.0,2091000000.0,0.374,2091000000.0,1173000000.0,882000000.0,0.395,0.395,0.395,,,,,,,849000000.0,0.606,1.0,2115000000.0,0.378,,291000000.0,,,,,,,,,,,-40000000.0,0.0,-69000000.0,-452000000.0,-309000000.0,-848000000.0,-702000000.0,0.0,1510000000.0,0.0,553000000.0,553000000.0,553000000.0,0.0,0.0,0.099,918000000.0,1197000000.0,,0.557,,,14.677,,0.0,5.798,,1.451,,,5592000000.0,5592000000.0,0.0,,,,0.21,0.0,0.0,1.0,,1400000000,1400000000.0,3.994,,,329000000.0,,,
0,NEE,MRQ,2021-06-30,2021-06-30,2021-06-30,2021-07-26,-85000000.0,135013000000.0,,8061000000.0,126952000000.0,,18.829,-1866000000.0,884000000.0,884000000.0,1969000000.0,72000000.0,0.479,2.434,53322000000.0,5763000000.0,47559000000.0,53322000000.0,0.0,981000000.0,486000000.0,0.02,0.385,873000000.0,1854000000.0,0.472,1854000000.0,873000000.0,116000000.0,0.13,0.13,0.13,36932000000.0,,36932000000.0,194940693997.0,49.0,24.496,337000000.0,0.172,1.0,1958000000.0,0.499,4846000000.0,757000000.0,165787000000.0,,1596000000.0,14376000000.0,0.0,14376000000.0,89899000000.0,16818000000.0,73081000000.0,143734693997.0,-732000000.0,0.0,1000000.0,644000000.0,-756000000.0,806000000.0,-3741000000.0,-11000000.0,2203000000.0,0.0,256000000.0,256000000.0,256000000.0,0.0,-184000000.0,0.065,1448000000.0,510000000.0,5506000000.0,2.962,3.892,45.688,45.657,96811000000.0,0.0,73.28,8.539,8.539,3402000000.0,25773000000.0,3927000000.0,3927000000.0,0.0,,,,,0.0,0.0,1.0,1961445060.0,1961445060,,2.002,130167000000.0,0.0,-140000000.0,8971000000.0,66.363,-8757000000.0
1,NEE,MRQ,2021-03-31,2021-03-31,2021-03-31,2021-07-26,-98000000.0,132441000000.0,,8237000000.0,124204000000.0,,19.072,-1576000000.0,1462000000.0,1462000000.0,1895000000.0,1498000000.0,0.522,2.32,52668000000.0,6603000000.0,46065000000.0,52668000000.0,0.0,749000000.0,481000000.0,0.019,0.385,1495000000.0,2244000000.0,0.602,2244000000.0,1495000000.0,1916000000.0,0.85,0.84,0.85,37378000000.0,,37378000000.0,195172124706.0,40.0,22.016,-284000000.0,-0.145,1.0,1831000000.0,0.491,4853000000.0,-421000000.0,163011000000.0,,1604000000.0,14059000000.0,0.0,14059000000.0,86711000000.0,15783000000.0,70928000000.0,148186124706.0,619000000.0,0.0,4000000.0,4442000000.0,-755000000.0,3743000000.0,-4420000000.0,-83000000.0,1292000000.0,4000000.0,1666000000.0,1666000000.0,1666000000.0,0.0,-168000000.0,0.447,1162000000.0,669000000.0,4400000000.0,0.453,3.965,35.579,35.581,94304000000.0,0.0,75.61,8.661,8.661,3286000000.0,26273000000.0,3726000000.0,3726000000.0,0.0,,,,,0.0,0.0,1.0,1959874682.0,1959874682,,1.901,127588000000.0,0.0,250000000.0,8982000000.0,65.1,-7546000000.0
2,NEE,MRQ,2020-12-31,2020-12-31,2020-12-31,2021-07-26,-92000000.0,127684000000.0,,7382000000.0,120302000000.0,,18.638,-2202000000.0,1105000000.0,1105000000.0,1971000000.0,-190000000.0,0.474,2.266,48091000000.0,6147000000.0,41944000000.0,48091000000.0,0.0,944000000.0,474000000.0,0.018,0.35,71000000.0,1015000000.0,0.231,1015000000.0,71000000.0,-40000000.0,-0.002,-0.005,-0.002,36513000000.0,,36513000000.0,197477568667.0,40.0,22.028,-850000000.0,-0.434,1.0,2424000000.0,0.552,4254000000.0,111000000.0,154858000000.0,,1552000000.0,13507000000.0,0.0,13507000000.0,82755000000.0,15558000000.0,67197000000.0,151142568667.0,-891000000.0,-153000000.0,8000000.0,-356000000.0,-686000000.0,2260000000.0,-4493000000.0,-41000000.0,1352000000.0,-10000000.0,-5000000.0,-5000000.0,-5000000.0,0.0,-185000000.0,-0.001,1484000000.0,940000000.0,4615000000.0,-175.0,4.139,51.779,51.779,91803000000.0,0.0,77.15,8.398,8.398,2974000000.0,25363000000.0,4395000000.0,4395000000.0,0.0,,,,,0.0,0.0,1.0,1959074124.0,1959074124,,2.243,123430000000.0,0.0,-35000000.0,8539000000.0,63.004,-8176000000.0
3,NEE,MRQ,2020-09-30,2020-09-30,2020-09-30,2021-07-26,-152000000.0,126382000000.0,,9026000000.0,117356000000.0,,19.038,-1307000000.0,1961000000.0,1961000000.0,2033000000.0,1123000000.0,0.574,2.261,48296000000.0,5502000000.0,42794000000.0,48296000000.0,0.0,1279000000.0,494000000.0,0.02,0.35,1566000000.0,2845000000.0,0.595,2845000000.0,1566000000.0,1358000000.0,0.627,0.625,0.627,37287000000.0,,37287000000.0,181441632543.0,29.0,17.659,1532000000.0,0.782,1.0,2752000000.0,0.575,4214000000.0,208000000.0,152791000000.0,,3025000000.0,14319000000.0,0.0,14319000000.0,84320000000.0,15712000000.0,68608000000.0,135906632543.0,1001000000.0,-351000000.0,-49000000.0,1719000000.0,-686000000.0,1191000000.0,-3021000000.0,-35000000.0,2839000000.0,-8000000.0,1229000000.0,1229000000.0,1229000000.0,0.0,-106000000.0,0.257,1744000000.0,1008000000.0,4744000000.0,0.558,3.645,34.848,35.01,88855000000.0,0.0,69.39,7.472,7.472,3277000000.0,26054000000.0,4785000000.0,4785000000.0,0.0,,,,,0.0,0.0,1.0,1958591044.0,1958591044,,2.443,122168000000.0,0.0,129000000.0,9407000000.0,62.375,-6686000000.0
4,NEE,MRQ,2020-06-30,2020-06-30,2020-06-30,2021-07-26,-163000000.0,121961000000.0,,7581000000.0,114380000000.0,,18.936,-1954000000.0,1009000000.0,1009000000.0,1635000000.0,1129000000.0,0.613,2.168,46544000000.0,3877000000.0,42667000000.0,46544000000.0,0.0,981000000.0,497000000.0,0.022,0.35,1780000000.0,2761000000.0,0.657,2761000000.0,1780000000.0,1460000000.0,0.65,0.65,0.65,37073000000.0,,37073000000.0,161422218508.0,26.0,15.509,-56000000.0,-0.029,1.0,2569000000.0,0.611,4213000000.0,320000000.0,150918000000.0,,3057000000.0,13757000000.0,0.0,13757000000.0,80387000000.0,12365000000.0,68022000000.0,117551218508.0,-2398000000.0,0.0,6000000.0,-695000000.0,-686000000.0,-1238000000.0,-3050000000.0,-105000000.0,1898000000.0,-8000000.0,1275000000.0,1275000000.0,1275000000.0,0.0,-146000000.0,0.303,1383000000.0,1186000000.0,4097000000.0,0.538,3.171,33.113,33.173,86326000000.0,0.0,60.042,6.194,6.194,2867000000.0,25511000000.0,4204000000.0,4204000000.0,0.0,,,,,0.0,0.0,1.0,1957800200.0,1957800200,,2.147,117748000000.0,0.0,185000000.0,8955000000.0,60.143,-4784000000.0
5,NEE,MRQ,2020-03-31,2020-03-31,2020-03-31,2021-07-26,-192000000.0,120637000000.0,,9725000000.0,110912000000.0,,18.612,-1792000000.0,3335000000.0,3335000000.0,1651000000.0,308000000.0,0.709,2.191,47206000000.0,6090000000.0,41116000000.0,47206000000.0,0.0,848000000.0,502000000.0,0.021,0.35,1497000000.0,2345000000.0,0.508,2345000000.0,1497000000.0,186000000.0,0.21,0.21,0.21,36403000000.0,,36403000000.0,159637973174.0,25.0,14.8,102000000.0,0.052,1.0,2962000000.0,0.642,4201000000.0,1311000000.0,146585000000.0,,3210000000.0,12975000000.0,0.0,12975000000.0,79762000000.0,13722000000.0,66040000000.0,117654973174.0,2726000000.0,0.0,-57000000.0,4726000000.0,-685000000.0,3961000000.0,-3135000000.0,-3000000.0,1894000000.0,6000000.0,421000000.0,421000000.0,421000000.0,0.0,-113000000.0,0.091,981000000.0,1981000000.0,3350000000.0,1.667,3.232,33.529,33.327,83873000000.0,0.0,60.155,5.959,5.959,2621000000.0,24922000000.0,4613000000.0,4613000000.0,0.0,,,,,0.0,0.0,1.0,1955863572.0,1955863572,,2.359,116436000000.0,0.0,-235000000.0,8793000000.0,59.532,-3997000000.0
6,NEE,MRQ,2019-12-31,2019-12-31,2019-12-31,2021-07-26,-169000000.0,117691000000.0,,7408000000.0,110283000000.0,,18.927,-1855000000.0,600000000.0,600000000.0,2119000000.0,844000000.0,0.535,2.05,42583000000.0,5040000000.0,37543000000.0,42583000000.0,0.0,969000000.0,499000000.0,0.021,0.312,1355000000.0,2324000000.0,0.507,2324000000.0,1355000000.0,1167000000.0,0.495,0.495,0.495,37005000000.0,,37005000000.0,159017972670.0,25.0,14.887,57000000.0,0.029,1.0,2469000000.0,0.538,4204000000.0,188000000.0,141617000000.0,,1328000000.0,14407000000.0,0.0,14407000000.0,75844000000.0,13853000000.0,61991000000.0,118361972670.0,-450000000.0,-237000000.0,6000000.0,1221000000.0,-611000000.0,1350000000.0,-3714000000.0,-63000000.0,1912000000.0,2000000.0,975000000.0,975000000.0,975000000.0,0.0,-131000000.0,0.213,1592000000.0,877000000.0,3631000000.0,0.63,3.199,31.404,31.046,82010000000.0,0.0,60.54,6.163,6.163,2807000000.0,25199000000.0,4588000000.0,4588000000.0,0.0,,,,,0.0,0.0,1.0,1955103612.0,1955103612,,2.347,113487000000.0,0.0,192000000.0,8919000000.0,58.047,-6445000000.0
7,NEE,MRQ,2019-09-30,2019-09-30,2019-09-30,2021-07-26,-181000000.0,114222000000.0,,7679000000.0,106543000000.0,,18.983,-1421000000.0,1131000000.0,1131000000.0,2129000000.0,798000000.0,0.577,2.024,41787000000.0,5643000000.0,36144000000.0,41787000000.0,0.0,1295000000.0,492000000.0,0.021,0.312,1683000000.0,2978000000.0,0.534,2978000000.0,1683000000.0,937000000.0,0.455,0.453,0.455,36592000000.0,,36592000000.0,152324102892.0,25.0,14.431,1541000000.0,0.799,1.0,3443000000.0,0.618,4129000000.0,746000000.0,137435000000.0,,3197000000.0,13813000000.0,0.0,13813000000.0,74048000000.0,13314000000.0,60734000000.0,111626102892.0,-145000000.0,-224000000.0,1462000000.0,-312000000.0,-600000000.0,471000000.0,-3572000000.0,-43000000.0,2962000000.0,-6000000.0,879000000.0,879000000.0,879000000.0,0.0,-81000000.0,0.158,1850000000.0,1593000000.0,2838000000.0,0.686,3.051,34.72,34.879,78995000000.0,0.0,58.248,5.873,5.907,3330000000.0,24835000000.0,5572000000.0,5572000000.0,0.0,,,,,0.0,0.0,1.0,1916410196.0,1927600000,1944000000.0,2.891,110093000000.0,0.0,58000000.0,9224000000.0,57.114,-5635000000.0
8,NEE,MRQ,2019-06-30,2019-06-30,2019-06-30,2021-07-26,-191000000.0,110552000000.0,,7471000000.0,103081000000.0,,18.224,-1320000000.0,1019000000.0,1019000000.0,1974000000.0,1139000000.0,0.518,2.066,41717000000.0,7770000000.0,33947000000.0,41717000000.0,0.0,1180000000.0,487000000.0,0.023,0.312,1959000000.0,3139000000.0,0.632,3139000000.0,1959000000.0,1358000000.0,0.645,0.64,0.645,34910000000.0,,34910000000.0,137355692728.0,24.0,13.727,364000000.0,0.19,1.0,2996000000.0,0.603,3496000000.0,601000000.0,133342000000.0,,3095000000.0,13749000000.0,0.0,13749000000.0,72126000000.0,14412000000.0,57714000000.0,98114692728.0,362000000.0,-153000000.0,6000000.0,601000000.0,-599000000.0,625000000.0,-1946000000.0,7000000.0,1684000000.0,-1000000.0,1234000000.0,1234000000.0,1234000000.0,0.0,-95000000.0,0.248,1249000000.0,1747000000.0,2598000000.0,0.484,2.811,29.367,29.35,76136000000.0,0.0,51.215,5.496,5.496,3121000000.0,24554000000.0,4970000000.0,4970000000.0,0.0,,,,,0.0,0.0,1.0,1915741340.0,1915600000,1931200000.0,2.594,107056000000.0,0.0,124000000.0,8939000000.0,55.886,-6941000000.0
9,NEE,MRQ,2019-03-31,2019-03-31,2019-03-31,2021-07-26,-213000000.0,109029000000.0,,8222000000.0,100807000000.0,,17.889,-1316000000.0,972000000.0,972000000.0,1782000000.0,606000000.0,0.459,2.08,40213000000.0,10330000000.0,29883000000.0,40213000000.0,0.0,772000000.0,484000000.0,0.024,0.312,1468000000.0,2240000000.0,0.55,2240000000.0,1468000000.0,754000000.0,0.355,0.352,0.355,34226000000.0,,34226000000.0,129513342067.0,25.0,14.232,281000000.0,0.147,1.0,2293000000.0,0.563,3488000000.0,714000000.0,126856000000.0,,3264000000.0,13095000000.0,0.0,13095000000.0,71189000000.0,17926000000.0,53263000000.0,92439342067.0,-3912000000.0,-4551000000.0,20000000.0,2104000000.0,-598000000.0,1427000000.0,-6945000000.0,-53000000.0,1597000000.0,9000000.0,680000000.0,680000000.0,680000000.0,0.0,-74000000.0,0.167,1158000000.0,1135000000.0,2398000000.0,0.879,2.701,32.008,31.901,74794000000.0,0.0,48.33,5.456,5.457,2974000000.0,23919000000.0,4075000000.0,4075000000.0,0.0,,,,,0.0,0.0,1.0,1912670020.0,1913200000,1927200000.0,2.13,105541000000.0,0.0,74000000.0,8669000000.0,55.165,-9704000000.0
10,NEE,MRQ,2018-12-31,2018-12-31,2018-12-31,2021-07-26,-188000000.0,103702000000.0,,6393000000.0,97309000000.0,,17.869,-1527000000.0,638000000.0,638000000.0,1818000000.0,314000000.0,0.364,1.941,37712000000.0,10930000000.0,26782000000.0,37712000000.0,0.0,1092000000.0,445000000.0,0.026,0.278,1106000000.0,2198000000.0,0.501,2198000000.0,1106000000.0,396000000.0,0.215,0.22,0.215,34144000000.0,,34144000000.0,115166444572.0,12.0,8.454,-165000000.0,-0.086,1.0,2572000000.0,0.586,891000000.0,710000000.0,122322000000.0,,2963000000.0,12634000000.0,0.0,12634000000.0,66289000000.0,17563000000.0,48726000000.0,83076444572.0,4532000000.0,0.0,4000000.0,5178000000.0,-531000000.0,5565000000.0,-2389000000.0,-42000000.0,1362000000.0,-6000000.0,422000000.0,422000000.0,422000000.0,0.0,-108000000.0,0.096,1465000000.0,1107000000.0,2386000000.0,1.293,2.433,12.515,12.38,70334000000.0,0.0,43.455,4.967,4.917,2969000000.0,23837000000.0,4390000000.0,4390000000.0,0.0,,,,,0.0,0.0,1.0,1911781028.0,1910800000,1924800000.0,2.297,102811000000.0,0.0,-26000000.0,7844000000.0,53.805,-11170000000.0
11,NEE,MRQ,2018-09-30,2018-09-30,2018-09-30,2021-07-26,-158000000.0,98603000000.0,,8349000000.0,90254000000.0,,18.1,-1729000000.0,497000000.0,497000000.0,1913000000.0,941000000.0,0.652,1.789,32587000000.0,5539000000.0,27048000000.0,32587000000.0,0.0,1131000000.0,448000000.0,0.026,0.278,1298000000.0,2429000000.0,0.55,2429000000.0,1298000000.0,1130000000.0,0.53,0.525,0.53,34252000000.0,,34252000000.0,111128945038.0,12.0,9.449,566000000.0,0.299,1.0,2503000000.0,0.567,0.0,168000000.0,117886000000.0,,2984000000.0,12854000000.0,0.0,12854000000.0,61265000000.0,12807000000.0,48458000000.0,79040945038.0,-15000000.0,0.0,703000000.0,67000000.0,-523000000.0,882000000.0,-3206000000.0,-73000000.0,2295000000.0,14000000.0,1005000000.0,1005000000.0,1005000000.0,0.0,-64000000.0,0.228,1535000000.0,968000000.0,3000000000.0,0.525,2.308,9.439,9.42,68572000000.0,0.0,41.9,4.842,4.857,3119000000.0,23935000000.0,4416000000.0,4416000000.0,0.0,,,,,0.0,0.0,1.0,1886418736.0,1892400000,1909600000.0,2.334,98603000000.0,0.0,125000000.0,8351000000.0,52.105,-4458000000.0
12,NEE,MRQ,2018-06-30,2018-06-30,2018-06-30,2021-07-26,-173000000.0,95490000000.0,,5885000000.0,89605000000.0,,17.523,-1415000000.0,478000000.0,478000000.0,1742000000.0,687000000.0,0.578,1.796,32566000000.0,4210000000.0,28356000000.0,32566000000.0,0.0,832000000.0,445000000.0,0.025,0.278,1401000000.0,2233000000.0,0.55,2233000000.0,1401000000.0,1007000000.0,0.415,0.403,0.415,33021000000.0,,33021000000.0,110393034586.0,12.0,9.203,230000000.0,0.122,1.0,2321000000.0,0.571,0.0,394000000.0,117394000000.0,,3028000000.0,12351000000.0,0.0,12351000000.0,59318000000.0,10184000000.0,49134000000.0,78744034586.0,-172000000.0,0.0,4000000.0,427000000.0,-524000000.0,-123000000.0,-1688000000.0,549000000.0,1645000000.0,-6000000.0,781000000.0,781000000.0,781000000.0,0.0,-94000000.0,0.192,1175000000.0,1146000000.0,2298000000.0,0.67,2.385,9.584,9.56,68659000000.0,0.0,41.758,4.711,4.707,2891000000.0,23453000000.0,4063000000.0,4063000000.0,0.0,,,,,0.0,0.0,1.0,1885745904.0,1884400000,1900800000.0,2.156,95490000000.0,0.0,226000000.0,7899000000.0,50.674,-4299000000.0
13,NEE,MRQ,2018-03-31,2018-03-31,2018-03-31,2021-07-26,-178000000.0,94284000000.0,,5612000000.0,88672000000.0,,17.371,-1288000000.0,550000000.0,550000000.0,1590000000.0,3834000000.0,0.586,1.782,32199000000.0,4137000000.0,28062000000.0,32199000000.0,0.0,856000000.0,450000000.0,0.025,0.278,5907000000.0,6763000000.0,1.753,6763000000.0,5907000000.0,5681000000.0,2.353,2.33,2.353,32706000000.0,,32706000000.0,110261774384.0,12.0,9.068,3000000.0,0.002,1.0,2267000000.0,0.588,0.0,226000000.0,116354000000.0,,3039000000.0,12809000000.0,0.0,12809000000.0,58291000000.0,9579000000.0,48712000000.0,76894774384.0,-1075000000.0,0.0,7000000.0,1889000000.0,-523000000.0,1310000000.0,-3667000000.0,-120000000.0,1291000000.0,-9000000.0,4431000000.0,4431000000.0,4431000000.0,0.0,-597000000.0,1.149,1208000000.0,1059000000.0,1748000000.0,0.118,2.351,9.346,9.333,67196000000.0,0.0,40.833,4.508,4.507,2389000000.0,23181000000.0,3857000000.0,3857000000.0,0.0,,,,,0.0,0.0,1.0,1883175764.0,1882800000,1897200000.0,2.049,94284000000.0,0.0,1250000000.0,7703000000.0,50.076,-3967000000.0
14,NEE,MRQ,2017-12-31,2017-12-31,2017-12-31,2021-07-26,111000000.0,97963000000.0,,7181000000.0,90782000000.0,,15.01,-1496000000.0,1714000000.0,1714000000.0,1935000000.0,2071000000.0,0.639,2.424,35025000000.0,3615000000.0,31410000000.0,35025000000.0,0.0,-219000000.0,448000000.0,0.025,0.246,555000000.0,336000000.0,0.084,336000000.0,555000000.0,168000000.0,1.15,1.14,1.15,28236000000.0,,28236000000.0,107049398176.0,17.0,12.397,-367000000.0,-0.195,1.0,2053000000.0,0.515,0.0,387000000.0,120031000000.0,,3040000000.0,8324000000.0,0.0,8324000000.0,68432000000.0,11243000000.0,57189000000.0,73471398176.0,214000000.0,-28000000.0,19000000.0,133000000.0,-463000000.0,1126000000.0,-2067000000.0,50000000.0,1129000000.0,26000000.0,2157000000.0,2157000000.0,2157000000.0,0.0,-86000000.0,0.541,1869000000.0,184000000.0,3235000000.0,0.214,2.602,13.656,13.605,72289000000.0,0.0,39.047,4.278,4.264,2737000000.0,19020000000.0,3988000000.0,3988000000.0,0.0,,,,,0.0,0.0,1.0,1881590324.0,1881200000,1896000000.0,2.12,97963000000.0,0.0,-1989000000.0,6385000000.0,52.075,-4062000000.0
15,NEE,MRQ,2017-09-30,2017-09-30,2017-09-30,2021-07-26,48000000.0,96781000000.0,,7027000000.0,89754000000.0,,14.059,-1078000000.0,1381000000.0,1381000000.0,1993000000.0,856000000.0,0.606,2.631,34959000000.0,4614000000.0,30345000000.0,34959000000.0,0.0,1071000000.0,449000000.0,0.026,0.246,1592000000.0,2663000000.0,0.554,2663000000.0,1592000000.0,1211000000.0,0.45,0.448,0.45,26398000000.0,,26398000000.0,102648292380.0,15.0,10.03,1000000000.0,0.533,1.0,2815000000.0,0.585,0.0,381000000.0,118755000000.0,,3363000000.0,8877000000.0,0.0,8877000000.0,69460000000.0,11604000000.0,57856000000.0,68766292380.0,826000000.0,0.0,11000000.0,375000000.0,-462000000.0,85000000.0,-1337000000.0,25000000.0,2078000000.0,0.0,847000000.0,847000000.0,847000000.0,0.0,9000000.0,0.176,1464000000.0,1351000000.0,2256000000.0,0.547,2.605,16.439,16.393,71088000000.0,0.0,36.638,4.077,4.079,2750000000.0,17299000000.0,4808000000.0,4808000000.0,0.0,,,,,0.0,0.0,1.0,1876937356.0,1877600000,1894000000.0,2.561,96781000000.0,0.0,364000000.0,13436000000.0,51.545,-4577000000.0
16,NEE,MRQ,2017-06-30,2017-06-30,2017-06-30,2021-07-26,3000000.0,92890000000.0,,5947000000.0,86943000000.0,,13.852,-989000000.0,642000000.0,642000000.0,1862000000.0,804000000.0,0.664,2.546,34524000000.0,4132000000.0,30392000000.0,34524000000.0,0.0,886000000.0,457000000.0,0.026,0.246,1512000000.0,2398000000.0,0.545,2398000000.0,1512000000.0,1082000000.0,0.422,0.42,0.422,25926000000.0,,25926000000.0,98867635648.0,15.0,9.795,1004000000.0,0.536,1.0,2542000000.0,0.577,0.0,430000000.0,117822000000.0,,3351000000.0,8706000000.0,0.0,8706000000.0,66014000000.0,8950000000.0,57064000000.0,65603635648.0,143000000.0,-2000000.0,18000000.0,551000000.0,-460000000.0,-6000000.0,-1844000000.0,-36000000.0,1993000000.0,0.0,793000000.0,793000000.0,793000000.0,0.0,11000000.0,0.18,1267000000.0,1275000000.0,1814000000.0,0.583,2.53,16.044,15.982,69656000000.0,0.0,35.032,3.891,3.888,2480000000.0,16914000000.0,4404000000.0,4404000000.0,0.0,,,,,0.0,0.0,1.0,1872650700.0,1871600000,1886800000.0,2.353,92890000000.0,0.0,289000000.0,12846000000.0,49.631,-3003000000.0
17,NEE,MRQ,2017-03-31,2017-03-31,2017-03-31,2021-07-26,-40000000.0,91205000000.0,,5827000000.0,85378000000.0,,13.635,-1842000000.0,600000000.0,600000000.0,1737000000.0,1591000000.0,0.597,2.539,33864000000.0,5325000000.0,28539000000.0,33864000000.0,0.0,619000000.0,464000000.0,0.028,0.246,2618000000.0,3237000000.0,0.815,3237000000.0,2618000000.0,2258000000.0,0.848,0.843,0.848,25497000000.0,,25497000000.0,89571488375.0,14.0,9.141,-584000000.0,-0.312,1.0,2235000000.0,0.563,0.0,360000000.0,114708000000.0,,3529000000.0,8384000000.0,0.0,8384000000.0,64736000000.0,9761000000.0,54975000000.0,60023488375.0,-729000000.0,1484000000.0,7000000.0,2382000000.0,-460000000.0,1683000000.0,-3670000000.0,-69000000.0,1258000000.0,0.0,1583000000.0,1583000000.0,1583000000.0,0.0,8000000.0,0.399,973000000.0,1262000000.0,1237000000.0,0.29,2.354,15.647,15.564,68400000000.0,0.0,32.093,3.688,3.687,2160000000.0,16581000000.0,3972000000.0,3972000000.0,0.0,,,,,0.0,0.0,1.0,1870327596.0,1870000000,1880800000.0,2.124,91205000000.0,0.0,675000000.0,12433000000.0,48.773,-3934000000.0
18,NEE,MRQ,2016-12-31,2016-12-31,2016-12-31,2021-07-26,-70000000.0,89993000000.0,,7409000000.0,82584000000.0,,13.022,-921000000.0,1292000000.0,1292000000.0,1942000000.0,1011000000.0,0.679,2.657,30840000000.0,3022000000.0,27818000000.0,30840000000.0,0.0,858000000.0,470000000.0,0.029,0.217,1078000000.0,1936000000.0,0.526,1936000000.0,1078000000.0,1460000000.0,0.515,0.512,0.515,24341000000.0,,24341000000.0,86815832532.0,16.0,10.21,154000000.0,0.082,1.0,1739000000.0,0.472,0.0,-382000000.0,108622000000.0,,3420000000.0,7916000000.0,0.0,7916000000.0,64662000000.0,10919000000.0,53743000000.0,55819832532.0,647000000.0,0.0,9000000.0,-303000000.0,-407000000.0,625000000.0,-1063000000.0,23000000.0,1075000000.0,10000000.0,960000000.0,960000000.0,960000000.0,0.0,51000000.0,0.261,705000000.0,1034000000.0,3447000000.0,0.421,2.293,19.208,19.059,66912000000.0,0.0,29.865,3.459,3.428,2439000000.0,15458000000.0,3681000000.0,3681000000.0,0.0,,,,,0.0,0.0,1.0,1869071908.0,1869200000,1876400000.0,1.969,89993000000.0,0.0,500000000.0,11581000000.0,48.145,-3510000000.0
19,NEE,MRQ,2016-09-30,2016-09-30,2016-09-30,2021-07-26,-36000000.0,87864000000.0,,6747000000.0,81117000000.0,,12.9,-972000000.0,681000000.0,681000000.0,2050000000.0,789000000.0,0.645,2.635,31677000000.0,3482000000.0,28195000000.0,31677000000.0,0.0,983000000.0,469000000.0,0.028,0.217,1540000000.0,2523000000.0,0.525,2523000000.0,1540000000.0,1171000000.0,0.407,0.405,0.407,23907000000.0,,23907000000.0,88086527574.0,16.0,10.525,1052000000.0,0.568,1.0,2755000000.0,0.573,0.0,369000000.0,108404000000.0,,3463000000.0,7830000000.0,0.0,7830000000.0,62995000000.0,10456000000.0,52539000000.0,56508527574.0,-49000000.0,342000000.0,485000000.0,-639000000.0,-402000000.0,-527000000.0,-1546000000.0,-31000000.0,2024000000.0,0.0,753000000.0,753000000.0,753000000.0,0.0,36000000.0,0.157,1480000000.0,1275000000.0,2800000000.0,0.533,2.364,23.036,23.027,65617000000.0,0.0,30.58,3.419,3.429,2859000000.0,14899000000.0,4805000000.0,4805000000.0,0.0,,,,,0.0,0.0,1.0,1847891680.0,1853200000,1864000000.0,2.593,87864000000.0,0.0,418000000.0,11443000000.0,47.412,-3709000000.0
20,NEE,MRQ,2016-06-30,2016-06-30,2016-06-30,2021-07-26,-82000000.0,85420000000.0,,6512000000.0,78908000000.0,,12.559,-1082000000.0,730000000.0,730000000.0,1803000000.0,544000000.0,0.574,2.655,32308000000.0,5307000000.0,27001000000.0,32308000000.0,0.0,742000000.0,472000000.0,0.025,0.217,1361000000.0,2103000000.0,0.551,2103000000.0,1361000000.0,759000000.0,0.292,0.29,0.292,23174000000.0,,23174000000.0,91952552010.0,17.0,11.139,643000000.0,0.348,1.0,2014000000.0,0.528,0.0,602000000.0,105662000000.0,,3327000000.0,7404000000.0,0.0,7404000000.0,61538000000.0,11336000000.0,50202000000.0,60172552010.0,102000000.0,11000000.0,26000000.0,452000000.0,-402000000.0,133000000.0,-1756000000.0,-30000000.0,1725000000.0,0.0,540000000.0,540000000.0,540000000.0,0.0,4000000.0,0.141,1099000000.0,915000000.0,1774000000.0,0.743,2.597,23.332,23.203,64157000000.0,0.0,32.6,3.609,3.607,2673000000.0,14548000000.0,3817000000.0,3817000000.0,0.0,,,,,0.0,0.0,1.0,1845783804.0,1845200000,1858400000.0,2.069,85420000000.0,0.0,219000000.0,10787000000.0,46.293,-4824000000.0
21,NEE,MRQ,2016-03-31,2016-03-31,2016-03-31,2021-07-26,-113000000.0,84637000000.0,,7096000000.0,77541000000.0,,12.439,-1265000000.0,628000000.0,628000000.0,1727000000.0,654000000.0,0.67,2.663,32408000000.0,4617000000.0,27791000000.0,32408000000.0,0.0,537000000.0,472000000.0,0.027,0.217,1404000000.0,1941000000.0,0.506,1941000000.0,1404000000.0,895000000.0,0.355,0.352,0.355,22912000000.0,,22912000000.0,83623367433.0,16.0,10.249,280000000.0,0.152,1.0,2108000000.0,0.55,0.0,509000000.0,105830000000.0,,3440000000.0,7058000000.0,0.0,7058000000.0,61007000000.0,10587000000.0,50420000000.0,54507367433.0,57000000.0,292000000.0,17000000.0,2569000000.0,-401000000.0,2193000000.0,-3681000000.0,-15000000.0,1545000000.0,0.0,653000000.0,653000000.0,653000000.0,0.0,1000000.0,0.17,874000000.0,1234000000.0,1139000000.0,0.611,2.379,19.785,19.528,62894000000.0,0.0,29.585,3.166,3.165,2267000000.0,14375000000.0,3835000000.0,3835000000.0,0.0,,,,,0.0,0.0,1.0,1842398764.0,1842000000,1853600000.0,2.082,84637000000.0,0.0,242000000.0,10525000000.0,45.948,-3491000000.0
22,NEE,MRQ,2015-12-31,2015-12-31,2015-12-31,2021-07-26,-167000000.0,82479000000.0,,6795000000.0,75684000000.0,,12.266,-1066000000.0,571000000.0,571000000.0,2092000000.0,510000000.0,0.672,2.63,29687000000.0,3006000000.0,26681000000.0,29687000000.0,0.0,749000000.0,473000000.0,0.03,0.193,1053000000.0,1802000000.0,0.443,1802000000.0,1053000000.0,754000000.0,0.273,0.272,0.273,22574000000.0,,22574000000.0,76928075274.0,15.0,9.59,510000000.0,0.277,1.0,1977000000.0,0.486,0.0,299000000.0,101488000000.0,,3326000000.0,6924000000.0,0.0,6924000000.0,59367000000.0,10107000000.0,49260000000.0,47845075274.0,-597000000.0,26000000.0,24000000.0,58000000.0,-354000000.0,329000000.0,-2519000000.0,-10000000.0,1576000000.0,17000000.0,507000000.0,507000000.0,507000000.0,0.0,3000000.0,0.125,1102000000.0,875000000.0,2529000000.0,0.707,2.119,17.386,16.998,61386000000.0,0.0,25.973,2.736,2.677,2265000000.0,14140000000.0,4069000000.0,4069000000.0,0.0,,,,,0.0,0.0,1.0,1842143624.0,1840400000,1848400000.0,2.211,82479000000.0,0.0,247000000.0,10276000000.0,44.816,-3312000000.0
23,NEE,MRQ,2015-09-30,2015-09-30,2015-09-30,2021-07-26,-168000000.0,79963000000.0,,6657000000.0,73306000000.0,,12.287,-1039000000.0,1181000000.0,1181000000.0,2291000000.0,881000000.0,0.642,2.56,30264000000.0,4660000000.0,25604000000.0,30264000000.0,0.0,798000000.0,468000000.0,0.031,0.193,1611000000.0,2409000000.0,0.486,2409000000.0,1611000000.0,1300000000.0,0.485,0.482,0.485,22318000000.0,,22318000000.0,73325552636.0,13.0,8.556,540000000.0,0.297,1.0,2663000000.0,0.538,0.0,311000000.0,98675000000.0,,3575000000.0,6805000000.0,0.0,6805000000.0,57137000000.0,10371000000.0,46766000000.0,44102552636.0,630000000.0,213000000.0,644000000.0,454000000.0,-348000000.0,774000000.0,-1723000000.0,-35000000.0,1579000000.0,0.0,879000000.0,879000000.0,879000000.0,0.0,2000000.0,0.177,1182000000.0,1481000000.0,1870000000.0,0.398,1.976,14.095,13.841,59835000000.0,0.0,24.387,2.439,2.45,2310000000.0,13987000000.0,4954000000.0,4954000000.0,0.0,,,,,0.0,0.0,1.0,1808408104.0,1816400000,1824000000.0,2.727,79963000000.0,10000000.0,421000000.0,10450000000.0,44.023,-3714000000.0
24,NEE,MRQ,2015-06-30,2015-06-30,2015-06-30,2021-07-26,-4000000.0,77201000000.0,,6346000000.0,70855000000.0,,11.974,-941000000.0,551000000.0,551000000.0,2116000000.0,720000000.0,0.674,2.606,29774000000.0,4539000000.0,25235000000.0,29774000000.0,0.0,737000000.0,466000000.0,0.031,0.193,1270000000.0,2007000000.0,0.461,2007000000.0,1270000000.0,990000000.0,0.403,0.398,0.403,21338000000.0,,21338000000.0,72534452585.0,13.0,8.847,812000000.0,0.456,1.0,2242000000.0,0.514,0.0,280000000.0,97003000000.0,,3371000000.0,6823000000.0,0.0,6823000000.0,55600000000.0,9421000000.0,46179000000.0,43537452585.0,82000000.0,106000000.0,614000000.0,305000000.0,-342000000.0,519000000.0,-2190000000.0,-29000000.0,1753000000.0,0.0,716000000.0,716000000.0,716000000.0,0.0,4000000.0,0.164,1096000000.0,1146000000.0,1517000000.0,0.479,2.04,14.961,14.79,58310000000.0,0.0,24.508,2.449,2.456,2139000000.0,13456000000.0,4358000000.0,4358000000.0,0.0,,,,,0.0,0.0,1.0,1776495056.0,1782000000,1796800000.0,2.446,77201000000.0,404000000.0,274000000.0,10142000000.0,43.323,-3075000000.0
25,NEE,MRQ,2015-03-31,2015-03-31,2015-03-31,2021-07-26,-73000000.0,74929000000.0,,6297000000.0,68632000000.0,,11.437,-826000000.0,469000000.0,469000000.0,2424000000.0,650000000.0,0.671,2.692,29466000000.0,5202000000.0,24264000000.0,29466000000.0,0.0,547000000.0,464000000.0,0.028,0.193,1257000000.0,1804000000.0,0.44,1804000000.0,1257000000.0,936000000.0,0.367,0.362,0.367,20235000000.0,,20235000000.0,74588289748.0,14.0,9.449,355000000.0,0.201,1.0,1680000000.0,0.409,0.0,321000000.0,94540000000.0,,3297000000.0,6772000000.0,0.0,6772000000.0,54465000000.0,9386000000.0,45079000000.0,46141289748.0,-108000000.0,0.0,16000000.0,627000000.0,-341000000.0,275000000.0,-1564000000.0,-57000000.0,1181000000.0,0.0,650000000.0,650000000.0,650000000.0,0.0,0.0,0.158,551000000.0,1129000000.0,1104000000.0,0.526,2.28,17.178,16.924,56233000000.0,0.0,26.012,2.644,2.637,2027000000.0,13082000000.0,4104000000.0,4104000000.0,0.0,,,,,0.0,0.0,1.0,1773812196.0,1769200000,1795200000.0,2.32,74929000000.0,608000000.0,286000000.0,9895000000.0,42.352,-3089000000.0
26,NEE,MRQ,2014-12-31,2014-12-31,2014-12-31,2021-07-26,-40000000.0,74605000000.0,,6944000000.0,67661000000.0,,11.43,-842000000.0,577000000.0,577000000.0,1106000000.0,884000000.0,0.719,2.733,28701000000.0,4657000000.0,24044000000.0,28701000000.0,0.0,692000000.0,462000000.0,0.027,0.181,1658000000.0,2350000000.0,0.504,2350000000.0,1658000000.0,1337000000.0,0.507,0.5,0.507,19916000000.0,,19916000000.0,75331704305.0,15.0,10.108,690000000.0,0.396,1.0,3558000000.0,0.763,0.0,321000000.0,93066000000.0,,3298000000.0,6565000000.0,0.0,6565000000.0,54437000000.0,9663000000.0,44774000000.0,46393704305.0,92000000.0,0.0,576000000.0,-296000000.0,-316000000.0,843000000.0,-2283000000.0,-24000000.0,1532000000.0,0.0,884000000.0,884000000.0,884000000.0,0.0,0.0,0.19,2027000000.0,1531000000.0,1354000000.0,0.357,2.329,18.821,18.753,55705000000.0,0.0,26.573,2.726,2.713,2159000000.0,12773000000.0,4664000000.0,4664000000.0,0.0,,,,,0.0,0.0,1.0,1745929224.0,1742400000,1766400000.0,2.677,74605000000.0,739000000.0,453000000.0,9735000000.0,42.817,-2719000000.0
27,NEE,MRQ,2014-09-30,2014-09-30,2014-09-30,2021-07-26,47000000.0,72193000000.0,,5633000000.0,66560000000.0,,11.015,-418000000.0,485000000.0,485000000.0,2709000000.0,664000000.0,0.588,2.771,29423000000.0,4570000000.0,24853000000.0,29423000000.0,0.0,783000000.0,457000000.0,0.03,0.181,1255000000.0,2038000000.0,0.438,2038000000.0,1255000000.0,939000000.0,0.38,0.375,0.38,19144000000.0,,19144000000.0,70293203328.0,18.0,10.828,1102000000.0,0.634,1.0,1945000000.0,0.418,0.0,316000000.0,91559000000.0,,3419000000.0,6414000000.0,0.0,6414000000.0,53049000000.0,9572000000.0,43477000000.0,40965203328.0,-137000000.0,0.0,15000000.0,-328000000.0,-315000000.0,-684000000.0,-973000000.0,396000000.0,1520000000.0,0.0,660000000.0,660000000.0,660000000.0,0.0,4000000.0,0.142,782000000.0,1163000000.0,1496000000.0,0.476,2.14,21.459,21.336,55067000000.0,0.0,23.47,2.562,2.552,2411000000.0,12204000000.0,4654000000.0,4654000000.0,0.0,,,,,0.0,0.0,1.0,1745428348.0,1738000000,1762000000.0,2.678,72193000000.0,31000000.0,279000000.0,8830000000.0,41.538,-3939000000.0
28,NEE,MRQ,2014-06-30,2014-06-30,2014-06-30,2021-07-26,59000000.0,71590000000.0,,6099000000.0,65491000000.0,,10.613,-1027000000.0,622000000.0,622000000.0,2464000000.0,492000000.0,0.629,2.885,29950000000.0,4901000000.0,25049000000.0,29950000000.0,0.0,613000000.0,452000000.0,0.027,0.181,1089000000.0,1702000000.0,0.422,1702000000.0,1089000000.0,784000000.0,0.282,0.28,0.282,18429000000.0,,18429000000.0,73720434333.0,18.0,11.624,404000000.0,0.233,1.0,1565000000.0,0.388,0.0,305000000.0,91228000000.0,,3240000000.0,6296000000.0,0.0,6296000000.0,53161000000.0,9690000000.0,43471000000.0,44693434333.0,134000000.0,0.0,17000000.0,262000000.0,-315000000.0,-34000000.0,-1263000000.0,-50000000.0,1431000000.0,0.0,492000000.0,492000000.0,492000000.0,0.0,0.0,0.122,614000000.0,951000000.0,1475000000.0,0.642,2.425,22.955,22.633,54031000000.0,0.0,25.62,2.842,2.829,2292000000.0,11860000000.0,4029000000.0,4029000000.0,0.0,,,,,0.0,0.0,1.0,1744474408.0,1736400000,1760400000.0,2.32,71590000000.0,395000000.0,292000000.0,8921000000.0,41.229,-3591000000.0
29,NEE,MRQ,2014-03-31,2014-03-31,2014-03-31,2021-07-26,21000000.0,70331000000.0,,6141000000.0,64190000000.0,,10.473,-1142000000.0,488000000.0,488000000.0,2473000000.0,430000000.0,0.597,2.873,29515000000.0,5691000000.0,23824000000.0,29515000000.0,0.0,463000000.0,452000000.0,0.028,0.181,902000000.0,1365000000.0,0.372,1365000000.0,902000000.0,583000000.0,0.247,0.245,0.247,18160000000.0,,18160000000.0,69619288897.0,17.0,11.182,-125000000.0,-0.072,1.0,1201000000.0,0.327,0.0,319000000.0,89066000000.0,,3314000000.0,6014000000.0,0.0,6014000000.0,52171000000.0,10292000000.0,41879000000.0,41631288897.0,50000000.0,0.0,25000000.0,1117000000.0,-315000000.0,875000000.0,-1842000000.0,-30000000.0,1017000000.0,0.0,430000000.0,430000000.0,430000000.0,0.0,0.0,0.117,463000000.0,738000000.0,1450000000.0,0.733,2.292,20.16,19.724,53306000000.0,0.0,23.905,2.681,2.669,2551000000.0,11684000000.0,3674000000.0,3674000000.0,0.0,,,,,0.0,0.0,1.0,1741530596.0,1734000000,1752800000.0,2.119,70331000000.0,754000000.0,153000000.0,8861000000.0,40.56,-4151000000.0
30,NEE,MRQ,2013-12-31,2013-12-31,2013-12-31,2021-07-26,56000000.0,69306000000.0,,5842000000.0,63464000000.0,,10.483,-806000000.0,438000000.0,438000000.0,2350000000.0,327000000.0,0.636,2.842,28426000000.0,4457000000.0,23969000000.0,28426000000.0,0.0,640000000.0,452000000.0,0.031,0.165,747000000.0,1387000000.0,0.382,1387000000.0,747000000.0,451000000.0,0.19,0.187,0.19,18040000000.0,,18040000000.0,65026954825.0,17.0,10.894,906000000.0,0.526,1.0,1280000000.0,0.353,0.0,296000000.0,88105000000.0,,3212000000.0,5901000000.0,0.0,5901000000.0,51266000000.0,9189000000.0,42077000000.0,36874954825.0,-120000000.0,0.0,427000000.0,-234000000.0,-286000000.0,25000000.0,-1857000000.0,6000000.0,1712000000.0,0.0,327000000.0,327000000.0,327000000.0,0.0,0.0,0.09,640000000.0,640000000.0,1200000000.0,0.868,2.044,19.326,19.027,52720000000.0,0.0,21.405,2.436,2.4,2289000000.0,11569000000.0,3630000000.0,3630000000.0,0.0,,,,,0.0,0.0,1.0,1722726224.0,1720800000,1734400000.0,2.109,69306000000.0,753000000.0,124000000.0,8617000000.0,40.275,-3347000000.0
31,NEE,MRQ,2013-09-30,2013-09-30,2013-09-30,2021-07-26,-82000000.0,67166000000.0,,5472000000.0,61694000000.0,,10.27,-733000000.0,558000000.0,558000000.0,2604000000.0,698000000.0,0.594,2.858,28710000000.0,4848000000.0,23862000000.0,28710000000.0,0.0,605000000.0,502000000.0,0.032,0.165,1283000000.0,1888000000.0,0.43,1888000000.0,1283000000.0,995000000.0,0.412,0.41,0.412,17409000000.0,,17409000000.0,61861932293.0,16.0,10.686,407000000.0,0.24,1.0,1790000000.0,0.407,0.0,288000000.0,86105000000.0,,3080000000.0,5659000000.0,0.0,5659000000.0,49757000000.0,9213000000.0,40544000000.0,34040932293.0,147000000.0,0.0,406000000.0,422000000.0,-279000000.0,488000000.0,-1481000000.0,-31000000.0,1140000000.0,0.0,698000000.0,698000000.0,698000000.0,0.0,0.0,0.159,605000000.0,1185000000.0,1244000000.0,0.4,1.955,16.944,16.812,51399000000.0,0.0,20.04,2.288,2.283,2241000000.0,11528000000.0,4394000000.0,4394000000.0,0.0,,,,,0.0,0.0,1.0,1698649316.0,1695200000,1707200000.0,2.592,67166000000.0,8000000.0,297000000.0,7990000000.0,39.621,-3741000000.0
32,NEE,MRQ,2013-06-30,2013-06-30,2013-06-30,2021-07-26,-102000000.0,65217000000.0,,4735000000.0,60482000000.0,,9.839,-654000000.0,411000000.0,411000000.0,2352000000.0,610000000.0,0.534,2.928,28232000000.0,4718000000.0,23514000000.0,28232000000.0,0.0,499000000.0,501000000.0,0.031,0.165,1087000000.0,1586000000.0,0.414,1586000000.0,1087000000.0,821000000.0,0.362,0.36,0.362,16601000000.0,,16601000000.0,62308510758.0,18.0,11.994,514000000.0,0.305,1.0,1481000000.0,0.386,0.0,266000000.0,84171000000.0,,2958000000.0,5466000000.0,0.0,5466000000.0,48616000000.0,8867000000.0,39749000000.0,34599510758.0,196000000.0,0.0,1000000.0,401000000.0,-278000000.0,235000000.0,-1207000000.0,-31000000.0,1168000000.0,0.0,610000000.0,610000000.0,610000000.0,0.0,0.0,0.159,500000000.0,981000000.0,1279000000.0,0.456,2.084,20.046,19.815,50460000000.0,0.0,20.37,2.414,2.398,2120000000.0,11109000000.0,3833000000.0,3833000000.0,0.0,,,,,0.0,0.0,1.0,1698552320.0,1687200000,1699200000.0,2.272,65217000000.0,11000000.0,211000000.0,7480000000.0,38.654,-4132000000.0
33,NEE,MRQ,2013-03-31,2013-03-31,2013-03-31,2021-07-26,-136000000.0,63843000000.0,,4045000000.0,59798000000.0,,9.621,-783000000.0,215000000.0,215000000.0,2126000000.0,272000000.0,0.461,2.94,27924000000.0,5058000000.0,22866000000.0,27924000000.0,0.0,419000000.0,506000000.0,0.032,0.165,688000000.0,1107000000.0,0.338,1107000000.0,688000000.0,416000000.0,0.163,0.16,0.163,16202000000.0,,16202000000.0,59956012485.0,17.0,11.84,299000000.0,0.178,1.0,1153000000.0,0.352,0.0,272000000.0,82776000000.0,,2958000000.0,5394000000.0,0.0,5394000000.0,47641000000.0,8776000000.0,38865000000.0,32926012485.0,-114000000.0,0.0,8000000.0,666000000.0,-279000000.0,382000000.0,-1578000000.0,-9000000.0,1082000000.0,0.0,272000000.0,272000000.0,272000000.0,-231000000.0,0.0,0.083,719000000.0,434000000.0,1094000000.0,1.012,2.032,19.11,18.854,49824000000.0,0.0,19.42,2.325,2.309,1759000000.0,10777000000.0,3279000000.0,3279000000.0,0.0,,,,,0.0,0.0,1.0,1695469232.0,1684000000,1694800000.0,1.947,63843000000.0,10000000.0,144000000.0,7139000000.0,37.912,-4731000000.0
34,NEE,MRQ,2012-12-31,2012-12-31,2012-12-31,2021-07-26,-255000000.0,64439000000.0,,5237000000.0,59202000000.0,,9.564,-1104000000.0,329000000.0,329000000.0,2247000000.0,429000000.0,0.59,3.01,27359000000.0,4182000000.0,23177000000.0,27359000000.0,0.0,397000000.0,508000000.0,0.035,0.15,811000000.0,1208000000.0,0.358,1208000000.0,811000000.0,568000000.0,0.255,0.252,0.255,16068000000.0,,16068000000.0,55385628468.0,15.0,10.736,-269000000.0,-0.16,1.0,1128000000.0,0.334,0.0,243000000.0,82590000000.0,,2968000000.0,5166000000.0,0.0,5166000000.0,48371000000.0,8879000000.0,39492000000.0,29281628468.0,83000000.0,0.0,19000000.0,1778000000.0,-252000000.0,1675000000.0,-2427000000.0,26000000.0,835000000.0,0.0,429000000.0,429000000.0,429000000.0,0.0,0.0,0.127,397000000.0,731000000.0,1281000000.0,0.588,1.822,15.323,15.081,49413000000.0,0.0,17.297,2.054,2.022,2056000000.0,10783000000.0,3375000000.0,3375000000.0,0.0,,,,,0.0,0.0,1.0,1692824308.0,1680000000,1691200000.0,2.009,64439000000.0,397000000.0,139000000.0,7117000000.0,38.357,-3642000000.0
35,NEE,MRQ,2012-09-30,2012-09-30,2012-09-30,2021-07-26,-219000000.0,62049000000.0,,4437000000.0,57612000000.0,,9.472,-973000000.0,246000000.0,246000000.0,2634000000.0,415000000.0,0.563,2.906,26350000000.0,3636000000.0,22714000000.0,26350000000.0,0.0,466000000.0,513000000.0,0.033,0.15,828000000.0,1294000000.0,0.337,1294000000.0,828000000.0,569000000.0,0.247,0.245,0.247,15886000000.0,,15886000000.0,54287559450.0,14.0,9.932,256000000.0,0.153,1.0,1209000000.0,0.315,0.0,259000000.0,80278000000.0,,3049000000.0,5194000000.0,0.0,5194000000.0,46163000000.0,7875000000.0,38288000000.0,29732559450.0,-49000000.0,0.0,14000000.0,1447000000.0,-252000000.0,1202000000.0,-2480000000.0,-40000000.0,1229000000.0,0.0,415000000.0,415000000.0,415000000.0,0.0,0.0,0.108,467000000.0,742000000.0,1194000000.0,0.607,1.872,13.829,13.577,47693000000.0,0.0,17.582,2.016,2.0,2122000000.0,10607000000.0,3843000000.0,3843000000.0,0.0,,,,,0.0,0.0,1.0,1691031392.0,1677200000,1686800000.0,2.291,62049000000.0,0.0,154000000.0,6869000000.0,36.996,-3438000000.0
36,NEE,MRQ,2012-06-30,2012-06-30,2012-06-30,2021-07-26,-190000000.0,60390000000.0,,4854000000.0,55536000000.0,,9.511,-1250000000.0,295000000.0,295000000.0,2332000000.0,607000000.0,0.635,2.825,24850000000.0,3270000000.0,21580000000.0,24850000000.0,0.0,335000000.0,517000000.0,0.033,0.15,1120000000.0,1455000000.0,0.397,1455000000.0,1120000000.0,850000000.0,0.365,0.362,0.365,15788000000.0,,15788000000.0,52393974031.0,13.0,9.53,-157000000.0,-0.095,1.0,1335000000.0,0.364,0.0,270000000.0,77302000000.0,,3034000000.0,5028000000.0,0.0,5028000000.0,44602000000.0,7643000000.0,36959000000.0,28698974031.0,20000000.0,0.0,360000000.0,840000000.0,-252000000.0,953000000.0,-2026000000.0,-71000000.0,1093000000.0,0.0,607000000.0,607000000.0,607000000.0,0.0,0.0,0.166,335000000.0,1000000000.0,1134000000.0,0.411,1.818,13.398,13.315,45495000000.0,0.0,17.203,1.878,1.868,2008000000.0,10444000000.0,3667000000.0,3667000000.0,0.0,,,,,0.0,0.0,1.0,1668302516.0,1660000000,1668800000.0,2.209,60390000000.0,0.0,243000000.0,6612000000.0,36.38,-2789000000.0
37,NEE,MRQ,2012-03-31,2012-03-31,2012-03-31,2021-07-26,-94000000.0,59207000000.0,,5094000000.0,54113000000.0,,9.231,-1229000000.0,275000000.0,275000000.0,2248000000.0,461000000.0,0.636,2.889,23970000000.0,3388000000.0,20582000000.0,23970000000.0,0.0,320000000.0,528000000.0,0.037,0.15,883000000.0,1203000000.0,0.357,1203000000.0,883000000.0,618000000.0,0.28,0.278,0.28,15223000000.0,,15223000000.0,48012031122.0,12.0,8.834,-394000000.0,-0.239,1.0,1123000000.0,0.333,0.0,265000000.0,74897000000.0,,2981000000.0,5041000000.0,0.0,5041000000.0,43984000000.0,8005000000.0,35979000000.0,25422031122.0,-102000000.0,0.0,-7000000.0,1014000000.0,-248000000.0,1058000000.0,-1995000000.0,-33000000.0,835000000.0,0.0,461000000.0,461000000.0,461000000.0,0.0,0.0,0.137,320000000.0,803000000.0,1073000000.0,0.536,1.67,12.02,11.976,43968000000.0,0.0,15.27,1.632,1.616,1837000000.0,10089000000.0,3371000000.0,3371000000.0,0.0,,,,,0.0,0.0,1.0,1664835044.0,1649200000,1658800000.0,2.044,59207000000.0,0.0,157000000.0,6314000000.0,35.9,-2911000000.0
38,NEE,MRQ,2011-12-31,2011-12-31,2011-12-31,2021-07-26,-154000000.0,57188000000.0,,4872000000.0,52316000000.0,,8.974,-1333000000.0,377000000.0,377000000.0,2519000000.0,667000000.0,0.725,2.827,22967000000.0,2157000000.0,20810000000.0,22967000000.0,0.0,331000000.0,547000000.0,0.036,0.138,1183000000.0,1514000000.0,0.392,1514000000.0,1183000000.0,923000000.0,0.403,0.397,0.403,14943000000.0,,14943000000.0,47555003491.0,14.0,9.409,-376000000.0,-0.226,1.0,1346000000.0,0.348,0.0,260000000.0,73059000000.0,,2869000000.0,4774000000.0,0.0,4774000000.0,42245000000.0,6719000000.0,35526000000.0,25724003491.0,-263000000.0,0.0,-366000000.0,104000000.0,-231000000.0,-363000000.0,-857000000.0,-16000000.0,957000000.0,0.0,667000000.0,667000000.0,667000000.0,0.0,0.0,0.173,331000000.0,1015000000.0,1191000000.0,0.342,1.721,13.377,13.177,42490000000.0,0.0,15.22,1.677,1.653,1802000000.0,9876000000.0,3865000000.0,3865000000.0,0.0,,,,,0.0,0.0,1.0,1690144776.0,1665200000,1674800000.0,2.321,57188000000.0,10000000.0,256000000.0,6145000000.0,34.343,-1847000000.0
39,NEE,MRQ,2011-09-30,2011-09-30,2011-09-30,2021-07-26,-114000000.0,56585000000.0,,6252000000.0,50333000000.0,,8.917,-1473000000.0,640000000.0,640000000.0,2975000000.0,407000000.0,0.843,2.801,22471000000.0,2432000000.0,20039000000.0,22471000000.0,0.0,496000000.0,639000000.0,0.04,0.138,830000000.0,1326000000.0,0.303,1326000000.0,830000000.0,565000000.0,0.245,0.242,0.245,14887000000.0,,14887000000.0,43980813769.0,16.0,9.758,-347000000.0,-0.208,1.0,1407000000.0,0.321,0.0,265000000.0,70997000000.0,,2752000000.0,4599000000.0,0.0,4599000000.0,41698000000.0,7419000000.0,34279000000.0,22814813769.0,353000000.0,0.0,6000000.0,1553000000.0,-230000000.0,1290000000.0,-2063000000.0,-33000000.0,1126000000.0,0.0,407000000.0,407000000.0,407000000.0,0.0,0.0,0.093,496000000.0,911000000.0,1336000000.0,0.563,1.533,15.03,14.841,41117000000.0,0.0,13.505,1.532,1.514,2237000000.0,9439000000.0,4382000000.0,4382000000.0,0.0,,,,,0.0,0.0,1.0,1689360516.0,1669600000,1679200000.0,2.625,56585000000.0,0.0,158000000.0,6040000000.0,33.891,-1167000000.0
40,NEE,MRQ,2011-06-30,2011-06-30,2011-06-30,2021-07-26,115000000.0,54557000000.0,,4813000000.0,49744000000.0,,8.939,-975000000.0,287000000.0,287000000.0,2595000000.0,580000000.0,0.753,2.66,21453000000.0,2218000000.0,19235000000.0,21453000000.0,29000000.0,409000000.0,638000000.0,0.037,0.138,983000000.0,1392000000.0,0.351,1392000000.0,983000000.0,727000000.0,0.347,0.345,0.347,14906000000.0,,14906000000.0,45074834069.0,14.0,9.165,33000000.0,0.02,1.0,1366000000.0,0.345,0.0,256000000.0,69334000000.0,,2591000000.0,4859000000.0,0.0,4859000000.0,39651000000.0,6389000000.0,33262000000.0,24245834069.0,-138000000.0,0.0,15000000.0,185000000.0,-230000000.0,136000000.0,-1282000000.0,-27000000.0,1008000000.0,0.0,580000000.0,580000000.0,580000000.0,0.0,0.0,0.146,459000000.0,907000000.0,1280000000.0,0.398,1.627,13.242,13.024,40854000000.0,0.0,14.365,1.595,1.576,2133000000.0,9262000000.0,3961000000.0,3961000000.0,0.0,,,,,0.0,0.0,1.0,1687840868.0,1667600000,1677200000.0,2.375,54557000000.0,0.0,147000000.0,5903000000.0,32.716,-1576000000.0
41,NEE,MRQ,2011-03-31,2011-03-31,2011-03-31,2021-07-26,202000000.0,53257000000.0,,4519000000.0,48738000000.0,,8.778,-811000000.0,425000000.0,425000000.0,2375000000.0,268000000.0,0.671,2.648,21254000000.0,2966000000.0,18288000000.0,21254000000.0,40000000.0,331000000.0,637000000.0,0.037,0.138,490000000.0,821000000.0,0.262,821000000.0,490000000.0,236000000.0,0.16,0.16,0.16,14599000000.0,,14599000000.0,43722894965.0,15.0,9.397,172000000.0,0.103,1.0,759000000.0,0.242,0.0,254000000.0,67347000000.0,,2461000000.0,4818000000.0,0.0,4818000000.0,38658000000.0,6739000000.0,31919000000.0,23202894965.0,123000000.0,0.0,18000000.0,437000000.0,-229000000.0,217000000.0,-1077000000.0,-43000000.0,983000000.0,0.0,268000000.0,268000000.0,268000000.0,0.0,0.0,0.086,331000000.0,428000000.0,1075000000.0,0.863,1.589,13.911,13.644,39937000000.0,0.0,13.78,1.565,1.546,2002000000.0,8912000000.0,3134000000.0,3134000000.0,0.0,,,,,0.0,0.0,1.0,1683809504.0,1663200000,1673600000.0,1.884,53257000000.0,0.0,-32000000.0,5644000000.0,32.021,-2220000000.0
42,NEE,MRQ,2010-12-31,2010-12-31,2010-12-31,2021-07-26,166000000.0,52994000000.0,,5258000000.0,47736000000.0,,8.735,-695000000.0,302000000.0,302000000.0,2482000000.0,263000000.0,0.762,2.665,20822000000.0,2809000000.0,18013000000.0,20822000000.0,0.0,458000000.0,634000000.0,0.038,0.125,510000000.0,968000000.0,0.284,968000000.0,510000000.0,263000000.0,0.157,0.157,0.157,14461000000.0,,14461000000.0,41430673893.0,12.0,7.883,370000000.0,0.223,1.0,931000000.0,0.273,0.0,247000000.0,66610000000.0,,2396000000.0,4713000000.0,0.0,4713000000.0,38533000000.0,6904000000.0,31629000000.0,21753673893.0,-489000000.0,0.0,124000000.0,313000000.0,-207000000.0,174000000.0,-1728000000.0,-19000000.0,1065000000.0,0.0,263000000.0,263000000.0,263000000.0,0.0,0.0,0.077,477000000.0,454000000.0,1124000000.0,0.796,1.504,11.116,10.904,39075000000.0,0.0,12.998,1.42,1.393,2582000000.0,8873000000.0,3413000000.0,3413000000.0,0.0,,,,,0.0,0.0,1.0,1673681392.0,1655600000,1668800000.0,2.061,52994000000.0,0.0,0.0,5571000000.0,32.009,-1646000000.0
43,NEE,MRQ,2010-09-30,2010-09-30,2010-09-30,2021-07-26,47000000.0,52734000000.0,,5776000000.0,46958000000.0,,8.61,-663000000.0,791000000.0,791000000.0,3035000000.0,720000000.0,0.804,2.727,20468000000.0,2788000000.0,17680000000.0,20468000000.0,47000000.0,530000000.0,631000000.0,0.036,0.125,1207000000.0,1737000000.0,0.37,1737000000.0,1207000000.0,960000000.0,0.438,0.435,0.438,14151000000.0,,14151000000.0,41981640560.0,12.0,7.782,358000000.0,0.218,1.0,1656000000.0,0.353,0.0,247000000.0,65224000000.0,,2383000000.0,4618000000.0,0.0,4618000000.0,38583000000.0,7187000000.0,31396000000.0,22617640560.0,-38000000.0,0.0,115000000.0,250000000.0,-206000000.0,214000000.0,-1273000000.0,-34000000.0,1021000000.0,0.0,720000000.0,720000000.0,720000000.0,0.0,0.0,0.153,531000000.0,1125000000.0,1099000000.0,0.285,1.598,11.082,10.922,38301000000.0,0.0,13.598,1.454,1.436,2120000000.0,8817000000.0,4691000000.0,4691000000.0,0.0,,,,,0.0,0.0,1.0,1663367572.0,1643600000,1654800000.0,2.854,52734000000.0,0.0,240000000.0,5861000000.0,32.084,-1411000000.0
44,NEE,MRQ,2010-06-30,2010-06-30,2010-06-30,2021-07-26,49000000.0,51209000000.0,,5299000000.0,45910000000.0,,8.272,-743000000.0,829000000.0,829000000.0,2496000000.0,417000000.0,0.744,2.785,20193000000.0,3022000000.0,17171000000.0,20193000000.0,29000000.0,386000000.0,635000000.0,0.04,0.125,741000000.0,1127000000.0,0.314,1127000000.0,741000000.0,494000000.0,0.255,0.253,0.255,13529000000.0,,13529000000.0,39517432953.0,12.0,7.888,109000000.0,0.067,1.0,1095000000.0,0.305,0.0,247000000.0,63447000000.0,,2267000000.0,4315000000.0,0.0,4315000000.0,37680000000.0,7126000000.0,30554000000.0,20219432953.0,-386000000.0,0.0,57000000.0,-352000000.0,-206000000.0,-316000000.0,-922000000.0,-3000000.0,852000000.0,0.0,417000000.0,417000000.0,417000000.0,0.0,0.0,0.116,386000000.0,709000000.0,1316000000.0,0.49,1.495,10.906,10.721,37578000000.0,0.0,12.19,1.318,1.3,2025000000.0,8303000000.0,3591000000.0,3591000000.0,0.0,,,,,0.0,0.0,1.0,1658690152.0,1635600000,1645600000.0,2.196,51209000000.0,0.0,77000000.0,5848000000.0,31.309,-1827000000.0
45,NEE,MRQ,2010-03-31,2010-03-31,2010-03-31,2021-07-26,157000000.0,50942000000.0,,5557000000.0,45385000000.0,,8.182,-846000000.0,1215000000.0,1215000000.0,2269000000.0,556000000.0,0.714,2.82,20513000000.0,3912000000.0,16601000000.0,20513000000.0,24000000.0,414000000.0,628000000.0,0.04,0.125,1008000000.0,1422000000.0,0.393,1422000000.0,1008000000.0,770000000.0,0.34,0.34,0.34,13336000000.0,,13336000000.0,38644632094.0,12.0,7.769,50000000.0,0.031,1.0,1353000000.0,0.374,0.0,238000000.0,62458000000.0,,2258000000.0,4479000000.0,0.0,4479000000.0,37606000000.0,7782000000.0,29824000000.0,19993632094.0,977000000.0,0.0,12000000.0,1614000000.0,-204000000.0,1442000000.0,-1361000000.0,-46000000.0,896000000.0,0.0,556000000.0,556000000.0,556000000.0,0.0,0.0,0.154,414000000.0,939000000.0,937000000.0,0.368,1.499,11.065,10.856,36854000000.0,0.0,12.082,1.285,1.266,1946000000.0,8091000000.0,3622000000.0,3622000000.0,0.0,,,,,0.0,0.0,1.0,1654759536.0,1630000000,1640400000.0,2.222,50942000000.0,0.0,214000000.0,5544000000.0,31.253,-2225000000.0
46,NEE,MRQ,2009-12-31,2009-12-31,2009-12-31,2021-07-26,169000000.0,48458000000.0,,4337000000.0,44121000000.0,,7.975,-782000000.0,238000000.0,238000000.0,2610000000.0,348000000.0,0.673,2.737,18889000000.0,2589000000.0,16300000000.0,18889000000.0,377000000.0,488000000.0,613000000.0,0.036,0.118,621000000.0,1109000000.0,0.303,1109000000.0,621000000.0,403000000.0,0.213,0.213,0.213,12967000000.0,,12967000000.0,39513002484.0,14.0,8.673,355000000.0,0.218,1.0,1045000000.0,0.286,0.0,218000000.0,60660000000.0,,2291000000.0,4325000000.0,0.0,4325000000.0,35491000000.0,6449000000.0,29042000000.0,21833002484.0,74000000.0,0.0,12000000.0,1046000000.0,-192000000.0,854000000.0,-1917000000.0,-43000000.0,1137000000.0,0.0,348000000.0,348000000.0,348000000.0,0.0,0.0,0.095,488000000.0,557000000.0,992000000.0,0.554,1.684,13.519,13.231,36078000000.0,0.0,13.205,1.396,1.365,2247000000.0,7739000000.0,3655000000.0,3655000000.0,0.0,,,,,0.0,0.0,1.0,1653389056.0,1626000000,1638400000.0,2.248,48458000000.0,0.0,55000000.0,5326000000.0,29.802,-2112000000.0
47,NEE,MRQ,2009-09-30,2009-09-30,2009-09-30,2021-07-26,132000000.0,47155000000.0,,4176000000.0,42979000000.0,,7.857,-810000000.0,164000000.0,164000000.0,3191000000.0,533000000.0,0.637,2.704,17844000000.0,2243000000.0,15601000000.0,17844000000.0,0.0,433000000.0,601000000.0,0.034,0.118,919000000.0,1352000000.0,0.302,1352000000.0,919000000.0,715000000.0,0.33,0.328,0.33,12732000000.0,,12732000000.0,39895005721.0,14.0,8.684,372000000.0,0.23,1.0,1282000000.0,0.287,0.0,204000000.0,58278000000.0,,2383000000.0,4301000000.0,0.0,4301000000.0,34423000000.0,6557000000.0,27866000000.0,22725005721.0,-112000000.0,0.0,103000000.0,378000000.0,-192000000.0,303000000.0,-1597000000.0,-11000000.0,1182000000.0,0.0,533000000.0,533000000.0,533000000.0,0.0,0.0,0.119,433000000.0,849000000.0,1057000000.0,0.358,1.785,13.575,13.276,35216000000.0,0.0,13.807,1.421,1.399,1898000000.0,7583000000.0,4473000000.0,4473000000.0,0.0,,,,,0.0,0.0,1.0,1645845064.0,1620400000,1632000000.0,2.76,47155000000.0,0.0,182000000.0,5098000000.0,29.101,-2381000000.0
48,NEE,MRQ,2009-06-30,2009-06-30,2009-06-30,2021-07-26,114000000.0,46404000000.0,,4869000000.0,41535000000.0,,7.582,-692000000.0,276000000.0,276000000.0,2771000000.0,370000000.0,0.732,2.79,17446000000.0,1782000000.0,15664000000.0,17446000000.0,0.0,435000000.0,592000000.0,0.032,0.118,656000000.0,1091000000.0,0.286,1091000000.0,656000000.0,441000000.0,0.23,0.228,0.23,12244000000.0,,12244000000.0,40120687706.0,12.0,8.141,409000000.0,0.253,1.0,1040000000.0,0.273,0.0,215000000.0,56924000000.0,,2303000000.0,3988000000.0,0.0,3988000000.0,34160000000.0,6650000000.0,27510000000.0,23357687706.0,0.0,0.0,34000000.0,386000000.0,-191000000.0,224000000.0,-1325000000.0,-47000000.0,1101000000.0,0.0,370000000.0,370000000.0,370000000.0,0.0,0.0,0.097,435000000.0,605000000.0,1255000000.0,0.513,1.908,12.197,11.925,34197000000.0,0.0,14.215,1.382,1.358,1697000000.0,7242000000.0,3811000000.0,3811000000.0,0.0,,,,,0.0,0.0,1.0,1643171840.0,1614800000,1625600000.0,2.36,46404000000.0,0.0,71000000.0,4856000000.0,28.737,-1781000000.0
49,NEE,MRQ,2009-03-31,2009-03-31,2009-03-31,2021-07-26,61000000.0,45304000000.0,,5154000000.0,40150000000.0,,7.457,-654000000.0,276000000.0,276000000.0,2713000000.0,364000000.0,0.776,2.776,17039000000.0,1940000000.0,15099000000.0,17039000000.0,0.0,409000000.0,588000000.0,0.036,0.118,594000000.0,1003000000.0,0.271,1003000000.0,594000000.0,383000000.0,0.225,0.225,0.225,11999000000.0,,11999000000.0,37296872331.0,12.0,8.222,389000000.0,0.242,1.0,992000000.0,0.268,0.0,211000000.0,55424000000.0,,2216000000.0,3768000000.0,0.0,3768000000.0,33305000000.0,6643000000.0,26662000000.0,20745872331.0,-259000000.0,0.0,49000000.0,-71000000.0,-191000000.0,-206000000.0,-1096000000.0,-26000000.0,1043000000.0,0.0,364000000.0,364000000.0,364000000.0,0.0,0.0,0.098,409000000.0,583000000.0,1058000000.0,0.524,1.729,11.828,11.614,33053000000.0,0.0,12.682,1.244,1.224,1608000000.0,7058000000.0,3705000000.0,3705000000.0,0.0,,,,,0.0,0.0,1.0,1635787292.0,1609200000,1619200000.0,2.302,45304000000.0,0.0,19000000.0,4654000000.0,28.153,-1489000000.0
50,NEE,MRQ,2008-12-31,2008-12-31,2008-12-31,2021-07-26,0.0,44821000000.0,,5392000000.0,39429000000.0,,7.282,-660000000.0,535000000.0,535000000.0,2880000000.0,407000000.0,0.701,2.837,17086000000.0,3253000000.0,13833000000.0,17086000000.0,11000000.0,417000000.0,575000000.0,0.035,0.111,731000000.0,1148000000.0,0.287,1148000000.0,731000000.0,515000000.0,0.255,0.253,0.255,11681000000.0,,11681000000.0,36013211993.0,12.0,8.29,384000000.0,0.239,1.0,1123000000.0,0.281,0.0,216000000.0,53683000000.0,,2228000000.0,3870000000.0,0.0,3870000000.0,33140000000.0,7689000000.0,25451000000.0,20571211993.0,-1057000000.0,0.0,9000000.0,31000000.0,-179000000.0,-150000000.0,-1951000000.0,-453000000.0,1044000000.0,0.0,407000000.0,407000000.0,407000000.0,0.0,0.0,0.102,371000000.0,752000000.0,1062000000.0,0.435,1.761,12.551,12.276,32411000000.0,0.0,12.582,1.254,1.227,1707000000.0,6885000000.0,4003000000.0,4003000000.0,0.0,,,,,0.0,0.0,1.0,1634906576.0,1604000000,1613200000.0,2.496,44821000000.0,0.0,108000000.0,4605000000.0,27.943,-2297000000.0
51,NEE,MRQ,2008-09-30,2008-09-30,2008-09-30,2021-07-26,103000000.0,45478000000.0,,6308000000.0,39170000000.0,,7.202,-609000000.0,1592000000.0,1592000000.0,3703000000.0,774000000.0,0.742,2.943,17034000000.0,4220000000.0,12814000000.0,17034000000.0,13000000.0,348000000.0,565000000.0,0.035,0.111,1338000000.0,1686000000.0,0.313,1686000000.0,1338000000.0,1135000000.0,0.482,0.48,0.482,11534000000.0,,11534000000.0,34783046547.0,13.0,8.569,-318000000.0,-0.199,1.0,1684000000.0,0.313,0.0,203000000.0,52419000000.0,,2230000000.0,3695000000.0,0.0,3695000000.0,33944000000.0,8501000000.0,25443000000.0,20547046547.0,1168000000.0,0.0,9000000.0,2370000000.0,-179000000.0,2204000000.0,-1327000000.0,-88000000.0,291000000.0,0.0,774000000.0,774000000.0,774000000.0,0.0,0.0,0.144,368000000.0,1316000000.0,1423000000.0,0.23,1.781,14.112,13.864,31345000000.0,0.0,12.575,1.277,1.252,2068000000.0,6656000000.0,5387000000.0,5387000000.0,0.0,,,,,0.0,0.0,1.0,1633959964.0,1601600000,1612000000.0,3.364,45478000000.0,0.0,361000000.0,4794000000.0,28.395,-2193000000.0
52,NEE,MRQ,2008-06-30,2008-06-30,2008-06-30,2021-07-26,-187000000.0,43753000000.0,,5488000000.0,38265000000.0,,6.637,-603000000.0,424000000.0,424000000.0,2913000000.0,209000000.0,0.657,3.122,14660000000.0,2603000000.0,12057000000.0,14660000000.0,10000000.0,344000000.0,559000000.0,0.026,0.111,355000000.0,699000000.0,0.195,699000000.0,355000000.0,160000000.0,0.13,0.13,0.13,10614000000.0,,10614000000.0,40199501009.0,18.0,11.053,148000000.0,0.093,1.0,672000000.0,0.187,0.0,195000000.0,49642000000.0,,2241000000.0,3767000000.0,0.0,3767000000.0,33139000000.0,8347000000.0,24792000000.0,26764501009.0,-179000000.0,0.0,15000000.0,584000000.0,-178000000.0,412000000.0,-1342000000.0,-61000000.0,751000000.0,0.0,209000000.0,209000000.0,209000000.0,0.0,0.0,0.058,359000000.0,313000000.0,1912000000.0,0.854,2.522,22.028,21.572,30499000000.0,0.0,16.395,1.752,1.716,2028000000.0,6060000000.0,3585000000.0,3585000000.0,0.0,,,,,0.0,0.0,1.0,1632479476.0,1599200000,1610400000.0,2.242,43753000000.0,0.0,-49000000.0,4256000000.0,27.359,-2859000000.0
53,NEE,MRQ,2008-03-31,2008-03-31,2008-03-31,2021-07-26,-10000000.0,41330000000.0,,4279000000.0,37051000000.0,,6.711,-649000000.0,603000000.0,603000000.0,2647000000.0,249000000.0,0.728,2.858,14038000000.0,1734000000.0,12304000000.0,14038000000.0,15000000.0,333000000.0,548000000.0,0.027,0.111,478000000.0,811000000.0,0.236,811000000.0,478000000.0,279000000.0,0.155,0.155,0.155,10714000000.0,,10714000000.0,38966398255.0,15.0,9.847,668000000.0,0.418,1.0,787000000.0,0.229,0.0,199000000.0,48886000000.0,,1968000000.0,3785000000.0,0.0,3785000000.0,30616000000.0,5879000000.0,24737000000.0,25558398255.0,313000000.0,0.0,8000000.0,332000000.0,-178000000.0,184000000.0,-1188000000.0,-34000000.0,1317000000.0,0.0,249000000.0,249000000.0,249000000.0,0.0,0.0,0.073,344000000.0,443000000.0,1328000000.0,0.716,2.386,18.114,17.723,29451000000.0,0.0,15.685,1.636,1.603,1710000000.0,6030000000.0,3434000000.0,3434000000.0,0.0,,,,,0.0,0.0,1.0,1629480284.0,1596400000,1608000000.0,2.151,41330000000.0,0.0,30000000.0,4368000000.0,25.89,-1600000000.0
54,NEE,MRQ,2007-12-31,2007-12-31,2007-12-31,2021-07-26,0.0,40123000000.0,,3779000000.0,36344000000.0,,6.738,-633000000.0,290000000.0,290000000.0,2902000000.0,224000000.0,0.656,2.738,13698000000.0,2418000000.0,11280000000.0,13698000000.0,18000000.0,421000000.0,539000000.0,0.024,0.102,442000000.0,863000000.0,0.234,863000000.0,442000000.0,232000000.0,0.14,0.137,0.14,10735000000.0,,10735000000.0,41053725896.0,17.0,10.869,214000000.0,0.134,1.0,782000000.0,0.212,0.0,210000000.0,47773000000.0,,1953000000.0,3873000000.0,0.0,3873000000.0,29388000000.0,5758000000.0,23630000000.0,27591725896.0,-60000000.0,0.0,10000000.0,-125000000.0,-164000000.0,-211000000.0,-696000000.0,-22000000.0,847000000.0,0.0,224000000.0,224000000.0,224000000.0,0.0,0.0,0.061,361000000.0,421000000.0,1204000000.0,0.729,2.57,21.03,20.539,28652000000.0,0.0,16.945,1.808,1.766,1721000000.0,5945000000.0,3684000000.0,3684000000.0,0.0,,,,,0.0,0.0,1.0,1628310764.0,1593200000,1606000000.0,2.312,40123000000.0,0.0,8000000.0,4172000000.0,25.184,-1979000000.0
55,NEE,MRQ,2007-09-30,2007-09-30,2007-09-30,2021-07-26,115000000.0,39571000000.0,,4384000000.0,35187000000.0,,6.666,-537000000.0,350000000.0,350000000.0,3346000000.0,533000000.0,0.638,2.728,13812000000.0,2968000000.0,10844000000.0,13812000000.0,28000000.0,310000000.0,534000000.0,0.026,0.102,954000000.0,1264000000.0,0.276,1264000000.0,954000000.0,760000000.0,0.335,0.333,0.335,10615000000.0,,10615000000.0,36872924733.0,15.0,10.039,359000000.0,0.225,1.0,1229000000.0,0.269,0.0,194000000.0,46161000000.0,,1886000000.0,3966000000.0,0.0,3966000000.0,28956000000.0,6872000000.0,22084000000.0,24767924733.0,-373000000.0,0.0,9000000.0,973000000.0,-164000000.0,774000000.0,-2043000000.0,-53000000.0,896000000.0,0.0,533000000.0,533000000.0,533000000.0,0.0,0.0,0.117,329000000.0,900000000.0,1279000000.0,0.304,2.333,18.265,17.843,27714000000.0,0.0,15.22,1.629,1.594,1861000000.0,5866000000.0,4575000000.0,4575000000.0,0.0,,,,,0.0,0.0,1.0,1627327512.0,1592400000,1603600000.0,2.873,39571000000.0,0.0,227000000.0,4211000000.0,24.85,-2488000000.0
56,NEE,MRQ,2007-06-30,2007-06-30,2007-06-30,2021-07-26,101000000.0,37343000000.0,,4701000000.0,32642000000.0,,6.414,-423000000.0,723000000.0,723000000.0,2938000000.0,405000000.0,0.759,2.661,12828000000.0,2506000000.0,10322000000.0,12828000000.0,38000000.0,309000000.0,527000000.0,0.028,0.102,710000000.0,1019000000.0,0.259,1019000000.0,710000000.0,532000000.0,0.255,0.253,0.255,10201000000.0,,10201000000.0,34611038166.0,14.0,9.529,208000000.0,0.131,1.0,991000000.0,0.252,0.0,178000000.0,43255000000.0,,1569000000.0,3480000000.0,0.0,3480000000.0,27142000000.0,6193000000.0,20949000000.0,23060038166.0,497000000.0,0.0,16000000.0,1020000000.0,-163000000.0,852000000.0,-986000000.0,-121000000.0,631000000.0,0.0,405000000.0,405000000.0,405000000.0,0.0,0.0,0.103,327000000.0,664000000.0,1247000000.0,0.4,2.261,17.082,16.688,25825000000.0,0.0,14.185,1.505,1.472,1879000000.0,5497000000.0,3929000000.0,3929000000.0,0.0,,,,,0.0,0.0,1.0,1625663600.0,1590400000,1601600000.0,2.47,37343000000.0,0.0,127000000.0,4066000000.0,23.48,-1492000000.0
57,NEE,MRQ,2007-03-31,2007-03-31,2007-03-31,2021-07-26,50000000.0,35535000000.0,,3941000000.0,31594000000.0,,6.219,-574000000.0,226000000.0,226000000.0,2459000000.0,150000000.0,0.662,2.6,11777000000.0,2686000000.0,9091000000.0,11777000000.0,155000000.0,295000000.0,522000000.0,0.025,0.102,336000000.0,631000000.0,0.205,631000000.0,336000000.0,156000000.0,0.095,0.095,0.095,9871000000.0,,9871000000.0,36522942991.0,16.0,10.786,645000000.0,0.406,1.0,616000000.0,0.2,0.0,180000000.0,41133000000.0,,1481000000.0,3310000000.0,0.0,3310000000.0,25664000000.0,5953000000.0,19711000000.0,24809942991.0,-394000000.0,0.0,11000000.0,-615000000.0,-163000000.0,-760000000.0,-853000000.0,-40000000.0,1219000000.0,0.0,150000000.0,150000000.0,150000000.0,0.0,0.0,0.049,318000000.0,298000000.0,995000000.0,1.074,2.513,21.008,20.527,25171000000.0,0.0,15.293,1.632,1.597,1935000000.0,5255000000.0,3075000000.0,3075000000.0,0.0,,,,,0.0,0.0,1.0,1622360176.0,1587200000,1598800000.0,1.937,35535000000.0,0.0,6000000.0,3846000000.0,22.388,-2012000000.0
58,NEE,MRQ,2006-12-31,2006-12-31,2006-12-31,2021-07-26,0.0,35822000000.0,,4830000000.0,30992000000.0,,6.275,-574000000.0,620000000.0,620000000.0,2857000000.0,268000000.0,0.764,2.607,12333000000.0,2742000000.0,9591000000.0,12333000000.0,37000000.0,297000000.0,510000000.0,0.028,0.094,462000000.0,759000000.0,0.209,759000000.0,462000000.0,282000000.0,0.167,0.167,0.167,9930000000.0,,9930000000.0,33768313836.0,14.0,9.574,504000000.0,0.319,1.0,766000000.0,0.211,0.0,180000000.0,41209000000.0,,1473000000.0,3357000000.0,0.0,3357000000.0,25892000000.0,6326000000.0,19566000000.0,22026313836.0,461000000.0,0.0,21000000.0,418000000.0,-148000000.0,284000000.0,-901000000.0,-19000000.0,1078000000.0,0.0,268000000.0,268000000.0,268000000.0,0.0,0.0,0.074,449000000.0,317000000.0,1060000000.0,0.563,2.218,17.195,16.755,24499000000.0,0.0,13.605,1.402,1.363,1656000000.0,5256000000.0,3623000000.0,3623000000.0,0.0,,,,,0.0,0.0,1.0,1618986684.0,1582400000,1594400000.0,2.29,35822000000.0,0.0,14000000.0,3734000000.0,22.638,-1496000000.0
59,NEE,MRQ,2006-09-30,2006-09-30,2006-09-30,2021-07-26,-10000000.0,34869000000.0,,4834000000.0,30035000000.0,,6.065,-409000000.0,159000000.0,159000000.0,3470000000.0,527000000.0,0.784,2.64,11901000000.0,2270000000.0,9631000000.0,11901000000.0,37000000.0,286000000.0,478000000.0,0.033,0.094,937000000.0,1223000000.0,0.261,1223000000.0,937000000.0,758000000.0,0.333,0.33,0.333,9580000000.0,,9580000000.0,29994871155.0,13.0,8.497,537000000.0,0.34,1.0,1224000000.0,0.261,0.0,179000000.0,40448000000.0,,1441000000.0,3207000000.0,0.0,3207000000.0,25289000000.0,6163000000.0,19126000000.0,18198871155.0,25000000.0,0.0,9000000.0,-52000000.0,-149000000.0,-186000000.0,-735000000.0,-28000000.0,946000000.0,0.0,527000000.0,527000000.0,527000000.0,0.0,0.0,0.112,352000000.0,872000000.0,1065000000.0,0.282,1.9,14.724,14.277,24249000000.0,0.0,11.25,1.193,1.165,1862000000.0,5072000000.0,4694000000.0,4694000000.0,0.0,,,,,0.0,0.0,1.0,1617677436.0,1579600000,1590400000.0,2.972,34869000000.0,0.0,231000000.0,3763000000.0,22.075,-1329000000.0
60,NEE,MRQ,2006-06-30,2006-06-30,2006-06-30,2021-07-26,-111000000.0,33764000000.0,,4367000000.0,29397000000.0,,5.754,-492000000.0,134000000.0,134000000.0,2983000000.0,236000000.0,0.639,2.721,11930000000.0,3570000000.0,8360000000.0,11930000000.0,39000000.0,284000000.0,457000000.0,0.035,0.094,489000000.0,773000000.0,0.203,773000000.0,489000000.0,311000000.0,0.15,0.15,0.15,9075000000.0,,9075000000.0,28027163102.0,14.0,8.571,99000000.0,0.063,1.0,826000000.0,0.217,0.0,178000000.0,38730000000.0,,1398000000.0,3045000000.0,0.0,3045000000.0,24689000000.0,6830000000.0,17859000000.0,16728163102.0,-14000000.0,0.0,4000000.0,476000000.0,-148000000.0,333000000.0,-938000000.0,-18000000.0,591000000.0,0.0,236000000.0,236000000.0,236000000.0,0.0,0.0,0.062,391000000.0,435000000.0,1061000000.0,0.627,1.843,15.962,15.326,23878000000.0,0.0,10.345,1.19,1.16,1844000000.0,4696000000.0,3809000000.0,3809000000.0,0.0,,,,,0.0,0.0,1.0,1617028816.0,1577200000,1586800000.0,2.415,33764000000.0,0.0,75000000.0,3719000000.0,21.408,-2463000000.0
61,NEE,MRQ,2006-03-31,2006-03-31,2006-03-31,2021-07-26,-130000000.0,32836000000.0,,4022000000.0,28814000000.0,,5.743,-563000000.0,148000000.0,148000000.0,2788000000.0,251000000.0,0.62,2.673,11447000000.0,3619000000.0,7828000000.0,11447000000.0,38000000.0,276000000.0,445000000.0,0.036,0.094,497000000.0,773000000.0,0.216,773000000.0,497000000.0,328000000.0,0.16,0.16,0.16,8941000000.0,,8941000000.0,25921581094.0,13.0,8.108,-680000000.0,-0.437,1.0,796000000.0,0.222,0.0,169000000.0,37645000000.0,,1350000000.0,3090000000.0,0.0,3090000000.0,23895000000.0,6490000000.0,17405000000.0,15849581094.0,-382000000.0,0.0,251000000.0,839000000.0,-148000000.0,968000000.0,-1233000000.0,-30000000.0,-117000000.0,0.0,251000000.0,251000000.0,251000000.0,0.0,0.0,0.07,323000000.0,473000000.0,926000000.0,0.588,1.773,15.615,15.274,23285000000.0,0.0,10.035,1.22,1.202,1529000000.0,4606000000.0,3584000000.0,3584000000.0,0.0,,,,,0.0,0.0,1.0,1579430104.0,1556800000,1571600000.0,2.302,32836000000.0,0.0,77000000.0,3692000000.0,21.092,-2468000000.0
62,NEE,MRQ,2005-12-31,2005-12-31,2005-12-31,2021-07-26,0.0,32990000000.0,,4987000000.0,28003000000.0,,5.569,-514000000.0,530000000.0,530000000.0,2418000000.0,222000000.0,0.686,2.854,10602000000.0,2563000000.0,8039000000.0,10602000000.0,32000000.0,321000000.0,433000000.0,0.034,0.089,440000000.0,761000000.0,0.241,761000000.0,440000000.0,275000000.0,0.145,0.142,0.145,8561000000.0,,8561000000.0,25040186226.0,14.0,8.297,-1483000000.0,-0.965,1.0,746000000.0,0.236,0.0,165000000.0,35795000000.0,,1087000000.0,2875000000.0,0.0,2875000000.0,24429000000.0,7267000000.0,17162000000.0,16410186226.0,-572000000.0,0.0,6000000.0,855000000.0,-137000000.0,697000000.0,-300000000.0,284000000.0,-969000000.0,0.0,222000000.0,222000000.0,222000000.0,0.0,0.0,0.07,368000000.0,378000000.0,1245000000.0,0.614,1.917,18.213,17.521,22421000000.0,0.0,10.39,1.385,1.334,1430000000.0,4506000000.0,3164000000.0,3164000000.0,0.0,,,,,0.0,0.0,1.0,1579421196.0,1537200000,1559600000.0,2.058,32990000000.0,0.0,53000000.0,3305000000.0,21.461,-2280000000.0
63,NEE,MRQ,2005-09-30,2005-09-30,2005-09-30,2021-07-26,-213000000.0,33644000000.0,,6031000000.0,27613000000.0,,5.47,-371000000.0,1102000000.0,1102000000.0,2558000000.0,339000000.0,0.757,3.007,9732000000.0,1945000000.0,7787000000.0,9732000000.0,35000000.0,321000000.0,426000000.0,0.029,0.089,642000000.0,963000000.0,0.275,963000000.0,642000000.0,492000000.0,0.22,0.217,0.22,8397000000.0,,8397000000.0,28452199728.0,17.0,9.969,1351000000.0,0.88,1.0,946000000.0,0.27,0.0,150000000.0,34311000000.0,,979000000.0,2990000000.0,0.0,2990000000.0,25247000000.0,7963000000.0,17284000000.0,18755199728.0,948000000.0,0.0,23000000.0,-120000000.0,-136000000.0,-233000000.0,-541000000.0,92000000.0,1722000000.0,0.0,339000000.0,339000000.0,339000000.0,0.0,0.0,0.097,387000000.0,559000000.0,1341000000.0,0.405,2.234,21.808,20.877,22142000000.0,0.0,11.9,1.664,1.621,1826000000.0,4437000000.0,3504000000.0,3504000000.0,0.0,,,,,0.0,0.0,1.0,1576067204.0,1535200000,1559200000.0,2.282,33644000000.0,0.0,153000000.0,3436000000.0,21.915,-1932000000.0
64,NEE,MRQ,2005-06-30,2005-06-30,2005-06-30,2021-07-26,-113000000.0,29971000000.0,,3390000000.0,26581000000.0,,5.41,-446000000.0,154000000.0,154000000.0,2063000000.0,203000000.0,0.735,2.632,9851000000.0,1743000000.0,8108000000.0,9851000000.0,31000000.0,303000000.0,415000000.0,0.033,0.089,397000000.0,700000000.0,0.255,700000000.0,397000000.0,257000000.0,0.133,0.13,0.133,8253000000.0,,8253000000.0,26072708476.0,16.0,9.436,134000000.0,0.088,1.0,678000000.0,0.247,0.0,140000000.0,35056000000.0,,988000000.0,3023000000.0,0.0,3023000000.0,21718000000.0,4612000000.0,17106000000.0,16485708476.0,-87000000.0,0.0,7000000.0,4000000.0,-136000000.0,-63000000.0,-604000000.0,-45000000.0,580000000.0,0.0,203000000.0,203000000.0,203000000.0,0.0,0.0,0.074,358000000.0,320000000.0,1074000000.0,0.669,1.998,19.603,18.351,21804000000.0,0.0,10.515,1.534,1.492,1655000000.0,4235000000.0,2741000000.0,2741000000.0,0.0,,,,,0.0,0.0,1.0,1567827720.0,1525600000,1545200000.0,1.797,29971000000.0,0.0,54000000.0,3208000000.0,19.645,-1222000000.0
65,NEE,MRQ,2005-03-31,2005-03-31,2005-03-31,2021-07-26,-101000000.0,29343000000.0,,3159000000.0,26184000000.0,,5.456,-400000000.0,241000000.0,241000000.0,1877000000.0,137000000.0,0.795,2.627,9828000000.0,1327000000.0,8501000000.0,9828000000.0,33000000.0,297000000.0,411000000.0,0.033,0.089,297000000.0,594000000.0,0.244,594000000.0,297000000.0,159000000.0,0.092,0.09,0.092,8090000000.0,,8090000000.0,24480716905.0,15.0,8.663,-186000000.0,-0.125,1.0,560000000.0,0.23,0.0,138000000.0,34957000000.0,,967000000.0,3126000000.0,0.0,3126000000.0,21253000000.0,3973000000.0,17280000000.0,14961716905.0,16000000.0,0.0,603000000.0,99000000.0,-135000000.0,522000000.0,-720000000.0,-45000000.0,214000000.0,0.0,137000000.0,137000000.0,137000000.0,0.0,0.0,0.056,326000000.0,234000000.0,684000000.0,0.967,1.849,16.717,16.19,21471000000.0,0.0,10.037,1.408,1.4,1277000000.0,4168000000.0,2437000000.0,2437000000.0,0.0,,,,,0.0,0.0,1.0,1490582008.0,1482800000,1506800000.0,1.644,29343000000.0,0.0,22000000.0,3270000000.0,19.789,-814000000.0
66,NEE,MRQ,2004-12-31,2004-12-31,2004-12-31,2021-07-26,0.0,28333000000.0,,2527000000.0,25806000000.0,,5.228,-475000000.0,225000000.0,225000000.0,1940000000.0,181000000.0,0.595,2.759,9744000000.0,1717000000.0,8027000000.0,9744000000.0,30000000.0,289000000.0,394000000.0,0.035,0.085,308000000.0,597000000.0,0.231,597000000.0,308000000.0,187000000.0,0.125,0.125,0.125,7537000000.0,,7537000000.0,23141749794.0,14.0,8.235,-137000000.0,-0.095,1.0,649000000.0,0.251,0.0,121000000.0,33604000000.0,,898000000.0,3011000000.0,0.0,3011000000.0,20796000000.0,4248000000.0,16548000000.0,13872749794.0,-226000000.0,0.0,47000000.0,24000000.0,-122000000.0,-63000000.0,-501000000.0,80000000.0,338000000.0,0.0,181000000.0,181000000.0,181000000.0,0.0,0.0,0.07,382000000.0,267000000.0,762000000.0,0.68,1.841,15.483,14.95,21226000000.0,0.0,9.344,1.318,1.274,1044000000.0,4165000000.0,2589000000.0,2589000000.0,0.0,,,,,0.0,0.0,1.0,1484709008.0,1441600000,1462400000.0,1.796,28333000000.0,0.0,6000000.0,2993000000.0,19.654,-1721000000.0
67,NEE,MRQ,2004-09-30,2004-09-30,2004-09-30,2021-07-26,-50000000.0,28518000000.0,,3288000000.0,25230000000.0,,5.171,-261000000.0,451000000.0,451000000.0,2162000000.0,320000000.0,0.803,2.839,9720000000.0,1169000000.0,8551000000.0,9720000000.0,29000000.0,287000000.0,393000000.0,0.037,0.085,585000000.0,872000000.0,0.292,872000000.0,585000000.0,463000000.0,0.223,0.22,0.223,7428000000.0,,7428000000.0,21944854093.0,14.0,7.911,320000000.0,0.223,1.0,821000000.0,0.275,0.0,122000000.0,33691000000.0,,880000000.0,3409000000.0,519000000.0,2890000000.0,21090000000.0,4096000000.0,16994000000.0,12656854093.0,229000000.0,0.0,16000000.0,197000000.0,-123000000.0,56000000.0,-408000000.0,5000000.0,581000000.0,0.0,320000000.0,320000000.0,320000000.0,0.0,0.0,0.107,298000000.0,523000000.0,679000000.0,0.381,1.704,14.717,14.186,20744000000.0,0.0,8.54,1.221,1.183,1397000000.0,4116000000.0,2983000000.0,2983000000.0,0.0,,,,,0.0,0.0,1.0,1482067224.0,1436400000,1448800000.0,2.077,28518000000.0,0.0,143000000.0,3183000000.0,19.854,-808000000.0
68,NEE,MRQ,2004-06-30,2004-06-30,2004-06-30,2021-07-26,-24000000.0,27206000000.0,,2363000000.0,24843000000.0,,5.038,-381000000.0,222000000.0,222000000.0,1887000000.0,257000000.0,0.736,2.77,9510000000.0,984000000.0,8526000000.0,9510000000.0,31000000.0,287000000.0,383000000.0,0.038,0.077,476000000.0,763000000.0,0.291,763000000.0,476000000.0,352000000.0,0.18,0.177,0.18,7217000000.0,,7217000000.0,21522749271.0,13.0,7.77,403000000.0,0.281,1.0,732000000.0,0.279,0.0,124000000.0,33285000000.0,,841000000.0,3261000000.0,269000000.0,2992000000.0,19989000000.0,3209000000.0,16780000000.0,11818749271.0,-10000000.0,126000000.0,28000000.0,-424000000.0,-111000000.0,-461000000.0,-333000000.0,0.0,784000000.0,0.0,257000000.0,257000000.0,257000000.0,0.0,0.0,0.098,298000000.0,434000000.0,793000000.0,0.428,1.638,13.569,13.062,20660000000.0,0.0,7.994,1.163,1.127,1087000000.0,3918000000.0,2619000000.0,2619000000.0,0.0,,,,,0.0,0.0,1.0,1478498736.0,1432400000,1439200000.0,1.828,27206000000.0,0.0,95000000.0,2669000000.0,18.993,-846000000.0
69,NEE,MRQ,2004-03-31,2004-03-31,2004-03-31,2021-07-26,-19000000.0,27078000000.0,,2266000000.0,24812000000.0,,4.912,-424000000.0,232000000.0,232000000.0,1769000000.0,138000000.0,0.698,2.862,9936000000.0,1269000000.0,8667000000.0,9936000000.0,38000000.0,290000000.0,371000000.0,0.036,0.077,288000000.0,578000000.0,0.248,578000000.0,288000000.0,166000000.0,0.098,0.098,0.098,7011000000.0,,7011000000.0,22205607254.0,14.0,8.233,523000000.0,0.366,1.0,562000000.0,0.241,0.0,122000000.0,33537000000.0,,896000000.0,3463000000.0,273000000.0,3190000000.0,20067000000.0,3245000000.0,16822000000.0,12324607254.0,103000000.0,0.0,19000000.0,-83000000.0,-111000000.0,-214000000.0,-630000000.0,0.0,947000000.0,0.0,138000000.0,138000000.0,138000000.0,0.0,0.0,0.059,301000000.0,261000000.0,566000000.0,0.786,1.758,14.449,13.904,20469000000.0,0.0,8.356,1.247,1.207,1007000000.0,3773000000.0,2331000000.0,2331000000.0,0.0,,,,,0.0,0.0,1.0,1474896904.0,1427200000,1437200000.0,1.633,27078000000.0,0.0,28000000.0,2578000000.0,18.973,-979000000.0
70,NEE,MRQ,2003-12-31,2003-12-31,2003-12-31,2021-07-26,0.0,26935000000.0,,2470000000.0,24465000000.0,,4.884,-444000000.0,129000000.0,129000000.0,1878000000.0,145000000.0,0.725,2.866,10010000000.0,1287000000.0,8723000000.0,10010000000.0,48000000.0,285000000.0,357000000.0,0.037,0.075,276000000.0,561000000.0,0.23,561000000.0,276000000.0,164000000.0,0.102,0.104,0.102,6967000000.0,,6967000000.0,21314824319.0,13.0,7.903,201000000.0,0.141,1.0,557000000.0,0.229,0.0,112000000.0,33411000000.0,,921000000.0,3246000000.0,188000000.0,3058000000.0,19968000000.0,3405000000.0,16563000000.0,12033824319.0,-806000000.0,0.0,18000000.0,-237000000.0,-107000000.0,-575000000.0,-876000000.0,13000000.0,645000000.0,0.0,145000000.0,145000000.0,145000000.0,0.0,0.0,0.06,297000000.0,260000000.0,542000000.0,0.735,1.727,13.521,13.042,20297000000.0,0.0,8.178,1.25,1.206,1188000000.0,3745000000.0,2435000000.0,2435000000.0,0.0,,,,,0.0,0.0,1.0,1471577416.0,1426400000,1433600000.0,1.707,26935000000.0,0.0,19000000.0,2429000000.0,18.883,-935000000.0
71,NEE,MRQ,2003-09-30,2003-09-30,2003-09-30,2021-07-26,11000000.0,25155000000.0,,3258000000.0,21897000000.0,,4.854,-331000000.0,935000000.0,935000000.0,1928000000.0,331000000.0,0.808,2.643,10216000000.0,1885000000.0,8331000000.0,10216000000.0,40000000.0,271000000.0,351000000.0,0.038,0.075,597000000.0,868000000.0,0.313,868000000.0,597000000.0,491000000.0,0.233,0.233,0.233,6905000000.0,,6905000000.0,20160585186.0,13.0,7.724,246000000.0,0.173,1.0,847000000.0,0.305,0.0,106000000.0,30405000000.0,,926000000.0,2896000000.0,0.0,2896000000.0,18250000000.0,4031000000.0,14219000000.0,11605585186.0,654000000.0,0.0,25000000.0,825000000.0,-106000000.0,735000000.0,-658000000.0,0.0,577000000.0,0.0,331000000.0,331000000.0,331000000.0,0.0,0.0,0.119,282000000.0,565000000.0,608000000.0,0.322,1.681,13.279,12.783,17924000000.0,0.0,7.9,1.273,1.232,1131000000.0,3708000000.0,2775000000.0,2775000000.0,0.0,,,,,0.0,0.0,1.0,1469061416.0,1422400000,1426400000.0,1.951,25155000000.0,0.0,160000000.0,2356000000.0,17.685,-773000000.0
72,NEE,MRQ,2003-06-30,2003-06-30,2003-06-30,2021-07-26,43000000.0,23421000000.0,,2540000000.0,20881000000.0,,4.707,-350000000.0,281000000.0,281000000.0,1659000000.0,239000000.0,0.608,2.508,8836000000.0,2071000000.0,6765000000.0,8836000000.0,41000000.0,256000000.0,340000000.0,0.035,0.075,434000000.0,690000000.0,0.295,690000000.0,434000000.0,350000000.0,0.169,0.168,0.169,6676000000.0,,6676000000.0,20180814499.0,16.0,9.021,-4000000.0,-0.003,1.0,680000000.0,0.291,0.0,84000000.0,27801000000.0,,408000000.0,2843000000.0,0.0,2843000000.0,16745000000.0,4175000000.0,12570000000.0,12252814499.0,-51000000.0,0.0,14000000.0,571000000.0,-106000000.0,470000000.0,-867000000.0,0.0,346000000.0,0.0,239000000.0,239000000.0,239000000.0,0.0,0.0,0.102,267000000.0,413000000.0,728000000.0,0.444,1.835,17.681,17.019,16969000000.0,0.0,8.356,1.409,1.363,1041000000.0,3483000000.0,2339000000.0,2339000000.0,0.0,,,,,0.0,0.0,1.0,1466305400.0,1418400000,1424800000.0,1.649,23421000000.0,0.0,111000000.0,2059000000.0,16.512,-1635000000.0
73,NEE,MRQ,2003-03-31,2003-03-31,2003-03-31,2021-07-26,24000000.0,22395000000.0,,2261000000.0,20134000000.0,,4.593,-300000000.0,332000000.0,332000000.0,1529000000.0,175000000.0,0.501,2.448,8260000000.0,2469000000.0,5791000000.0,8260000000.0,59000000.0,248000000.0,325000000.0,0.04,0.075,330000000.0,578000000.0,0.278,578000000.0,330000000.0,253000000.0,0.124,0.124,0.124,6496000000.0,,6496000000.0,18612582087.0,14.0,8.392,386000000.0,0.273,1.0,553000000.0,0.266,0.0,77000000.0,25811000000.0,,407000000.0,2664000000.0,0.0,2664000000.0,15899000000.0,4512000000.0,11387000000.0,10786582087.0,66000000.0,0.0,16000000.0,167000000.0,-106000000.0,68000000.0,-688000000.0,0.0,686000000.0,0.0,175000000.0,175000000.0,175000000.0,0.0,0.0,0.084,259000000.0,294000000.0,746000000.0,0.605,1.66,15.322,14.587,16455000000.0,0.0,7.366,1.271,1.228,965000000.0,3349000000.0,2082000000.0,2082000000.0,0.0,,,,,0.0,0.0,1.0,1464324736.0,1414400000,1416800000.0,1.472,22395000000.0,0.0,78000000.0,1936000000.0,15.834,-2251000000.0
74,NEE,MRQ,2002-12-31,2002-12-31,2002-12-31,2021-07-26,0.0,23185000000.0,,1908000000.0,21277000000.0,,4.533,-458000000.0,266000000.0,266000000.0,1443000000.0,129000000.0,0.488,2.628,8092000000.0,2302000000.0,5790000000.0,8092000000.0,62000000.0,223000000.0,316000000.0,0.039,0.072,251000000.0,474000000.0,0.247,474000000.0,251000000.0,174000000.0,0.093,0.091,0.093,6390000000.0,,6390000000.0,17275495566.0,17.0,8.923,-348000000.0,-0.247,1.0,479000000.0,0.249,0.0,77000000.0,27100000000.0,,650000000.0,2706000000.0,88000000.0,2618000000.0,16795000000.0,3911000000.0,12884000000.0,10974495566.0,-430000000.0,0.0,18000000.0,1068000000.0,-102000000.0,975000000.0,-1515000000.0,0.0,110000000.0,0.0,129000000.0,129000000.0,129000000.0,0.0,0.0,0.067,234000000.0,245000000.0,458000000.0,0.774,1.717,23.202,21.913,17700000000.0,0.0,7.516,1.343,1.272,865000000.0,3281000000.0,1922000000.0,1922000000.0,0.0,,,,,0.0,0.0,1.0,1460102520.0,1409600000,1415200000.0,1.364,23185000000.0,0.0,45000000.0,1716000000.0,16.448,-2003000000.0
75,NEE,MRQ,2002-09-30,2002-09-30,2002-09-30,2021-07-26,12000000.0,18693000000.0,,2219000000.0,16474000000.0,,4.503,-251000000.0,696000000.0,696000000.0,1606000000.0,150000000.0,0.659,1.953,6997000000.0,1270000000.0,5727000000.0,6997000000.0,0.0,214000000.0,0.0,0.043,0.072,281000000.0,495000000.0,0.21,495000000.0,281000000.0,207000000.0,0.106,0.106,0.106,6330000000.0,,6330000000.0,16240597336.0,16.0,8.316,550000000.0,0.391,1.0,747000000.0,0.317,0.0,74000000.0,21625000000.0,,310000000.0,681000000.0,0.0,681000000.0,12363000000.0,3369000000.0,8994000000.0,9798597336.0,312000000.0,0.0,18000000.0,171000000.0,-102000000.0,79000000.0,-568000000.0,0.0,801000000.0,0.0,150000000.0,150000000.0,150000000.0,0.0,0.0,0.064,432000000.0,315000000.0,628000000.0,0.679,1.548,21.209,20.075,13172000000.0,0.0,6.725,1.233,1.189,810000000.0,3253000000.0,2353000000.0,2353000000.0,0.0,,,,,0.0,0.0,1.0,1457040496.0,1405600000,1407200000.0,1.674,18693000000.0,0.0,57000000.0,1358000000.0,13.299,-1150000000.0
76,NEE,MRQ,2002-06-30,2002-06-30,2002-06-30,2021-07-26,8000000.0,18152000000.0,,1826000000.0,16326000000.0,,4.578,-296000000.0,384000000.0,384000000.0,1489000000.0,250000000.0,0.613,1.905,6826000000.0,1129000000.0,5697000000.0,6826000000.0,0.0,219000000.0,0.0,0.038,0.072,452000000.0,671000000.0,0.315,671000000.0,452000000.0,373000000.0,0.182,0.182,0.182,6248000000.0,,6248000000.0,17321704143.0,13.0,6.249,441000000.0,0.323,1.0,639000000.0,0.3,0.0,79000000.0,21614000000.0,,358000000.0,718000000.0,0.0,718000000.0,11904000000.0,2980000000.0,8924000000.0,10558704143.0,267000000.0,0.0,336000000.0,-58000000.0,-98000000.0,161000000.0,-631000000.0,0.0,737000000.0,0.0,250000000.0,250000000.0,250000000.0,0.0,0.0,0.117,230000000.0,409000000.0,619000000.0,0.396,1.69,16.345,15.754,12964000000.0,0.0,7.499,1.306,1.266,656000000.0,3205000000.0,2128000000.0,2128000000.0,0.0,,,,,0.0,0.0,1.0,1408061896.0,1364800000,1368800000.0,1.559,18152000000.0,0.0,123000000.0,1265000000.0,13.3,-1154000000.0
77,NEE,MRQ,2002-03-31,2002-03-31,2002-03-31,2021-07-26,8000000.0,17474000000.0,,1561000000.0,15913000000.0,,4.297,-272000000.0,117000000.0,117000000.0,1251000000.0,-56000000.0,0.459,2.006,6880000000.0,1547000000.0,5333000000.0,6880000000.0,0.0,252000000.0,0.0,0.038,0.072,43000000.0,295000000.0,0.167,295000000.0,43000000.0,-37000000.0,-0.041,-0.041,-0.041,5813000000.0,,5813000000.0,17228377380.0,14.0,6.861,418000000.0,0.309,1.0,520000000.0,0.294,0.0,80000000.0,20834000000.0,,283000000.0,738000000.0,0.0,738000000.0,11661000000.0,3403000000.0,8258000000.0,10470377380.0,35000000.0,0.0,6000000.0,6000000.0,-98000000.0,-102000000.0,-553000000.0,0.0,690000000.0,0.0,-56000000.0,-56000000.0,-56000000.0,0.0,0.0,-0.032,264000000.0,256000000.0,432000000.0,-1.756,1.801,17.025,16.324,12271000000.0,0.0,7.444,1.289,1.24,615000000.0,3053000000.0,1771000000.0,1771000000.0,0.0,,,,,0.0,0.0,1.0,1406599816.0,1352800000,1354400000.0,1.309,17474000000.0,0.0,19000000.0,1262000000.0,12.917,-1842000000.0
78,NEE,MRQ,2001-12-31,2001-12-31,2001-12-31,2021-07-26,0.0,17463000000.0,,1602000000.0,15861000000.0,,4.457,-432000000.0,82000000.0,82000000.0,1198000000.0,118000000.0,0.44,1.903,6872000000.0,2014000000.0,4858000000.0,6872000000.0,144000000.0,251000000.0,285000000.0,0.04,0.07,241000000.0,492000000.0,0.29,492000000.0,241000000.0,167000000.0,0.087,0.086,0.087,6015000000.0,,6015000000.0,16055005734.0,11.0,6.508,-153000000.0,-0.113,1.0,497000000.0,0.293,0.0,74000000.0,20614000000.0,,349000000.0,2643000000.0,0.0,2643000000.0,11448000000.0,3639000000.0,7809000000.0,9919005734.0,-217000000.0,0.0,0.0,437000000.0,-92000000.0,345000000.0,-841000000.0,0.0,279000000.0,0.0,118000000.0,118000000.0,118000000.0,0.0,0.0,0.07,251000000.0,246000000.0,473000000.0,0.805,1.649,12.7,12.176,11662000000.0,0.0,7.05,1.207,1.158,780000000.0,3207000000.0,1695000000.0,1695000000.0,0.0,,,,,0.0,0.0,1.0,1406951168.0,1349600000,1353600000.0,1.256,17463000000.0,0.0,49000000.0,1690000000.0,12.939,-2037000000.0
79,NEE,MRQ,2001-09-30,2001-09-30,2001-09-30,2021-07-26,-9000000.0,17355000000.0,,2006000000.0,15349000000.0,,4.428,-255000000.0,299000000.0,299000000.0,1701000000.0,334000000.0,0.567,1.903,6435000000.0,1563000000.0,4872000000.0,6435000000.0,0.0,732000000.0,0.0,0.042,0.07,582000000.0,1314000000.0,0.528,1314000000.0,582000000.0,499000000.0,0.247,0.247,0.247,5979000000.0,,5979000000.0,15381978640.0,11.0,4.865,559000000.0,0.414,1.0,789000000.0,0.317,0.0,83000000.0,19954000000.0,,341000000.0,994000000.0,0.0,994000000.0,11376000000.0,3537000000.0,7839000000.0,9417978640.0,227000000.0,0.0,0.0,389000000.0,-97000000.0,292000000.0,-879000000.0,0.0,814000000.0,0.0,334000000.0,334000000.0,334000000.0,0.0,0.0,0.134,246000000.0,543000000.0,464000000.0,0.283,1.575,12.937,12.396,11284000000.0,0.0,6.694,1.117,1.072,806000000.0,3181000000.0,2490000000.0,2490000000.0,0.0,,,,,0.0,0.0,1.0,1406980936.0,1350400000,1352000000.0,1.844,17355000000.0,0.0,165000000.0,1307000000.0,12.852,-1531000000.0
80,NEE,MRQ,2001-06-30,2001-06-30,2001-06-30,2021-07-26,5000000.0,16559000000.0,,1863000000.0,14696000000.0,,4.26,-262000000.0,72000000.0,72000000.0,1541000000.0,219000000.0,0.563,1.88,6036000000.0,1562000000.0,4474000000.0,6036000000.0,0.0,0.0,0.0,0.037,0.07,410000000.0,410000000.0,0.189,410000000.0,410000000.0,328000000.0,0.163,0.163,0.163,5749000000.0,,5749000000.0,15841384290.0,12.0,6.598,54000000.0,0.04,1.0,625000000.0,0.289,0.0,82000000.0,19212000000.0,,373000000.0,901000000.0,0.0,901000000.0,10810000000.0,3311000000.0,7499000000.0,10588384290.0,-37000000.0,0.0,0.0,670000000.0,-94000000.0,576000000.0,-929000000.0,0.0,316000000.0,0.0,219000000.0,219000000.0,219000000.0,0.0,0.0,0.101,245000000.0,380000000.0,622000000.0,0.429,1.842,14.955,14.363,10637000000.0,0.0,7.526,1.318,1.265,670000000.0,2944000000.0,2166000000.0,2166000000.0,0.0,,,,,0.0,0.0,1.0,1406860560.0,1349600000,1350400000.0,1.605,16559000000.0,0.0,109000000.0,1398000000.0,12.27,-1448000000.0
81,NEE,MRQ,2001-03-31,2001-03-31,2001-03-31,2021-07-26,13000000.0,15663000000.0,,1794000000.0,13869000000.0,,4.172,-333000000.0,109000000.0,109000000.0,1430000000.0,110000000.0,0.603,1.785,5362000000.0,1385000000.0,3977000000.0,5362000000.0,0.0,0.0,0.0,0.036,0.07,251000000.0,251000000.0,0.129,251000000.0,251000000.0,166000000.0,0.081,0.081,0.081,5624000000.0,,5624000000.0,15847731366.0,12.0,6.715,200000000.0,0.148,1.0,511000000.0,0.263,0.0,85000000.0,17943000000.0,,340000000.0,686000000.0,0.0,686000000.0,10039000000.0,2973000000.0,7066000000.0,10777731366.0,-20000000.0,0.0,0.0,161000000.0,-94000000.0,67000000.0,-620000000.0,0.0,533000000.0,0.0,110000000.0,110000000.0,110000000.0,0.0,0.0,0.057,271000000.0,240000000.0,525000000.0,0.864,1.916,15.552,14.995,10139000000.0,0.0,7.662,1.43,1.371,619000000.0,2819000000.0,1941000000.0,1941000000.0,0.0,,,,,0.0,0.0,1.0,1406555480.0,1348000000,1349600000.0,1.44,15663000000.0,0.0,56000000.0,1467000000.0,11.619,-1179000000.0
82,NEE,MRQ,2000-12-31,2000-12-31,2000-12-31,2021-07-26,0.0,15300000000.0,,1781000000.0,13519000000.0,,4.122,-472000000.0,129000000.0,129000000.0,1355000000.0,65000000.0,0.645,1.736,5134000000.0,1158000000.0,3976000000.0,5134000000.0,70000000.0,1032000000.0,254000000.0,0.03,0.068,155000000.0,1187000000.0,0.646,1187000000.0,155000000.0,78000000.0,0.049,0.049,0.049,5593000000.0,,5593000000.0,16972555361.0,13.0,7.222,-551000000.0,-0.406,1.0,482000000.0,0.262,0.0,77000000.0,17542000000.0,,370000000.0,651000000.0,0.0,651000000.0,9707000000.0,2763000000.0,6944000000.0,12691555361.0,-248000000.0,0.0,-65000000.0,539000000.0,-91000000.0,383000000.0,-552000000.0,0.0,-79000000.0,0.0,65000000.0,65000000.0,65000000.0,0.0,0.0,0.035,336000000.0,146000000.0,564000000.0,1.388,2.269,18.028,17.348,9934000000.0,0.0,8.969,1.797,1.726,883000000.0,2803000000.0,1837000000.0,1837000000.0,0.0,,,,,0.0,0.0,1.0,1415086312.0,1356800000,1342400000.0,1.354,15300000000.0,0.0,13000000.0,1793000000.0,11.277,-982000000.0
83,NEE,MRQ,2000-09-30,2000-09-30,2000-09-30,2021-07-26,0.0,14937000000.0,,1843000000.0,13094000000.0,,4.176,-255000000.0,377000000.0,377000000.0,1339000000.0,314000000.0,0.624,1.63,4658000000.0,1178000000.0,3480000000.0,4658000000.0,81000000.0,0.0,0.0,0.033,0.068,553000000.0,553000000.0,0.265,553000000.0,553000000.0,479000000.0,0.231,0.23,0.231,5679000000.0,,5679000000.0,15758763246.0,11.0,6.531,52000000.0,0.038,1.0,748000000.0,0.358,0.0,74000000.0,16265000000.0,,331000000.0,655000000.0,0.0,655000000.0,9258000000.0,2953000000.0,6305000000.0,11690763246.0,143000000.0,0.0,-51000000.0,353000000.0,-92000000.0,210000000.0,-374000000.0,0.0,307000000.0,0.0,314000000.0,314000000.0,314000000.0,0.0,0.0,0.15,237000000.0,511000000.0,613000000.0,0.294,2.059,15.403,14.707,9642000000.0,0.0,8.221,1.733,1.658,690000000.0,2829000000.0,2087000000.0,2087000000.0,0.0,,,,,0.0,0.0,1.0,1422017728.0,1360000000,1368000000.0,1.535,14937000000.0,0.0,165000000.0,1254000000.0,10.983,-1110000000.0
84,NEE,MRQ,2000-06-30,2000-06-30,2000-06-30,2021-07-26,0.0,14196000000.0,,1610000000.0,12586000000.0,,4.043,-359000000.0,234000000.0,234000000.0,1057000000.0,204000000.0,0.663,1.582,4302000000.0,823000000.0,3479000000.0,4302000000.0,74000000.0,0.0,0.0,0.043,0.068,369000000.0,369000000.0,0.221,369000000.0,369000000.0,305000000.0,0.15,0.15,0.15,5499000000.0,,5499000000.0,12439233582.0,9.0,5.26,-91000000.0,-0.067,1.0,613000000.0,0.367,0.0,64000000.0,15836000000.0,,320000000.0,782000000.0,0.0,782000000.0,8697000000.0,2428000000.0,6269000000.0,8819233582.0,130000000.0,0.0,-18000000.0,577000000.0,-91000000.0,468000000.0,-606000000.0,0.0,268000000.0,0.0,204000000.0,204000000.0,204000000.0,0.0,0.0,0.122,266000000.0,347000000.0,547000000.0,0.453,1.604,11.983,11.458,9456000000.0,0.0,6.188,1.346,1.285,578000000.0,2606000000.0,1670000000.0,1670000000.0,0.0,,,,,0.0,0.0,1.0,1425330680.0,1360000000,1360000000.0,1.228,14196000000.0,0.0,101000000.0,1176000000.0,10.438,-818000000.0
85,NEE,MRQ,2000-03-31,2000-03-31,2000-03-31,2021-07-26,0.0,13361000000.0,,1077000000.0,12284000000.0,,3.965,-301000000.0,104000000.0,104000000.0,972000000.0,121000000.0,0.635,1.478,3724000000.0,246000000.0,3478000000.0,3724000000.0,0.0,0.0,0.0,0.046,0.068,240000000.0,240000000.0,0.163,240000000.0,240000000.0,178000000.0,0.089,0.089,0.089,5392000000.0,,5392000000.0,11791049220.0,11.0,5.461,179000000.0,0.132,1.0,496000000.0,0.338,0.0,62000000.0,15284000000.0,,312000000.0,655000000.0,0.0,655000000.0,7969000000.0,1697000000.0,6272000000.0,8210049220.0,-257000000.0,0.0,-16000000.0,-218000000.0,-92000000.0,-326000000.0,-411000000.0,0.0,480000000.0,0.0,121000000.0,121000000.0,121000000.0,0.0,0.0,0.082,259000000.0,237000000.0,448000000.0,0.764,1.523,13.481,12.909,9316000000.0,0.0,5.758,1.264,1.206,463000000.0,2494000000.0,1468000000.0,1468000000.0,0.0,,,,,0.0,0.0,1.0,1425974680.0,1360000000,1368000000.0,1.079,13361000000.0,0.0,57000000.0,1166000000.0,9.824,-620000000.0
86,NEE,MRQ,1999-12-31,1999-12-31,1999-12-31,2021-07-26,0.0,13441000000.0,,1373000000.0,12068000000.0,,3.898,-56000000.0,361000000.0,361000000.0,1073000000.0,120000000.0,0.734,1.503,3942000000.0,464000000.0,3478000000.0,3942000000.0,116000000.0,1040000000.0,284000000.0,0.049,0.065,211000000.0,1251000000.0,0.823,1251000000.0,211000000.0,152000000.0,0.089,0.089,0.089,5370000000.0,,5370000000.0,10909044832.0,9.0,4.78,-11000000.0,-0.008,1.0,447000000.0,0.294,0.0,59000000.0,15152000000.0,,343000000.0,611000000.0,0.0,611000000.0,8071000000.0,1870000000.0,6201000000.0,7669044832.0,-9000000.0,0.0,-27000000.0,338000000.0,-88000000.0,223000000.0,-277000000.0,0.0,45000000.0,0.0,120000000.0,120000000.0,120000000.0,0.0,0.0,0.079,341000000.0,106000000.0,407000000.0,0.73,1.428,11.003,10.513,9264000000.0,0.0,5.351,1.191,1.139,543000000.0,2465000000.0,1520000000.0,1520000000.0,0.0,,,,,0.0,0.0,1.0,1433131480.0,1377600000,1360000000.0,1.103,13441000000.0,0.0,32000000.0,1571000000.0,9.757,-497000000.0
87,NEE,MRQ,1999-09-30,1999-09-30,1999-09-30,2021-07-26,0.0,13520000000.0,,1618000000.0,11902000000.0,,3.917,-229000000.0,370000000.0,370000000.0,1177000000.0,291000000.0,0.717,1.523,3610000000.0,519000000.0,3091000000.0,3610000000.0,0.0,0.0,0.0,0.041,0.065,505000000.0,505000000.0,0.267,505000000.0,505000000.0,447000000.0,0.212,0.212,0.212,5358000000.0,,5358000000.0,12315183495.0,10.0,4.958,199000000.0,0.145,1.0,715000000.0,0.378,0.0,58000000.0,14503000000.0,,308000000.0,578000000.0,0.0,578000000.0,8162000000.0,2257000000.0,5905000000.0,9030183495.0,-225000000.0,0.0,-5000000.0,-250000000.0,-89000000.0,-344000000.0,-309000000.0,0.0,428000000.0,0.0,291000000.0,291000000.0,291000000.0,0.0,0.0,0.154,245000000.0,470000000.0,462000000.0,0.307,1.685,13.478,12.878,9142000000.0,0.0,6.298,1.379,1.315,658000000.0,2433000000.0,1892000000.0,1892000000.0,0.0,,,,,0.0,0.0,1.0,1433931480.0,1368000000,1368000000.0,1.383,13520000000.0,0.0,156000000.0,1112000000.0,9.883,-639000000.0
88,NEE,MRQ,1999-06-30,1999-06-30,1999-06-30,2021-07-26,0.0,13306000000.0,,1597000000.0,11709000000.0,,3.768,-198000000.0,595000000.0,595000000.0,1059000000.0,77000000.0,0.561,1.581,3880000000.0,1387000000.0,2493000000.0,3880000000.0,0.0,0.0,0.0,0.037,0.065,163000000.0,163000000.0,0.101,163000000.0,163000000.0,105000000.0,0.056,0.056,0.056,5155000000.0,,5155000000.0,12117388547.0,10.0,4.801,212000000.0,0.155,1.0,555000000.0,0.344,0.0,58000000.0,13744000000.0,,301000000.0,546000000.0,0.0,546000000.0,8151000000.0,2847000000.0,5304000000.0,9842388547.0,47000000.0,-57000000.0,-52000000.0,1020000000.0,-89000000.0,879000000.0,-1242000000.0,0.0,410000000.0,0.0,77000000.0,77000000.0,77000000.0,0.0,0.0,0.048,420000000.0,135000000.0,369000000.0,1.161,1.909,14.778,14.109,9083000000.0,0.0,6.829,1.479,1.403,521000000.0,2231000000.0,1614000000.0,1614000000.0,0.0,,,,,0.0,0.0,1.0,1441316280.0,1368000000,1368000000.0,1.18,13306000000.0,0.0,28000000.0,1138000000.0,9.727,-1250000000.0
89,NEE,MRQ,1999-03-31,1999-03-31,1999-03-31,2021-07-26,0.0,12296000000.0,,1428000000.0,10868000000.0,,3.788,-180000000.0,548000000.0,548000000.0,925000000.0,209000000.0,0.739,1.359,2823000000.0,616000000.0,2207000000.0,2823000000.0,0.0,0.0,0.0,0.038,0.065,362000000.0,362000000.0,0.256,362000000.0,362000000.0,315000000.0,0.152,0.152,0.152,5212000000.0,,5212000000.0,12231835289.0,9.0,4.547,500000000.0,0.363,1.0,487000000.0,0.345,0.0,47000000.0,12638000000.0,,275000000.0,490000000.0,0.0,490000000.0,7084000000.0,1933000000.0,5151000000.0,9602835289.0,361000000.0,57000000.0,-32000000.0,146000000.0,-89000000.0,25000000.0,-344000000.0,0.0,680000000.0,0.0,209000000.0,209000000.0,209000000.0,0.0,0.0,0.148,279000000.0,208000000.0,322000000.0,0.428,1.842,12.553,11.993,8674000000.0,0.0,6.656,1.426,1.36,462000000.0,2243000000.0,1412000000.0,1412000000.0,0.0,,,,,0.0,0.0,1.0,1442679480.0,1376000000,1376000000.0,1.026,12296000000.0,0.0,106000000.0,1261000000.0,8.936,-505000000.0
90,NEE,MRQ,1998-12-31,1998-12-31,1998-12-31,2021-07-26,0.0,12029000000.0,,1266000000.0,10763000000.0,,3.704,-8000000.0,187000000.0,187000000.0,1070000000.0,93000000.0,0.771,1.347,2816000000.0,469000000.0,2347000000.0,2816000000.0,89000000.0,1284000000.0,282000000.0,0.032,0.062,170000000.0,1454000000.0,0.891,1454000000.0,170000000.0,76000000.0,0.068,0.068,0.068,5126000000.0,,5126000000.0,13772876914.0,11.0,5.403,203000000.0,0.147,1.0,562000000.0,0.344,0.0,94000000.0,13017000000.0,,282000000.0,391000000.0,0.0,391000000.0,6903000000.0,1641000000.0,5262000000.0,11147876914.0,-260000000.0,-60000000.0,-10000000.0,-257000000.0,-86000000.0,-353000000.0,-118000000.0,0.0,211000000.0,0.0,93000000.0,93000000.0,93000000.0,0.0,0.0,0.057,373000000.0,189000000.0,338000000.0,0.912,2.175,16.789,16.016,8555000000.0,0.0,7.704,1.674,1.601,559000000.0,2123000000.0,1632000000.0,1632000000.0,0.0,,,,,0.0,0.0,1.0,1447071480.0,1384000000,1384000000.0,1.179,12029000000.0,0.0,-17000000.0,1799000000.0,8.691,-375000000.0
91,NEE,MRQ,1998-09-30,1998-09-30,1998-09-30,2021-07-26,1000000.0,12844000000.0,,1771000000.0,11073000000.0,,3.723,-147000000.0,447000000.0,447000000.0,1157000000.0,287000000.0,0.974,1.507,3072000000.0,287000000.0,2785000000.0,3072000000.0,0.0,0.0,0.0,0.028,0.062,545000000.0,545000000.0,0.273,545000000.0,545000000.0,444000000.0,0.207,0.207,0.207,5123000000.0,,5123000000.0,15519015169.0,13.0,6.828,388000000.0,0.282,1.0,842000000.0,0.421,0.0,101000000.0,13650000000.0,,278000000.0,369000000.0,0.0,369000000.0,7721000000.0,1819000000.0,5902000000.0,12629015169.0,19000000.0,44000000.0,-19000000.0,-262000000.0,-87000000.0,-368000000.0,-148000000.0,0.0,535000000.0,0.0,287000000.0,287000000.0,287000000.0,0.0,0.0,0.144,314000000.0,528000000.0,401000000.0,0.3,2.465,20.435,19.532,8838000000.0,0.0,8.711,1.983,1.882,705000000.0,2116000000.0,1999000000.0,1999000000.0,0.0,,,,,0.0,0.0,1.0,1449736280.0,1376000000,1376000000.0,1.453,12844000000.0,0.0,157000000.0,1364000000.0,9.334,-48000000.0
92,NEE,MRQ,1998-06-30,1998-06-30,1998-06-30,2021-07-26,1000000.0,12844000000.0,,1629000000.0,11215000000.0,,3.566,-168000000.0,428000000.0,428000000.0,1027000000.0,176000000.0,0.865,1.602,3318000000.0,456000000.0,2862000000.0,3318000000.0,0.0,0.0,0.0,0.031,0.062,329000000.0,329000000.0,0.194,329000000.0,329000000.0,265000000.0,0.128,0.128,0.128,4936000000.0,,4936000000.0,14621390255.0,13.0,6.634,375000000.0,0.271,1.0,665000000.0,0.393,0.0,64000000.0,13850000000.0,,282000000.0,399000000.0,0.0,399000000.0,7908000000.0,1884000000.0,6024000000.0,11433390255.0,356000000.0,15000000.0,-16000000.0,133000000.0,-86000000.0,31000000.0,-218000000.0,0.0,543000000.0,0.0,176000000.0,176000000.0,176000000.0,0.0,0.0,0.104,348000000.0,317000000.0,353000000.0,0.484,2.316,19.281,18.357,8906000000.0,0.0,7.875,1.836,1.75,613000000.0,1915000000.0,1692000000.0,1692000000.0,0.0,,,,,0.0,0.0,1.0,1451859080.0,1384000000,1384000000.0,1.223,12844000000.0,0.0,89000000.0,1428000000.0,9.28,-255000000.0
93,NEE,MRQ,1998-03-31,1998-03-31,1998-03-31,2021-07-26,1000000.0,12471000000.0,,1042000000.0,11429000000.0,,3.509,-159000000.0,72000000.0,72000000.0,871000000.0,108000000.0,0.722,1.568,3260000000.0,310000000.0,2950000000.0,3260000000.0,0.0,0.0,0.0,0.03,0.062,221000000.0,221000000.0,0.165,221000000.0,221000000.0,158000000.0,0.079,0.079,0.079,4856000000.0,,4856000000.0,14905233236.0,13.0,7.731,295000000.0,0.213,1.0,467000000.0,0.349,0.0,63000000.0,14215000000.0,,289000000.0,395000000.0,0.0,395000000.0,7615000000.0,1444000000.0,6171000000.0,11678233236.0,18000000.0,221000000.0,-17000000.0,-22000000.0,-86000000.0,-125000000.0,-311000000.0,0.0,454000000.0,0.0,108000000.0,108000000.0,108000000.0,0.0,0.0,0.081,249000000.0,218000000.0,297000000.0,0.785,2.405,20.1,19.122,9204000000.0,0.0,8.031,1.907,1.815,438000000.0,1825000000.0,1338000000.0,1338000000.0,0.0,,,,,0.0,0.0,1.0,1454099080.0,1384000000,1384000000.0,0.967,12471000000.0,0.0,50000000.0,1528000000.0,9.011,-402000000.0
94,NEE,MRQ,1997-12-31,1997-12-31,1997-12-31,2021-07-26,0.0,12449000000.0,,1101000000.0,11348000000.0,,3.501,-153000000.0,54000000.0,54000000.0,1026000000.0,47000000.0,0.734,1.569,3281000000.0,332000000.0,2949000000.0,3281000000.0,61000000.0,1061000000.0,279000000.0,0.032,0.06,117000000.0,1178000000.0,0.88,1178000000.0,117000000.0,54000000.0,0.032,0.032,0.032,4845000000.0,,4845000000.0,,,,-53000000.0,-0.038,1.0,313000000.0,0.234,0.0,63000000.0,14177000000.0,,302000000.0,282000000.0,0.0,282000000.0,7604000000.0,1499000000.0,6105000000.0,10758515568.0,-406000000.0,11000000.0,-7000000.0,-164000000.0,-83000000.0,-254000000.0,-252000000.0,0.0,100000000.0,0.0,47000000.0,47000000.0,47000000.0,0.0,0.0,0.035,150000000.0,163000000.0,368000000.0,1.875,2.221,17.409,16.589,9354000000.0,0.0,7.399,1.689,1.608,501000000.0,1804000000.0,1339000000.0,1339000000.0,0.0,,,,,0.0,0.0,1.0,1454099080.0,1384000000,1384000000.0,0.967,12449000000.0,0.0,7000000.0,2048000000.0,8.995,-398000000.0
95,NEE,MRQ,1997-09-30,1997-09-30,1997-09-30,2021-07-26,,,,,,,,-125000000.0,,,1129000000.0,262000000.0,,,,,,,,0.0,,0.037,0.06,476000000.0,476000000.0,0.256,476000000.0,476000000.0,406000000.0,0.19,0.19,0.19,,,,,,,419000000.0,0.303,1.0,730000000.0,0.393,,70000000.0,,,,,,,,,,,122000000.0,21000000.0,-9000000.0,-203000000.0,-83000000.0,-295000000.0,-127000000.0,0.0,544000000.0,0.0,262000000.0,262000000.0,262000000.0,0.0,0.0,0.141,266000000.0,464000000.0,,0.316,,,,,0.0,6.423,,,,,1859000000.0,1859000000.0,0.0,,,,,0.0,0.0,1.0,,1384000000,1384000000.0,1.343,,,144000000.0,,,
96,NEE,MRQ,1997-06-30,1997-06-30,1997-06-30,2021-07-26,,,,,,,,-120000000.0,,,1004000000.0,164000000.0,,,,,,,,-268000000.0,,0.041,0.06,321000000.0,53000000.0,0.033,53000000.0,321000000.0,247000000.0,0.119,0.119,0.119,,,,,,,322000000.0,0.233,1.0,583000000.0,0.367,,74000000.0,,,,,,,,,,,-57000000.0,8000000.0,-15000000.0,-74000000.0,-83000000.0,-172000000.0,-327000000.0,0.0,442000000.0,0.0,164000000.0,164000000.0,164000000.0,0.0,0.0,0.103,262000000.0,321000000.0,,0.504,,,,,0.0,5.766,,,,,1587000000.0,1587000000.0,0.0,,,,,0.0,0.0,1.0,,1384000000,1384000000.0,1.147,,,83000000.0,,,
97,NEE,MRQ,1997-03-31,1997-03-31,1997-03-31,2021-07-26,,,,,,,,-110000000.0,,,952000000.0,101000000.0,,,,,,,,268000000.0,,0.042,0.06,227000000.0,495000000.0,0.343,495000000.0,227000000.0,156000000.0,0.072,0.072,0.072,,,,,,,401000000.0,0.29,1.0,493000000.0,0.341,,71000000.0,,,,,,,,,,,199000000.0,13000000.0,-17000000.0,-121000000.0,-83000000.0,-221000000.0,-91000000.0,0.0,511000000.0,0.0,101000000.0,101000000.0,101000000.0,0.0,0.0,0.07,268000000.0,225000000.0,,0.833,,,,,0.0,5.516,,,,,1445000000.0,1445000000.0,0.0,,,,,0.0,0.0,1.0,,1384000000,1384000000.0,1.044,,,55000000.0,,,
98,NEE,MRQ,1996-12-31,1996-12-31,1996-12-31,2021-07-26,0.0,12219000000.0,,1173000000.0,11046000000.0,,3.299,,196000000.0,196000000.0,,,0.921,1.661,3299000000.0,155000000.0,3144000000.0,3299000000.0,0.0,,268000000.0,0.04,0.058,,,,,,,,,,4592000000.0,,4592000000.0,,,,,,1.0,,,0.0,,14048000000.0,,268000000.0,327000000.0,0.0,327000000.0,7627000000.0,1274000000.0,6353000000.0,,,,,,,,,,,,,,,,,,,,308000000.0,,,,13.822,9384000000.0,,5.75,,1.326,462000000.0,,,,,,,,,,,1.0,,1392000000,,,12219000000.0,0.0,,2170000000.0,8.778,-101000000.0
0,NEE,MRT,2021-06-30,2021-06-30,2021-06-30,2021-07-26,-85000000.0,135013000000.0,130380000000.0,8061000000.0,126952000000.0,0.129,18.829,-6951000000.0,884000000.0,884000000.0,7868000000.0,2503000000.0,0.479,2.434,53322000000.0,5763000000.0,47559000000.0,53322000000.0,0.0,3953000000.0,486000000.0,0.02,1.47,4005000000.0,7958000000.0,0.473,7958000000.0,4005000000.0,3350000000.0,1.605,1.59,1.605,36932000000.0,37027500000.0,36932000000.0,194940693997.0,49.0,24.496,735000000.0,0.375,1.0,8965000000.0,0.533,4846000000.0,655000000.0,165787000000.0,159111750000.0,1596000000.0,14376000000.0,0.0,14376000000.0,89899000000.0,16818000000.0,73081000000.0,143734693997.0,-3000000.0,-504000000.0,-36000000.0,6449000000.0,-2883000000.0,8000000000.0,-15675000000.0,-170000000.0,7686000000.0,-14000000.0,3146000000.0,3146000000.0,3146000000.0,0.0,-643000000.0,0.187,5838000000.0,3127000000.0,5506000000.0,0.916,3.892,45.688,45.657,96811000000.0,0.0,73.28,8.539,8.539,3402000000.0,25773000000.0,16833000000.0,16833000000.0,0.0,0.024,0.085,0.025,0.238,0.0,0.0,1.0,1961445060.0,1961445060,,8.582,130167000000.0,0.0,204000000.0,8971000000.0,66.363,-8757000000.0
1,NEE,MRT,2021-03-31,2021-03-31,2021-03-31,2021-07-26,-98000000.0,132441000000.0,127117000000.0,8237000000.0,124204000000.0,0.135,19.072,-7039000000.0,1462000000.0,1462000000.0,7534000000.0,3560000000.0,0.522,2.32,52668000000.0,6603000000.0,46065000000.0,52668000000.0,0.0,3953000000.0,481000000.0,0.019,1.435,4912000000.0,8865000000.0,0.518,8865000000.0,4912000000.0,4694000000.0,2.125,2.11,2.125,37378000000.0,37062750000.0,37378000000.0,195172124706.0,40.0,22.016,342000000.0,0.175,1.0,9576000000.0,0.56,4853000000.0,218000000.0,163011000000.0,155394500000.0,1604000000.0,14059000000.0,0.0,14059000000.0,86711000000.0,15783000000.0,70928000000.0,148186124706.0,-1669000000.0,-504000000.0,-31000000.0,5110000000.0,-2813000000.0,5956000000.0,-14984000000.0,-264000000.0,7381000000.0,-22000000.0,4165000000.0,4165000000.0,4165000000.0,0.0,-605000000.0,0.243,5773000000.0,3803000000.0,4400000000.0,0.675,3.965,35.579,35.581,94304000000.0,0.0,75.61,8.661,8.661,3286000000.0,26273000000.0,17110000000.0,17110000000.0,0.0,0.033,0.112,0.032,0.287,0.0,0.0,1.0,1959874682.0,1959874682,,8.73,127588000000.0,0.0,529000000.0,8982000000.0,65.1,-7546000000.0
2,NEE,MRT,2020-12-31,2020-12-31,2020-12-31,2021-07-26,-92000000.0,127684000000.0,124166000000.0,7382000000.0,120302000000.0,0.145,18.638,-6747000000.0,1105000000.0,1105000000.0,7290000000.0,2369000000.0,0.474,2.266,48091000000.0,6147000000.0,41944000000.0,48091000000.0,0.0,4052000000.0,474000000.0,0.018,1.4,4913000000.0,8965000000.0,0.498,8965000000.0,4913000000.0,2963000000.0,1.49,1.48,1.49,36513000000.0,36819000000.0,36513000000.0,197477568667.0,40.0,22.028,1236000000.0,0.631,1.0,10707000000.0,0.595,4254000000.0,1950000000.0,154858000000.0,151288000000.0,1552000000.0,13507000000.0,0.0,13507000000.0,82755000000.0,15558000000.0,67197000000.0,151142568667.0,438000000.0,-1012000000.0,-92000000.0,5394000000.0,-2743000000.0,6174000000.0,-13699000000.0,-184000000.0,7983000000.0,-20000000.0,2919000000.0,2919000000.0,2919000000.0,0.0,-550000000.0,0.162,5591000000.0,5116000000.0,4615000000.0,0.94,4.139,51.779,51.779,91803000000.0,0.0,77.15,8.398,8.398,2974000000.0,25363000000.0,17997000000.0,17997000000.0,0.0,0.024,0.079,0.032,0.273,0.0,0.0,1.0,1959074124.0,1959074124,,9.186,123430000000.0,0.0,44000000.0,8539000000.0,63.004,-8176000000.0
3,NEE,MRT,2020-09-30,2020-09-30,2020-09-30,2021-07-26,-152000000.0,126382000000.0,121667750000.0,9026000000.0,117356000000.0,0.15,19.038,-6908000000.0,1961000000.0,1961000000.0,7438000000.0,3404000000.0,0.574,2.261,48296000000.0,5502000000.0,42794000000.0,48296000000.0,0.0,4077000000.0,494000000.0,0.02,1.363,6198000000.0,10275000000.0,0.565,10275000000.0,6198000000.0,4171000000.0,1.982,1.98,1.982,37287000000.0,36942000000.0,37287000000.0,181441632543.0,29.0,17.659,1635000000.0,0.835,1.0,10752000000.0,0.591,4214000000.0,2027000000.0,152791000000.0,147977750000.0,3025000000.0,14319000000.0,0.0,14319000000.0,84320000000.0,15712000000.0,68608000000.0,135906632543.0,879000000.0,-588000000.0,-94000000.0,6971000000.0,-2668000000.0,5264000000.0,-12920000000.0,-206000000.0,8543000000.0,-8000000.0,3900000000.0,3900000000.0,3900000000.0,0.0,-496000000.0,0.214,5700000000.0,5052000000.0,4744000000.0,0.688,3.645,34.848,35.01,88855000000.0,0.0,69.39,7.472,7.472,3277000000.0,26054000000.0,18190000000.0,18190000000.0,0.0,0.032,0.106,0.042,0.341,0.0,0.0,1.0,1958591044.0,1958591044,,9.287,122168000000.0,0.0,271000000.0,9407000000.0,62.375,-6686000000.0
4,NEE,MRT,2020-06-30,2020-06-30,2020-06-30,2021-07-26,-163000000.0,121961000000.0,118627750000.0,7581000000.0,114380000000.0,0.16,18.936,-7022000000.0,1009000000.0,1009000000.0,7534000000.0,3079000000.0,0.613,2.168,46544000000.0,3877000000.0,42667000000.0,46544000000.0,0.0,4093000000.0,497000000.0,0.022,1.325,6315000000.0,10408000000.0,0.548,10408000000.0,6315000000.0,3750000000.0,1.81,1.808,1.81,37073000000.0,36768250000.0,37073000000.0,161422218508.0,26.0,15.509,1644000000.0,0.84,1.0,11443000000.0,0.603,4213000000.0,2565000000.0,150918000000.0,144138750000.0,3057000000.0,13757000000.0,0.0,13757000000.0,80387000000.0,12365000000.0,68022000000.0,117551218508.0,-267000000.0,-461000000.0,1417000000.0,4940000000.0,-2582000000.0,4544000000.0,-13471000000.0,-214000000.0,8666000000.0,-6000000.0,3550000000.0,3550000000.0,3550000000.0,0.0,-471000000.0,0.187,5806000000.0,5637000000.0,4097000000.0,0.732,3.171,33.113,33.173,86326000000.0,0.0,60.042,6.194,6.194,2867000000.0,25511000000.0,18977000000.0,18977000000.0,0.0,0.03,0.097,0.044,0.333,0.0,0.0,1.0,1957800200.0,1957800200,,9.693,117748000000.0,0.0,200000000.0,8955000000.0,60.143,-4784000000.0
5,NEE,MRT,2020-03-31,2020-03-31,2020-03-31,2021-07-26,-192000000.0,120637000000.0,115775500000.0,9725000000.0,110912000000.0,0.171,18.612,-6388000000.0,3335000000.0,3335000000.0,7873000000.0,3089000000.0,0.709,2.191,47206000000.0,6090000000.0,41116000000.0,47206000000.0,0.0,4292000000.0,502000000.0,0.021,1.288,6494000000.0,10786000000.0,0.546,10786000000.0,6494000000.0,3648000000.0,1.805,1.797,1.805,36403000000.0,36227500000.0,36403000000.0,159637973174.0,25.0,14.8,2064000000.0,1.055,1.0,11870000000.0,0.601,4201000000.0,2846000000.0,146585000000.0,139744750000.0,3210000000.0,12975000000.0,0.0,12975000000.0,79762000000.0,13722000000.0,66040000000.0,117654973174.0,2493000000.0,-614000000.0,1417000000.0,6236000000.0,-2495000000.0,6407000000.0,-12367000000.0,-102000000.0,8452000000.0,1000000.0,3509000000.0,3509000000.0,3509000000.0,0.0,-420000000.0,0.178,5672000000.0,6198000000.0,3350000000.0,0.714,3.232,33.529,33.327,83873000000.0,0.0,60.155,5.959,5.959,2621000000.0,24922000000.0,19743000000.0,19743000000.0,0.0,0.03,0.097,0.046,0.329,0.0,0.0,1.0,1955863572.0,1955863572,,10.094,116436000000.0,0.0,139000000.0,8793000000.0,59.532,-3997000000.0
6,NEE,MRT,2019-12-31,2019-12-31,2019-12-31,2021-07-26,-169000000.0,117691000000.0,112873500000.0,7408000000.0,110283000000.0,0.17,18.927,-5912000000.0,600000000.0,600000000.0,8003000000.0,3388000000.0,0.535,2.05,42583000000.0,5040000000.0,37543000000.0,42583000000.0,0.0,4216000000.0,499000000.0,0.021,1.25,6466000000.0,10682000000.0,0.556,10682000000.0,6466000000.0,4217000000.0,1.95,1.94,1.95,37005000000.0,35683250000.0,37005000000.0,159017972670.0,25.0,14.887,2243000000.0,1.147,1.0,11201000000.0,0.583,4204000000.0,2249000000.0,141617000000.0,134812500000.0,1328000000.0,14407000000.0,0.0,14407000000.0,75844000000.0,13853000000.0,61991000000.0,118361972670.0,-4145000000.0,-5165000000.0,1494000000.0,3614000000.0,-2408000000.0,3873000000.0,-16177000000.0,-152000000.0,8155000000.0,4000000.0,3769000000.0,3769000000.0,3769000000.0,0.0,-381000000.0,0.196,5848000000.0,5353000000.0,3631000000.0,0.641,3.199,31.404,31.046,82010000000.0,0.0,60.54,6.163,6.163,2807000000.0,25199000000.0,19204000000.0,19204000000.0,0.0,0.033,0.106,0.048,0.337,0.0,0.0,1.0,1955103612.0,1955103612,,9.822,113487000000.0,0.0,448000000.0,8919000000.0,58.047,-6445000000.0
7,NEE,MRT,2019-09-30,2019-09-30,2019-09-30,2021-07-26,-181000000.0,114222000000.0,109376250000.0,7679000000.0,106543000000.0,0.174,18.983,-5584000000.0,1131000000.0,1131000000.0,7703000000.0,2857000000.0,0.577,2.024,41787000000.0,5643000000.0,36144000000.0,41787000000.0,0.0,4339000000.0,492000000.0,0.021,1.215,6216000000.0,10555000000.0,0.555,10555000000.0,6216000000.0,3445000000.0,1.67,1.665,1.67,36592000000.0,34968000000.0,36592000000.0,152324102892.0,25.0,14.431,2021000000.0,1.048,1.0,11304000000.0,0.595,4129000000.0,2771000000.0,137435000000.0,129988750000.0,3197000000.0,13813000000.0,0.0,13813000000.0,74048000000.0,13314000000.0,60734000000.0,111626102892.0,837000000.0,-4928000000.0,1492000000.0,7571000000.0,-2328000000.0,8088000000.0,-14852000000.0,-131000000.0,7605000000.0,-4000000.0,3215000000.0,3215000000.0,3215000000.0,0.0,-358000000.0,0.169,5722000000.0,5582000000.0,2838000000.0,0.728,3.051,34.72,34.879,78995000000.0,0.0,58.248,5.873,5.907,3330000000.0,24835000000.0,19007000000.0,19007000000.0,0.0,0.029,0.092,0.048,0.327,0.0,0.0,1.0,1916410196.0,1927600000,1944000000.0,9.86,110093000000.0,0.0,230000000.0,9224000000.0,57.114,-5635000000.0
8,NEE,MRT,2019-06-30,2019-06-30,2019-06-30,2021-07-26,-191000000.0,110552000000.0,105471500000.0,7471000000.0,103081000000.0,0.169,18.224,-5892000000.0,1019000000.0,1019000000.0,7487000000.0,3000000000.0,0.518,2.066,41717000000.0,7770000000.0,33947000000.0,41717000000.0,0.0,4175000000.0,487000000.0,0.023,1.18,5831000000.0,10006000000.0,0.561,10006000000.0,5831000000.0,3638000000.0,1.745,1.738,1.745,34910000000.0,34383000000.0,34910000000.0,137355692728.0,24.0,13.727,1046000000.0,0.546,1.0,10364000000.0,0.581,3496000000.0,2193000000.0,133342000000.0,125101500000.0,3095000000.0,13749000000.0,0.0,13749000000.0,72126000000.0,14412000000.0,57714000000.0,98114692728.0,967000000.0,-4704000000.0,733000000.0,7950000000.0,-2251000000.0,8499000000.0,-14486000000.0,-161000000.0,6938000000.0,16000000.0,3341000000.0,3341000000.0,3341000000.0,0.0,-341000000.0,0.187,5407000000.0,4957000000.0,2598000000.0,0.676,2.811,29.367,29.35,76136000000.0,0.0,51.215,5.496,5.496,3121000000.0,24554000000.0,17851000000.0,17851000000.0,0.0,0.032,0.097,0.047,0.327,0.0,0.0,1.0,1915741340.0,1915600000,1931200000.0,9.319,107056000000.0,0.0,297000000.0,8939000000.0,55.886,-6941000000.0
9,NEE,MRT,2019-03-31,2019-03-31,2019-03-31,2021-07-26,-213000000.0,109029000000.0,101706000000.0,8222000000.0,100807000000.0,0.167,17.889,-5987000000.0,972000000.0,972000000.0,7255000000.0,2548000000.0,0.459,2.08,40213000000.0,10330000000.0,29883000000.0,40213000000.0,0.0,3827000000.0,484000000.0,0.024,1.145,5273000000.0,9100000000.0,0.537,9100000000.0,5273000000.0,3287000000.0,1.515,1.5,1.515,34226000000.0,33910750000.0,34226000000.0,129513342067.0,25.0,14.232,912000000.0,0.477,1.0,9689000000.0,0.572,3488000000.0,1986000000.0,126856000000.0,121114500000.0,3264000000.0,13095000000.0,0.0,13095000000.0,71189000000.0,17926000000.0,53263000000.0,92439342067.0,433000000.0,-4551000000.0,731000000.0,7776000000.0,-2176000000.0,7751000000.0,-14228000000.0,381000000.0,6899000000.0,11000000.0,2888000000.0,2888000000.0,2888000000.0,0.0,-340000000.0,0.17,5333000000.0,4356000000.0,2398000000.0,0.756,2.701,32.008,31.901,74794000000.0,0.0,48.33,5.456,5.457,2974000000.0,23919000000.0,16944000000.0,16944000000.0,0.0,0.028,0.085,0.044,0.311,0.0,0.0,1.0,1912670020.0,1913200000,1927200000.0,8.856,105541000000.0,0.0,399000000.0,8669000000.0,55.165,-9704000000.0
10,NEE,MRT,2018-12-31,2018-12-31,2018-12-31,2021-07-26,-188000000.0,103702000000.0,98019750000.0,6393000000.0,97309000000.0,0.171,18.039,-5959000000.0,638000000.0,638000000.0,7062000000.0,5776000000.0,0.364,1.941,37712000000.0,10930000000.0,26782000000.0,37712000000.0,0.0,3911000000.0,445000000.0,0.026,1.11,9712000000.0,13623000000.0,0.814,13623000000.0,9712000000.0,8214000000.0,3.51,3.47,3.51,34144000000.0,33530750000.0,34144000000.0,115166444572.0,12.0,8.454,634000000.0,0.335,1.0,9665000000.0,0.578,891000000.0,1498000000.0,122322000000.0,118489000000.0,2963000000.0,12634000000.0,0.0,12634000000.0,66289000000.0,17563000000.0,48726000000.0,83076444572.0,3270000000.0,0.0,718000000.0,7561000000.0,-2101000000.0,7634000000.0,-10950000000.0,314000000.0,6593000000.0,-7000000.0,6638000000.0,6638000000.0,6638000000.0,0.0,-862000000.0,0.397,5385000000.0,4280000000.0,2386000000.0,0.316,2.433,12.515,12.38,70334000000.0,0.0,43.455,4.967,4.917,2969000000.0,23837000000.0,16727000000.0,16727000000.0,0.0,0.068,0.198,0.082,0.581,0.0,0.0,1.0,1911781028.0,1892800000,1908000000.0,8.837,102811000000.0,0.0,1576000000.0,7844000000.0,54.317,-11170000000.0
11,NEE,MRT,2018-09-30,2018-09-30,2018-09-30,2021-07-26,-158000000.0,98603000000.0,96585000000.0,8349000000.0,90254000000.0,0.169,18.1,-5928000000.0,497000000.0,497000000.0,7180000000.0,7533000000.0,0.652,1.789,32587000000.0,5539000000.0,27048000000.0,32587000000.0,0.0,2600000000.0,448000000.0,0.026,1.078,9161000000.0,11761000000.0,0.72,11761000000.0,9161000000.0,7986000000.0,4.448,4.398,4.448,34252000000.0,32053750000.0,34252000000.0,111128945038.0,12.0,9.449,432000000.0,0.228,1.0,9144000000.0,0.56,0.0,1175000000.0,117886000000.0,117916250000.0,2984000000.0,12854000000.0,0.0,12854000000.0,61265000000.0,12807000000.0,48458000000.0,79040945038.0,-1048000000.0,-28000000.0,733000000.0,2516000000.0,-2033000000.0,3195000000.0,-10628000000.0,406000000.0,6360000000.0,25000000.0,8374000000.0,8374000000.0,8374000000.0,0.0,-841000000.0,0.513,5787000000.0,3357000000.0,3000000000.0,0.242,2.308,9.439,9.42,68572000000.0,0.0,41.9,4.842,4.857,3119000000.0,23935000000.0,16324000000.0,16324000000.0,0.0,0.087,0.261,0.078,0.561,0.0,0.0,1.0,1886418736.0,1892400000,1909600000.0,8.626,98603000000.0,0.0,-388000000.0,8351000000.0,52.105,-4458000000.0
12,NEE,MRT,2018-06-30,2018-06-30,2018-06-30,2021-07-26,-173000000.0,95490000000.0,96129500000.0,5885000000.0,89605000000.0,0.174,17.523,-5277000000.0,478000000.0,478000000.0,7260000000.0,7448000000.0,0.578,1.796,32566000000.0,4210000000.0,28356000000.0,32566000000.0,0.0,2540000000.0,445000000.0,0.025,1.046,9455000000.0,11995000000.0,0.718,11995000000.0,9455000000.0,8067000000.0,4.368,4.32,4.368,33021000000.0,30090250000.0,33021000000.0,110393034586.0,12.0,9.203,866000000.0,0.46,1.0,9456000000.0,0.566,0.0,1388000000.0,117394000000.0,118133500000.0,3028000000.0,12351000000.0,0.0,12351000000.0,59318000000.0,10184000000.0,49134000000.0,78744034586.0,-207000000.0,-28000000.0,41000000.0,2824000000.0,-1972000000.0,2398000000.0,-8759000000.0,504000000.0,6143000000.0,11000000.0,8216000000.0,8216000000.0,8216000000.0,0.0,-768000000.0,0.492,5716000000.0,3740000000.0,2298000000.0,0.239,2.385,9.584,9.56,68659000000.0,0.0,41.758,4.711,4.707,2891000000.0,23453000000.0,16716000000.0,16716000000.0,0.0,0.085,0.273,0.08,0.566,0.0,0.0,1.0,1885745904.0,1884400000,1900800000.0,8.871,95490000000.0,0.0,-149000000.0,7899000000.0,50.674,-4299000000.0
13,NEE,MRT,2018-03-31,2018-03-31,2018-03-31,2021-07-26,-178000000.0,94284000000.0,95479500000.0,5612000000.0,88672000000.0,0.179,17.371,-4851000000.0,550000000.0,550000000.0,7380000000.0,7565000000.0,0.586,1.782,32199000000.0,4137000000.0,28062000000.0,32199000000.0,0.0,2594000000.0,450000000.0,0.025,1.015,9566000000.0,12160000000.0,0.713,12160000000.0,9566000000.0,8142000000.0,4.375,4.338,4.375,32706000000.0,28316500000.0,32706000000.0,110261774384.0,12.0,9.068,1640000000.0,0.871,1.0,9677000000.0,0.567,0.0,1424000000.0,116354000000.0,118240500000.0,3039000000.0,12809000000.0,0.0,12809000000.0,58291000000.0,9579000000.0,48712000000.0,76894774384.0,108000000.0,-30000000.0,55000000.0,2948000000.0,-1908000000.0,2515000000.0,-8915000000.0,-81000000.0,6491000000.0,17000000.0,8228000000.0,8228000000.0,8228000000.0,0.0,-663000000.0,0.482,5808000000.0,3869000000.0,1748000000.0,0.232,2.351,9.346,9.333,67196000000.0,0.0,40.833,4.508,4.507,2389000000.0,23181000000.0,17057000000.0,17057000000.0,0.0,0.086,0.291,0.081,0.561,0.0,0.0,1.0,1883175764.0,1882800000,1897200000.0,9.059,94284000000.0,0.0,-86000000.0,7703000000.0,50.076,-3967000000.0
14,NEE,MRT,2017-12-31,2017-12-31,2017-12-31,2021-07-26,111000000.0,97963000000.0,94709750000.0,7181000000.0,90782000000.0,0.181,15.058,-5405000000.0,1714000000.0,1714000000.0,7529000000.0,5323000000.0,0.639,2.424,35025000000.0,3615000000.0,31410000000.0,35025000000.0,0.0,2357000000.0,448000000.0,0.025,0.983,6278000000.0,8635000000.0,0.503,8635000000.0,6278000000.0,4720000000.0,2.87,2.848,2.87,28236000000.0,26514250000.0,28236000000.0,107049398176.0,17.0,12.397,1053000000.0,0.562,1.0,9644000000.0,0.562,0.0,1558000000.0,120031000000.0,117829000000.0,3040000000.0,8324000000.0,0.0,8324000000.0,68432000000.0,11243000000.0,57189000000.0,73471398176.0,454000000.0,1454000000.0,55000000.0,3441000000.0,-1845000000.0,2888000000.0,-8918000000.0,-30000000.0,6458000000.0,26000000.0,5380000000.0,5380000000.0,5380000000.0,0.0,-57000000.0,0.313,4471000000.0,5173000000.0,3235000000.0,0.343,2.602,13.656,13.605,72289000000.0,0.0,39.047,4.278,4.264,2737000000.0,19020000000.0,17173000000.0,17173000000.0,0.0,0.057,0.203,0.053,0.366,0.0,0.0,1.0,1881590324.0,1875200000,1890000000.0,9.158,97963000000.0,0.0,-660000000.0,6385000000.0,52.241,-4062000000.0
15,NEE,MRT,2017-09-30,2017-09-30,2017-09-30,2021-07-26,48000000.0,96781000000.0,92717250000.0,7027000000.0,89754000000.0,0.182,14.059,-4830000000.0,1381000000.0,1381000000.0,7534000000.0,4262000000.0,0.606,2.631,34959000000.0,4614000000.0,30345000000.0,34959000000.0,0.0,3434000000.0,449000000.0,0.026,0.955,6800000000.0,10234000000.0,0.607,10234000000.0,6800000000.0,6011000000.0,2.235,2.223,2.235,26398000000.0,25540500000.0,26398000000.0,102648292380.0,15.0,10.03,1574000000.0,0.838,1.0,9331000000.0,0.553,0.0,789000000.0,118755000000.0,114976750000.0,3363000000.0,8877000000.0,0.0,8877000000.0,69460000000.0,11604000000.0,57856000000.0,68766292380.0,887000000.0,1482000000.0,45000000.0,3005000000.0,-1789000000.0,2387000000.0,-7914000000.0,-57000000.0,6404000000.0,10000000.0,4183000000.0,4183000000.0,4183000000.0,0.0,79000000.0,0.248,4409000000.0,4922000000.0,2256000000.0,0.427,2.605,16.439,16.393,71088000000.0,0.0,36.638,4.077,4.079,2750000000.0,17299000000.0,16865000000.0,16865000000.0,0.0,0.045,0.164,0.059,0.403,0.0,0.0,1.0,1876937356.0,1877600000,1894000000.0,8.982,96781000000.0,0.0,1828000000.0,13436000000.0,51.545,-4577000000.0
16,NEE,MRT,2017-06-30,2017-06-30,2017-06-30,2021-07-26,3000000.0,92890000000.0,90488000000.0,5947000000.0,86943000000.0,0.186,13.852,-4724000000.0,642000000.0,642000000.0,7591000000.0,4195000000.0,0.664,2.546,34524000000.0,4132000000.0,30392000000.0,34524000000.0,0.0,3346000000.0,457000000.0,0.026,0.926,6748000000.0,10094000000.0,0.599,10094000000.0,6748000000.0,5971000000.0,2.192,2.18,2.192,25926000000.0,24917750000.0,25926000000.0,98867635648.0,15.0,9.795,1626000000.0,0.869,1.0,9271000000.0,0.55,0.0,777000000.0,117822000000.0,112389000000.0,3351000000.0,8706000000.0,0.0,8706000000.0,66014000000.0,8950000000.0,57064000000.0,65603635648.0,12000000.0,1824000000.0,519000000.0,1991000000.0,-1729000000.0,1775000000.0,-8123000000.0,-113000000.0,6350000000.0,10000000.0,4089000000.0,4089000000.0,4089000000.0,0.0,106000000.0,0.242,4425000000.0,4846000000.0,1814000000.0,0.422,2.53,16.044,15.982,69656000000.0,0.0,35.032,3.891,3.888,2480000000.0,16914000000.0,16862000000.0,16862000000.0,0.0,0.045,0.164,0.06,0.4,0.0,0.0,1.0,1872650700.0,1871600000,1886800000.0,9.009,92890000000.0,0.0,1882000000.0,12846000000.0,49.631,-3003000000.0
17,NEE,MRT,2017-03-31,2017-03-31,2017-03-31,2021-07-26,-40000000.0,91205000000.0,88620500000.0,5827000000.0,85378000000.0,0.184,13.635,-4817000000.0,600000000.0,600000000.0,7532000000.0,3935000000.0,0.597,2.539,33864000000.0,5325000000.0,28539000000.0,33864000000.0,0.0,3202000000.0,464000000.0,0.028,0.898,6597000000.0,9799000000.0,0.602,9799000000.0,6597000000.0,5648000000.0,2.062,2.05,2.062,25497000000.0,24229750000.0,25497000000.0,89571488375.0,14.0,9.141,1265000000.0,0.676,1.0,8743000000.0,0.537,0.0,949000000.0,114708000000.0,109349000000.0,3529000000.0,8384000000.0,0.0,8384000000.0,64736000000.0,9761000000.0,54975000000.0,60023488375.0,-29000000.0,1837000000.0,527000000.0,1892000000.0,-1671000000.0,1914000000.0,-8035000000.0,-107000000.0,6082000000.0,10000000.0,3836000000.0,3836000000.0,3836000000.0,0.0,99000000.0,0.236,4257000000.0,4486000000.0,1237000000.0,0.435,2.354,15.647,15.564,68400000000.0,0.0,32.093,3.688,3.687,2160000000.0,16581000000.0,16275000000.0,16275000000.0,0.0,0.043,0.158,0.06,0.405,0.0,0.0,1.0,1870327596.0,1870000000,1880800000.0,8.703,91205000000.0,0.0,1812000000.0,12433000000.0,48.773,-3934000000.0
18,NEE,MRT,2016-12-31,2016-12-31,2016-12-31,2021-07-26,-70000000.0,89993000000.0,86978500000.0,7409000000.0,82584000000.0,0.186,13.14,-4240000000.0,1292000000.0,1292000000.0,7521000000.0,2999000000.0,0.679,2.657,30840000000.0,3022000000.0,27818000000.0,30840000000.0,0.0,3120000000.0,470000000.0,0.029,0.87,5383000000.0,8503000000.0,0.527,8503000000.0,5383000000.0,4285000000.0,1.567,1.56,1.567,24341000000.0,23583500000.0,24341000000.0,86815832532.0,16.0,10.21,2129000000.0,1.149,1.0,8617000000.0,0.534,0.0,1098000000.0,108622000000.0,107129500000.0,3420000000.0,7916000000.0,0.0,7916000000.0,64662000000.0,10919000000.0,53743000000.0,55819832532.0,757000000.0,645000000.0,537000000.0,2079000000.0,-1612000000.0,2424000000.0,-8046000000.0,-53000000.0,6369000000.0,10000000.0,2906000000.0,2906000000.0,2906000000.0,0.0,93000000.0,0.18,4158000000.0,4459000000.0,3447000000.0,0.555,2.293,19.208,19.059,66912000000.0,0.0,29.865,3.459,3.428,2439000000.0,15458000000.0,16138000000.0,16138000000.0,0.0,0.033,0.123,0.05,0.334,0.0,0.0,1.0,1869071908.0,1852400000,1863200000.0,8.712,89993000000.0,0.0,1379000000.0,11581000000.0,48.582,-3510000000.0
19,NEE,MRT,2016-09-30,2016-09-30,2016-09-30,2021-07-26,-36000000.0,87864000000.0,85100000000.0,6747000000.0,81117000000.0,0.194,12.9,-4385000000.0,681000000.0,681000000.0,7672000000.0,2497000000.0,0.645,2.635,31677000000.0,3482000000.0,28195000000.0,31677000000.0,0.0,3011000000.0,469000000.0,0.028,0.845,5358000000.0,8369000000.0,0.506,8369000000.0,5358000000.0,3579000000.0,1.328,1.32,1.328,23907000000.0,23141750000.0,23907000000.0,88086527574.0,16.0,10.525,2485000000.0,1.341,1.0,8854000000.0,0.536,0.0,1779000000.0,108404000000.0,105346000000.0,3463000000.0,7830000000.0,0.0,7830000000.0,62995000000.0,10456000000.0,52539000000.0,56508527574.0,-487000000.0,671000000.0,552000000.0,2440000000.0,-1559000000.0,2128000000.0,-9502000000.0,-86000000.0,6870000000.0,17000000.0,2453000000.0,2453000000.0,2453000000.0,0.0,44000000.0,0.148,4555000000.0,4299000000.0,2800000000.0,0.636,2.364,23.036,23.027,65617000000.0,0.0,30.58,3.419,3.429,2859000000.0,14899000000.0,16526000000.0,16526000000.0,0.0,0.029,0.106,0.051,0.324,0.0,0.0,1.0,1847891680.0,1853200000,1864000000.0,8.918,87864000000.0,0.0,1126000000.0,11443000000.0,47.412,-3709000000.0
20,NEE,MRT,2016-06-30,2016-06-30,2016-06-30,2021-07-26,-82000000.0,85420000000.0,83124750000.0,6512000000.0,78908000000.0,0.201,12.559,-4452000000.0,730000000.0,730000000.0,7913000000.0,2589000000.0,0.574,2.655,32308000000.0,5307000000.0,27001000000.0,32308000000.0,0.0,2826000000.0,472000000.0,0.025,0.82,5429000000.0,8255000000.0,0.495,8255000000.0,5429000000.0,3708000000.0,1.405,1.397,1.405,23174000000.0,22744500000.0,23174000000.0,91952552010.0,17.0,11.139,1973000000.0,1.069,1.0,8762000000.0,0.525,0.0,1721000000.0,105662000000.0,102913750000.0,3327000000.0,7404000000.0,0.0,7404000000.0,61538000000.0,11336000000.0,50202000000.0,60172552010.0,192000000.0,542000000.0,711000000.0,3533000000.0,-1505000000.0,3429000000.0,-9679000000.0,-90000000.0,6425000000.0,17000000.0,2579000000.0,2579000000.0,2579000000.0,0.0,10000000.0,0.155,4257000000.0,4505000000.0,1774000000.0,0.584,2.597,23.332,23.203,64157000000.0,0.0,32.6,3.609,3.607,2673000000.0,14548000000.0,16675000000.0,16675000000.0,0.0,0.031,0.113,0.053,0.326,0.0,0.0,1.0,1845783804.0,1845200000,1858400000.0,9.037,85420000000.0,0.0,1129000000.0,10787000000.0,46.293,-4824000000.0
21,NEE,MRT,2016-03-31,2016-03-31,2016-03-31,2021-07-26,-113000000.0,84637000000.0,81070000000.0,7096000000.0,77541000000.0,0.212,12.439,-4311000000.0,628000000.0,628000000.0,8226000000.0,2765000000.0,0.67,2.663,32408000000.0,4617000000.0,27791000000.0,32408000000.0,0.0,2821000000.0,472000000.0,0.027,0.795,5338000000.0,8159000000.0,0.474,8159000000.0,5338000000.0,3939000000.0,1.515,1.505,1.515,22912000000.0,22285500000.0,22912000000.0,83623367433.0,16.0,10.249,2142000000.0,1.163,1.0,8990000000.0,0.522,0.0,1399000000.0,105830000000.0,100749000000.0,3440000000.0,7058000000.0,0.0,7058000000.0,61007000000.0,10587000000.0,50420000000.0,54507367433.0,172000000.0,637000000.0,1299000000.0,3386000000.0,-1445000000.0,3815000000.0,-10113000000.0,-89000000.0,6453000000.0,17000000.0,2755000000.0,2755000000.0,2755000000.0,0.0,10000000.0,0.16,4254000000.0,4736000000.0,1139000000.0,0.525,2.379,19.785,19.528,62894000000.0,0.0,29.585,3.166,3.165,2267000000.0,14375000000.0,17216000000.0,17216000000.0,0.0,0.034,0.124,0.053,0.31,0.0,0.0,1.0,1842398764.0,1842000000,1853600000.0,9.346,84637000000.0,0.0,1184000000.0,10525000000.0,45.948,-3491000000.0
22,NEE,MRT,2015-12-31,2015-12-31,2015-12-31,2021-07-26,-167000000.0,82479000000.0,78643000000.0,6795000000.0,75684000000.0,0.222,12.527,-3872000000.0,571000000.0,571000000.0,8596000000.0,2762000000.0,0.672,2.63,29687000000.0,3006000000.0,26681000000.0,29687000000.0,0.0,2831000000.0,473000000.0,0.03,0.77,5191000000.0,8022000000.0,0.459,8022000000.0,5191000000.0,3980000000.0,1.528,1.515,1.528,22574000000.0,21616250000.0,22574000000.0,76928075274.0,15.0,9.59,2217000000.0,1.23,1.0,8890000000.0,0.508,0.0,1211000000.0,101488000000.0,97926500000.0,3326000000.0,6924000000.0,0.0,6924000000.0,59367000000.0,10107000000.0,49260000000.0,47845075274.0,7000000.0,345000000.0,1298000000.0,1444000000.0,-1385000000.0,1897000000.0,-7996000000.0,-131000000.0,6089000000.0,17000000.0,2752000000.0,2752000000.0,2752000000.0,0.0,10000000.0,0.157,4258000000.0,4632000000.0,2529000000.0,0.504,2.119,17.386,16.998,61386000000.0,0.0,25.973,2.736,2.677,2265000000.0,14140000000.0,17486000000.0,17486000000.0,0.0,0.035,0.127,0.053,0.297,0.0,0.0,1.0,1842143624.0,1802000000,1816000000.0,9.704,82479000000.0,0.0,1228000000.0,10276000000.0,45.771,-3312000000.0
23,NEE,MRT,2015-09-30,2015-09-30,2015-09-30,2021-07-26,-168000000.0,79963000000.0,76674500000.0,6657000000.0,73306000000.0,0.236,12.287,-3648000000.0,1181000000.0,1181000000.0,7937000000.0,3135000000.0,0.642,2.56,30264000000.0,4660000000.0,25604000000.0,30264000000.0,0.0,2774000000.0,468000000.0,0.031,0.759,5796000000.0,8570000000.0,0.474,8570000000.0,5796000000.0,4563000000.0,1.762,1.742,1.762,22318000000.0,20951750000.0,22318000000.0,73325552636.0,13.0,8.556,2397000000.0,1.32,1.0,10143000000.0,0.561,0.0,1233000000.0,98675000000.0,95821000000.0,3575000000.0,6805000000.0,0.0,6805000000.0,57137000000.0,10371000000.0,46766000000.0,44102552636.0,696000000.0,319000000.0,1850000000.0,1090000000.0,-1347000000.0,2411000000.0,-7760000000.0,-145000000.0,6045000000.0,0.0,3129000000.0,3129000000.0,3129000000.0,0.0,6000000.0,0.173,4856000000.0,5287000000.0,1870000000.0,0.431,1.976,14.095,13.841,59835000000.0,0.0,24.387,2.439,2.45,2310000000.0,13987000000.0,18080000000.0,18080000000.0,0.0,0.041,0.149,0.06,0.321,0.0,0.0,1.0,1808408104.0,1816400000,1824000000.0,9.954,79963000000.0,10000000.0,1434000000.0,10450000000.0,44.023,-3714000000.0
24,NEE,MRT,2015-06-30,2015-06-30,2015-06-30,2021-07-26,-4000000.0,77201000000.0,74732000000.0,6346000000.0,70855000000.0,0.238,11.974,-3027000000.0,551000000.0,551000000.0,8355000000.0,2918000000.0,0.674,2.606,29774000000.0,4539000000.0,25235000000.0,29774000000.0,0.0,2759000000.0,466000000.0,0.031,0.748,5440000000.0,8199000000.0,0.461,8199000000.0,5440000000.0,4202000000.0,1.657,1.635,1.657,21338000000.0,20158250000.0,21338000000.0,72534452585.0,13.0,8.847,2959000000.0,1.66,1.0,9425000000.0,0.53,0.0,1238000000.0,97003000000.0,94042000000.0,3371000000.0,6823000000.0,0.0,6823000000.0,55600000000.0,9421000000.0,46179000000.0,43537452585.0,-71000000.0,106000000.0,1221000000.0,308000000.0,-1314000000.0,953000000.0,-7010000000.0,286000000.0,5986000000.0,0.0,2910000000.0,2910000000.0,2910000000.0,0.0,8000000.0,0.164,4456000000.0,4969000000.0,1517000000.0,0.451,2.04,14.961,14.79,58310000000.0,0.0,24.508,2.449,2.456,2139000000.0,13456000000.0,17780000000.0,17780000000.0,0.0,0.039,0.144,0.058,0.306,0.0,0.0,1.0,1776495056.0,1782000000,1796800000.0,9.978,77201000000.0,404000000.0,1292000000.0,10142000000.0,43.323,-3075000000.0
25,NEE,MRT,2015-03-31,2015-03-31,2015-03-31,2021-07-26,-73000000.0,74929000000.0,73329250000.0,6297000000.0,68632000000.0,0.238,11.437,-3113000000.0,469000000.0,469000000.0,8703000000.0,2690000000.0,0.671,2.692,29466000000.0,5202000000.0,24264000000.0,29466000000.0,0.0,2635000000.0,464000000.0,0.028,0.736,5259000000.0,7894000000.0,0.452,7894000000.0,5259000000.0,3996000000.0,1.537,1.517,1.537,20235000000.0,19431000000.0,20235000000.0,74588289748.0,14.0,9.449,2551000000.0,1.442,1.0,8748000000.0,0.501,0.0,1263000000.0,94540000000.0,92598250000.0,3297000000.0,6772000000.0,0.0,6772000000.0,54465000000.0,9386000000.0,45079000000.0,46141289748.0,-19000000.0,0.0,624000000.0,265000000.0,-1287000000.0,400000000.0,-6083000000.0,265000000.0,5664000000.0,0.0,2686000000.0,2686000000.0,2686000000.0,0.0,4000000.0,0.154,3974000000.0,4774000000.0,1104000000.0,0.479,2.28,17.178,16.924,56233000000.0,0.0,26.012,2.644,2.637,2027000000.0,13082000000.0,17451000000.0,17451000000.0,0.0,0.037,0.138,0.057,0.301,0.0,0.0,1.0,1773812196.0,1769200000,1795200000.0,9.864,74929000000.0,608000000.0,1310000000.0,9895000000.0,42.352,-3089000000.0
26,NEE,MRT,2014-12-31,2014-12-31,2014-12-31,2021-07-26,-40000000.0,74605000000.0,72179750000.0,6944000000.0,67661000000.0,0.236,11.462,-3429000000.0,577000000.0,577000000.0,8751000000.0,2469000000.0,0.719,2.733,28701000000.0,4657000000.0,24044000000.0,28701000000.0,0.0,2551000000.0,462000000.0,0.027,0.725,4902000000.0,7453000000.0,0.438,7453000000.0,4902000000.0,3641000000.0,1.417,1.4,1.417,19916000000.0,18912250000.0,19916000000.0,75331704305.0,15.0,10.108,2071000000.0,1.192,1.0,8270000000.0,0.486,0.0,1261000000.0,93066000000.0,91229750000.0,3298000000.0,6565000000.0,0.0,6565000000.0,54437000000.0,9663000000.0,44774000000.0,46393704305.0,139000000.0,0.0,633000000.0,755000000.0,-1261000000.0,1000000000.0,-6361000000.0,292000000.0,5500000000.0,0.0,2465000000.0,2465000000.0,2465000000.0,0.0,4000000.0,0.145,3886000000.0,4384000000.0,1354000000.0,0.512,2.329,18.821,18.753,55705000000.0,0.0,26.573,2.726,2.713,2159000000.0,12773000000.0,17021000000.0,17021000000.0,0.0,0.034,0.13,0.054,0.288,0.0,0.0,1.0,1745929224.0,1737600000,1760400000.0,9.796,74605000000.0,739000000.0,1176000000.0,9735000000.0,42.936,-2719000000.0
27,NEE,MRT,2014-09-30,2014-09-30,2014-09-30,2021-07-26,47000000.0,72193000000.0,70855000000.0,5633000000.0,66560000000.0,0.226,11.015,-3393000000.0,485000000.0,485000000.0,9996000000.0,1913000000.0,0.588,2.771,29423000000.0,4570000000.0,24853000000.0,29423000000.0,0.0,2499000000.0,457000000.0,0.03,0.709,3993000000.0,6492000000.0,0.406,6492000000.0,3993000000.0,2757000000.0,1.1,1.087,1.1,19144000000.0,18443250000.0,19144000000.0,70293203328.0,18.0,10.828,2287000000.0,1.316,1.0,5991000000.0,0.375,0.0,1236000000.0,91559000000.0,89989500000.0,3419000000.0,6414000000.0,0.0,6414000000.0,53049000000.0,9572000000.0,43477000000.0,40965203328.0,-73000000.0,0.0,484000000.0,817000000.0,-1231000000.0,182000000.0,-5935000000.0,322000000.0,5680000000.0,0.0,1909000000.0,1909000000.0,1909000000.0,0.0,4000000.0,0.119,2499000000.0,3492000000.0,1496000000.0,0.645,2.14,21.459,21.336,55067000000.0,0.0,23.47,2.562,2.552,2411000000.0,12204000000.0,15987000000.0,15987000000.0,0.0,0.027,0.104,0.044,0.25,0.0,0.0,1.0,1745428348.0,1738000000,1762000000.0,9.199,72193000000.0,31000000.0,848000000.0,8830000000.0,41.538,-3939000000.0
28,NEE,MRT,2014-06-30,2014-06-30,2014-06-30,2021-07-26,59000000.0,71590000000.0,69598250000.0,6099000000.0,65491000000.0,0.226,10.613,-3708000000.0,622000000.0,622000000.0,9891000000.0,1947000000.0,0.629,2.885,29950000000.0,4901000000.0,25049000000.0,29950000000.0,0.0,2321000000.0,452000000.0,0.027,0.693,4021000000.0,6342000000.0,0.403,6342000000.0,4021000000.0,2813000000.0,1.132,1.122,1.132,18429000000.0,18009500000.0,18429000000.0,73720434333.0,18.0,11.624,1592000000.0,0.917,1.0,5836000000.0,0.371,0.0,1208000000.0,91228000000.0,88626000000.0,3240000000.0,6296000000.0,0.0,6296000000.0,53161000000.0,9690000000.0,43471000000.0,44693434333.0,211000000.0,0.0,875000000.0,1567000000.0,-1195000000.0,1354000000.0,-6443000000.0,-105000000.0,5300000000.0,0.0,1947000000.0,1947000000.0,1947000000.0,0.0,0.0,0.124,2322000000.0,3514000000.0,1475000000.0,0.612,2.425,22.955,22.633,54031000000.0,0.0,25.62,2.842,2.829,2292000000.0,11860000000.0,15727000000.0,15727000000.0,0.0,0.028,0.108,0.045,0.256,0.0,0.0,1.0,1744474408.0,1736400000,1760400000.0,9.057,71590000000.0,395000000.0,866000000.0,8921000000.0,41.229,-3591000000.0
29,NEE,MRT,2014-03-31,2014-03-31,2014-03-31,2021-07-26,21000000.0,70331000000.0,68005000000.0,6141000000.0,64190000000.0,0.228,10.473,-3335000000.0,488000000.0,488000000.0,9779000000.0,2065000000.0,0.597,2.873,29515000000.0,5691000000.0,23824000000.0,29515000000.0,0.0,2207000000.0,452000000.0,0.028,0.676,4019000000.0,6226000000.0,0.401,6226000000.0,4019000000.0,2850000000.0,1.212,1.202,1.212,18160000000.0,17552500000.0,18160000000.0,69619288897.0,17.0,11.182,1702000000.0,0.982,1.0,5752000000.0,0.37,0.0,1169000000.0,89066000000.0,86861750000.0,3314000000.0,6014000000.0,0.0,6014000000.0,52171000000.0,10292000000.0,41879000000.0,41631288897.0,273000000.0,0.0,859000000.0,1706000000.0,-1158000000.0,1623000000.0,-6387000000.0,-86000000.0,5037000000.0,0.0,2065000000.0,2065000000.0,2065000000.0,0.0,0.0,0.133,2208000000.0,3544000000.0,1450000000.0,0.558,2.292,20.16,19.724,53306000000.0,0.0,23.905,2.681,2.669,2551000000.0,11684000000.0,15531000000.0,15531000000.0,0.0,0.03,0.118,0.046,0.259,0.0,0.0,1.0,1741530596.0,1734000000,1752800000.0,8.957,70331000000.0,754000000.0,785000000.0,8861000000.0,40.56,-4151000000.0
30,NEE,MRT,2013-12-31,2013-12-31,2013-12-31,2021-07-26,56000000.0,69306000000.0,66383000000.0,5842000000.0,63464000000.0,0.228,10.632,-2976000000.0,438000000.0,438000000.0,9432000000.0,1908000000.0,0.636,2.842,28426000000.0,4457000000.0,23969000000.0,28426000000.0,0.0,2163000000.0,452000000.0,0.031,0.66,3806000000.0,5969000000.0,0.394,5969000000.0,3806000000.0,2685000000.0,1.125,1.117,1.125,18040000000.0,17063000000.0,18040000000.0,65026954825.0,17.0,10.894,2126000000.0,1.253,1.0,5704000000.0,0.377,0.0,1121000000.0,88105000000.0,85289250000.0,3212000000.0,5901000000.0,0.0,5901000000.0,51266000000.0,9189000000.0,42077000000.0,36874954825.0,109000000.0,0.0,842000000.0,1255000000.0,-1122000000.0,1130000000.0,-6123000000.0,-65000000.0,5102000000.0,0.0,1908000000.0,1908000000.0,1908000000.0,-231000000.0,0.0,0.126,2463000000.0,3241000000.0,1200000000.0,0.587,2.044,19.326,19.027,52720000000.0,0.0,21.405,2.436,2.4,2289000000.0,11569000000.0,15136000000.0,15136000000.0,0.0,0.029,0.112,0.045,0.251,0.0,0.0,1.0,1722726224.0,1696800000,1708000000.0,8.92,69306000000.0,753000000.0,777000000.0,8617000000.0,40.845,-3347000000.0
31,NEE,MRT,2013-09-30,2013-09-30,2013-09-30,2021-07-26,-82000000.0,67166000000.0,65166250000.0,5472000000.0,61694000000.0,0.228,10.27,-3274000000.0,558000000.0,558000000.0,9329000000.0,2009000000.0,0.594,2.858,28710000000.0,4848000000.0,23862000000.0,28710000000.0,0.0,1920000000.0,502000000.0,0.032,0.645,3869000000.0,5789000000.0,0.389,5789000000.0,3869000000.0,2800000000.0,1.192,1.183,1.192,17409000000.0,16570000000.0,17409000000.0,61861932293.0,16.0,10.686,951000000.0,0.561,1.0,5552000000.0,0.373,0.0,1069000000.0,86105000000.0,83910500000.0,3080000000.0,5659000000.0,0.0,5659000000.0,49757000000.0,9213000000.0,40544000000.0,34040932293.0,312000000.0,0.0,434000000.0,3267000000.0,-1088000000.0,2780000000.0,-6693000000.0,-45000000.0,4225000000.0,0.0,2009000000.0,2009000000.0,2009000000.0,-231000000.0,0.0,0.135,2221000000.0,3331000000.0,1244000000.0,0.541,1.955,16.944,16.812,51399000000.0,0.0,20.04,2.288,2.283,2241000000.0,11528000000.0,14881000000.0,14881000000.0,0.0,0.031,0.121,0.046,0.26,0.0,0.0,1.0,1698649316.0,1695200000,1707200000.0,8.778,67166000000.0,8000000.0,791000000.0,7990000000.0,39.621,-3741000000.0
32,NEE,MRT,2013-06-30,2013-06-30,2013-06-30,2021-07-26,-102000000.0,65217000000.0,63887000000.0,4735000000.0,60482000000.0,0.224,9.839,-3514000000.0,411000000.0,411000000.0,9359000000.0,1726000000.0,0.534,2.928,28232000000.0,4718000000.0,23514000000.0,28232000000.0,0.0,1781000000.0,501000000.0,0.031,0.63,3414000000.0,5195000000.0,0.363,5195000000.0,3414000000.0,2374000000.0,1.028,1.018,1.028,16601000000.0,16189250000.0,16601000000.0,62308510758.0,18.0,11.994,800000000.0,0.474,1.0,4971000000.0,0.347,0.0,1040000000.0,84171000000.0,82453750000.0,2958000000.0,5466000000.0,0.0,5466000000.0,48616000000.0,8867000000.0,39749000000.0,34599510758.0,116000000.0,0.0,42000000.0,4292000000.0,-1061000000.0,3494000000.0,-7692000000.0,-54000000.0,4314000000.0,0.0,1726000000.0,1726000000.0,1726000000.0,-231000000.0,0.0,0.12,2083000000.0,2888000000.0,1279000000.0,0.613,2.084,20.046,19.815,50460000000.0,0.0,20.37,2.414,2.398,2120000000.0,11109000000.0,14330000000.0,14330000000.0,0.0,0.027,0.107,0.041,0.238,0.0,0.0,1.0,1698552320.0,1687200000,1699200000.0,8.493,65217000000.0,11000000.0,648000000.0,7480000000.0,38.654,-4132000000.0
33,NEE,MRT,2013-03-31,2013-03-31,2013-03-31,2021-07-26,-136000000.0,63843000000.0,62680250000.0,4045000000.0,59798000000.0,0.226,9.621,-4110000000.0,215000000.0,215000000.0,9339000000.0,1723000000.0,0.461,2.94,27924000000.0,5058000000.0,22866000000.0,27924000000.0,0.0,1617000000.0,506000000.0,0.032,0.615,3447000000.0,5064000000.0,0.358,5064000000.0,3447000000.0,2403000000.0,1.03,1.02,1.03,16202000000.0,15986000000.0,16202000000.0,59956012485.0,17.0,11.84,129000000.0,0.077,1.0,4825000000.0,0.341,0.0,1044000000.0,82776000000.0,80736500000.0,2958000000.0,5394000000.0,0.0,5394000000.0,47641000000.0,8776000000.0,38865000000.0,32926012485.0,-60000000.0,0.0,401000000.0,4731000000.0,-1035000000.0,4212000000.0,-8511000000.0,-94000000.0,4239000000.0,0.0,1723000000.0,1723000000.0,1723000000.0,-231000000.0,0.0,0.122,1918000000.0,2907000000.0,1094000000.0,0.597,2.032,19.11,18.854,49824000000.0,0.0,19.42,2.325,2.309,1759000000.0,10777000000.0,14164000000.0,14164000000.0,0.0,0.027,0.108,0.043,0.243,0.0,0.0,1.0,1695469232.0,1684000000,1694800000.0,8.411,63843000000.0,10000000.0,680000000.0,7139000000.0,37.912,-4731000000.0
34,NEE,MRT,2012-12-31,2012-12-31,2012-12-31,2021-07-26,-255000000.0,64439000000.0,61521250000.0,5237000000.0,59202000000.0,0.232,9.64,-4556000000.0,329000000.0,329000000.0,9462000000.0,1911000000.0,0.59,3.01,27359000000.0,4182000000.0,23177000000.0,27359000000.0,0.0,1518000000.0,508000000.0,0.035,0.6,3641000000.0,5159000000.0,0.362,5159000000.0,3641000000.0,2603000000.0,1.147,1.14,1.147,16068000000.0,15741250000.0,16068000000.0,55385628468.0,15.0,10.736,-564000000.0,-0.338,1.0,4794000000.0,0.336,0.0,1038000000.0,82590000000.0,78766750000.0,2968000000.0,5166000000.0,0.0,5166000000.0,48371000000.0,8879000000.0,39492000000.0,29281628468.0,-48000000.0,0.0,386000000.0,5079000000.0,-1004000000.0,4888000000.0,-8928000000.0,-118000000.0,3992000000.0,0.0,1911000000.0,1911000000.0,1911000000.0,0.0,0.0,0.134,1518000000.0,3276000000.0,1281000000.0,0.523,1.822,15.323,15.081,49413000000.0,0.0,17.297,2.054,2.022,2056000000.0,10783000000.0,14256000000.0,14256000000.0,0.0,0.031,0.121,0.046,0.255,0.0,0.0,1.0,1692824308.0,1666800000,1676800000.0,8.553,64439000000.0,397000000.0,692000000.0,7117000000.0,38.66,-3642000000.0
35,NEE,MRT,2012-09-30,2012-09-30,2012-09-30,2021-07-26,-219000000.0,62049000000.0,59708500000.0,4437000000.0,57612000000.0,0.247,9.472,-4785000000.0,246000000.0,246000000.0,9733000000.0,2150000000.0,0.563,2.906,26350000000.0,3636000000.0,22714000000.0,26350000000.0,0.0,1452000000.0,513000000.0,0.033,0.587,4014000000.0,5466000000.0,0.371,5466000000.0,4014000000.0,2960000000.0,1.295,1.282,1.295,15886000000.0,15460000000.0,15886000000.0,54287559450.0,14.0,9.932,-671000000.0,-0.4,1.0,5013000000.0,0.34,0.0,1054000000.0,80278000000.0,76384000000.0,3049000000.0,5194000000.0,0.0,5194000000.0,46163000000.0,7875000000.0,38288000000.0,29732559450.0,-394000000.0,0.0,1000000.0,3405000000.0,-983000000.0,2850000000.0,-7358000000.0,-160000000.0,4114000000.0,0.0,2150000000.0,2150000000.0,2150000000.0,0.0,0.0,0.146,1453000000.0,3560000000.0,1194000000.0,0.453,1.872,13.829,13.577,47693000000.0,0.0,17.582,2.016,2.0,2122000000.0,10607000000.0,14746000000.0,14746000000.0,0.0,0.036,0.139,0.053,0.272,0.0,0.0,1.0,1691031392.0,1677200000,1686800000.0,8.792,62049000000.0,0.0,810000000.0,6869000000.0,36.996,-3438000000.0
36,NEE,MRT,2012-06-30,2012-06-30,2012-06-30,2021-07-26,-190000000.0,60390000000.0,58342500000.0,4854000000.0,55536000000.0,0.262,9.511,-5285000000.0,295000000.0,295000000.0,10074000000.0,2142000000.0,0.635,2.825,24850000000.0,3270000000.0,21580000000.0,24850000000.0,0.0,1482000000.0,517000000.0,0.033,0.575,4016000000.0,5498000000.0,0.36,5498000000.0,4016000000.0,2956000000.0,1.292,1.28,1.292,15788000000.0,15210250000.0,15788000000.0,52393974031.0,13.0,9.53,-1274000000.0,-0.767,1.0,5211000000.0,0.341,0.0,1060000000.0,77302000000.0,74063750000.0,3034000000.0,5028000000.0,0.0,5028000000.0,44602000000.0,7643000000.0,36959000000.0,28698974031.0,8000000.0,0.0,-7000000.0,3511000000.0,-961000000.0,2938000000.0,-6941000000.0,-153000000.0,4011000000.0,0.0,2142000000.0,2142000000.0,2142000000.0,0.0,0.0,0.14,1482000000.0,3729000000.0,1134000000.0,0.445,1.818,13.398,13.315,45495000000.0,0.0,17.203,1.878,1.868,2008000000.0,10444000000.0,15285000000.0,15285000000.0,0.0,0.037,0.141,0.054,0.263,0.0,0.0,1.0,1668302516.0,1660000000,1668800000.0,9.208,60390000000.0,0.0,814000000.0,6612000000.0,36.38,-2789000000.0
37,NEE,MRT,2012-03-31,2012-03-31,2012-03-31,2021-07-26,-94000000.0,59207000000.0,56884250000.0,5094000000.0,54113000000.0,0.274,9.231,-5010000000.0,275000000.0,275000000.0,10337000000.0,2115000000.0,0.636,2.889,23970000000.0,3388000000.0,20582000000.0,23970000000.0,0.0,1556000000.0,528000000.0,0.037,0.562,3879000000.0,5435000000.0,0.349,5435000000.0,3879000000.0,2833000000.0,1.275,1.262,1.275,15223000000.0,14989750000.0,15223000000.0,48012031122.0,12.0,8.834,-1084000000.0,-0.657,1.0,5242000000.0,0.336,0.0,1046000000.0,74897000000.0,72071750000.0,2981000000.0,5041000000.0,0.0,5041000000.0,43984000000.0,8005000000.0,35979000000.0,25422031122.0,-150000000.0,0.0,-352000000.0,2856000000.0,-939000000.0,2121000000.0,-6197000000.0,-109000000.0,3926000000.0,0.0,2115000000.0,2115000000.0,2115000000.0,0.0,0.0,0.136,1606000000.0,3636000000.0,1073000000.0,0.441,1.67,12.02,11.976,43968000000.0,0.0,15.27,1.632,1.616,1837000000.0,10089000000.0,15579000000.0,15579000000.0,0.0,0.037,0.141,0.054,0.249,0.0,0.0,1.0,1664835044.0,1649200000,1658800000.0,9.446,59207000000.0,0.0,718000000.0,6314000000.0,35.9,-2911000000.0
38,NEE,MRT,2011-12-31,2011-12-31,2011-12-31,2021-07-26,-154000000.0,57188000000.0,55396750000.0,4872000000.0,52316000000.0,0.277,8.967,-4592000000.0,377000000.0,377000000.0,10462000000.0,1923000000.0,0.725,2.827,22967000000.0,2157000000.0,20810000000.0,22967000000.0,0.0,1567000000.0,547000000.0,0.036,0.55,3487000000.0,5054000000.0,0.329,5054000000.0,3487000000.0,2452000000.0,1.155,1.147,1.155,14943000000.0,14833750000.0,14943000000.0,47555003491.0,14.0,9.409,-518000000.0,-0.311,1.0,4879000000.0,0.318,0.0,1035000000.0,73059000000.0,70184250000.0,2869000000.0,4774000000.0,0.0,4774000000.0,42245000000.0,6719000000.0,35526000000.0,25724003491.0,75000000.0,0.0,-327000000.0,2279000000.0,-920000000.0,1280000000.0,-5279000000.0,-119000000.0,4074000000.0,0.0,1923000000.0,1923000000.0,1923000000.0,0.0,0.0,0.125,1618000000.0,3261000000.0,1191000000.0,0.476,1.721,13.377,13.177,42490000000.0,0.0,15.22,1.677,1.653,1802000000.0,9876000000.0,15341000000.0,15341000000.0,0.0,0.035,0.13,0.05,0.227,0.0,0.0,1.0,1690144776.0,1666400000,1676000000.0,9.206,57188000000.0,10000000.0,529000000.0,6145000000.0,34.318,-1847000000.0
39,NEE,MRT,2011-09-30,2011-09-30,2011-09-30,2021-07-26,-114000000.0,56585000000.0,54348250000.0,6252000000.0,50333000000.0,0.274,8.917,-3954000000.0,640000000.0,640000000.0,10427000000.0,1518000000.0,0.843,2.801,22471000000.0,2432000000.0,20039000000.0,22471000000.0,0.0,1694000000.0,639000000.0,0.04,0.538,2813000000.0,4507000000.0,0.303,4507000000.0,2813000000.0,1791000000.0,0.91,0.905,0.91,14887000000.0,14713250000.0,14887000000.0,43980813769.0,16.0,9.758,228000000.0,0.137,1.0,4463000000.0,0.3,0.0,1022000000.0,70997000000.0,68572000000.0,2752000000.0,4599000000.0,0.0,4599000000.0,41698000000.0,7419000000.0,34279000000.0,22814813769.0,-151000000.0,0.0,163000000.0,2488000000.0,-896000000.0,1817000000.0,-6150000000.0,-122000000.0,4182000000.0,0.0,1518000000.0,1518000000.0,1518000000.0,0.0,0.0,0.102,1763000000.0,2700000000.0,1336000000.0,0.591,1.533,15.03,14.841,41117000000.0,0.0,13.505,1.532,1.514,2237000000.0,9439000000.0,14890000000.0,14890000000.0,0.0,0.028,0.103,0.041,0.189,0.0,0.0,1.0,1689360516.0,1669600000,1679200000.0,8.918,56585000000.0,0.0,273000000.0,6040000000.0,33.891,-1167000000.0
40,NEE,MRT,2011-06-30,2011-06-30,2011-06-30,2021-07-26,115000000.0,54557000000.0,53385500000.0,4813000000.0,49744000000.0,0.285,8.939,-3144000000.0,287000000.0,287000000.0,10487000000.0,1831000000.0,0.753,2.66,21453000000.0,2218000000.0,19235000000.0,21453000000.0,29000000.0,1728000000.0,638000000.0,0.037,0.525,3190000000.0,4918000000.0,0.324,4918000000.0,3190000000.0,2186000000.0,1.103,1.097,1.103,14906000000.0,14529250000.0,14906000000.0,45074834069.0,14.0,9.165,933000000.0,0.559,1.0,4712000000.0,0.31,0.0,1004000000.0,69334000000.0,67128750000.0,2591000000.0,4859000000.0,0.0,4859000000.0,39651000000.0,6389000000.0,33262000000.0,24245834069.0,-542000000.0,0.0,272000000.0,1185000000.0,-872000000.0,741000000.0,-5360000000.0,-123000000.0,4077000000.0,0.0,1831000000.0,1831000000.0,1831000000.0,0.0,0.0,0.12,1798000000.0,2914000000.0,1280000000.0,0.476,1.627,13.242,13.024,40854000000.0,0.0,14.365,1.595,1.576,2133000000.0,9262000000.0,15199000000.0,15199000000.0,0.0,0.034,0.126,0.048,0.21,0.0,0.0,1.0,1687840868.0,1667600000,1677200000.0,9.114,54557000000.0,0.0,355000000.0,5903000000.0,32.716,-1576000000.0
41,NEE,MRT,2011-03-31,2011-03-31,2011-03-31,2021-07-26,202000000.0,53257000000.0,52548500000.0,4519000000.0,48738000000.0,0.282,8.778,-2912000000.0,425000000.0,425000000.0,10388000000.0,1668000000.0,0.671,2.648,21254000000.0,2966000000.0,18288000000.0,21254000000.0,40000000.0,1705000000.0,637000000.0,0.037,0.512,2948000000.0,4653000000.0,0.314,4653000000.0,2948000000.0,1953000000.0,1.01,1.005,1.01,14599000000.0,14185000000.0,14599000000.0,43722894965.0,15.0,9.397,1009000000.0,0.607,1.0,4441000000.0,0.299,0.0,995000000.0,67347000000.0,65657000000.0,2461000000.0,4818000000.0,0.0,4818000000.0,38658000000.0,6739000000.0,31919000000.0,23202894965.0,-790000000.0,0.0,314000000.0,648000000.0,-848000000.0,289000000.0,-5000000000.0,-99000000.0,3921000000.0,0.0,1668000000.0,1668000000.0,1668000000.0,0.0,0.0,0.112,1725000000.0,2716000000.0,1075000000.0,0.507,1.589,13.911,13.644,39937000000.0,0.0,13.78,1.565,1.546,2002000000.0,8912000000.0,14829000000.0,14829000000.0,0.0,0.032,0.118,0.045,0.199,0.0,0.0,1.0,1683809504.0,1663200000,1673600000.0,8.916,53257000000.0,0.0,285000000.0,5644000000.0,32.021,-2220000000.0
42,NEE,MRT,2010-12-31,2010-12-31,2010-12-31,2021-07-26,166000000.0,52994000000.0,51969750000.0,5258000000.0,47736000000.0,0.295,8.811,-2947000000.0,302000000.0,302000000.0,10283000000.0,1957000000.0,0.762,2.665,20822000000.0,2809000000.0,18013000000.0,20822000000.0,0.0,1788000000.0,634000000.0,0.038,0.5,3468000000.0,5256000000.0,0.343,5256000000.0,3468000000.0,2489000000.0,1.192,1.185,1.192,14461000000.0,13869250000.0,14461000000.0,41430673893.0,12.0,7.883,887000000.0,0.54,1.0,5034000000.0,0.329,0.0,979000000.0,66610000000.0,64434750000.0,2396000000.0,4713000000.0,0.0,4713000000.0,38533000000.0,6904000000.0,31629000000.0,21753673893.0,64000000.0,0.0,308000000.0,1825000000.0,-823000000.0,1514000000.0,-5284000000.0,-102000000.0,3834000000.0,0.0,1957000000.0,1957000000.0,1957000000.0,0.0,0.0,0.128,1807000000.0,3227000000.0,1124000000.0,0.419,1.504,11.116,10.904,39075000000.0,0.0,12.998,1.42,1.393,2582000000.0,8873000000.0,15317000000.0,15317000000.0,0.0,0.038,0.141,0.054,0.226,0.0,0.0,1.0,1673681392.0,1641200000,1652000000.0,9.333,52994000000.0,0.0,532000000.0,5571000000.0,32.29,-1646000000.0
43,NEE,MRT,2010-09-30,2010-09-30,2010-09-30,2021-07-26,47000000.0,52734000000.0,50835750000.0,5776000000.0,46958000000.0,0.306,8.61,-3034000000.0,791000000.0,791000000.0,10410000000.0,2041000000.0,0.804,2.727,20468000000.0,2788000000.0,17680000000.0,20468000000.0,47000000.0,1818000000.0,631000000.0,0.036,0.493,3577000000.0,5395000000.0,0.347,5395000000.0,3577000000.0,2627000000.0,1.245,1.24,1.245,14151000000.0,13495750000.0,14151000000.0,41981640560.0,12.0,7.782,872000000.0,0.531,1.0,5149000000.0,0.331,0.0,950000000.0,65224000000.0,62947250000.0,2383000000.0,4618000000.0,0.0,4618000000.0,38583000000.0,7187000000.0,31396000000.0,22617640560.0,627000000.0,0.0,196000000.0,2558000000.0,-808000000.0,2194000000.0,-5473000000.0,-126000000.0,3906000000.0,0.0,2041000000.0,2041000000.0,2041000000.0,0.0,0.0,0.131,1819000000.0,3330000000.0,1099000000.0,0.396,1.598,11.082,10.922,38301000000.0,0.0,13.598,1.454,1.436,2120000000.0,8817000000.0,15559000000.0,15559000000.0,0.0,0.04,0.151,0.057,0.23,0.0,0.0,1.0,1663367572.0,1643600000,1654800000.0,9.466,52734000000.0,0.0,586000000.0,5861000000.0,32.084,-1411000000.0
44,NEE,MRT,2010-06-30,2010-06-30,2010-06-30,2021-07-26,49000000.0,51209000000.0,49441000000.0,5299000000.0,45910000000.0,0.31,8.272,-3181000000.0,829000000.0,829000000.0,10566000000.0,1854000000.0,0.744,2.785,20193000000.0,3022000000.0,17171000000.0,20193000000.0,29000000.0,1721000000.0,635000000.0,0.04,0.486,3289000000.0,5010000000.0,0.327,5010000000.0,3289000000.0,2382000000.0,1.137,1.133,1.137,13529000000.0,13141000000.0,13529000000.0,39517432953.0,12.0,7.888,886000000.0,0.542,1.0,4775000000.0,0.311,0.0,907000000.0,63447000000.0,61210750000.0,2267000000.0,4315000000.0,0.0,4315000000.0,37680000000.0,7126000000.0,30554000000.0,20219432953.0,553000000.0,0.0,184000000.0,2686000000.0,-794000000.0,2283000000.0,-5797000000.0,-103000000.0,4067000000.0,0.0,1854000000.0,1854000000.0,1854000000.0,0.0,0.0,0.121,1721000000.0,3054000000.0,1316000000.0,0.427,1.495,10.906,10.721,37578000000.0,0.0,12.19,1.318,1.3,2025000000.0,8303000000.0,15341000000.0,15341000000.0,0.0,0.037,0.141,0.054,0.214,0.0,0.0,1.0,1658690152.0,1635600000,1645600000.0,9.379,51209000000.0,0.0,528000000.0,5848000000.0,31.309,-1827000000.0
45,NEE,MRT,2010-03-31,2010-03-31,2010-03-31,2021-07-26,157000000.0,50942000000.0,48239750000.0,5557000000.0,45385000000.0,0.323,8.182,-3130000000.0,1215000000.0,1215000000.0,10841000000.0,1807000000.0,0.714,2.82,20513000000.0,3912000000.0,16601000000.0,20513000000.0,24000000.0,1770000000.0,628000000.0,0.04,0.479,3204000000.0,4974000000.0,0.32,4974000000.0,3204000000.0,2329000000.0,1.113,1.107,1.113,13336000000.0,12819750000.0,13336000000.0,38644632094.0,12.0,7.769,1186000000.0,0.728,1.0,4720000000.0,0.303,0.0,875000000.0,62458000000.0,59580000000.0,2258000000.0,4479000000.0,0.0,4479000000.0,37606000000.0,7782000000.0,29824000000.0,19993632094.0,939000000.0,0.0,161000000.0,3424000000.0,-779000000.0,2823000000.0,-6200000000.0,-147000000.0,4316000000.0,0.0,1807000000.0,1807000000.0,1807000000.0,0.0,0.0,0.116,1770000000.0,2950000000.0,937000000.0,0.43,1.499,11.065,10.856,36854000000.0,0.0,12.082,1.285,1.266,1946000000.0,8091000000.0,15561000000.0,15561000000.0,0.0,0.037,0.141,0.054,0.206,0.0,0.0,1.0,1654759536.0,1630000000,1640400000.0,9.547,50942000000.0,0.0,522000000.0,5544000000.0,31.253,-2225000000.0
46,NEE,MRT,2009-12-31,2009-12-31,2009-12-31,2021-07-26,169000000.0,48458000000.0,46830250000.0,4337000000.0,44121000000.0,0.334,8.016,-2938000000.0,238000000.0,238000000.0,11284000000.0,1615000000.0,0.673,2.737,18889000000.0,2589000000.0,16300000000.0,18889000000.0,377000000.0,1765000000.0,613000000.0,0.036,0.472,2791000000.0,4556000000.0,0.291,4556000000.0,2791000000.0,1942000000.0,0.998,0.993,0.998,12967000000.0,12485500000.0,12967000000.0,39513002484.0,14.0,8.673,1525000000.0,0.943,1.0,4359000000.0,0.279,0.0,849000000.0,60660000000.0,57821500000.0,2291000000.0,4325000000.0,0.0,4325000000.0,35491000000.0,6449000000.0,29042000000.0,21833002484.0,-297000000.0,0.0,198000000.0,1739000000.0,-766000000.0,1175000000.0,-5935000000.0,-127000000.0,4463000000.0,0.0,1615000000.0,1615000000.0,1615000000.0,0.0,0.0,0.103,1765000000.0,2594000000.0,992000000.0,0.473,1.684,13.519,13.231,36078000000.0,0.0,13.205,1.396,1.365,2247000000.0,7739000000.0,15643000000.0,15643000000.0,0.0,0.034,0.129,0.048,0.178,0.0,0.0,1.0,1653389056.0,1617600000,1628800000.0,9.67,48458000000.0,0.0,327000000.0,5326000000.0,29.957,-2112000000.0
47,NEE,MRT,2009-09-30,2009-09-30,2009-09-30,2021-07-26,132000000.0,47155000000.0,45921000000.0,4176000000.0,42979000000.0,0.348,7.857,-2816000000.0,164000000.0,164000000.0,11555000000.0,1674000000.0,0.637,2.704,17844000000.0,2243000000.0,15601000000.0,17844000000.0,0.0,1694000000.0,601000000.0,0.034,0.466,2900000000.0,4594000000.0,0.287,4594000000.0,2900000000.0,2054000000.0,1.04,1.033,1.04,12732000000.0,12164000000.0,12732000000.0,39895005721.0,14.0,8.684,1554000000.0,0.959,1.0,4437000000.0,0.277,0.0,846000000.0,58278000000.0,56077250000.0,2383000000.0,4301000000.0,0.0,4301000000.0,34423000000.0,6557000000.0,27866000000.0,22725005721.0,-1428000000.0,0.0,195000000.0,724000000.0,-753000000.0,171000000.0,-5969000000.0,-537000000.0,4370000000.0,0.0,1674000000.0,1674000000.0,1674000000.0,0.0,0.0,0.105,1648000000.0,2789000000.0,1057000000.0,0.448,1.785,13.575,13.276,35216000000.0,0.0,13.807,1.421,1.399,1898000000.0,7583000000.0,15992000000.0,15992000000.0,0.0,0.036,0.138,0.052,0.181,0.0,0.0,1.0,1645845064.0,1620400000,1632000000.0,9.869,47155000000.0,0.0,380000000.0,5098000000.0,29.101,-2381000000.0
48,NEE,MRT,2009-06-30,2009-06-30,2009-06-30,2021-07-26,114000000.0,46404000000.0,45501750000.0,4869000000.0,41535000000.0,0.372,7.582,-2615000000.0,276000000.0,276000000.0,12067000000.0,1915000000.0,0.732,2.79,17446000000.0,1782000000.0,15664000000.0,17446000000.0,0.0,1609000000.0,592000000.0,0.032,0.459,3319000000.0,4928000000.0,0.291,4928000000.0,3319000000.0,2474000000.0,1.192,1.185,1.192,12244000000.0,11864500000.0,12244000000.0,40120687706.0,12.0,8.141,864000000.0,0.535,1.0,4839000000.0,0.286,0.0,845000000.0,56924000000.0,54612500000.0,2303000000.0,3988000000.0,0.0,3988000000.0,34160000000.0,6650000000.0,27510000000.0,23357687706.0,-148000000.0,0.0,101000000.0,2716000000.0,-740000000.0,2072000000.0,-5699000000.0,-614000000.0,3479000000.0,0.0,1915000000.0,1915000000.0,1915000000.0,0.0,0.0,0.113,1583000000.0,3256000000.0,1255000000.0,0.385,1.908,12.197,11.925,34197000000.0,0.0,14.215,1.382,1.358,1697000000.0,7242000000.0,16906000000.0,16906000000.0,0.0,0.042,0.161,0.061,0.196,0.0,0.0,1.0,1643171840.0,1614800000,1625600000.0,10.469,46404000000.0,0.0,559000000.0,4856000000.0,28.737,-1781000000.0
49,NEE,MRT,2009-03-31,2009-03-31,2009-03-31,2021-07-26,61000000.0,45304000000.0,44839000000.0,5154000000.0,40150000000.0,0.372,7.457,-2526000000.0,276000000.0,276000000.0,12209000000.0,1754000000.0,0.776,2.776,17039000000.0,1940000000.0,15099000000.0,17039000000.0,0.0,1518000000.0,588000000.0,0.036,0.452,3018000000.0,4536000000.0,0.272,4536000000.0,3018000000.0,2193000000.0,1.092,1.087,1.092,11999000000.0,11457000000.0,11999000000.0,37296872331.0,12.0,8.222,603000000.0,0.375,1.0,4471000000.0,0.268,0.0,825000000.0,55424000000.0,52792000000.0,2216000000.0,3768000000.0,0.0,3768000000.0,33305000000.0,6643000000.0,26662000000.0,20745872331.0,-327000000.0,0.0,82000000.0,2914000000.0,-727000000.0,2260000000.0,-5716000000.0,-628000000.0,3129000000.0,0.0,1754000000.0,1754000000.0,1754000000.0,0.0,0.0,0.105,1507000000.0,2964000000.0,1058000000.0,0.414,1.729,11.828,11.614,33053000000.0,0.0,12.682,1.244,1.224,1608000000.0,7058000000.0,16680000000.0,16680000000.0,0.0,0.039,0.153,0.057,0.181,0.0,0.0,1.0,1635787292.0,1609200000,1619200000.0,10.365,45304000000.0,0.0,439000000.0,4654000000.0,28.153,-1489000000.0
50,NEE,MRT,2008-12-31,2008-12-31,2008-12-31,2021-07-26,0.0,44821000000.0,43845500000.0,5392000000.0,39429000000.0,0.374,7.299,-2521000000.0,535000000.0,535000000.0,12143000000.0,1639000000.0,0.701,2.837,17086000000.0,3253000000.0,13833000000.0,17086000000.0,11000000.0,1442000000.0,575000000.0,0.035,0.445,2902000000.0,4344000000.0,0.265,4344000000.0,2902000000.0,2089000000.0,1.025,1.018,1.025,11681000000.0,11135750000.0,11681000000.0,36013211993.0,12.0,8.29,882000000.0,0.551,1.0,4267000000.0,0.26,0.0,813000000.0,53683000000.0,51157500000.0,2228000000.0,3870000000.0,0.0,3870000000.0,33140000000.0,7689000000.0,25451000000.0,20571211993.0,245000000.0,0.0,41000000.0,3317000000.0,-714000000.0,2650000000.0,-5808000000.0,-636000000.0,3403000000.0,0.0,1639000000.0,1639000000.0,1639000000.0,0.0,0.0,0.1,1442000000.0,2825000000.0,1062000000.0,0.434,1.761,12.551,12.276,32411000000.0,0.0,12.582,1.254,1.227,1707000000.0,6885000000.0,16410000000.0,16410000000.0,0.0,0.037,0.147,0.057,0.177,0.0,0.0,1.0,1634906576.0,1600400000,1610800000.0,10.254,44821000000.0,0.0,450000000.0,4605000000.0,28.006,-2297000000.0
51,NEE,MRT,2008-09-30,2008-09-30,2008-09-30,2021-07-26,103000000.0,45478000000.0,42671000000.0,6308000000.0,39170000000.0,0.377,7.202,-2494000000.0,1592000000.0,1592000000.0,12165000000.0,1456000000.0,0.742,2.943,17034000000.0,4220000000.0,12814000000.0,17034000000.0,13000000.0,1446000000.0,565000000.0,0.035,0.436,2613000000.0,4059000000.0,0.252,4059000000.0,2613000000.0,1806000000.0,0.907,0.902,0.907,11534000000.0,10899250000.0,11534000000.0,34783046547.0,13.0,8.569,712000000.0,0.445,1.0,3925000000.0,0.244,0.0,807000000.0,52419000000.0,49680000000.0,2230000000.0,3695000000.0,0.0,3695000000.0,33944000000.0,8501000000.0,25443000000.0,20547046547.0,1242000000.0,0.0,42000000.0,3161000000.0,-699000000.0,2589000000.0,-4553000000.0,-205000000.0,3206000000.0,0.0,1456000000.0,1456000000.0,1456000000.0,0.0,0.0,0.09,1432000000.0,2493000000.0,1423000000.0,0.481,1.781,14.112,13.864,31345000000.0,0.0,12.575,1.277,1.252,2068000000.0,6656000000.0,16090000000.0,16090000000.0,0.0,0.034,0.134,0.053,0.162,0.0,0.0,1.0,1633959964.0,1601600000,1612000000.0,10.046,45478000000.0,0.0,350000000.0,4794000000.0,28.395,-2193000000.0
52,NEE,MRT,2008-06-30,2008-06-30,2008-06-30,2021-07-26,-187000000.0,43753000000.0,41194250000.0,5488000000.0,38265000000.0,0.371,6.637,-2422000000.0,424000000.0,424000000.0,11808000000.0,1215000000.0,0.657,3.122,14660000000.0,2603000000.0,12057000000.0,14660000000.0,10000000.0,1408000000.0,559000000.0,0.026,0.427,2229000000.0,3637000000.0,0.238,3637000000.0,2229000000.0,1431000000.0,0.76,0.755,0.76,10614000000.0,10669500000.0,10614000000.0,40199501009.0,18.0,11.053,1389000000.0,0.869,1.0,3470000000.0,0.227,0.0,798000000.0,49642000000.0,48115500000.0,2241000000.0,3767000000.0,0.0,3767000000.0,33139000000.0,8347000000.0,24792000000.0,26764501009.0,-299000000.0,0.0,42000000.0,1764000000.0,-684000000.0,1159000000.0,-5269000000.0,-170000000.0,3811000000.0,0.0,1215000000.0,1215000000.0,1215000000.0,0.0,0.0,0.08,1393000000.0,2077000000.0,1912000000.0,0.562,2.522,22.028,21.572,30499000000.0,0.0,16.395,1.752,1.716,2028000000.0,6060000000.0,15278000000.0,15278000000.0,0.0,0.029,0.114,0.046,0.146,0.0,0.0,1.0,1632479476.0,1599200000,1610400000.0,9.554,43753000000.0,0.0,216000000.0,4256000000.0,27.359,-2859000000.0
53,NEE,MRT,2008-03-31,2008-03-31,2008-03-31,2021-07-26,-10000000.0,41330000000.0,39591750000.0,4279000000.0,37051000000.0,0.395,6.711,-2242000000.0,603000000.0,603000000.0,11833000000.0,1411000000.0,0.728,2.858,14038000000.0,1734000000.0,12304000000.0,14038000000.0,15000000.0,1373000000.0,548000000.0,0.027,0.419,2584000000.0,3957000000.0,0.253,3957000000.0,2584000000.0,1803000000.0,0.885,0.877,0.885,10714000000.0,10566250000.0,10714000000.0,38966398255.0,15.0,9.847,1449000000.0,0.908,1.0,3789000000.0,0.243,0.0,781000000.0,48886000000.0,46518750000.0,1968000000.0,3785000000.0,0.0,3785000000.0,30616000000.0,5879000000.0,24737000000.0,25558398255.0,377000000.0,0.0,43000000.0,2200000000.0,-669000000.0,1599000000.0,-4913000000.0,-230000000.0,3691000000.0,0.0,1411000000.0,1411000000.0,1411000000.0,0.0,0.0,0.09,1361000000.0,2428000000.0,1328000000.0,0.473,2.386,18.114,17.723,29451000000.0,0.0,15.685,1.636,1.603,1710000000.0,6030000000.0,15622000000.0,15622000000.0,0.0,0.036,0.134,0.056,0.165,0.0,0.0,1.0,1629480284.0,1596400000,1608000000.0,9.786,41330000000.0,0.0,392000000.0,4368000000.0,25.89,-1600000000.0
54,NEE,MRT,2007-12-31,2007-12-31,2007-12-31,2021-07-26,0.0,40123000000.0,38143000000.0,3779000000.0,36344000000.0,0.4,6.748,-2167000000.0,290000000.0,290000000.0,11645000000.0,1312000000.0,0.656,2.738,13698000000.0,2418000000.0,11280000000.0,13698000000.0,18000000.0,1335000000.0,539000000.0,0.024,0.41,2442000000.0,3777000000.0,0.247,3777000000.0,2442000000.0,1680000000.0,0.825,0.818,0.825,10735000000.0,10355500000.0,10735000000.0,41053725896.0,17.0,10.869,1426000000.0,0.896,1.0,3618000000.0,0.237,0.0,762000000.0,47773000000.0,44580500000.0,1953000000.0,3873000000.0,0.0,3873000000.0,29388000000.0,5758000000.0,23630000000.0,27591725896.0,-330000000.0,0.0,46000000.0,1253000000.0,-654000000.0,655000000.0,-4578000000.0,-236000000.0,3593000000.0,0.0,1312000000.0,1312000000.0,1312000000.0,0.0,0.0,0.086,1335000000.0,2283000000.0,1204000000.0,0.497,2.57,21.03,20.539,28652000000.0,0.0,16.945,1.808,1.766,1721000000.0,5945000000.0,15263000000.0,15263000000.0,0.0,0.034,0.127,0.055,0.16,0.0,0.0,1.0,1628310764.0,1590800000,1602400000.0,9.595,40123000000.0,0.0,368000000.0,4172000000.0,25.222,-1979000000.0
55,NEE,MRT,2007-09-30,2007-09-30,2007-09-30,2021-07-26,115000000.0,39571000000.0,37067750000.0,4384000000.0,35187000000.0,0.41,6.666,-2108000000.0,350000000.0,350000000.0,11600000000.0,1356000000.0,0.638,2.728,13812000000.0,2968000000.0,10844000000.0,13812000000.0,28000000.0,1211000000.0,534000000.0,0.026,0.401,2462000000.0,3673000000.0,0.242,3673000000.0,2462000000.0,1730000000.0,0.853,0.847,0.853,10615000000.0,10154250000.0,10615000000.0,36872924733.0,15.0,10.039,1716000000.0,1.078,1.0,3602000000.0,0.237,0.0,732000000.0,46161000000.0,42939500000.0,1886000000.0,3966000000.0,0.0,3966000000.0,28956000000.0,6872000000.0,22084000000.0,24767924733.0,191000000.0,0.0,57000000.0,1796000000.0,-638000000.0,1150000000.0,-4783000000.0,-233000000.0,3824000000.0,0.0,1356000000.0,1356000000.0,1356000000.0,0.0,0.0,0.089,1423000000.0,2179000000.0,1279000000.0,0.47,2.333,18.265,17.843,27714000000.0,0.0,15.22,1.629,1.594,1861000000.0,5866000000.0,15202000000.0,15202000000.0,0.0,0.037,0.134,0.057,0.162,0.0,0.0,1.0,1627327512.0,1592400000,1603600000.0,9.547,39571000000.0,0.0,374000000.0,4211000000.0,24.85,-2488000000.0
56,NEE,MRT,2007-06-30,2007-06-30,2007-06-30,2021-07-26,101000000.0,37343000000.0,35892250000.0,4701000000.0,32642000000.0,0.427,6.414,-1980000000.0,723000000.0,723000000.0,11724000000.0,1350000000.0,0.759,2.661,12828000000.0,2506000000.0,10322000000.0,12828000000.0,38000000.0,1187000000.0,527000000.0,0.028,0.392,2445000000.0,3632000000.0,0.237,3632000000.0,2445000000.0,1728000000.0,0.85,0.845,0.85,10201000000.0,9895500000.0,10201000000.0,34611038166.0,14.0,9.529,1894000000.0,1.191,1.0,3597000000.0,0.235,0.0,717000000.0,43255000000.0,41511250000.0,1569000000.0,3480000000.0,0.0,3480000000.0,27142000000.0,6193000000.0,20949000000.0,23060038166.0,589000000.0,0.0,57000000.0,771000000.0,-623000000.0,190000000.0,-3475000000.0,-208000000.0,3874000000.0,0.0,1350000000.0,1350000000.0,1350000000.0,0.0,0.0,0.088,1446000000.0,2151000000.0,1247000000.0,0.461,2.261,17.082,16.688,25825000000.0,0.0,14.185,1.505,1.472,1879000000.0,5497000000.0,15321000000.0,15321000000.0,0.0,0.038,0.136,0.059,0.16,0.0,0.0,1.0,1625663600.0,1590400000,1601600000.0,9.633,37343000000.0,0.0,378000000.0,4066000000.0,23.48,-1492000000.0
57,NEE,MRT,2007-03-31,2007-03-31,2007-03-31,2021-07-26,50000000.0,35535000000.0,34997500000.0,3941000000.0,31594000000.0,0.434,6.219,-2049000000.0,226000000.0,226000000.0,11769000000.0,1181000000.0,0.662,2.6,11777000000.0,2686000000.0,9091000000.0,11777000000.0,155000000.0,1162000000.0,522000000.0,0.025,0.384,2224000000.0,3386000000.0,0.223,3386000000.0,2224000000.0,1507000000.0,0.745,0.743,0.745,9871000000.0,9614000000.0,9871000000.0,36522942991.0,16.0,10.786,1785000000.0,1.125,1.0,3432000000.0,0.226,0.0,717000000.0,41133000000.0,40380000000.0,1481000000.0,3310000000.0,0.0,3310000000.0,25664000000.0,5953000000.0,19711000000.0,24809942991.0,78000000.0,0.0,45000000.0,227000000.0,-608000000.0,-329000000.0,-3427000000.0,-105000000.0,3834000000.0,0.0,1181000000.0,1181000000.0,1181000000.0,0.0,0.0,0.078,1510000000.0,1922000000.0,995000000.0,0.515,2.513,21.008,20.527,25171000000.0,0.0,15.293,1.632,1.597,1935000000.0,5255000000.0,15201000000.0,15201000000.0,0.0,0.034,0.123,0.055,0.146,0.0,0.0,1.0,1622360176.0,1587200000,1598800000.0,9.577,35535000000.0,0.0,326000000.0,3846000000.0,22.388,-2012000000.0
58,NEE,MRT,2006-12-31,2006-12-31,2006-12-31,2021-07-26,0.0,35822000000.0,34322750000.0,4830000000.0,30992000000.0,0.458,6.309,-2038000000.0,620000000.0,620000000.0,12097000000.0,1281000000.0,0.764,2.607,12333000000.0,2742000000.0,9591000000.0,12333000000.0,37000000.0,1143000000.0,510000000.0,0.028,0.375,2384000000.0,3527000000.0,0.225,3527000000.0,2384000000.0,1678000000.0,0.812,0.807,0.812,9930000000.0,9381500000.0,9930000000.0,33768313836.0,14.0,9.574,460000000.0,0.292,1.0,3613000000.0,0.23,0.0,706000000.0,41209000000.0,39508000000.0,1473000000.0,3357000000.0,0.0,3357000000.0,25892000000.0,6326000000.0,19566000000.0,22026313836.0,90000000.0,0.0,285000000.0,1681000000.0,-593000000.0,1399000000.0,-3807000000.0,-95000000.0,2498000000.0,0.0,1281000000.0,1281000000.0,1281000000.0,0.0,0.0,0.082,1516000000.0,2097000000.0,1060000000.0,0.462,2.218,17.195,16.755,24499000000.0,0.0,13.605,1.402,1.363,1656000000.0,5256000000.0,15710000000.0,15710000000.0,0.0,0.037,0.137,0.06,0.152,0.0,0.0,1.0,1618986684.0,1574000000,1586000000.0,9.981,35822000000.0,0.0,397000000.0,3734000000.0,22.759,-1496000000.0
59,NEE,MRT,2006-09-30,2006-09-30,2006-09-30,2021-07-26,-10000000.0,34869000000.0,33614750000.0,4834000000.0,30035000000.0,0.454,6.065,-1978000000.0,159000000.0,159000000.0,11659000000.0,1236000000.0,0.784,2.64,11901000000.0,2270000000.0,9631000000.0,11901000000.0,37000000.0,1167000000.0,478000000.0,0.033,0.37,2363000000.0,3530000000.0,0.231,3530000000.0,2363000000.0,1672000000.0,0.788,0.782,0.788,9580000000.0,9039250000.0,9580000000.0,29994871155.0,13.0,8.497,-1527000000.0,-0.967,1.0,3592000000.0,0.236,0.0,691000000.0,40448000000.0,38154500000.0,1441000000.0,3207000000.0,0.0,3207000000.0,25289000000.0,6163000000.0,19126000000.0,18198871155.0,-943000000.0,0.0,270000000.0,2118000000.0,-582000000.0,1812000000.0,-3206000000.0,208000000.0,451000000.0,0.0,1236000000.0,1236000000.0,1236000000.0,0.0,0.0,0.081,1434000000.0,2158000000.0,1065000000.0,0.47,1.9,14.724,14.277,24249000000.0,0.0,11.25,1.193,1.165,1862000000.0,5072000000.0,15251000000.0,15251000000.0,0.0,0.037,0.137,0.062,0.155,0.0,0.0,1.0,1617677436.0,1579600000,1590400000.0,9.655,34869000000.0,0.0,436000000.0,3763000000.0,22.075,-1329000000.0
60,NEE,MRT,2006-06-30,2006-06-30,2006-06-30,2021-07-26,-111000000.0,33764000000.0,33308500000.0,4367000000.0,29397000000.0,0.422,5.754,-1940000000.0,134000000.0,134000000.0,10747000000.0,1048000000.0,0.639,2.721,11930000000.0,3570000000.0,8360000000.0,11930000000.0,39000000.0,1202000000.0,457000000.0,0.035,0.365,2068000000.0,3270000000.0,0.233,3270000000.0,2068000000.0,1406000000.0,0.675,0.67,0.675,9075000000.0,8743500000.0,9075000000.0,28027163102.0,14.0,8.571,-713000000.0,-0.452,1.0,3314000000.0,0.236,0.0,662000000.0,38730000000.0,36620250000.0,1398000000.0,3045000000.0,0.0,3045000000.0,24689000000.0,6830000000.0,17859000000.0,16728163102.0,-20000000.0,0.0,284000000.0,2050000000.0,-569000000.0,1765000000.0,-3012000000.0,328000000.0,1227000000.0,0.0,1048000000.0,1048000000.0,1048000000.0,0.0,0.0,0.075,1469000000.0,1845000000.0,1061000000.0,0.541,1.843,15.962,15.326,23878000000.0,0.0,10.345,1.19,1.16,1844000000.0,4696000000.0,14061000000.0,14061000000.0,0.0,0.031,0.12,0.056,0.147,0.0,0.0,1.0,1617028816.0,1577200000,1586800000.0,8.915,33764000000.0,0.0,358000000.0,3719000000.0,21.408,-2463000000.0
61,NEE,MRT,2006-03-31,2006-03-31,2006-03-31,2021-07-26,-130000000.0,32836000000.0,32360250000.0,4022000000.0,28814000000.0,0.402,5.743,-1894000000.0,148000000.0,148000000.0,9827000000.0,1015000000.0,0.62,2.673,11447000000.0,3619000000.0,7828000000.0,11447000000.0,38000000.0,1221000000.0,445000000.0,0.036,0.36,1976000000.0,3197000000.0,0.246,3197000000.0,1976000000.0,1352000000.0,0.657,0.65,0.657,8941000000.0,8538000000.0,8941000000.0,25921581094.0,13.0,8.108,-678000000.0,-0.436,1.0,3166000000.0,0.244,0.0,624000000.0,37645000000.0,35701750000.0,1350000000.0,3090000000.0,0.0,3090000000.0,23895000000.0,6490000000.0,17405000000.0,15849581094.0,-93000000.0,0.0,287000000.0,1578000000.0,-557000000.0,1369000000.0,-2678000000.0,301000000.0,1216000000.0,0.0,1015000000.0,1015000000.0,1015000000.0,0.0,0.0,0.078,1436000000.0,1730000000.0,926000000.0,0.548,1.773,15.615,15.274,23285000000.0,0.0,10.035,1.22,1.202,1529000000.0,4606000000.0,12993000000.0,12993000000.0,0.0,0.031,0.119,0.055,0.152,0.0,0.0,1.0,1579430104.0,1556800000,1571600000.0,8.346,32836000000.0,0.0,337000000.0,3692000000.0,21.092,-2468000000.0
62,NEE,MRT,2005-12-31,2005-12-31,2005-12-31,2021-07-26,0.0,32990000000.0,31487000000.0,4987000000.0,28003000000.0,0.376,5.631,-1731000000.0,530000000.0,530000000.0,8916000000.0,901000000.0,0.686,2.854,10602000000.0,2563000000.0,8039000000.0,10602000000.0,32000000.0,1242000000.0,433000000.0,0.034,0.355,1776000000.0,3018000000.0,0.255,3018000000.0,1776000000.0,1183000000.0,0.593,0.585,0.593,8561000000.0,8325250000.0,8561000000.0,25040186226.0,14.0,8.297,-184000000.0,-0.121,1.0,2930000000.0,0.247,0.0,593000000.0,35795000000.0,35029750000.0,1087000000.0,2875000000.0,0.0,2875000000.0,24429000000.0,7267000000.0,17162000000.0,16410186226.0,305000000.0,0.0,639000000.0,838000000.0,-544000000.0,923000000.0,-2165000000.0,286000000.0,1547000000.0,0.0,901000000.0,901000000.0,901000000.0,0.0,0.0,0.076,1440000000.0,1490000000.0,1245000000.0,0.599,1.917,18.213,17.521,22421000000.0,0.0,10.39,1.385,1.334,1430000000.0,4506000000.0,11846000000.0,11846000000.0,0.0,0.029,0.108,0.051,0.15,0.0,0.0,1.0,1579421196.0,1520400000,1542800000.0,7.791,32990000000.0,0.0,282000000.0,3305000000.0,21.698,-2280000000.0
63,NEE,MRT,2005-09-30,2005-09-30,2005-09-30,2021-07-26,-213000000.0,33644000000.0,30322750000.0,6031000000.0,27613000000.0,0.372,5.47,-1692000000.0,1102000000.0,1102000000.0,8438000000.0,860000000.0,0.757,3.007,9732000000.0,1945000000.0,7787000000.0,9732000000.0,35000000.0,1210000000.0,426000000.0,0.029,0.351,1644000000.0,2854000000.0,0.253,2854000000.0,1644000000.0,1095000000.0,0.57,0.562,0.57,8397000000.0,8069250000.0,8397000000.0,28452199728.0,17.0,9.969,1162000000.0,0.757,1.0,2833000000.0,0.251,0.0,549000000.0,34311000000.0,34482000000.0,979000000.0,2990000000.0,0.0,2990000000.0,25247000000.0,7963000000.0,17284000000.0,18755199728.0,651000000.0,0.0,680000000.0,7000000.0,-529000000.0,163000000.0,-2366000000.0,82000000.0,2854000000.0,0.0,860000000.0,860000000.0,860000000.0,0.0,0.0,0.076,1453000000.0,1380000000.0,1341000000.0,0.616,2.234,21.808,20.877,22142000000.0,0.0,11.9,1.664,1.621,1826000000.0,4437000000.0,11271000000.0,11271000000.0,0.0,0.028,0.107,0.048,0.146,0.0,0.0,1.0,1576067204.0,1535200000,1559200000.0,7.342,33644000000.0,0.0,235000000.0,3436000000.0,21.915,-1932000000.0
64,NEE,MRT,2005-06-30,2005-06-30,2005-06-30,2021-07-26,-113000000.0,29971000000.0,29041250000.0,3390000000.0,26581000000.0,0.37,5.41,-1582000000.0,154000000.0,154000000.0,8042000000.0,841000000.0,0.735,2.632,9851000000.0,1743000000.0,8108000000.0,9851000000.0,31000000.0,1176000000.0,415000000.0,0.033,0.348,1587000000.0,2763000000.0,0.257,2763000000.0,1587000000.0,1066000000.0,0.573,0.565,0.573,8253000000.0,7827000000.0,8253000000.0,26072708476.0,16.0,9.436,131000000.0,0.086,1.0,2708000000.0,0.252,0.0,521000000.0,35056000000.0,34327000000.0,988000000.0,3023000000.0,0.0,3023000000.0,21718000000.0,4612000000.0,17106000000.0,16485708476.0,-68000000.0,0.0,673000000.0,324000000.0,-516000000.0,452000000.0,-2233000000.0,-5000000.0,1713000000.0,0.0,841000000.0,841000000.0,841000000.0,0.0,0.0,0.078,1364000000.0,1344000000.0,1074000000.0,0.607,1.998,19.603,18.351,21804000000.0,0.0,10.515,1.534,1.492,1655000000.0,4235000000.0,10750000000.0,10750000000.0,0.0,0.029,0.107,0.046,0.148,0.0,0.0,1.0,1567827720.0,1525600000,1545200000.0,7.046,29971000000.0,0.0,225000000.0,3208000000.0,19.645,-1222000000.0
65,NEE,MRT,2005-03-31,2005-03-31,2005-03-31,2021-07-26,-101000000.0,29343000000.0,28350000000.0,3159000000.0,26184000000.0,0.375,5.456,-1517000000.0,241000000.0,241000000.0,7866000000.0,895000000.0,0.795,2.627,9828000000.0,1327000000.0,8501000000.0,9828000000.0,33000000.0,1160000000.0,411000000.0,0.033,0.336,1666000000.0,2826000000.0,0.266,2826000000.0,1666000000.0,1161000000.0,0.62,0.613,0.62,8090000000.0,7568000000.0,8090000000.0,24480716905.0,15.0,8.663,400000000.0,0.27,1.0,2762000000.0,0.26,0.0,505000000.0,34957000000.0,33884250000.0,967000000.0,3126000000.0,0.0,3126000000.0,21253000000.0,3973000000.0,17280000000.0,14961716905.0,9000000.0,126000000.0,694000000.0,-104000000.0,-491000000.0,54000000.0,-1962000000.0,40000000.0,1917000000.0,0.0,895000000.0,895000000.0,895000000.0,0.0,0.0,0.084,1304000000.0,1458000000.0,684000000.0,0.542,1.849,16.717,16.19,21471000000.0,0.0,10.037,1.408,1.4,1277000000.0,4168000000.0,10628000000.0,10628000000.0,0.0,0.032,0.118,0.049,0.157,0.0,0.0,1.0,1490582008.0,1482800000,1506800000.0,7.168,29343000000.0,0.0,266000000.0,3270000000.0,19.789,-814000000.0
66,NEE,MRT,2004-12-31,2004-12-31,2004-12-31,2021-07-26,0.0,28333000000.0,27783750000.0,2527000000.0,25806000000.0,0.379,5.254,-1541000000.0,225000000.0,225000000.0,7758000000.0,896000000.0,0.595,2.759,9744000000.0,1717000000.0,8027000000.0,9744000000.0,30000000.0,1153000000.0,394000000.0,0.035,0.325,1657000000.0,2810000000.0,0.267,2810000000.0,1657000000.0,1168000000.0,0.625,0.62,0.625,7537000000.0,7298250000.0,7537000000.0,23141749794.0,14.0,8.235,1109000000.0,0.773,1.0,2764000000.0,0.263,0.0,489000000.0,33604000000.0,33529250000.0,898000000.0,3011000000.0,0.0,3011000000.0,20796000000.0,4248000000.0,16548000000.0,13872749794.0,96000000.0,126000000.0,110000000.0,-286000000.0,-467000000.0,-682000000.0,-1872000000.0,85000000.0,2650000000.0,0.0,896000000.0,896000000.0,896000000.0,0.0,0.0,0.085,1279000000.0,1485000000.0,762000000.0,0.52,1.841,15.483,14.95,21226000000.0,0.0,9.344,1.318,1.274,1044000000.0,4165000000.0,10522000000.0,10522000000.0,0.0,0.032,0.123,0.049,0.157,0.0,0.0,1.0,1484709008.0,1434400000,1446800000.0,7.335,28333000000.0,0.0,272000000.0,2993000000.0,19.753,-1721000000.0
67,NEE,MRT,2004-09-30,2004-09-30,2004-09-30,2021-07-26,-50000000.0,28518000000.0,27434250000.0,3288000000.0,25230000000.0,0.378,5.171,-1510000000.0,451000000.0,451000000.0,7696000000.0,860000000.0,0.803,2.839,9720000000.0,1169000000.0,8551000000.0,9720000000.0,29000000.0,1149000000.0,393000000.0,0.037,0.315,1625000000.0,2774000000.0,0.268,2774000000.0,1625000000.0,1145000000.0,0.602,0.599,0.602,7428000000.0,7155750000.0,7428000000.0,21944854093.0,14.0,7.911,1447000000.0,1.007,1.0,2672000000.0,0.258,0.0,480000000.0,33691000000.0,33481000000.0,880000000.0,3409000000.0,519000000.0,2890000000.0,21090000000.0,4096000000.0,16994000000.0,12656854093.0,-484000000.0,126000000.0,81000000.0,-547000000.0,-452000000.0,-1194000000.0,-2247000000.0,18000000.0,2957000000.0,0.0,860000000.0,860000000.0,860000000.0,0.0,0.0,0.083,1194000000.0,1478000000.0,679000000.0,0.523,1.704,14.717,14.186,20744000000.0,0.0,8.54,1.221,1.183,1397000000.0,4116000000.0,10368000000.0,10368000000.0,0.0,0.031,0.12,0.049,0.157,0.0,0.0,1.0,1482067224.0,1436400000,1448800000.0,7.218,28518000000.0,0.0,285000000.0,3183000000.0,19.854,-808000000.0
68,NEE,MRT,2004-06-30,2004-06-30,2004-06-30,2021-07-26,-24000000.0,27206000000.0,26593500000.0,2363000000.0,24843000000.0,0.382,5.038,-1580000000.0,222000000.0,222000000.0,7462000000.0,871000000.0,0.736,2.77,9510000000.0,984000000.0,8526000000.0,9510000000.0,31000000.0,1133000000.0,383000000.0,0.038,0.305,1637000000.0,2770000000.0,0.273,2770000000.0,1637000000.0,1173000000.0,0.612,0.611,0.612,7217000000.0,7025000000.0,7217000000.0,21522749271.0,13.0,7.77,1373000000.0,0.959,1.0,2698000000.0,0.266,0.0,464000000.0,33285000000.0,32659500000.0,841000000.0,3261000000.0,269000000.0,2992000000.0,19989000000.0,3209000000.0,16780000000.0,11818749271.0,-59000000.0,126000000.0,90000000.0,81000000.0,-435000000.0,-515000000.0,-2497000000.0,13000000.0,2953000000.0,0.0,871000000.0,871000000.0,871000000.0,0.0,0.0,0.086,1178000000.0,1520000000.0,793000000.0,0.498,1.638,13.569,13.062,20660000000.0,0.0,7.994,1.163,1.127,1087000000.0,3918000000.0,10160000000.0,10160000000.0,0.0,0.033,0.124,0.05,0.161,0.0,0.0,1.0,1478498736.0,1432400000,1439200000.0,7.093,27206000000.0,0.0,302000000.0,2669000000.0,18.993,-846000000.0
69,NEE,MRT,2004-03-31,2004-03-31,2004-03-31,2021-07-26,-19000000.0,27078000000.0,25647250000.0,2266000000.0,24812000000.0,0.385,4.912,-1549000000.0,232000000.0,232000000.0,7234000000.0,853000000.0,0.698,2.862,9936000000.0,1269000000.0,8667000000.0,9936000000.0,38000000.0,1102000000.0,371000000.0,0.036,0.302,1595000000.0,2697000000.0,0.273,2697000000.0,1595000000.0,1171000000.0,0.601,0.601,0.601,7011000000.0,6889750000.0,7011000000.0,22205607254.0,14.0,8.233,966000000.0,0.677,1.0,2646000000.0,0.268,0.0,424000000.0,33537000000.0,31288500000.0,896000000.0,3463000000.0,273000000.0,3190000000.0,20067000000.0,3245000000.0,16822000000.0,12324607254.0,-100000000.0,0.0,76000000.0,1076000000.0,-430000000.0,416000000.0,-3031000000.0,13000000.0,2515000000.0,0.0,853000000.0,853000000.0,853000000.0,0.0,0.0,0.086,1147000000.0,1499000000.0,566000000.0,0.502,1.758,14.449,13.904,20469000000.0,0.0,8.356,1.247,1.207,1007000000.0,3773000000.0,9880000000.0,9880000000.0,0.0,0.033,0.124,0.051,0.161,0.0,0.0,1.0,1474896904.0,1427200000,1437200000.0,6.923,27078000000.0,0.0,318000000.0,2578000000.0,18.973,-979000000.0
70,NEE,MRT,2003-12-31,2003-12-31,2003-12-31,2021-07-26,0.0,26935000000.0,24476500000.0,2470000000.0,24465000000.0,0.393,4.905,-1425000000.0,129000000.0,129000000.0,6994000000.0,890000000.0,0.725,2.866,10010000000.0,1287000000.0,8723000000.0,10010000000.0,48000000.0,1060000000.0,357000000.0,0.037,0.3,1637000000.0,2697000000.0,0.28,2697000000.0,1637000000.0,1258000000.0,0.627,0.627,0.627,6967000000.0,6761000000.0,6967000000.0,21314824319.0,13.0,7.903,829000000.0,0.584,1.0,2636000000.0,0.274,0.0,379000000.0,33411000000.0,29357000000.0,921000000.0,3246000000.0,188000000.0,3058000000.0,19968000000.0,3405000000.0,16563000000.0,12033824319.0,-137000000.0,0.0,73000000.0,1326000000.0,-425000000.0,698000000.0,-3089000000.0,13000000.0,2254000000.0,0.0,890000000.0,890000000.0,890000000.0,0.0,0.0,0.092,1105000000.0,1531000000.0,542000000.0,0.478,1.727,13.521,13.042,20297000000.0,0.0,8.178,1.25,1.206,1188000000.0,3745000000.0,9630000000.0,9630000000.0,0.0,0.036,0.132,0.056,0.17,0.0,0.0,1.0,1471577416.0,1420400000,1425200000.0,6.78,26935000000.0,0.0,368000000.0,2429000000.0,18.963,-935000000.0
71,NEE,MRT,2003-09-30,2003-09-30,2003-09-30,2021-07-26,11000000.0,25155000000.0,23539000000.0,3258000000.0,21897000000.0,0.387,4.854,-1439000000.0,935000000.0,935000000.0,6559000000.0,874000000.0,0.808,2.643,10216000000.0,1885000000.0,8331000000.0,10216000000.0,40000000.0,998000000.0,351000000.0,0.038,0.297,1612000000.0,2610000000.0,0.286,2610000000.0,1612000000.0,1268000000.0,0.618,0.615,0.618,6905000000.0,6616750000.0,6905000000.0,20160585186.0,13.0,7.724,280000000.0,0.197,1.0,2559000000.0,0.281,0.0,344000000.0,30405000000.0,27779250000.0,926000000.0,2896000000.0,0.0,2896000000.0,18250000000.0,4031000000.0,14219000000.0,11605585186.0,239000000.0,0.0,73000000.0,2631000000.0,-420000000.0,2248000000.0,-3728000000.0,0.0,1719000000.0,0.0,874000000.0,874000000.0,874000000.0,0.0,0.0,0.096,1042000000.0,1517000000.0,608000000.0,0.481,1.681,13.279,12.783,17924000000.0,0.0,7.9,1.273,1.232,1131000000.0,3708000000.0,9118000000.0,9118000000.0,0.0,0.037,0.132,0.058,0.177,0.0,0.0,1.0,1469061416.0,1422400000,1426400000.0,6.41,25155000000.0,0.0,394000000.0,2356000000.0,17.685,-773000000.0
72,NEE,MRT,2003-06-30,2003-06-30,2003-06-30,2021-07-26,43000000.0,23421000000.0,21923500000.0,2540000000.0,20881000000.0,0.397,4.707,-1359000000.0,281000000.0,281000000.0,6237000000.0,693000000.0,0.608,2.508,8836000000.0,2071000000.0,6765000000.0,8836000000.0,41000000.0,941000000.0,340000000.0,0.035,0.295,1296000000.0,2237000000.0,0.257,2237000000.0,1296000000.0,984000000.0,0.491,0.489,0.491,6676000000.0,6473000000.0,6676000000.0,20180814499.0,16.0,9.021,584000000.0,0.412,1.0,2459000000.0,0.283,0.0,312000000.0,27801000000.0,25584250000.0,408000000.0,2843000000.0,0.0,2843000000.0,16745000000.0,4175000000.0,12570000000.0,12252814499.0,-103000000.0,0.0,66000000.0,1977000000.0,-416000000.0,1592000000.0,-3638000000.0,0.0,1943000000.0,0.0,693000000.0,693000000.0,693000000.0,0.0,0.0,0.08,1192000000.0,1267000000.0,728000000.0,0.601,1.835,17.681,17.019,16969000000.0,0.0,8.356,1.409,1.363,1041000000.0,3483000000.0,8696000000.0,8696000000.0,0.0,0.032,0.107,0.051,0.149,0.0,0.0,1.0,1466305400.0,1418400000,1424800000.0,6.131,23421000000.0,0.0,291000000.0,2059000000.0,16.512,-1635000000.0
73,NEE,MRT,2003-03-31,2003-03-31,2003-03-31,2021-07-26,24000000.0,22395000000.0,20606250000.0,2261000000.0,20134000000.0,0.412,4.593,-1305000000.0,332000000.0,332000000.0,6067000000.0,704000000.0,0.501,2.448,8260000000.0,2469000000.0,5791000000.0,8260000000.0,59000000.0,904000000.0,325000000.0,0.04,0.292,1314000000.0,2218000000.0,0.261,2218000000.0,1314000000.0,1007000000.0,0.505,0.504,0.505,6496000000.0,6366000000.0,6496000000.0,18612582087.0,14.0,8.392,1029000000.0,0.728,1.0,2418000000.0,0.285,0.0,307000000.0,25811000000.0,24037500000.0,407000000.0,2664000000.0,0.0,2664000000.0,15899000000.0,4512000000.0,11387000000.0,10786582087.0,215000000.0,0.0,388000000.0,1348000000.0,-408000000.0,1283000000.0,-3402000000.0,0.0,2334000000.0,0.0,704000000.0,704000000.0,704000000.0,0.0,0.0,0.083,1155000000.0,1263000000.0,746000000.0,0.578,1.66,15.322,14.587,16455000000.0,0.0,7.366,1.271,1.228,965000000.0,3349000000.0,8485000000.0,8485000000.0,0.0,0.034,0.111,0.055,0.155,0.0,0.0,1.0,1464324736.0,1414400000,1416800000.0,5.999,22395000000.0,0.0,303000000.0,1936000000.0,15.834,-2251000000.0
74,NEE,MRT,2002-12-31,2002-12-31,2002-12-31,2021-07-26,0.0,23185000000.0,19376000000.0,1908000000.0,21277000000.0,0.422,4.62,-1277000000.0,266000000.0,266000000.0,5789000000.0,473000000.0,0.488,2.628,8092000000.0,2302000000.0,5790000000.0,8092000000.0,62000000.0,908000000.0,316000000.0,0.039,0.29,1028000000.0,1936000000.0,0.237,1936000000.0,1028000000.0,717000000.0,0.343,0.341,0.343,6390000000.0,6195250000.0,6390000000.0,17275495566.0,17.0,8.923,1061000000.0,0.767,1.0,2384000000.0,0.292,0.0,311000000.0,27100000000.0,22793250000.0,650000000.0,2706000000.0,88000000.0,2618000000.0,16795000000.0,3911000000.0,12884000000.0,10974495566.0,184000000.0,0.0,378000000.0,1187000000.0,-400000000.0,1113000000.0,-3267000000.0,0.0,2338000000.0,0.0,473000000.0,473000000.0,473000000.0,0.0,0.0,0.058,1159000000.0,1225000000.0,458000000.0,0.845,1.717,23.202,21.913,17700000000.0,0.0,7.516,1.343,1.272,865000000.0,3281000000.0,8173000000.0,8173000000.0,0.0,0.024,0.076,0.045,0.126,0.0,0.0,1.0,1460102520.0,1383200000,1386400000.0,5.909,23185000000.0,0.0,244000000.0,1716000000.0,16.762,-2003000000.0
75,NEE,MRT,2002-09-30,2002-09-30,2002-09-30,2021-07-26,12000000.0,18693000000.0,17945500000.0,2219000000.0,16474000000.0,0.443,4.503,-1251000000.0,696000000.0,696000000.0,5544000000.0,462000000.0,0.659,1.953,6997000000.0,1270000000.0,5727000000.0,6997000000.0,0.0,936000000.0,0.0,0.043,0.287,1017000000.0,1953000000.0,0.246,1953000000.0,1017000000.0,710000000.0,0.335,0.334,0.335,6330000000.0,6101500000.0,6330000000.0,16240597336.0,16.0,8.316,1256000000.0,0.894,1.0,2403000000.0,0.302,0.0,307000000.0,21625000000.0,21171750000.0,310000000.0,681000000.0,0.0,681000000.0,12363000000.0,3369000000.0,8994000000.0,9798597336.0,397000000.0,0.0,360000000.0,556000000.0,-390000000.0,483000000.0,-2593000000.0,0.0,2507000000.0,0.0,462000000.0,462000000.0,462000000.0,0.0,0.0,0.058,1177000000.0,1226000000.0,628000000.0,0.857,1.548,21.209,20.075,13172000000.0,0.0,6.725,1.233,1.189,810000000.0,3253000000.0,7947000000.0,7947000000.0,0.0,0.026,0.076,0.048,0.128,0.0,0.0,1.0,1457040496.0,1405600000,1407200000.0,5.654,18693000000.0,0.0,248000000.0,1358000000.0,13.299,-1150000000.0
76,NEE,MRT,2002-06-30,2002-06-30,2002-06-30,2021-07-26,8000000.0,18152000000.0,17611000000.0,1826000000.0,16326000000.0,0.459,4.578,-1255000000.0,384000000.0,384000000.0,5639000000.0,646000000.0,0.613,1.905,6826000000.0,1129000000.0,5697000000.0,6826000000.0,0.0,1454000000.0,0.0,0.038,0.285,1318000000.0,2772000000.0,0.343,2772000000.0,1318000000.0,1002000000.0,0.476,0.475,0.476,6248000000.0,6013750000.0,6248000000.0,17321704143.0,13.0,6.249,1265000000.0,0.927,1.0,2445000000.0,0.302,0.0,316000000.0,21614000000.0,20754000000.0,358000000.0,718000000.0,0.0,718000000.0,11904000000.0,2980000000.0,8924000000.0,10558704143.0,312000000.0,0.0,342000000.0,774000000.0,-385000000.0,696000000.0,-2904000000.0,0.0,2520000000.0,0.0,646000000.0,646000000.0,646000000.0,0.0,0.0,0.08,991000000.0,1454000000.0,619000000.0,0.599,1.69,16.345,15.754,12964000000.0,0.0,7.499,1.306,1.266,656000000.0,3205000000.0,8084000000.0,8084000000.0,0.0,0.037,0.107,0.064,0.163,0.0,0.0,1.0,1408061896.0,1364800000,1368800000.0,5.923,18152000000.0,0.0,356000000.0,1265000000.0,13.3,-1154000000.0
77,NEE,MRT,2002-03-31,2002-03-31,2002-03-31,2021-07-26,8000000.0,17474000000.0,17212750000.0,1561000000.0,15913000000.0,0.472,4.297,-1221000000.0,117000000.0,117000000.0,5691000000.0,615000000.0,0.459,2.006,6880000000.0,1547000000.0,5333000000.0,6880000000.0,0.0,1235000000.0,0.0,0.038,0.283,1276000000.0,2511000000.0,0.309,2511000000.0,1276000000.0,957000000.0,0.456,0.455,0.456,5813000000.0,5889000000.0,5813000000.0,17228377380.0,14.0,6.861,878000000.0,0.649,1.0,2431000000.0,0.299,0.0,319000000.0,20834000000.0,20153500000.0,283000000.0,738000000.0,0.0,738000000.0,11661000000.0,3403000000.0,8258000000.0,10470377380.0,8000000.0,0.0,6000000.0,1502000000.0,-381000000.0,1111000000.0,-3202000000.0,0.0,2099000000.0,0.0,615000000.0,615000000.0,615000000.0,0.0,0.0,0.076,1006000000.0,1425000000.0,432000000.0,0.621,1.801,17.025,16.324,12271000000.0,0.0,7.444,1.289,1.24,615000000.0,3053000000.0,8122000000.0,8122000000.0,0.0,0.036,0.104,0.063,0.157,0.0,0.0,1.0,1406599816.0,1352800000,1354400000.0,6.004,17474000000.0,0.0,342000000.0,1262000000.0,12.917,-1842000000.0
78,NEE,MRT,2001-12-31,2001-12-31,2001-12-31,2021-07-26,0.0,17463000000.0,16760000000.0,1602000000.0,15861000000.0,0.49,4.457,-1282000000.0,82000000.0,82000000.0,5795000000.0,781000000.0,0.44,1.903,6872000000.0,2014000000.0,4858000000.0,6872000000.0,144000000.0,983000000.0,285000000.0,0.04,0.28,1484000000.0,2467000000.0,0.3,2467000000.0,1484000000.0,1160000000.0,0.579,0.578,0.579,6015000000.0,5841750000.0,6015000000.0,16055005734.0,11.0,6.508,660000000.0,0.489,1.0,2422000000.0,0.295,0.0,324000000.0,20614000000.0,19430750000.0,349000000.0,2643000000.0,0.0,2643000000.0,11448000000.0,3639000000.0,7809000000.0,9919005734.0,-47000000.0,0.0,0.0,1657000000.0,-377000000.0,1280000000.0,-3269000000.0,0.0,1942000000.0,0.0,781000000.0,781000000.0,781000000.0,0.0,0.0,0.095,1013000000.0,1409000000.0,473000000.0,0.484,1.649,12.7,12.176,11662000000.0,0.0,7.05,1.207,1.158,780000000.0,3207000000.0,8217000000.0,8217000000.0,0.0,0.047,0.134,0.076,0.181,0.0,0.0,1.0,1406951168.0,1349600000,1351200000.0,6.088,17463000000.0,0.0,379000000.0,1690000000.0,12.939,-2037000000.0
79,NEE,MRT,2001-09-30,2001-09-30,2001-09-30,2021-07-26,-9000000.0,17355000000.0,16219250000.0,2006000000.0,15349000000.0,0.52,4.428,-1322000000.0,299000000.0,299000000.0,6027000000.0,728000000.0,0.567,1.903,6435000000.0,1563000000.0,4872000000.0,6435000000.0,0.0,1764000000.0,0.0,0.042,0.278,1398000000.0,3162000000.0,0.375,3162000000.0,1398000000.0,1071000000.0,0.54,0.54,0.54,5979000000.0,5736250000.0,5979000000.0,15381978640.0,11.0,4.865,262000000.0,0.194,1.0,2407000000.0,0.285,0.0,327000000.0,19954000000.0,18662750000.0,341000000.0,994000000.0,0.0,994000000.0,11376000000.0,3537000000.0,7839000000.0,9417978640.0,-78000000.0,0.0,-65000000.0,1759000000.0,-376000000.0,1318000000.0,-2980000000.0,0.0,1584000000.0,0.0,728000000.0,728000000.0,728000000.0,0.0,0.0,0.086,1098000000.0,1309000000.0,464000000.0,0.515,1.575,12.937,12.396,11284000000.0,0.0,6.694,1.117,1.072,806000000.0,3181000000.0,8434000000.0,8434000000.0,0.0,0.045,0.127,0.075,0.166,0.0,0.0,1.0,1406980936.0,1350400000,1352000000.0,6.246,17355000000.0,0.0,343000000.0,1307000000.0,12.852,-1531000000.0
80,NEE,MRT,2001-06-30,2001-06-30,2001-06-30,2021-07-26,5000000.0,16559000000.0,15614750000.0,1863000000.0,14696000000.0,0.514,4.26,-1322000000.0,72000000.0,72000000.0,5665000000.0,708000000.0,0.563,1.88,6036000000.0,1562000000.0,4474000000.0,6036000000.0,0.0,1032000000.0,0.0,0.037,0.275,1369000000.0,2401000000.0,0.299,2401000000.0,1369000000.0,1051000000.0,0.524,0.522,0.524,5749000000.0,5661250000.0,5749000000.0,15841384290.0,12.0,6.598,-245000000.0,-0.182,1.0,2366000000.0,0.295,0.0,318000000.0,19212000000.0,17740500000.0,373000000.0,901000000.0,0.0,901000000.0,10810000000.0,3311000000.0,7499000000.0,10588384290.0,-162000000.0,0.0,-116000000.0,1723000000.0,-371000000.0,1236000000.0,-2475000000.0,0.0,1077000000.0,0.0,708000000.0,708000000.0,708000000.0,0.0,0.0,0.088,1089000000.0,1277000000.0,622000000.0,0.525,1.842,14.955,14.363,10637000000.0,0.0,7.526,1.318,1.265,670000000.0,2944000000.0,8031000000.0,8031000000.0,0.0,0.045,0.125,0.077,0.17,0.0,0.0,1.0,1406860560.0,1349600000,1350400000.0,5.951,16559000000.0,0.0,343000000.0,1398000000.0,12.27,-1448000000.0
81,NEE,MRT,2001-03-31,2001-03-31,2001-03-31,2021-07-26,13000000.0,15663000000.0,15024000000.0,1794000000.0,13869000000.0,0.502,4.172,-1419000000.0,109000000.0,109000000.0,5181000000.0,693000000.0,0.603,1.785,5362000000.0,1385000000.0,3977000000.0,5362000000.0,0.0,1032000000.0,0.0,0.036,0.273,1328000000.0,2360000000.0,0.313,2360000000.0,1328000000.0,1028000000.0,0.511,0.51,0.511,5624000000.0,5598750000.0,5624000000.0,15847731366.0,12.0,6.715,-390000000.0,-0.289,1.0,2354000000.0,0.312,0.0,300000000.0,17943000000.0,16896500000.0,340000000.0,686000000.0,0.0,686000000.0,10039000000.0,2973000000.0,7066000000.0,10777731366.0,5000000.0,0.0,-134000000.0,1630000000.0,-368000000.0,1128000000.0,-2152000000.0,0.0,1029000000.0,0.0,693000000.0,693000000.0,693000000.0,0.0,0.0,0.092,1110000000.0,1244000000.0,525000000.0,0.534,1.916,15.552,14.995,10139000000.0,0.0,7.662,1.43,1.371,619000000.0,2819000000.0,7535000000.0,7535000000.0,0.0,0.046,0.124,0.079,0.176,0.0,0.0,1.0,1406555480.0,1348000000,1349600000.0,5.59,15663000000.0,0.0,335000000.0,1467000000.0,11.619,-1179000000.0
82,NEE,MRT,2000-12-31,2000-12-31,2000-12-31,2021-07-26,0.0,15300000000.0,14448500000.0,1781000000.0,13519000000.0,0.489,4.115,-1387000000.0,129000000.0,129000000.0,4723000000.0,704000000.0,0.645,1.736,5134000000.0,1158000000.0,3976000000.0,5134000000.0,70000000.0,1032000000.0,254000000.0,0.03,0.27,1318000000.0,2350000000.0,0.333,2350000000.0,1318000000.0,1040000000.0,0.517,0.517,0.517,5593000000.0,5540750000.0,5593000000.0,16972555361.0,13.0,7.222,-411000000.0,-0.302,1.0,2339000000.0,0.331,0.0,278000000.0,17542000000.0,16231750000.0,370000000.0,651000000.0,0.0,651000000.0,9707000000.0,2763000000.0,6944000000.0,12691555361.0,-232000000.0,0.0,-150000000.0,1251000000.0,-366000000.0,735000000.0,-1943000000.0,0.0,976000000.0,0.0,704000000.0,704000000.0,704000000.0,0.0,0.0,0.1,1099000000.0,1240000000.0,564000000.0,0.522,2.269,18.028,17.348,9934000000.0,0.0,8.969,1.797,1.726,883000000.0,2803000000.0,7062000000.0,7062000000.0,0.0,0.049,0.127,0.081,0.187,0.0,0.0,1.0,1415086312.0,1359200000,1361600000.0,5.196,15300000000.0,0.0,336000000.0,1793000000.0,11.257,-982000000.0
83,NEE,MRT,2000-09-30,2000-09-30,2000-09-30,2021-07-26,0.0,14937000000.0,13983750000.0,1843000000.0,13094000000.0,0.482,4.176,-971000000.0,377000000.0,377000000.0,4441000000.0,759000000.0,0.624,1.63,4658000000.0,1178000000.0,3480000000.0,4658000000.0,81000000.0,1040000000.0,0.0,0.033,0.268,1373000000.0,2413000000.0,0.358,2413000000.0,1373000000.0,1114000000.0,0.559,0.558,0.559,5679000000.0,5485000000.0,5679000000.0,15758763246.0,11.0,6.531,129000000.0,0.095,1.0,2304000000.0,0.342,0.0,259000000.0,16265000000.0,15634250000.0,331000000.0,655000000.0,0.0,655000000.0,9258000000.0,2953000000.0,6305000000.0,11690763246.0,7000000.0,0.0,-112000000.0,1050000000.0,-363000000.0,575000000.0,-1668000000.0,0.0,1100000000.0,0.0,759000000.0,759000000.0,759000000.0,0.0,0.0,0.113,1103000000.0,1201000000.0,613000000.0,0.479,2.059,15.403,14.707,9642000000.0,0.0,8.221,1.733,1.658,690000000.0,2829000000.0,6745000000.0,6745000000.0,0.0,0.054,0.138,0.088,0.204,0.0,0.0,1.0,1422017728.0,1360000000,1368000000.0,4.96,14937000000.0,0.0,355000000.0,1254000000.0,10.983,-1110000000.0
84,NEE,MRT,2000-06-30,2000-06-30,2000-06-30,2021-07-26,0.0,14196000000.0,13629500000.0,1610000000.0,12586000000.0,0.481,4.043,-945000000.0,234000000.0,234000000.0,4279000000.0,736000000.0,0.663,1.582,4302000000.0,823000000.0,3479000000.0,4302000000.0,74000000.0,1040000000.0,0.0,0.043,0.265,1325000000.0,2365000000.0,0.361,2365000000.0,1325000000.0,1082000000.0,0.54,0.54,0.54,5499000000.0,5404750000.0,5499000000.0,12439233582.0,9.0,5.26,276000000.0,0.203,1.0,2271000000.0,0.347,0.0,243000000.0,15836000000.0,15193750000.0,320000000.0,782000000.0,0.0,782000000.0,8697000000.0,2428000000.0,6269000000.0,8819233582.0,-361000000.0,0.0,-66000000.0,447000000.0,-360000000.0,21000000.0,-1603000000.0,0.0,1221000000.0,0.0,736000000.0,736000000.0,736000000.0,0.0,0.0,0.112,1111000000.0,1160000000.0,547000000.0,0.491,1.604,11.983,11.458,9456000000.0,0.0,6.188,1.346,1.285,578000000.0,2606000000.0,6550000000.0,6550000000.0,0.0,0.054,0.136,0.087,0.202,0.0,0.0,1.0,1425330680.0,1360000000,1360000000.0,4.816,14196000000.0,0.0,346000000.0,1176000000.0,10.438,-818000000.0
85,NEE,MRT,2000-03-31,2000-03-31,2000-03-31,2021-07-26,0.0,13361000000.0,13407000000.0,1077000000.0,12284000000.0,0.484,3.965,-784000000.0,104000000.0,104000000.0,4281000000.0,609000000.0,0.635,1.478,3724000000.0,246000000.0,3478000000.0,3724000000.0,0.0,1040000000.0,0.0,0.046,0.263,1119000000.0,2159000000.0,0.332,2159000000.0,1119000000.0,882000000.0,0.446,0.446,0.446,5392000000.0,5318750000.0,5392000000.0,11791049220.0,11.0,5.461,579000000.0,0.426,1.0,2213000000.0,0.341,0.0,237000000.0,15284000000.0,14670750000.0,312000000.0,655000000.0,0.0,655000000.0,7969000000.0,1697000000.0,6272000000.0,8210049220.0,-444000000.0,-57000000.0,-100000000.0,890000000.0,-358000000.0,432000000.0,-2239000000.0,0.0,1363000000.0,0.0,609000000.0,609000000.0,609000000.0,0.0,0.0,0.094,1265000000.0,948000000.0,448000000.0,0.59,1.523,13.481,12.909,9316000000.0,0.0,5.758,1.264,1.206,463000000.0,2494000000.0,6494000000.0,6494000000.0,0.0,0.045,0.115,0.076,0.172,0.0,0.0,1.0,1425974680.0,1360000000,1368000000.0,4.775,13361000000.0,0.0,273000000.0,1166000000.0,9.824,-620000000.0
86,NEE,MRT,1999-12-31,1999-12-31,1999-12-31,2021-07-26,0.0,13441000000.0,13140750000.0,1373000000.0,12068000000.0,0.49,3.919,-663000000.0,361000000.0,361000000.0,4233000000.0,697000000.0,0.734,1.503,3942000000.0,464000000.0,3478000000.0,3942000000.0,116000000.0,1040000000.0,284000000.0,0.049,0.26,1242000000.0,2282000000.0,0.354,2282000000.0,1242000000.0,1020000000.0,0.509,0.509,0.509,5370000000.0,5273750000.0,5370000000.0,10909044832.0,9.0,4.78,900000000.0,0.657,1.0,2205000000.0,0.342,0.0,222000000.0,15152000000.0,14009250000.0,343000000.0,611000000.0,0.0,611000000.0,8071000000.0,1870000000.0,6201000000.0,7669044832.0,174000000.0,0.0,-116000000.0,1254000000.0,-355000000.0,783000000.0,-2172000000.0,0.0,1563000000.0,0.0,697000000.0,697000000.0,697000000.0,0.0,0.0,0.108,1285000000.0,920000000.0,407000000.0,0.511,1.428,11.003,10.513,9264000000.0,0.0,5.351,1.191,1.139,543000000.0,2465000000.0,6438000000.0,6438000000.0,0.0,0.053,0.132,0.089,0.193,0.0,0.0,1.0,1433131480.0,1370400000,1372000000.0,4.698,13441000000.0,0.0,323000000.0,1571000000.0,9.808,-497000000.0
87,NEE,MRT,1999-09-30,1999-09-30,1999-09-30,2021-07-26,0.0,13520000000.0,12787750000.0,1618000000.0,11902000000.0,0.512,3.917,-615000000.0,370000000.0,370000000.0,4231000000.0,670000000.0,0.717,1.523,3610000000.0,519000000.0,3091000000.0,3610000000.0,0.0,1284000000.0,0.0,0.041,0.258,1200000000.0,2484000000.0,0.379,2484000000.0,1200000000.0,943000000.0,0.489,0.489,0.489,5358000000.0,5212750000.0,5358000000.0,12315183495.0,10.0,4.958,1114000000.0,0.814,1.0,2319000000.0,0.354,0.0,257000000.0,14503000000.0,13475500000.0,308000000.0,578000000.0,0.0,578000000.0,8162000000.0,2257000000.0,5905000000.0,9030183495.0,-77000000.0,-60000000.0,-99000000.0,659000000.0,-353000000.0,207000000.0,-2013000000.0,0.0,1729000000.0,0.0,670000000.0,670000000.0,670000000.0,0.0,0.0,0.102,1317000000.0,1002000000.0,462000000.0,0.528,1.685,13.478,12.878,9142000000.0,0.0,6.298,1.379,1.315,658000000.0,2433000000.0,6550000000.0,6550000000.0,0.0,0.052,0.129,0.089,0.183,0.0,0.0,1.0,1433931480.0,1368000000,1368000000.0,4.788,13520000000.0,0.0,273000000.0,1112000000.0,9.883,-639000000.0
88,NEE,MRT,1999-06-30,1999-06-30,1999-06-30,2021-07-26,0.0,13306000000.0,12618750000.0,1597000000.0,11709000000.0,0.528,3.768,-533000000.0,595000000.0,595000000.0,4211000000.0,666000000.0,0.561,1.581,3880000000.0,1387000000.0,2493000000.0,3880000000.0,0.0,1284000000.0,0.0,0.037,0.255,1240000000.0,2524000000.0,0.379,2524000000.0,1240000000.0,940000000.0,0.484,0.484,0.484,5155000000.0,5154000000.0,5155000000.0,12117388547.0,10.0,4.801,1303000000.0,0.952,1.0,2446000000.0,0.367,0.0,300000000.0,13744000000.0,13262250000.0,301000000.0,546000000.0,0.0,546000000.0,8151000000.0,2847000000.0,5304000000.0,9842388547.0,167000000.0,-16000000.0,-113000000.0,647000000.0,-351000000.0,183000000.0,-1852000000.0,0.0,1836000000.0,0.0,666000000.0,666000000.0,666000000.0,0.0,0.0,0.1,1386000000.0,1060000000.0,369000000.0,0.527,1.909,14.778,14.109,9083000000.0,0.0,6.829,1.479,1.403,521000000.0,2231000000.0,6657000000.0,6657000000.0,0.0,0.053,0.129,0.093,0.186,0.0,0.0,1.0,1441316280.0,1368000000,1368000000.0,4.866,13306000000.0,0.0,274000000.0,1138000000.0,9.727,-1250000000.0
89,NEE,MRT,1999-03-31,1999-03-31,1999-03-31,2021-07-26,0.0,12296000000.0,12503250000.0,1428000000.0,10868000000.0,0.539,3.788,-503000000.0,548000000.0,548000000.0,4179000000.0,765000000.0,0.739,1.359,2823000000.0,616000000.0,2207000000.0,2823000000.0,0.0,1284000000.0,0.0,0.038,0.253,1406000000.0,2690000000.0,0.399,2690000000.0,1406000000.0,1100000000.0,0.555,0.555,0.555,5212000000.0,5099250000.0,5212000000.0,12231835289.0,9.0,4.547,1466000000.0,1.065,1.0,2556000000.0,0.38,0.0,306000000.0,12638000000.0,13288750000.0,275000000.0,490000000.0,0.0,490000000.0,7084000000.0,1933000000.0,5151000000.0,9602835289.0,476000000.0,56000000.0,-77000000.0,-240000000.0,-348000000.0,-665000000.0,-828000000.0,0.0,1969000000.0,0.0,765000000.0,765000000.0,765000000.0,0.0,0.0,0.114,1314000000.0,1242000000.0,322000000.0,0.456,1.842,12.553,11.993,8674000000.0,0.0,6.656,1.426,1.36,462000000.0,2243000000.0,6735000000.0,6735000000.0,0.0,0.061,0.15,0.106,0.209,0.0,0.0,1.0,1442679480.0,1376000000,1376000000.0,4.895,12296000000.0,0.0,335000000.0,1261000000.0,8.936,-505000000.0
90,NEE,MRT,1998-12-31,1998-12-31,1998-12-31,2021-07-26,0.0,12029000000.0,12547000000.0,1266000000.0,10763000000.0,0.531,3.704,-482000000.0,187000000.0,187000000.0,4125000000.0,664000000.0,0.771,1.347,2816000000.0,469000000.0,2347000000.0,2816000000.0,89000000.0,1284000000.0,282000000.0,0.032,0.25,1265000000.0,2549000000.0,0.383,2549000000.0,1265000000.0,943000000.0,0.481,0.481,0.481,5126000000.0,5010250000.0,5126000000.0,13772876914.0,11.0,5.403,1261000000.0,0.911,1.0,2536000000.0,0.381,0.0,322000000.0,13017000000.0,13683000000.0,282000000.0,391000000.0,0.0,391000000.0,6903000000.0,1641000000.0,5262000000.0,11147876914.0,133000000.0,220000000.0,-62000000.0,-408000000.0,-345000000.0,-815000000.0,-795000000.0,0.0,1743000000.0,0.0,664000000.0,664000000.0,664000000.0,0.0,0.0,0.1,1284000000.0,1252000000.0,338000000.0,0.52,2.175,16.789,16.016,8555000000.0,0.0,7.704,1.674,1.601,559000000.0,2123000000.0,6661000000.0,6661000000.0,0.0,0.053,0.133,0.092,0.19,0.0,0.0,1.0,1447071480.0,1384000000,1384000000.0,4.813,12029000000.0,0.0,279000000.0,1799000000.0,8.691,-375000000.0
91,NEE,MRT,1998-09-30,1998-09-30,1998-09-30,2021-07-26,1000000.0,12844000000.0,12652000000.0,1771000000.0,11073000000.0,0.503,3.723,-627000000.0,447000000.0,447000000.0,4081000000.0,618000000.0,0.974,1.507,3072000000.0,287000000.0,2785000000.0,3072000000.0,0.0,1061000000.0,0.0,0.028,0.247,1212000000.0,2273000000.0,0.357,2273000000.0,1212000000.0,921000000.0,0.446,0.446,0.446,5123000000.0,4940000000.0,5123000000.0,15519015169.0,13.0,6.828,1005000000.0,0.73,1.0,2287000000.0,0.359,0.0,291000000.0,13650000000.0,13973000000.0,278000000.0,369000000.0,0.0,369000000.0,7721000000.0,1819000000.0,5902000000.0,12629015169.0,-13000000.0,291000000.0,-59000000.0,-315000000.0,-342000000.0,-716000000.0,-929000000.0,0.0,1632000000.0,0.0,618000000.0,618000000.0,618000000.0,0.0,0.0,0.097,1061000000.0,1226000000.0,401000000.0,0.554,2.465,20.435,19.532,8838000000.0,0.0,8.711,1.983,1.882,705000000.0,2116000000.0,6368000000.0,6368000000.0,0.0,0.049,0.125,0.087,0.19,0.0,0.0,1.0,1449736280.0,1376000000,1376000000.0,4.628,12844000000.0,0.0,303000000.0,1364000000.0,9.334,-48000000.0
92,NEE,MRT,1998-06-30,1998-06-30,1998-06-30,2021-07-26,1000000.0,12844000000.0,,1629000000.0,11215000000.0,,3.566,-605000000.0,428000000.0,428000000.0,4053000000.0,593000000.0,0.865,1.602,3318000000.0,456000000.0,2862000000.0,3318000000.0,0.0,1061000000.0,0.0,0.031,0.245,1143000000.0,2204000000.0,0.354,2204000000.0,1143000000.0,883000000.0,0.429,0.429,0.429,4936000000.0,,4936000000.0,14621390255.0,13.0,6.634,1036000000.0,0.749,1.0,2175000000.0,0.349,0.0,260000000.0,13850000000.0,,282000000.0,399000000.0,0.0,399000000.0,7908000000.0,1884000000.0,6024000000.0,11433390255.0,90000000.0,268000000.0,-49000000.0,-256000000.0,-338000000.0,-643000000.0,-908000000.0,0.0,1641000000.0,0.0,593000000.0,593000000.0,593000000.0,0.0,0.0,0.095,1013000000.0,1162000000.0,353000000.0,0.571,2.316,19.281,18.357,8906000000.0,0.0,7.875,1.836,1.75,613000000.0,1915000000.0,6228000000.0,6228000000.0,0.0,,,,0.184,0.0,0.0,1.0,1451859080.0,1384000000,1384000000.0,4.5,12844000000.0,0.0,290000000.0,1428000000.0,9.28,-255000000.0
93,NEE,MRT,1998-03-31,1998-03-31,1998-03-31,2021-07-26,1000000.0,12471000000.0,,1042000000.0,11429000000.0,,3.509,-557000000.0,72000000.0,72000000.0,4030000000.0,581000000.0,0.722,1.568,3260000000.0,310000000.0,2950000000.0,3260000000.0,0.0,793000000.0,0.0,0.03,0.242,1135000000.0,1928000000.0,0.315,1928000000.0,1135000000.0,865000000.0,0.42,0.42,0.42,4856000000.0,,4856000000.0,14905233236.0,13.0,7.731,983000000.0,0.71,1.0,2093000000.0,0.342,0.0,270000000.0,14215000000.0,,289000000.0,395000000.0,0.0,395000000.0,7615000000.0,1444000000.0,6171000000.0,11678233236.0,-323000000.0,261000000.0,-48000000.0,-463000000.0,-335000000.0,-846000000.0,-1017000000.0,0.0,1540000000.0,0.0,581000000.0,581000000.0,581000000.0,0.0,0.0,0.095,927000000.0,1166000000.0,297000000.0,0.576,2.405,20.1,19.122,9204000000.0,0.0,8.031,1.907,1.815,438000000.0,1825000000.0,6123000000.0,6123000000.0,0.0,,,,0.185,0.0,0.0,1.0,1454099080.0,1384000000,1384000000.0,4.424,12471000000.0,0.0,284000000.0,1528000000.0,9.011,-402000000.0
94,NEE,MRT,1997-12-31,1997-12-31,1997-12-31,2021-07-26,0.0,12449000000.0,12334000000.0,1101000000.0,11348000000.0,0.516,3.501,-508000000.0,54000000.0,54000000.0,4080000000.0,618000000.0,0.734,1.569,3281000000.0,332000000.0,2949000000.0,3281000000.0,61000000.0,1061000000.0,279000000.0,0.032,0.24,1213000000.0,2274000000.0,0.357,2274000000.0,1213000000.0,922000000.0,0.446,0.446,0.446,4845000000.0,4718500000.0,4845000000.0,,,,1089000000.0,0.787,1.0,2289000000.0,0.359,0.0,291000000.0,14177000000.0,14112500000.0,302000000.0,282000000.0,0.0,282000000.0,7604000000.0,1499000000.0,6105000000.0,10758515568.0,-142000000.0,53000000.0,-48000000.0,-562000000.0,-332000000.0,-942000000.0,-797000000.0,0.0,1597000000.0,0.0,618000000.0,618000000.0,618000000.0,0.0,0.0,0.097,1061000000.0,1228000000.0,368000000.0,0.538,2.221,17.409,16.589,9354000000.0,0.0,7.399,1.689,1.608,501000000.0,1804000000.0,6369000000.0,6369000000.0,0.0,0.05,0.131,0.086,0.19,0.0,0.0,1.0,1454099080.0,1384000000,1384000000.0,4.602,12449000000.0,0.0,304000000.0,2048000000.0,8.995,-398000000.0
95,NEE,MRT,1997-09-30,1997-09-30,1997-09-30,2021-07-26,,,,,,,,,,,,,,,,,,,,,,0.037,0.237,,,,,,,,,,,,,,,,,,1.0,,,,,,,,,,,,,,,,,,,,,,,,,,,,,,,,,,,,,,,,6.423,,,,,,,,,,,,,,1.0,,1384000000,,,,,,,,
96,NEE,MRT,1997-06-30,1997-06-30,1997-06-30,2021-07-26,,,,,,,,,,,,,,,,,,,,,,0.041,0.235,,,,,,,,,,,,,,,,,,1.0,,,,,,,,,,,,,,,,,,,,,,,,,,,,,,,,,,,,,,,,5.766,,,,,,,,,,,,,,1.0,,1384000000,,,,,,,,
97,NEE,MRT,1997-03-31,1997-03-31,1997-03-31,2021-07-26,,,,,,,,,,,,,,,,,,,,,,0.042,0.232,,,,,,,,,,,,,,,,,,1.0,,,,,,,,,,,,,,,,,,,,,,,,,,,,,,,,,,,,,,,,5.516,,,,,,,,,,,,,,1.0,,1384000000,,,,,,,,
98,NEE,MRT,1996-12-31,1996-12-31,1996-12-31,2021-07-26,0.0,12219000000.0,,1173000000.0,11046000000.0,,3.299,-405000000.0,196000000.0,196000000.0,3906000000.0,579000000.0,0.921,1.661,3299000000.0,155000000.0,3144000000.0,3299000000.0,0.0,960000000.0,268000000.0,0.04,0.23,1140000000.0,2100000000.0,0.348,2100000000.0,1140000000.0,873000000.0,0.416,0.416,0.416,4592000000.0,,4592000000.0,,,,1187000000.0,0.853,1.0,2131000000.0,0.353,0.0,267000000.0,14048000000.0,,268000000.0,327000000.0,0.0,327000000.0,7627000000.0,1274000000.0,6353000000.0,,150000000.0,41000000.0,-82000000.0,-517000000.0,-320000000.0,-916000000.0,-526000000.0,0.0,1592000000.0,0.0,579000000.0,579000000.0,579000000.0,0.0,0.0,0.096,960000000.0,1171000000.0,308000000.0,0.553,,,13.822,9384000000.0,0.0,5.75,,1.326,462000000.0,,6037000000.0,6037000000.0,0.0,,,,0.189,0.0,0.0,1.0,,1392000000,1392000000.0,4.337,12219000000.0,0.0,294000000.0,2170000000.0,8.778,-101000000.0
99,NEE,MRT,1995-12-31,1995-12-31,1995-12-31,2021-07-26,,,,,,,,-661000000.0,,,3477000000.0,553000000.0,,,,,,,,918000000.0,,0.038,0.22,1173000000.0,2091000000.0,0.374,2091000000.0,1173000000.0,882000000.0,0.395,0.395,0.395,,,,,,,849000000.0,0.606,1.0,2115000000.0,0.378,,291000000.0,,,,,,,,,,,-40000000.0,0.0,-69000000.0,-452000000.0,-309000000.0,-848000000.0,-702000000.0,0.0,1510000000.0,0.0,553000000.0,553000000.0,553000000.0,0.0,0.0,0.099,918000000.0,1197000000.0,,0.557,,,14.677,,0.0,5.798,,1.451,,,5592000000.0,5592000000.0,0.0,,,,0.21,0.0,0.0,1.0,,1400000000,1400000000.0,3.994,,,329000000.0,,,
