None,ticker,dimension,calendardate,datekey,reportperiod,lastupdated,accoci,assets,assetsavg,assetsc,assetsnc,assetturnover,bvps,capex,cashneq,cashnequsd,cor,consolinc,currentratio,de,debt,debtc,debtnc,debtusd,deferredrev,depamor,deposits,divyield,dps,ebit,ebitda,ebitdamargin,ebitdausd,ebitusd,ebt,eps,epsdil,epsusd,equity,equityavg,equityusd,ev,evebit,evebitda,fcf,fcfps,fxusd,gp,grossmargin,intangibles,intexp,invcap,invcapavg,inventory,investments,investmentsc,investmentsnc,liabilities,liabilitiesc,liabilitiesnc,marketcap,ncf,ncfbus,ncfcommon,ncfdebt,ncfdiv,ncff,ncfi,ncfinv,ncfo,ncfx,netinc,netinccmn,netinccmnusd,netincdis,netincnci,netmargin,opex,opinc,payables,payoutratio,pb,pe,pe1,ppnenet,prefdivis,price,ps,ps1,receivables,retearn,revenue,revenueusd,rnd,roa,roe,roic,ros,sbcomp,sgna,sharefactor,sharesbas,shareswa,shareswadil,sps,tangibles,taxassets,taxexp,taxliabilities,tbvps,workingcapital
0,CL,MRY,2020-12-31,2020-12-31,2020-12-31,2021-09-07,-4345000000.0,15920000000.0,15399250000.0,4338000000.0,11582000000.0,1.07,0.867,-410000000.0,888000000.0,888000000.0,6454000000.0,2860000000.0,0.985,19.945,7601000000.0,267000000.0,7334000000.0,7601000000.0,0.0,539000000.0,0.0,0.02,1.75,3646000000.0,4185000000.0,0.254,4185000000.0,3646000000.0,3482000000.0,3.15,3.14,3.15,743000000.0,387750000.0,743000000.0,79543506739.0,22.0,19.007,3309000000.0,3.86,1.0,10017000000.0,0.608,6718000000.0,164000000.0,11511000000.0,10993250000.0,1673000000.0,0.0,0.0,0.0,14819000000.0,4404000000.0,10415000000.0,73296506739.0,5000000.0,-353000000.0,-602000000.0,-564000000.0,-1654000000.0,-2919000000.0,-779000000.0,-19000000.0,3719000000.0,-16000000.0,2695000000.0,2695000000.0,2695000000.0,0.0,165000000.0,0.164,6132000000.0,3885000000.0,1393000000.0,0.556,98.649,27.197,27.146,3716000000.0,0.0,85.51,4.45,4.45,1264000000.0,23699000000.0,16471000000.0,16471000000.0,0.0,0.175,6.95,0.332,0.221,107000000.0,6019000000.0,1.0,857168831.0,857168831.0,,19.216,9202000000.0,291000000.0,787000000.0,829000000.0,10.735,-66000000.0
1,CL,MRY,2019-12-31,2019-12-31,2019-12-31,2021-09-07,-4273000000.0,15034000000.0,14023500000.0,4179000000.0,10855000000.0,1.119,0.137,-335000000.0,883000000.0,883000000.0,6368000000.0,2527000000.0,1.035,123.726,7847000000.0,514000000.0,7333000000.0,7847000000.0,0.0,519000000.0,0.0,0.025,1.71,3286000000.0,3805000000.0,0.242,3805000000.0,3286000000.0,3141000000.0,2.76,2.75,2.76,117000000.0,-276500000.0,117000000.0,66201924105.0,20.0,17.399,2798000000.0,3.265,1.0,9325000000.0,0.594,6175000000.0,145000000.0,11785000000.0,11357250000.0,1400000000.0,0.0,0.0,0.0,14476000000.0,4038000000.0,10438000000.0,58998924105.0,157000000.0,-1711000000.0,-704000000.0,1448000000.0,-1614000000.0,-870000000.0,-2099000000.0,-53000000.0,3133000000.0,-7000000.0,2367000000.0,2367000000.0,2367000000.0,0.0,160000000.0,0.151,5771000000.0,3554000000.0,1237000000.0,0.62,504.264,24.926,24.942,3750000000.0,0.0,68.84,3.76,3.76,1440000000.0,22501000000.0,15693000000.0,15693000000.0,0.0,0.169,-8.561,0.289,0.209,100000000.0,5575000000.0,1.0,857044220.0,857044220.0,,18.311,8859000000.0,177000000.0,774000000.0,877000000.0,10.337,141000000.0
2,CL,MRY,2018-12-31,2018-12-31,2018-12-31,2021-09-07,-4188000000.0,12161000000.0,12631500000.0,3793000000.0,8368000000.0,1.231,-0.118,-436000000.0,726000000.0,726000000.0,6313000000.0,2558000000.0,1.135,-117.294,6366000000.0,12000000.0,6354000000.0,6366000000.0,0.0,511000000.0,0.0,0.028,1.66,3449000000.0,3960000000.0,0.255,3960000000.0,3449000000.0,3306000000.0,2.76,2.75,2.76,-102000000.0,-326000000.0,-102000000.0,57385881579.0,17.0,14.491,2620000000.0,3.021,1.0,9231000000.0,0.594,4167000000.0,143000000.0,10293000000.0,10467750000.0,1250000000.0,0.0,0.0,0.0,11964000000.0,3341000000.0,8623000000.0,51622881579.0,-809000000.0,-728000000.0,-909000000.0,-179000000.0,-1591000000.0,-2679000000.0,-1170000000.0,-13000000.0,3056000000.0,-16000000.0,2400000000.0,2400000000.0,2400000000.0,0.0,158000000.0,0.154,5537000000.0,3694000000.0,1222000000.0,0.601,-506.107,21.51,21.565,3881000000.0,0.0,59.52,3.321,3.321,1400000000.0,21615000000.0,15544000000.0,15544000000.0,0.0,0.19,-7.362,0.329,0.222,109000000.0,5389000000.0,1.0,867319919.0,867319919.0,,17.922,7994000000.0,152000000.0,906000000.0,646000000.0,9.217,452000000.0
3,CL,MRY,2017-12-31,2017-12-31,2017-12-31,2021-09-07,-3855000000.0,12676000000.0,12619750000.0,4639000000.0,8037000000.0,1.225,-0.068,-553000000.0,1535000000.0,1535000000.0,6174000000.0,2174000000.0,1.361,-207.217,6577000000.0,11000000.0,6566000000.0,6577000000.0,0.0,475000000.0,0.0,0.021,1.59,3439000000.0,3914000000.0,0.253,3914000000.0,3439000000.0,3337000000.0,2.3,2.28,2.3,-60000000.0,-180750000.0,-60000000.0,71400039075.0,21.0,18.242,2501000000.0,2.848,1.0,9280000000.0,0.6,3559000000.0,102000000.0,10751000000.0,10531500000.0,1221000000.0,0.0,0.0,0.0,12433000000.0,3408000000.0,9025000000.0,66253039075.0,220000000.0,44000000.0,-892000000.0,-29000000.0,-1529000000.0,-2450000000.0,-471000000.0,44000000.0,3054000000.0,87000000.0,2024000000.0,2024000000.0,2024000000.0,0.0,150000000.0,0.131,5573000000.0,3707000000.0,1212000000.0,0.691,-1104.217,32.734,32.804,4072000000.0,0.0,75.45,4.287,4.287,1480000000.0,20531000000.0,15454000000.0,15454000000.0,0.0,0.16,-11.198,0.327,0.223,127000000.0,5400000000.0,1.0,878105223.0,878105223.0,,17.599,9117000000.0,188000000.0,1313000000.0,558000000.0,10.383,1231000000.0
4,CL,MRY,2016-12-31,2016-12-31,2016-12-31,2021-09-07,-4180000000.0,12123000000.0,12427250000.0,4338000000.0,7785000000.0,1.223,-0.273,-533000000.0,1315000000.0,1315000000.0,6072000000.0,2586000000.0,1.313,-49.819,6533000000.0,13000000.0,6520000000.0,6533000000.0,0.0,443000000.0,0.0,0.024,1.55,3692000000.0,4135000000.0,0.272,4135000000.0,3692000000.0,3593000000.0,2.74,2.72,2.74,-243000000.0,-256750000.0,-243000000.0,63390860006.0,17.0,15.33,2608000000.0,2.934,1.0,9123000000.0,0.6,3420000000.0,99000000.0,10616000000.0,10029000000.0,1171000000.0,0.0,0.0,0.0,12106000000.0,3305000000.0,8801000000.0,58165860006.0,345000000.0,-5000000.0,-889000000.0,164000000.0,-1508000000.0,-2233000000.0,-499000000.0,42000000.0,3141000000.0,-64000000.0,2441000000.0,2441000000.0,2441000000.0,0.0,145000000.0,0.161,5168000000.0,3955000000.0,1124000000.0,0.566,-239.366,23.829,23.883,3840000000.0,0.0,65.44,3.828,3.828,1411000000.0,19922000000.0,15195000000.0,15195000000.0,0.0,0.196,-9.507,0.368,0.243,123000000.0,5143000000.0,1.0,888842604.0,888842604.0,,17.095,8703000000.0,301000000.0,1152000000.0,687000000.0,9.791,1033000000.0
5,CL,MRY,2015-12-31,2015-12-31,2015-12-31,2021-09-07,-3950000000.0,11935000000.0,13078500000.0,4384000000.0,7551000000.0,1.226,-0.333,-691000000.0,970000000.0,970000000.0,6635000000.0,1548000000.0,1.241,-40.064,6548000000.0,302000000.0,6246000000.0,6548000000.0,0.0,449000000.0,0.0,0.023,1.5,2625000000.0,3074000000.0,0.192,3074000000.0,2625000000.0,2599000000.0,1.53,1.52,1.53,-299000000.0,217500000.0,-299000000.0,65097947437.0,25.0,21.177,2258000000.0,2.517,1.0,9399000000.0,0.586,3449000000.0,26000000.0,10530000000.0,11005250000.0,1180000000.0,0.0,0.0,0.0,11979000000.0,3534000000.0,8445000000.0,59752947437.0,-119000000.0,217000000.0,-1204000000.0,421000000.0,-1493000000.0,-2276000000.0,-685000000.0,-143000000.0,2949000000.0,-107000000.0,1384000000.0,1384000000.0,1384000000.0,0.0,164000000.0,0.086,6610000000.0,2789000000.0,1110000000.0,0.98,-199.843,43.174,43.542,3796000000.0,0.0,66.62,3.727,3.727,1427000000.0,18861000000.0,16034000000.0,16034000000.0,0.0,0.106,6.363,0.239,0.164,125000000.0,5464000000.0,1.0,896922057.0,896922057.0,,17.877,8486000000.0,67000000.0,1215000000.0,510000000.0,9.461,850000000.0
6,CL,MRY,2014-12-31,2014-12-31,2014-12-31,2021-09-07,-3507000000.0,13459000000.0,13891000000.0,4863000000.0,8596000000.0,1.244,1.256,-757000000.0,1089000000.0,1089000000.0,7168000000.0,2339000000.0,1.232,10.545,6148000000.0,504000000.0,5644000000.0,6148000000.0,0.0,442000000.0,0.0,0.021,1.42,3398000000.0,3840000000.0,0.222,3840000000.0,3398000000.0,3374000000.0,2.38,2.36,2.38,1145000000.0,1493500000.0,1145000000.0,67759649622.0,20.0,17.646,2541000000.0,2.788,1.0,10109000000.0,0.585,3720000000.0,24000000.0,10852000000.0,10626750000.0,1382000000.0,0.0,0.0,0.0,12074000000.0,3946000000.0,8128000000.0,63059649622.0,127000000.0,-63000000.0,-1159000000.0,435000000.0,-1446000000.0,-2170000000.0,-859000000.0,-57000000.0,3298000000.0,-142000000.0,2180000000.0,2180000000.0,2180000000.0,0.0,159000000.0,0.126,6552000000.0,3557000000.0,1231000000.0,0.597,55.074,28.926,29.071,4080000000.0,0.0,69.19,3.65,3.65,1552000000.0,18832000000.0,17277000000.0,17277000000.0,0.0,0.157,1.46,0.32,0.197,131000000.0,5982000000.0,1.0,911398318.0,911398318.0,,18.957,9739000000.0,76000000.0,1194000000.0,555000000.0,10.686,917000000.0
7,CL,MRY,2013-12-31,2013-12-31,2013-12-31,2021-09-07,-2451000000.0,13985000000.0,13611000000.0,4931000000.0,9054000000.0,1.28,2.491,-670000000.0,962000000.0,962000000.0,7219000000.0,2410000000.0,1.077,4.967,5657000000.0,908000000.0,4749000000.0,5657000000.0,0.0,439000000.0,0.0,0.02,1.33,3387000000.0,3826000000.0,0.22,3826000000.0,3387000000.0,3396000000.0,2.41,2.38,2.41,2305000000.0,1848000000.0,2305000000.0,64895864870.0,19.0,16.962,2534000000.0,2.739,1.0,10201000000.0,0.586,3970000000.0,-9000000.0,10131000000.0,9884750000.0,1425000000.0,0.0,0.0,0.0,11449000000.0,4579000000.0,6870000000.0,60332864870.0,78000000.0,12000000.0,-1182000000.0,422000000.0,-1382000000.0,-2142000000.0,-890000000.0,-238000000.0,3204000000.0,-94000000.0,2241000000.0,2241000000.0,2241000000.0,0.0,169000000.0,0.129,6645000000.0,3556000000.0,1343000000.0,0.552,26.175,26.922,27.058,4083000000.0,0.0,65.21,3.463,3.463,1636000000.0,17952000000.0,17420000000.0,17420000000.0,0.0,0.165,1.213,0.343,0.194,128000000.0,6223000000.0,1.0,925208785.0,925208785.0,,18.828,10015000000.0,77000000.0,1155000000.0,683000000.0,10.825,352000000.0
8,CL,MRY,2012-12-31,2012-12-31,2012-12-31,2021-09-07,-2621000000.0,13394000000.0,13306250000.0,4556000000.0,8838000000.0,1.284,2.316,-565000000.0,884000000.0,884000000.0,7153000000.0,2631000000.0,1.219,5.027,5230000000.0,304000000.0,4926000000.0,5230000000.0,0.0,425000000.0,0.0,0.023,1.22,3730000000.0,4155000000.0,0.243,4155000000.0,3730000000.0,3715000000.0,2.6,2.57,2.6,2189000000.0,2323000000.0,2189000000.0,53730238382.0,14.0,12.931,2631000000.0,2.784,1.0,9932000000.0,0.581,3999000000.0,15000000.0,10005000000.0,9781750000.0,1365000000.0,0.0,0.0,0.0,11004000000.0,3736000000.0,7268000000.0,49393238382.0,6000000.0,43000000.0,-1465000000.0,441000000.0,-1277000000.0,-2301000000.0,-865000000.0,-398000000.0,3196000000.0,-24000000.0,2472000000.0,2472000000.0,2472000000.0,0.0,159000000.0,0.145,6043000000.0,3889000000.0,1290000000.0,0.469,22.564,19.981,20.104,3842000000.0,0.0,52.27,2.891,2.891,1668000000.0,16953000000.0,17085000000.0,17085000000.0,0.0,0.186,1.064,0.381,0.218,120000000.0,5930000000.0,1.0,944963428.0,944963428.0,,18.08,9395000000.0,92000000.0,1243000000.0,547000000.0,9.942,820000000.0
9,CL,MRY,2011-12-31,2011-12-31,2011-12-31,2021-09-07,-2475000000.0,12724000000.0,12666750000.0,4402000000.0,8322000000.0,1.321,2.454,-537000000.0,878000000.0,878000000.0,7144000000.0,2554000000.0,1.185,4.288,4810000000.0,380000000.0,4430000000.0,4810000000.0,0.0,421000000.0,0.0,0.025,1.135,3718000000.0,4139000000.0,0.247,4139000000.0,3718000000.0,3666000000.0,2.49,2.47,2.49,2375000000.0,2607500000.0,2375000000.0,48527695050.0,13.0,11.724,2359000000.0,2.437,1.0,9590000000.0,0.573,3998000000.0,52000000.0,8942000000.0,8375000000.0,1327000000.0,0.0,0.0,0.0,10183000000.0,3716000000.0,6467000000.0,44716695050.0,388000000.0,-703000000.0,-1453000000.0,1414000000.0,-1203000000.0,-1242000000.0,-1213000000.0,67000000.0,2896000000.0,-53000000.0,2431000000.0,2431000000.0,2431000000.0,0.0,123000000.0,0.145,5749000000.0,3841000000.0,1244000000.0,0.456,18.828,18.394,18.552,3668000000.0,0.0,46.195,2.672,2.672,1675000000.0,15649000000.0,16734000000.0,16734000000.0,0.0,0.192,0.932,0.444,0.222,122000000.0,5758000000.0,1.0,967998594.0,967998594.0,,17.287,8726000000.0,115000000.0,1235000000.0,644000000.0,9.014,686000000.0
10,CL,MRY,2010-12-31,2010-12-31,2010-12-31,2021-09-07,-2115000000.0,11172000000.0,10992750000.0,3730000000.0,7442000000.0,1.416,2.771,-550000000.0,490000000.0,490000000.0,6360000000.0,2313000000.0,1.001,3.123,3424000000.0,609000000.0,2815000000.0,3424000000.0,0.0,376000000.0,0.0,0.025,1.015,3379000000.0,3755000000.0,0.241,3755000000.0,3379000000.0,3320000000.0,2.225,2.155,2.225,2675000000.0,2643500000.0,2675000000.0,41527275306.0,12.0,11.059,2661000000.0,2.756,1.0,9204000000.0,0.591,3193000000.0,59000000.0,7185000000.0,7230250000.0,1222000000.0,0.0,0.0,0.0,8355000000.0,3728000000.0,4627000000.0,38793275306.0,-110000000.0,42000000.0,-1778000000.0,296000000.0,-1142000000.0,-2624000000.0,-658000000.0,-141000000.0,3211000000.0,-39000000.0,2203000000.0,2203000000.0,2203000000.0,0.0,110000000.0,0.142,5715000000.0,3489000000.0,1165000000.0,0.456,14.502,17.609,18.061,3693000000.0,0.0,40.185,2.493,2.493,1610000000.0,14329000000.0,15564000000.0,15564000000.0,0.0,0.2,0.833,0.467,0.217,121000000.0,5414000000.0,1.0,965367060.0,965367060.0,,16.122,7979000000.0,84000000.0,1117000000.0,380000000.0,8.265,2000000.0
11,CL,MRY,2009-12-31,2009-12-31,2009-12-31,2021-09-07,-2096000000.0,11134000000.0,10716100000.0,3810000000.0,7324000000.0,1.43,3.134,-575000000.0,600000000.0,600000000.0,6319000000.0,2397000000.0,1.059,2.528,3182000000.0,361000000.0,2821000000.0,3182000000.0,0.0,351000000.0,0.0,0.021,0.86,3509000000.0,3860000000.0,0.252,3860000000.0,3509000000.0,3432000000.0,2.265,2.185,2.265,3116000000.0,2600425000.0,3116000000.0,43260251165.0,12.0,11.207,2702000000.0,2.717,1.0,9008000000.0,0.588,3123000000.0,77000000.0,6994000000.0,7015350000.0,1209000000.0,0.0,0.0,0.0,7877000000.0,3599000000.0,4278000000.0,40844251165.0,45000000.0,17000000.0,-763000000.0,-526000000.0,-981000000.0,-2270000000.0,-841000000.0,-289000000.0,3277000000.0,-121000000.0,2291000000.0,2291000000.0,2291000000.0,0.0,106000000.0,0.149,5393000000.0,3615000000.0,1172000000.0,0.38,13.108,17.828,18.135,3516000000.0,0.0,41.075,2.665,2.665,1626000000.0,13157000000.0,15327000000.0,15327000000.0,0.0,0.214,0.881,0.5,0.229,117000000.0,5282000000.0,1.0,994382256.0,994382256.0,,15.414,8011000000.0,0.0,1141000000.0,469000000.0,8.056,211000000.0
12,CL,MRY,2008-12-31,2008-12-31,2008-12-31,2021-09-07,-2477000000.0,9979000000.0,10603475000.0,3710000000.0,6269000000.0,1.446,1.905,-684000000.0,555000000.0,555000000.0,6704000000.0,2037000000.0,1.257,4.126,3783000000.0,198000000.0,3585000000.0,3783000000.0,0.0,348000000.0,0.0,0.023,0.78,3021000000.0,3369000000.0,0.22,3369000000.0,3021000000.0,2925000000.0,1.905,1.83,1.905,1923000000.0,2327425000.0,1923000000.0,37476349719.0,12.0,11.124,1618000000.0,1.603,1.0,8626000000.0,0.563,2986000000.0,96000000.0,7269000000.0,7251650000.0,1197000000.0,0.0,0.0,0.0,7935000000.0,2952000000.0,4983000000.0,34593149719.0,126000000.0,58000000.0,-836000000.0,195000000.0,-889000000.0,-1530000000.0,-613000000.0,10000000.0,2302000000.0,-33000000.0,1957000000.0,1957000000.0,1957000000.0,0.0,80000000.0,0.128,5525000000.0,3101000000.0,1061000000.0,0.409,17.989,17.677,17.99,3119000000.0,0.0,34.27,2.257,2.257,1592000000.0,11760000000.0,15330000000.0,15330000000.0,0.0,0.185,0.841,0.417,0.197,100000000.0,5422000000.0,1.0,1009429522.0,1009429522.0,,15.187,6993000000.0,0.0,968000000.0,354000000.0,6.928,758000000.0
13,CL,MRY,2007-12-31,2007-12-31,2007-12-31,2021-09-07,-1666800000.0,10112000000.0,9808475000.0,3618500000.0,6493500000.0,1.406,2.242,-583000000.0,428700000.0,428700000.0,6043000000.0,1804000000.0,1.144,3.423,3515900000.0,294000000.0,3221900000.0,3515900000.0,0.0,334000000.0,0.0,0.018,0.7,2653000000.0,2987000000.0,0.217,2987000000.0,2653000000.0,2496000000.0,1.675,1.6,1.675,2286200000.0,1874350000.0,2286200000.0,42720831799.0,16.0,14.302,1669000000.0,1.637,1.0,7747000000.0,0.562,3116800000.0,157000000.0,6919700000.0,6335775000.0,1171000000.0,0.0,0.0,0.0,7825800000.0,3162700000.0,4663100000.0,39741031799.0,-61000000.0,83000000.0,-780000000.0,-225000000.0,-798000000.0,-1803000000.0,-528000000.0,-11000000.0,2252000000.0,18000000.0,1737000000.0,1737000000.0,1737000000.0,0.0,67000000.0,0.126,5027000000.0,2720000000.0,1066800000.0,0.418,17.383,22.879,23.272,3015200000.0,0.0,38.98,2.882,2.882,1680700000.0,10627500000.0,13790000000.0,13790000000.0,0.0,0.177,0.927,0.419,0.192,110000000.0,4973000000.0,1.0,1019523648.0,1019523648.0,,13.526,6995200000.0,0.0,759000000.0,526800000.0,6.861,455800000.0
14,CL,MRY,2006-12-31,2006-12-31,2006-12-31,2021-09-07,-2081200000.0,9138000000.0,8990875000.0,3301000000.0,5837000000.0,1.361,1.372,-476400000.0,489500000.0,489500000.0,5536100000.0,1353400000.0,0.952,5.477,3671200000.0,950800000.0,2720400000.0,3671200000.0,0.0,328700000.0,0.0,0.019,0.625,2160500000.0,2489200000.0,0.203,2489200000.0,2160500000.0,2001800000.0,1.285,1.23,1.285,1410900000.0,1482200000.0,1410900000.0,36629240519.0,17.0,14.715,1345100000.0,1.308,1.0,6701600000.0,0.548,2912900000.0,158700000.0,5937700000.0,6392550000.0,1008400000.0,0.0,0.0,0.0,7727100000.0,3469100000.0,4258000000.0,33554240519.0,148800000.0,-140600000.0,-520300000.0,139100000.0,-677800000.0,-1059000000.0,-620400000.0,-1200000.0,1821500000.0,6700000.0,1353400000.0,1353400000.0,1353400000.0,0.0,0.0,0.111,4541100000.0,2160500000.0,1039700000.0,0.486,23.782,24.793,25.385,2696100000.0,0.0,32.62,2.742,2.742,1523200000.0,9643700000.0,12237700000.0,12237700000.0,0.0,0.151,0.913,0.338,0.177,116900000.0,4355200000.0,1.0,1028640114.0,1028640114.0,,11.897,6225100000.0,0.0,648400000.0,471400000.0,6.052,-168100000.0
15,CL,MRY,2005-12-31,2005-12-31,2005-12-31,2021-09-07,-1804700000.0,8507100000.0,8630175000.0,2757100000.0,5750000000.0,1.321,1.303,-389200000.0,340700000.0,340700000.0,5191900000.0,1351400000.0,1.005,5.301,3446200000.0,528200000.0,2918000000.0,3446200000.0,0.0,329300000.0,0.0,0.02,0.555,2215000000.0,2544300000.0,0.223,2544300000.0,2215000000.0,2079000000.0,1.27,1.215,1.27,1350100000.0,1215675000.0,1350100000.0,31604417792.0,14.0,12.422,1395200000.0,1.347,1.0,6205000000.0,0.544,2628900000.0,136000000.0,6240700000.0,6497525000.0,855800000.0,0.0,0.0,0.0,7157000000.0,2743000000.0,4414000000.0,28415317792.0,21100000.0,189300000.0,-749100000.0,-78400000.0,-607200000.0,-1524400000.0,-220700000.0,-20000000.0,1784400000.0,-18200000.0,1351400000.0,1351400000.0,1351400000.0,0.0,0.0,0.119,3990000000.0,2215000000.0,876100000.0,0.437,21.047,21.027,21.594,2544100000.0,0.0,27.425,2.493,2.493,1309400000.0,8968100000.0,11396900000.0,11396900000.0,0.0,0.157,1.112,0.341,0.194,41100000.0,3920800000.0,1.0,1036110038.0,1036110038.0,,11.0,5878200000.0,0.0,727600000.0,770200000.0,5.673,14100000.0
16,CL,MRY,2004-12-31,2004-12-31,2004-12-31,2021-09-07,-1806200000.0,8672900000.0,8273500000.0,2739900000.0,5933000000.0,1.279,1.174,-348100000.0,319600000.0,319600000.0,4747200000.0,1327100000.0,1.003,5.964,3675100000.0,585600000.0,3089500000.0,3675100000.0,0.0,327800000.0,0.0,0.019,0.48,2122100000.0,2449900000.0,0.231,2449900000.0,2122100000.0,2002400000.0,1.225,1.165,1.225,1245400000.0,1082825000.0,1245400000.0,30443475484.0,14.0,12.426,1406200000.0,1.326,1.0,5837000000.0,0.551,2724100000.0,119700000.0,6573600000.0,6470900000.0,845500000.0,0.0,0.0,0.0,7427500000.0,2730700000.0,4696800000.0,27129375484.0,54300000.0,-763700000.0,-567500000.0,492600000.0,-536200000.0,-611100000.0,-1090400000.0,19600000.0,1754300000.0,1500000.0,1327100000.0,1327100000.0,1327100000.0,0.0,0.0,0.125,3714900000.0,2122100000.0,864400000.0,0.392,21.784,20.443,20.882,2647700000.0,0.0,25.58,2.563,2.563,1319900000.0,8223900000.0,10584200000.0,10584200000.0,0.0,0.16,1.226,0.328,0.2,29300000.0,3624600000.0,1.0,1060569800.0,1060569800.0,,9.98,5948800000.0,0.0,675300000.0,662700000.0,5.609,9200000.0
17,CL,MRY,2003-12-31,2003-12-31,2003-12-31,2021-09-07,-1866800000.0,7478800000.0,7390025000.0,2496500000.0,4982300000.0,1.34,0.826,-302100000.0,265300000.0,265300000.0,4456100000.0,1421300000.0,1.021,7.431,3102900000.0,418000000.0,2684900000.0,3102900000.0,0.0,315500000.0,0.0,0.018,0.45,2166000000.0,2481500000.0,0.251,2481500000.0,2166000000.0,2041900000.0,1.3,1.23,1.3,887100000.0,693525000.0,887100000.0,29868445784.0,14.0,12.036,1465600000.0,1.364,1.0,5447300000.0,0.55,1897000000.0,124100000.0,5974000000.0,6251675000.0,718300000.0,0.0,0.0,0.0,6591700000.0,2445400000.0,4146300000.0,26888845784.0,97400000.0,127600000.0,-475600000.0,-574800000.0,-506800000.0,-1557200000.0,-117600000.0,41900000.0,1767700000.0,4500000.0,1421300000.0,1421300000.0,1421300000.0,0.0,0.0,0.144,3281300000.0,2166000000.0,753600000.0,0.346,30.311,18.918,19.25,2542200000.0,0.0,25.025,2.715,2.715,1222400000.0,7433000000.0,9903400000.0,9903400000.0,0.0,0.192,2.049,0.346,0.219,0.0,3296300000.0,1.0,1074479352.0,1074479352.0,,9.217,5581800000.0,0.0,620600000.0,639800000.0,5.195,51100000.0
18,CL,MRY,2002-12-31,2002-12-31,2002-12-31,2021-09-07,-1865600000.0,7087200000.0,7050575000.0,2228100000.0,4859100000.0,1.318,0.325,-343700000.0,167900000.0,167900000.0,4224200000.0,1288300000.0,1.037,19.232,3603900000.0,393100000.0,3210800000.0,3603900000.0,0.0,296500000.0,0.0,0.014,0.36,2013100000.0,2309600000.0,0.248,2309600000.0,2013100000.0,1870300000.0,1.165,1.095,1.165,350300000.0,447325000.0,350300000.0,31663543456.0,16.0,13.71,1267500000.0,1.177,1.0,5070100000.0,0.546,1791300000.0,142800000.0,6583200000.0,6430075000.0,671700000.0,0.0,0.0,0.0,6736900000.0,2148700000.0,4588200000.0,28221143456.0,-4800000.0,0.0,-1047600000.0,201000000.0,-413400000.0,-1260000000.0,-357200000.0,-10000000.0,1611200000.0,1200000.0,1288300000.0,1288300000.0,1288300000.0,0.0,0.0,0.139,3057000000.0,2013100000.0,728300000.0,0.309,80.563,21.906,22.502,2491300000.0,0.0,26.215,3.036,3.036,1145400000.0,6518500000.0,9294300000.0,9294300000.0,0.0,0.183,2.88,0.313,0.217,0.0,3034000000.0,1.0,1076526548.0,1076526548.0,,8.634,5295900000.0,0.0,582000000.0,610500000.0,4.919,79400000.0
19,CL,MRY,2001-12-31,2001-12-31,2001-12-31,2021-09-07,-1491200000.0,6984800000.0,7087350000.0,2203400000.0,4781400000.0,1.282,0.767,-340200000.0,172700000.0,172700000.0,4234900000.0,1146600000.0,1.038,7.252,3239100000.0,427100000.0,2812000000.0,3239100000.0,0.0,336200000.0,0.0,0.012,0.337,1834800000.0,2171000000.0,0.239,2171000000.0,1834800000.0,1668700000.0,1.01,0.945,1.01,846400000.0,968275000.0,846400000.0,35118132934.0,19.0,16.176,1163700000.0,1.055,1.0,4849400000.0,0.534,1904000000.0,166100000.0,6023700000.0,6028075000.0,677000000.0,0.0,0.0,0.0,6138400000.0,2123500000.0,4014900000.0,31861532934.0,-33900000.0,12500000.0,-1195700000.0,292000000.0,-396700000.0,-1210700000.0,-323500000.0,-6200000.0,1503900000.0,-3600000.0,1146600000.0,1146600000.0,1146600000.0,0.0,0.0,0.126,3014600000.0,1834800000.0,678100000.0,0.334,37.644,27.788,28.589,2513500000.0,0.0,28.875,3.507,3.507,1124900000.0,5643600000.0,9084300000.0,9084300000.0,0.0,0.162,1.184,0.304,0.202,0.0,2920100000.0,1.0,1103429712.0,1103429712.0,,8.233,5080800000.0,0.0,522100000.0,675600000.0,4.605,79900000.0
20,CL,MRY,2000-12-31,2000-12-31,2000-12-31,2021-09-07,-1269700000.0,7252300000.0,7308375000.0,2347200000.0,4905100000.0,1.232,1.283,-366600000.0,206600000.0,206600000.0,4257000000.0,1063800000.0,1.046,3.94,2978200000.0,441300000.0,2536900000.0,2978200000.0,0.0,337800000.0,0.0,0.01,0.316,1740500000.0,2078300000.0,0.231,2078300000.0,1740500000.0,1567200000.0,0.905,0.85,0.905,1468100000.0,1583825000.0,1468100000.0,39669673498.0,23.0,19.088,1169600000.0,1.022,1.0,4747400000.0,0.527,2096400000.0,173300000.0,5683400000.0,5754375000.0,686600000.0,0.0,0.0,0.0,5784200000.0,2244100000.0,3540100000.0,36937873498.0,7000000.0,37600000.0,-1040600000.0,186000000.0,-382400000.0,-1316000000.0,-208600000.0,137400000.0,1536200000.0,-4600000.0,1063800000.0,1063800000.0,1063800000.0,0.0,0.0,0.118,2954600000.0,1792800000.0,738900000.0,0.349,25.16,34.723,35.663,2528300000.0,0.0,32.275,4.102,4.102,1195400000.0,4893700000.0,9004400000.0,9004400000.0,0.0,0.146,0.672,0.302,0.193,0.0,2954600000.0,1.0,1144473230.0,1144473230.0,,7.868,5155900000.0,0.0,503400000.0,611000000.0,4.505,103100000.0
21,CL,MRY,1999-12-31,1999-12-31,1999-12-31,2021-09-07,-1136200000.0,7423100000.0,7417875000.0,2354800000.0,5068300000.0,1.229,1.574,-372800000.0,199600000.0,199600000.0,4224000000.0,937300000.0,1.036,3.048,2789500000.0,546200000.0,2243300000.0,2789500000.0,0.0,340200000.0,0.0,0.009,0.295,1566200000.0,1906400000.0,0.209,1906400000.0,1566200000.0,1394600000.0,0.785,0.735,0.785,1833700000.0,1742100000.0,1833700000.0,40414480730.0,26.0,21.199,919900000.0,0.79,1.0,4894200000.0,0.537,2185400000.0,171600000.0,5554100000.0,5519400000.0,783700000.0,35600000.0,35600000.0,0.0,5589400000.0,2273500000.0,3315900000.0,37867780730.0,17900000.0,45800000.0,-624400000.0,64500000.0,-366000000.0,-940100000.0,-331500000.0,22700000.0,1292700000.0,-3200000.0,937300000.0,937300000.0,937300000.0,0.0,0.0,0.103,3254400000.0,1639800000.0,764800000.0,0.376,20.651,40.401,41.401,2551100000.0,0.0,32.5,4.153,4.153,1100800000.0,4212300000.0,9118200000.0,9118200000.0,0.0,0.126,0.538,0.284,0.172,0.0,3254400000.0,1.0,1165162484.0,1165162484.0,,7.826,5237700000.0,0.0,457300000.0,515200000.0,4.495,81300000.0
22,CL,MRY,1998-12-31,1998-12-31,1998-12-31,2021-09-07,-799800000.0,7685200000.0,7657325000.0,2244900000.0,5440300000.0,1.172,1.781,-389600000.0,181700000.0,181700000.0,4290300000.0,848600000.0,1.062,2.685,2757500000.0,456900000.0,2300600000.0,2757500000.0,0.0,330300000.0,0.0,0.012,0.275,1423000000.0,1753300000.0,0.195,1753300000.0,1423000000.0,1250100000.0,0.7,0.65,0.7,2085600000.0,2125025000.0,2085600000.0,29768509734.0,21.0,16.979,789200000.0,0.674,1.0,4681300000.0,0.522,2524100000.0,172900000.0,5622500000.0,5641225000.0,746000000.0,12800000.0,12800000.0,0.0,5599600000.0,2114400000.0,3485200000.0,27196009734.0,-1400000.0,34800000.0,-542500000.0,85400000.0,-345600000.0,-830000000.0,-351900000.0,18700000.0,1178800000.0,1700000.0,848600000.0,848600000.0,848600000.0,0.0,0.0,0.095,3197100000.0,1484200000.0,726100000.0,0.393,13.04,32.048,33.171,2589200000.0,0.0,23.22,3.031,3.031,1085600000.0,3641000000.0,8971600000.0,8971600000.0,0.0,0.111,0.399,0.252,0.159,0.0,3197100000.0,1.0,1171232116.0,1171232116.0,,7.66,5161100000.0,0.0,401500000.0,522200000.0,4.407,130500000.0
23,CL,MRY,1997-12-31,1997-12-31,1997-12-31,2021-09-07,-693700000.0,7538700000.0,7773975000.0,2196500000.0,5342200000.0,1.165,1.841,-478500000.0,183100000.0,183100000.0,4461500000.0,740400000.0,1.121,2.46,2677000000.0,336700000.0,2340300000.0,2677000000.0,0.0,319900000.0,0.0,0.014,0.265,1285800000.0,1605700000.0,0.177,1605700000.0,1285800000.0,1102300000.0,0.61,0.565,0.61,2178600000.0,2133550000.0,2178600000.0,24382074075.0,19.0,15.185,619300000.0,0.523,1.0,4595200000.0,0.507,2585300000.0,183500000.0,5487800000.0,5794900000.0,728400000.0,22200000.0,22200000.0,0.0,5360100000.0,1959500000.0,3400600000.0,21741774075.0,-65100000.0,64900000.0,-175100000.0,-320300000.0,-333400000.0,-813000000.0,-337400000.0,68500000.0,1097800000.0,-12500000.0,740400000.0,740400000.0,740400000.0,0.0,0.0,0.082,3237000000.0,1358200000.0,716900000.0,0.434,9.98,29.365,30.123,2441000000.0,0.0,18.375,2.401,2.401,1037400000.0,3138000000.0,9056700000.0,9056700000.0,0.0,0.095,0.347,0.222,0.142,0.0,3237000000.0,1.0,1183225800.0,1183225800.0,,7.654,4953400000.0,0.0,361900000.0,351500000.0,4.186,237000000.0
24,CL,MRY,1996-12-31,1996-12-31,1996-12-31,2021-09-07,-534700000.0,7901500000.0,7771900000.0,2372300000.0,5529200000.0,1.126,1.726,-459000000.0,248200000.0,248200000.0,4451100000.0,635000000.0,1.246,2.885,3069500000.0,282700000.0,2786800000.0,3069500000.0,0.0,316300000.0,0.0,0.02,0.235,1152000000.0,1468300000.0,0.168,1468300000.0,1152000000.0,954600000.0,0.522,0.49,0.522,2034100000.0,1856950000.0,2034100000.0,,,,458400000.0,0.389,1.0,4297900000.0,0.491,2720400000.0,197400000.0,6098100000.0,6135100000.0,770700000.0,59600000.0,59600000.0,0.0,5867400000.0,1904300000.0,3963100000.0,13589290766.0,39400000.0,-34200000.0,-27400000.0,-87200000.0,-296200000.0,-371600000.0,-504000000.0,1200000.0,917400000.0,-2400000.0,635000000.0,635000000.0,635000000.0,0.0,0.0,0.073,3052100000.0,1245800000.0,751700000.0,0.45,6.681,21.4,22.091,2428900000.0,0.0,11.531,1.553,1.553,1064400000.0,2731000000.0,8749000000.0,8749000000.0,0.0,0.082,0.342,0.188,0.132,0.0,3052100000.0,1.0,1178475080.0,1178475080.0,,7.424,5181100000.0,0.0,319600000.0,327400000.0,4.396,468000000.0
25,CL,MRY,1995-12-31,1995-12-31,1995-12-31,2021-09-07,-513000000.0,7642300000.0,,2360200000.0,5282100000.0,,,-431800000.0,208800000.0,208800000.0,4353100000.0,172000000.0,1.346,3.55,3233400000.0,241400000.0,2992000000.0,3233400000.0,0.0,300300000.0,0.0,0.025,0.22,568900000.0,869200000.0,0.104,869200000.0,568900000.0,363500000.0,0.13,0.128,0.13,1679800000.0,,1679800000.0,,,,378400000.0,,1.0,4005100000.0,0.479,2741700000.0,205400000.0,6172100000.0,,774800000.0,47800000.0,47800000.0,0.0,5962500000.0,1753100000.0,4209400000.0,,38900000.0,-1298400000.0,49800000.0,1202900000.0,-276500000.0,976200000.0,-1743200000.0,4200000.0,810200000.0,-4300000.0,172000000.0,172000000.0,172000000.0,0.0,0.0,0.021,3340100000.0,665000000.0,738700000.0,1.692,,,67.548,2155200000.0,0.0,8.781,,,1116900000.0,2392200000.0,8358200000.0,8358200000.0,0.0,,,,0.068,0.0,2879600000.0,1.0,,,,,4900600000.0,0.0,191500000.0,314000000.0,,607100000.0
26,CL,MRY,1994-12-31,1994-12-31,1994-12-31,2021-09-07,,,,,,,,-400800000.0,,,3913300000.0,580200000.0,,,,,,,,235100000.0,,0.024,0.193,966600000.0,1201700000.0,0.158,1201700000.0,966600000.0,879900000.0,0.477,0.445,0.477,,,,,,,428600000.0,,1.0,3674600000.0,0.484,,86700000.0,,,,,,,,,,,25800000.0,-146400000.0,-324200000.0,228100000.0,-246900000.0,-343000000.0,-457700000.0,58400000.0,829400000.0,-2900000.0,580200000.0,580200000.0,580200000.0,0.0,0.0,0.076,2625200000.0,1049400000.0,,0.405,,,16.609,,0.0,7.923,,,,,7587900000.0,7587900000.0,0.0,,,,0.127,0.0,2625200000.0,1.0,,,,,,,299700000.0,,,
0,CL,MRQ,2021-06-30,2021-06-30,2021-06-30,2021-09-07,-4368000000.0,15999000000.0,,4652000000.0,11347000000.0,,0.548,-130000000.0,937000000.0,937000000.0,1704000000.0,741000000.0,1.107,32.623,7966000000.0,15000000.0,7951000000.0,7966000000.0,0.0,137000000.0,0.0,0.022,0.45,940000000.0,1077000000.0,0.253,1077000000.0,940000000.0,915000000.0,0.83,0.83,0.83,464000000.0,,464000000.0,75657560253.0,20.0,17.644,497000000.0,0.587,1.0,2556000000.0,0.6,6540000000.0,25000000.0,12285000000.0,,1700000000.0,0.0,0.0,0.0,15137000000.0,4203000000.0,10934000000.0,68819560253.0,-58000000.0,0.0,-220000000.0,86000000.0,-420000000.0,-550000000.0,-147000000.0,-5000000.0,627000000.0,12000000.0,703000000.0,703000000.0,703000000.0,0.0,38000000.0,0.165,1560000000.0,996000000.0,1272000000.0,0.542,148.318,25.218,25.422,3665000000.0,0.0,81.35,4.029,4.029,1443000000.0,23946000000.0,4260000000.0,4260000000.0,0.0,,,,,20000000.0,1568000000.0,1.0,845968780.0,845968780.0,,5.036,9459000000.0,283000000.0,212000000.0,804000000.0,11.181,449000000.0
1,CL,MRQ,2021-03-31,2021-03-31,2021-03-31,2021-09-07,-4455000000.0,15801000000.0,,4563000000.0,11238000000.0,,0.309,-107000000.0,995000000.0,995000000.0,1707000000.0,728000000.0,1.005,57.779,7833000000.0,263000000.0,7570000000.0,7833000000.0,0.0,137000000.0,0.0,0.022,0.44,939000000.0,1076000000.0,0.248,1076000000.0,939000000.0,910000000.0,0.8,0.8,0.8,262000000.0,,262000000.0,73605195907.0,20.0,17.401,491000000.0,0.579,1.0,2637000000.0,0.607,6488000000.0,29000000.0,11612000000.0,,1676000000.0,0.0,0.0,0.0,15138000000.0,4539000000.0,10599000000.0,66892195907.0,107000000.0,0.0,-342000000.0,390000000.0,-376000000.0,-334000000.0,-142000000.0,-29000000.0,598000000.0,-15000000.0,681000000.0,681000000.0,681000000.0,0.0,47000000.0,0.157,1633000000.0,1004000000.0,1306000000.0,0.55,255.314,25.138,25.347,3609000000.0,0.0,78.83,4.001,4.001,1402000000.0,23624000000.0,4344000000.0,4344000000.0,0.0,,,,,38000000.0,1605000000.0,1.0,848562678.0,848562678.0,,5.119,9313000000.0,201000000.0,229000000.0,837000000.0,10.975,24000000.0
2,CL,MRQ,2020-12-31,2020-12-31,2020-12-31,2021-09-07,-4345000000.0,15920000000.0,,4338000000.0,11582000000.0,,0.867,-161000000.0,888000000.0,888000000.0,1681000000.0,692000000.0,0.985,19.945,7601000000.0,267000000.0,7334000000.0,7601000000.0,0.0,139000000.0,0.0,0.02,0.44,906000000.0,1045000000.0,0.242,1045000000.0,906000000.0,849000000.0,0.76,0.76,0.76,743000000.0,,743000000.0,79543506739.0,22.0,19.007,802000000.0,0.936,1.0,2643000000.0,0.611,6718000000.0,57000000.0,11511000000.0,,1673000000.0,0.0,0.0,0.0,14819000000.0,4404000000.0,10415000000.0,73296506739.0,-101000000.0,-1000000.0,-664000000.0,205000000.0,-492000000.0,-951000000.0,-111000000.0,48000000.0,963000000.0,-2000000.0,647000000.0,647000000.0,647000000.0,0.0,45000000.0,0.15,1674000000.0,969000000.0,1393000000.0,0.579,98.649,27.197,27.146,3716000000.0,0.0,85.51,4.45,4.45,1264000000.0,23699000000.0,4324000000.0,4324000000.0,0.0,,,,,22000000.0,1633000000.0,1.0,857168831.0,857168831.0,,5.045,9202000000.0,291000000.0,202000000.0,829000000.0,10.735,-66000000.0
3,CL,MRQ,2020-09-30,2020-09-30,2020-09-30,2021-09-07,-4421000000.0,15466000000.0,,4367000000.0,11099000000.0,,0.762,-90000000.0,989000000.0,989000000.0,1613000000.0,745000000.0,0.975,22.041,7236000000.0,265000000.0,6971000000.0,7236000000.0,0.0,134000000.0,0.0,0.023,0.44,956000000.0,1090000000.0,0.262,1090000000.0,956000000.0,920000000.0,0.81,0.81,0.81,653000000.0,,653000000.0,72543424504.0,20.0,17.54,872000000.0,1.017,1.0,2540000000.0,0.612,6549000000.0,36000000.0,10683000000.0,,1578000000.0,0.0,0.0,0.0,14393000000.0,4481000000.0,9912000000.0,66148424504.0,-8000000.0,0.0,-63000000.0,-287000000.0,-378000000.0,-827000000.0,-151000000.0,-61000000.0,962000000.0,8000000.0,698000000.0,698000000.0,698000000.0,0.0,47000000.0,0.168,1522000000.0,1018000000.0,1225000000.0,0.543,101.299,24.581,24.57,3506000000.0,0.0,77.15,4.093,4.093,1292000000.0,23052000000.0,4153000000.0,4153000000.0,0.0,,,,,53000000.0,1518000000.0,1.0,857400188.0,857400188.0,,4.844,8917000000.0,208000000.0,222000000.0,829000000.0,10.4,-114000000.0
4,CL,MRQ,2020-06-30,2020-06-30,2020-06-30,2021-09-07,-4519000000.0,15141000000.0,,4212000000.0,10929000000.0,,0.313,-77000000.0,997000000.0,997000000.0,1528000000.0,675000000.0,0.92,53.765,7392000000.0,508000000.0,6884000000.0,7392000000.0,0.0,133000000.0,0.0,0.024,0.44,886000000.0,1019000000.0,0.261,1019000000.0,886000000.0,851000000.0,0.74,0.74,0.74,268000000.0,,268000000.0,69741274613.0,20.0,17.629,949000000.0,1.108,1.0,2369000000.0,0.608,6415000000.0,35000000.0,10541000000.0,,1524000000.0,0.0,0.0,0.0,14409000000.0,4580000000.0,9829000000.0,62749274613.0,143000000.0,-1000000.0,48000000.0,-510000000.0,-411000000.0,-833000000.0,-58000000.0,20000000.0,1026000000.0,8000000.0,635000000.0,635000000.0,635000000.0,0.0,40000000.0,0.163,1423000000.0,946000000.0,1189000000.0,0.595,234.139,24.407,24.42,3483000000.0,0.0,73.26,3.937,3.937,1231000000.0,22731000000.0,3897000000.0,3897000000.0,0.0,,,,,16000000.0,1395000000.0,1.0,856528455.0,856528455.0,,4.55,8726000000.0,224000000.0,216000000.0,900000000.0,10.188,-368000000.0
5,CL,MRQ,2020-03-31,2020-03-31,2020-03-31,2021-09-07,-4578000000.0,15070000000.0,,4248000000.0,10822000000.0,,-0.132,-82000000.0,854000000.0,854000000.0,1632000000.0,748000000.0,0.956,-130.345,7846000000.0,510000000.0,7336000000.0,7846000000.0,0.0,133000000.0,0.0,0.026,0.43,898000000.0,1031000000.0,0.252,1031000000.0,898000000.0,862000000.0,0.83,0.83,0.83,-113000000.0,,-113000000.0,63703776002.0,19.0,16.359,686000000.0,0.802,1.0,2465000000.0,0.602,6381000000.0,36000000.0,11238000000.0,,1301000000.0,0.0,0.0,0.0,14729000000.0,4443000000.0,10286000000.0,56739776002.0,-29000000.0,-351000000.0,77000000.0,17000000.0,-373000000.0,-308000000.0,-459000000.0,-26000000.0,768000000.0,-30000000.0,715000000.0,715000000.0,715000000.0,0.0,33000000.0,0.175,1513000000.0,952000000.0,1216000000.0,0.518,-502.122,22.498,22.571,3487000000.0,0.0,66.36,3.567,3.567,1551000000.0,22481000000.0,4097000000.0,4097000000.0,0.0,,,,,16000000.0,1473000000.0,1.0,855029777.0,855029777.0,,4.792,8689000000.0,179000000.0,147000000.0,900000000.0,10.162,-195000000.0
6,CL,MRQ,2019-12-31,2019-12-31,2019-12-31,2021-09-07,-4273000000.0,15034000000.0,,4179000000.0,10855000000.0,,0.137,-109000000.0,883000000.0,883000000.0,1601000000.0,682000000.0,1.035,123.726,7847000000.0,514000000.0,7333000000.0,7847000000.0,0.0,133000000.0,0.0,0.025,0.43,863000000.0,996000000.0,0.248,996000000.0,863000000.0,831000000.0,0.76,0.75,0.76,117000000.0,,117000000.0,66201924105.0,20.0,17.399,861000000.0,1.005,1.0,2414000000.0,0.601,6175000000.0,32000000.0,11785000000.0,,1400000000.0,0.0,0.0,0.0,14476000000.0,4038000000.0,10438000000.0,58998924105.0,-65000000.0,0.0,-170000000.0,-376000000.0,-474000000.0,-1020000000.0,-24000000.0,85000000.0,970000000.0,9000000.0,643000000.0,643000000.0,643000000.0,0.0,39000000.0,0.16,1483000000.0,931000000.0,1237000000.0,0.566,504.264,24.926,24.942,3750000000.0,0.0,68.84,3.76,3.76,1440000000.0,22501000000.0,4015000000.0,4015000000.0,0.0,,,,,17000000.0,1412000000.0,1.0,857044220.0,857044220.0,,4.685,8859000000.0,177000000.0,188000000.0,877000000.0,10.337,141000000.0
7,CL,MRQ,2019-09-30,2019-09-30,2019-09-30,2021-09-07,-4215000000.0,15026000000.0,,4349000000.0,10677000000.0,,-0.378,-80000000.0,948000000.0,948000000.0,1612000000.0,627000000.0,1.028,-45.84,8151000000.0,505000000.0,7646000000.0,8151000000.0,0.0,130000000.0,0.0,0.023,0.43,780000000.0,910000000.0,0.232,910000000.0,780000000.0,745000000.0,0.67,0.67,0.67,-324000000.0,,-324000000.0,68854053992.0,21.0,18.278,834000000.0,0.972,1.0,2316000000.0,0.59,6067000000.0,35000000.0,11931000000.0,,1371000000.0,0.0,0.0,0.0,14852000000.0,4231000000.0,10621000000.0,63072053992.0,85000000.0,-1711000000.0,-137000000.0,1561000000.0,-370000000.0,1054000000.0,-1863000000.0,-72000000.0,914000000.0,-20000000.0,578000000.0,578000000.0,578000000.0,0.0,49000000.0,0.147,1460000000.0,856000000.0,1188000000.0,0.642,-194.667,27.07,27.226,3689000000.0,0.0,73.51,4.072,4.072,1495000000.0,21860000000.0,3928000000.0,3928000000.0,0.0,,,,,49000000.0,1429000000.0,1.0,858006448.0,858006448.0,,4.578,8959000000.0,165000000.0,167000000.0,833000000.0,10.442,118000000.0
8,CL,MRQ,2019-06-30,2019-06-30,2019-06-30,2021-09-07,-4119000000.0,13151000000.0,,4255000000.0,8896000000.0,,-0.404,-75000000.0,863000000.0,863000000.0,1558000000.0,618000000.0,1.125,-37.928,6645000000.0,5000000.0,6640000000.0,6645000000.0,0.0,128000000.0,0.0,0.024,0.43,829000000.0,957000000.0,0.248,957000000.0,829000000.0,791000000.0,0.68,0.68,0.68,-347000000.0,,-347000000.0,67347763958.0,20.0,17.718,569000000.0,0.663,1.0,2308000000.0,0.597,4145000000.0,38000000.0,11006000000.0,,1322000000.0,0.0,0.0,0.0,13161000000.0,3782000000.0,9379000000.0,61529763958.0,20000000.0,0.0,-69000000.0,-39000000.0,-404000000.0,-512000000.0,-114000000.0,-39000000.0,644000000.0,2000000.0,586000000.0,586000000.0,586000000.0,0.0,32000000.0,0.152,1420000000.0,888000000.0,1209000000.0,0.632,-177.319,27.046,27.251,3793000000.0,0.0,71.67,3.994,3.994,1590000000.0,21653000000.0,3866000000.0,3866000000.0,0.0,,,,,17000000.0,1369000000.0,1.0,858514915.0,858514915.0,,4.503,9006000000.0,167000000.0,205000000.0,596000000.0,10.49,473000000.0
9,CL,MRQ,2019-03-31,2019-03-31,2019-03-31,2021-09-07,-4160000000.0,12883000000.0,,4133000000.0,8750000000.0,,-0.641,-71000000.0,843000000.0,843000000.0,1597000000.0,600000000.0,1.069,-23.719,6661000000.0,6000000.0,6655000000.0,6661000000.0,0.0,128000000.0,0.0,0.025,0.42,814000000.0,942000000.0,0.243,942000000.0,814000000.0,774000000.0,0.65,0.65,0.65,-552000000.0,,-552000000.0,64699306899.0,19.0,16.77,534000000.0,0.62,1.0,2287000000.0,0.589,4129000000.0,40000000.0,10707000000.0,,1278000000.0,0.0,0.0,0.0,13093000000.0,3865000000.0,9228000000.0,59059306899.0,117000000.0,0.0,-328000000.0,302000000.0,-366000000.0,-392000000.0,-98000000.0,-27000000.0,605000000.0,2000000.0,560000000.0,560000000.0,560000000.0,0.0,40000000.0,0.144,1408000000.0,879000000.0,1215000000.0,0.646,-106.991,25.391,25.575,3821000000.0,0.0,68.54,3.829,3.829,1547000000.0,21436000000.0,3884000000.0,3884000000.0,0.0,,,,,17000000.0,1365000000.0,1.0,861676494.0,861676494.0,,4.507,8754000000.0,164000000.0,214000000.0,706000000.0,10.159,268000000.0
10,CL,MRQ,2018-12-31,2018-12-31,2018-12-31,2021-09-07,-4188000000.0,12161000000.0,,3793000000.0,8368000000.0,,-0.118,-115000000.0,726000000.0,726000000.0,1558000000.0,643000000.0,1.135,-117.294,6366000000.0,12000000.0,6354000000.0,6366000000.0,0.0,126000000.0,0.0,0.028,0.42,832000000.0,958000000.0,0.251,958000000.0,832000000.0,795000000.0,0.7,0.7,0.7,-102000000.0,,-102000000.0,57385881579.0,17.0,14.491,747000000.0,0.861,1.0,2253000000.0,0.591,4167000000.0,37000000.0,10293000000.0,,1250000000.0,0.0,0.0,0.0,11964000000.0,3341000000.0,8623000000.0,51622881579.0,-115000000.0,0.0,-272000000.0,-237000000.0,-469000000.0,-978000000.0,4000000.0,118000000.0,862000000.0,-3000000.0,606000000.0,606000000.0,606000000.0,0.0,37000000.0,0.159,1362000000.0,891000000.0,1222000000.0,0.6,-506.107,21.51,21.565,3881000000.0,0.0,59.52,3.321,3.321,1400000000.0,21615000000.0,3811000000.0,3811000000.0,0.0,,,,,12000000.0,1328000000.0,1.0,867319919.0,867319919.0,,4.394,7994000000.0,152000000.0,189000000.0,646000000.0,9.217,452000000.0
11,CL,MRQ,2018-09-30,2018-09-30,2018-09-30,2021-09-07,-4172000000.0,12571000000.0,,4141000000.0,8430000000.0,,-0.496,-105000000.0,841000000.0,841000000.0,1576000000.0,562000000.0,1.105,-29.393,6604000000.0,85000000.0,6519000000.0,6604000000.0,0.0,127000000.0,0.0,0.024,0.42,817000000.0,944000000.0,0.246,944000000.0,817000000.0,781000000.0,0.6,0.6,0.6,-430000000.0,,-430000000.0,64127105697.0,18.0,15.964,792000000.0,0.913,1.0,2269000000.0,0.59,4199000000.0,36000000.0,10388000000.0,,1245000000.0,0.0,0.0,0.0,12639000000.0,3747000000.0,8892000000.0,58095105697.0,8000000.0,-1000000.0,-101000000.0,-255000000.0,-366000000.0,-722000000.0,-161000000.0,-54000000.0,897000000.0,-6000000.0,523000000.0,523000000.0,523000000.0,0.0,39000000.0,0.136,1395000000.0,874000000.0,1158000000.0,0.7,-135.105,27.442,27.665,3871000000.0,0.0,66.95,3.718,3.718,1532000000.0,21008000000.0,3845000000.0,3845000000.0,0.0,,,,,50000000.0,1369000000.0,1.0,867738696.0,867738696.0,,4.431,8372000000.0,165000000.0,258000000.0,685000000.0,9.648,394000000.0
12,CL,MRQ,2018-06-30,2018-06-30,2018-06-30,2021-09-07,-4164000000.0,12650000000.0,,4172000000.0,8478000000.0,,-0.6,-98000000.0,833000000.0,833000000.0,1585000000.0,675000000.0,1.058,-24.549,6865000000.0,346000000.0,6519000000.0,6865000000.0,0.0,129000000.0,0.0,0.025,0.42,885000000.0,1014000000.0,0.261,1014000000.0,885000000.0,850000000.0,0.73,0.73,0.73,-523000000.0,,-523000000.0,62393107224.0,17.0,15.274,583000000.0,0.668,1.0,2301000000.0,0.592,4218000000.0,35000000.0,10522000000.0,,1254000000.0,0.0,0.0,0.0,12839000000.0,3942000000.0,8897000000.0,56535107224.0,-18000000.0,0.0,-304000000.0,166000000.0,-404000000.0,-542000000.0,-132000000.0,-39000000.0,681000000.0,-25000000.0,637000000.0,637000000.0,637000000.0,0.0,38000000.0,0.164,1355000000.0,946000000.0,1121000000.0,0.575,-108.098,25.686,25.821,3908000000.0,0.0,64.81,3.589,3.589,1545000000.0,20851000000.0,3886000000.0,3886000000.0,0.0,,,,,19000000.0,1300000000.0,1.0,872320741.0,872320741.0,,4.455,8432000000.0,156000000.0,213000000.0,588000000.0,9.666,230000000.0
13,CL,MRQ,2018-03-31,2018-03-31,2018-03-31,2021-09-07,-3900000000.0,13144000000.0,,4292000000.0,8852000000.0,,-0.284,-118000000.0,851000000.0,851000000.0,1594000000.0,678000000.0,1.078,-52.382,6709000000.0,159000000.0,6550000000.0,6709000000.0,0.0,129000000.0,0.0,0.022,0.4,915000000.0,1044000000.0,0.261,1044000000.0,915000000.0,880000000.0,0.72,0.72,0.72,-249000000.0,,-249000000.0,67785420436.0,19.0,16.925,498000000.0,0.569,1.0,2408000000.0,0.602,4354000000.0,35000000.0,10668000000.0,,1312000000.0,0.0,0.0,0.0,13043000000.0,3980000000.0,9063000000.0,62743420436.0,-684000000.0,-727000000.0,-232000000.0,147000000.0,-352000000.0,-437000000.0,-881000000.0,-38000000.0,616000000.0,18000000.0,634000000.0,634000000.0,634000000.0,0.0,44000000.0,0.158,1425000000.0,983000000.0,1209000000.0,0.556,-251.982,30.05,30.245,4087000000.0,0.0,71.68,3.998,3.998,1644000000.0,20581000000.0,4002000000.0,4002000000.0,0.0,,,,,28000000.0,1392000000.0,1.0,875326736.0,875326736.0,,4.572,8790000000.0,187000000.0,246000000.0,681000000.0,10.042,312000000.0
14,CL,MRQ,2017-12-31,2017-12-31,2017-12-31,2021-09-07,-3855000000.0,12676000000.0,,4639000000.0,8037000000.0,,-0.068,-171000000.0,1535000000.0,1535000000.0,1564000000.0,353000000.0,1.361,-207.217,6577000000.0,11000000.0,6566000000.0,6577000000.0,0.0,121000000.0,0.0,0.021,0.4,894000000.0,1015000000.0,0.261,1015000000.0,894000000.0,866000000.0,0.37,0.37,0.37,-60000000.0,,-60000000.0,71400039075.0,21.0,18.242,588000000.0,0.67,1.0,2328000000.0,0.598,3559000000.0,28000000.0,10751000000.0,,1221000000.0,0.0,0.0,0.0,12433000000.0,3408000000.0,9025000000.0,66253039075.0,155000000.0,44000000.0,-268000000.0,44000000.0,-459000000.0,-683000000.0,61000000.0,196000000.0,759000000.0,18000000.0,323000000.0,323000000.0,323000000.0,0.0,30000000.0,0.083,1368000000.0,960000000.0,1212000000.0,1.081,-1104.217,32.734,32.804,4072000000.0,0.0,75.45,4.287,4.287,1480000000.0,20531000000.0,3892000000.0,3892000000.0,0.0,,,,,21000000.0,1345000000.0,1.0,878105223.0,878105223.0,,4.432,9117000000.0,188000000.0,543000000.0,558000000.0,10.383,1231000000.0
15,CL,MRQ,2017-09-30,2017-09-30,2017-09-30,2021-09-07,-3834000000.0,12775000000.0,,4736000000.0,8039000000.0,,-0.123,-153000000.0,1380000000.0,1380000000.0,1591000000.0,650000000.0,1.229,-115.815,6527000000.0,7000000.0,6520000000.0,6527000000.0,0.0,128000000.0,0.0,0.022,0.4,884000000.0,1012000000.0,0.255,1012000000.0,884000000.0,857000000.0,0.69,0.68,0.69,-108000000.0,,-108000000.0,69447338024.0,20.0,17.599,837000000.0,0.95,1.0,2383000000.0,0.6,3559000000.0,27000000.0,10509000000.0,,1205000000.0,0.0,0.0,0.0,12508000000.0,3854000000.0,8654000000.0,64169338024.0,139000000.0,0.0,-301000000.0,7000000.0,-354000000.0,-648000000.0,-220000000.0,-65000000.0,990000000.0,17000000.0,607000000.0,607000000.0,607000000.0,0.0,43000000.0,0.153,1426000000.0,957000000.0,1164000000.0,0.58,-594.161,27.815,27.912,3999000000.0,0.0,72.85,4.199,4.199,1530000000.0,20207000000.0,3974000000.0,3974000000.0,0.0,,,,,53000000.0,1410000000.0,1.0,880841977.0,880841977.0,,4.512,9216000000.0,265000000.0,250000000.0,587000000.0,10.463,882000000.0
16,CL,MRQ,2017-06-30,2017-06-30,2017-06-30,2021-09-07,-3947000000.0,12580000000.0,,4555000000.0,8025000000.0,,-0.274,-108000000.0,1241000000.0,1241000000.0,1526000000.0,560000000.0,1.205,-51.62,6519000000.0,13000000.0,6506000000.0,6519000000.0,0.0,117000000.0,0.0,0.021,0.4,817000000.0,934000000.0,0.244,934000000.0,817000000.0,793000000.0,0.59,0.59,0.59,-242000000.0,,-242000000.0,70604497117.0,19.0,17.326,506000000.0,0.573,1.0,2300000000.0,0.601,3531000000.0,24000000.0,10547000000.0,,1199000000.0,0.0,0.0,0.0,12492000000.0,3780000000.0,8712000000.0,65478497117.0,-106000000.0,0.0,-215000000.0,-13000000.0,-371000000.0,-599000000.0,-154000000.0,-50000000.0,614000000.0,33000000.0,524000000.0,524000000.0,524000000.0,0.0,36000000.0,0.137,1422000000.0,878000000.0,1131000000.0,0.678,-270.572,27.26,27.354,3930000000.0,0.0,74.13,4.315,4.315,1526000000.0,19952000000.0,3826000000.0,3826000000.0,0.0,,,,,18000000.0,1309000000.0,1.0,883292825.0,883292825.0,,4.332,9049000000.0,360000000.0,269000000.0,599000000.0,10.245,775000000.0
17,CL,MRQ,2017-03-31,2017-03-31,2017-03-31,2021-09-07,-4052000000.0,12448000000.0,,4596000000.0,7852000000.0,,-0.355,-121000000.0,1347000000.0,1347000000.0,1493000000.0,611000000.0,1.207,-39.786,6473000000.0,7000000.0,6466000000.0,6473000000.0,0.0,109000000.0,0.0,0.021,0.39,844000000.0,953000000.0,0.253,953000000.0,844000000.0,821000000.0,0.64,0.64,0.64,-313000000.0,,-313000000.0,69834283410.0,19.0,16.803,570000000.0,0.646,1.0,2269000000.0,0.603,3446000000.0,23000000.0,10319000000.0,,1189000000.0,0.0,0.0,0.0,12453000000.0,3809000000.0,8644000000.0,64616283410.0,32000000.0,0.0,-108000000.0,-67000000.0,-345000000.0,-520000000.0,-158000000.0,-37000000.0,691000000.0,19000000.0,570000000.0,570000000.0,570000000.0,0.0,41000000.0,0.152,1357000000.0,912000000.0,1116000000.0,0.609,-206.442,26.076,26.233,3883000000.0,0.0,73.19,4.252,4.252,1496000000.0,19782000000.0,3762000000.0,3762000000.0,0.0,,,,,35000000.0,1336000000.0,1.0,882856721.0,882856721.0,,4.261,9002000000.0,321000000.0,251000000.0,777000000.0,10.196,787000000.0
18,CL,MRQ,2016-12-31,2016-12-31,2016-12-31,2021-09-07,-4180000000.0,12123000000.0,,4338000000.0,7785000000.0,,-0.273,-201000000.0,1315000000.0,1315000000.0,1474000000.0,628000000.0,1.313,-49.819,6533000000.0,13000000.0,6520000000.0,6533000000.0,0.0,114000000.0,0.0,0.024,0.39,933000000.0,1047000000.0,0.281,1047000000.0,933000000.0,912000000.0,0.69,0.68,0.69,-243000000.0,,-243000000.0,63390860006.0,17.0,15.33,623000000.0,0.701,1.0,2247000000.0,0.604,3420000000.0,21000000.0,10616000000.0,,1171000000.0,0.0,0.0,0.0,12106000000.0,3305000000.0,8801000000.0,58165860006.0,17000000.0,-5000000.0,-394000000.0,163000000.0,-455000000.0,-686000000.0,-54000000.0,155000000.0,824000000.0,-67000000.0,606000000.0,606000000.0,606000000.0,0.0,22000000.0,0.163,1174000000.0,1073000000.0,1124000000.0,0.565,-239.366,23.829,23.883,3840000000.0,0.0,65.44,3.828,3.828,1411000000.0,19922000000.0,3721000000.0,3721000000.0,0.0,,,,,21000000.0,1147000000.0,1.0,888842604.0,888842604.0,,4.186,8703000000.0,301000000.0,306000000.0,687000000.0,9.791,1033000000.0
19,CL,MRQ,2016-09-30,2016-09-30,2016-09-30,2021-09-07,-3829000000.0,12623000000.0,,4764000000.0,7859000000.0,,-0.149,-84000000.0,1298000000.0,1298000000.0,1543000000.0,746000000.0,1.023,-93.195,6523000000.0,907000000.0,5616000000.0,6523000000.0,0.0,114000000.0,0.0,0.021,0.39,1027000000.0,1141000000.0,0.295,1141000000.0,1027000000.0,1002000000.0,0.79,0.78,0.79,-133000000.0,,-133000000.0,71582300658.0,28.0,23.671,913000000.0,1.024,1.0,2324000000.0,0.601,3527000000.0,25000000.0,9666000000.0,,1193000000.0,0.0,0.0,0.0,12395000000.0,4655000000.0,7740000000.0,66095300658.0,213000000.0,0.0,-287000000.0,-44000000.0,-349000000.0,-680000000.0,-105000000.0,-17000000.0,997000000.0,1000000.0,702000000.0,702000000.0,702000000.0,0.0,44000000.0,0.182,1253000000.0,1071000000.0,1076000000.0,0.494,-496.957,47.999,47.832,3837000000.0,0.0,74.14,4.299,4.299,1560000000.0,19310000000.0,3867000000.0,3867000000.0,0.0,,,,,54000000.0,1322000000.0,1.0,891493130.0,891493130.0,,4.338,9096000000.0,261000000.0,300000000.0,620000000.0,10.203,109000000.0
20,CL,MRQ,2016-06-30,2016-06-30,2016-06-30,2021-09-07,-3843000000.0,12515000000.0,,4614000000.0,7901000000.0,,-0.315,-134000000.0,1085000000.0,1085000000.0,1541000000.0,638000000.0,0.988,-44.416,6572000000.0,953000000.0,5619000000.0,6572000000.0,0.0,109000000.0,0.0,0.021,0.39,906000000.0,1015000000.0,0.264,1015000000.0,906000000.0,881000000.0,0.67,0.67,0.67,-281000000.0,,-281000000.0,70934894981.0,27.0,22.979,572000000.0,0.641,1.0,2304000000.0,0.599,3517000000.0,25000000.0,9814000000.0,,1232000000.0,0.0,0.0,0.0,12481000000.0,4671000000.0,7810000000.0,65368894981.0,71000000.0,0.0,-125000000.0,63000000.0,-364000000.0,-426000000.0,-196000000.0,-66000000.0,706000000.0,-13000000.0,600000000.0,600000000.0,600000000.0,0.0,38000000.0,0.156,1360000000.0,944000000.0,1082000000.0,0.582,-232.63,46.659,46.624,3825000000.0,0.0,73.2,4.216,4.216,1575000000.0,18955000000.0,3845000000.0,3845000000.0,0.0,,,,,17000000.0,1320000000.0,1.0,893017691.0,893017691.0,,4.306,8998000000.0,311000000.0,281000000.0,622000000.0,10.076,-57000000.0
21,CL,MRQ,2016-03-31,2016-03-31,2016-03-31,2021-09-07,-3825000000.0,12448000000.0,,4490000000.0,7958000000.0,,-0.414,-114000000.0,1014000000.0,1014000000.0,1514000000.0,574000000.0,1.006,-33.841,6580000000.0,703000000.0,5877000000.0,6580000000.0,0.0,106000000.0,0.0,0.022,0.38,826000000.0,932000000.0,0.248,932000000.0,826000000.0,798000000.0,0.6,0.59,0.6,-370000000.0,,-370000000.0,68672976155.0,26.0,22.347,500000000.0,0.56,1.0,2248000000.0,0.598,3531000000.0,28000000.0,10020000000.0,,1234000000.0,0.0,0.0,0.0,12521000000.0,4463000000.0,8058000000.0,63071976155.0,44000000.0,0.0,-83000000.0,-18000000.0,-340000000.0,-441000000.0,-144000000.0,-30000000.0,614000000.0,15000000.0,533000000.0,533000000.0,533000000.0,0.0,41000000.0,0.142,1381000000.0,867000000.0,1108000000.0,0.633,-170.465,45.871,46.176,3820000000.0,0.0,70.65,4.011,4.011,1546000000.0,18705000000.0,3762000000.0,3762000000.0,0.0,,,,,31000000.0,1354000000.0,1.0,892738516.0,892738516.0,,4.214,8917000000.0,349000000.0,265000000.0,619000000.0,9.988,27000000.0
22,CL,MRQ,2015-12-31,2015-12-31,2015-12-31,2021-09-07,-3950000000.0,11935000000.0,,4384000000.0,7551000000.0,,-0.333,-232000000.0,970000000.0,970000000.0,1606000000.0,-421000000.0,1.241,-40.064,6548000000.0,302000000.0,6246000000.0,6548000000.0,0.0,112000000.0,0.0,0.023,0.38,-176000000.0,-64000000.0,-0.016,-64000000.0,-176000000.0,-183000000.0,-0.51,-0.5,-0.51,-299000000.0,,-299000000.0,65097947437.0,25.0,21.177,609000000.0,0.679,1.0,2293000000.0,0.588,3449000000.0,7000000.0,10530000000.0,,1180000000.0,0.0,0.0,0.0,11979000000.0,3534000000.0,8445000000.0,59752947437.0,-475000000.0,9000000.0,-309000000.0,-181000000.0,-460000000.0,-950000000.0,-341000000.0,-42000000.0,841000000.0,-25000000.0,-458000000.0,-458000000.0,-458000000.0,0.0,37000000.0,-0.117,2432000000.0,-139000000.0,1110000000.0,-0.745,-199.843,43.174,43.542,3796000000.0,0.0,66.62,3.727,3.727,1427000000.0,18861000000.0,3899000000.0,3899000000.0,0.0,,,,,21000000.0,1286000000.0,1.0,896922057.0,896922057.0,,4.347,8486000000.0,67000000.0,275000000.0,510000000.0,9.461,850000000.0
23,CL,MRQ,2015-09-30,2015-09-30,2015-09-30,2021-09-07,-4085000000.0,13563000000.0,,5089000000.0,8474000000.0,,0.283,-179000000.0,1445000000.0,1445000000.0,1652000000.0,770000000.0,1.293,50.875,6790000000.0,236000000.0,6554000000.0,6790000000.0,0.0,112000000.0,0.0,0.023,0.38,1092000000.0,1204000000.0,0.301,1204000000.0,1092000000.0,1087000000.0,0.81,0.8,0.81,255000000.0,,255000000.0,62746346830.0,17.0,14.911,706000000.0,0.784,1.0,2347000000.0,0.587,3506000000.0,5000000.0,11465000000.0,,1277000000.0,0.0,0.0,0.0,12973000000.0,3937000000.0,9036000000.0,57122346830.0,386000000.0,208000000.0,-320000000.0,94000000.0,-344000000.0,-570000000.0,94000000.0,69000000.0,885000000.0,-23000000.0,726000000.0,726000000.0,726000000.0,0.0,44000000.0,0.182,1211000000.0,1136000000.0,1109000000.0,0.469,224.009,23.126,23.245,3959000000.0,0.0,63.46,3.492,3.492,1561000000.0,19323000000.0,3999000000.0,3999000000.0,0.0,,,,,53000000.0,1347000000.0,1.0,900131529.0,900131529.0,,4.443,10057000000.0,137000000.0,361000000.0,574000000.0,11.173,1152000000.0
24,CL,MRQ,2015-06-30,2015-06-30,2015-06-30,2021-09-07,-3776000000.0,13660000000.0,,4988000000.0,8672000000.0,,0.502,-158000000.0,1059000000.0,1059000000.0,1699000000.0,616000000.0,1.186,28.421,6683000000.0,497000000.0,6186000000.0,6683000000.0,0.0,111000000.0,0.0,0.022,0.38,890000000.0,1001000000.0,0.246,1001000000.0,890000000.0,884000000.0,0.63,0.63,0.63,454000000.0,,454000000.0,64436918271.0,18.0,15.997,338000000.0,0.374,1.0,2367000000.0,0.582,3612000000.0,6000000.0,11466000000.0,,1324000000.0,0.0,0.0,0.0,12903000000.0,4206000000.0,8697000000.0,59167918271.0,200000000.0,0.0,-329000000.0,574000000.0,-360000000.0,-115000000.0,-181000000.0,-28000000.0,496000000.0,0.0,574000000.0,574000000.0,574000000.0,0.0,42000000.0,0.141,1435000000.0,932000000.0,1169000000.0,0.603,130.326,25.883,26.06,4039000000.0,0.0,65.41,3.535,3.535,1691000000.0,18936000000.0,4066000000.0,4066000000.0,0.0,,,,,19000000.0,1381000000.0,1.0,904569917.0,904569917.0,,4.495,10048000000.0,144000000.0,310000000.0,558000000.0,11.108,782000000.0
25,CL,MRQ,2015-03-31,2015-03-31,2015-03-31,2021-09-07,-3847000000.0,13156000000.0,,4700000000.0,8456000000.0,,0.507,-122000000.0,859000000.0,859000000.0,1678000000.0,583000000.0,1.087,26.993,6128000000.0,506000000.0,5622000000.0,6128000000.0,0.0,114000000.0,0.0,0.021,0.36,819000000.0,933000000.0,0.229,933000000.0,819000000.0,811000000.0,0.6,0.59,0.6,460000000.0,,460000000.0,67956049377.0,19.0,16.676,605000000.0,0.667,1.0,2392000000.0,0.588,3542000000.0,8000000.0,10560000000.0,,1350000000.0,0.0,0.0,0.0,12417000000.0,4323000000.0,8094000000.0,62897049377.0,-230000000.0,0.0,-246000000.0,-66000000.0,-329000000.0,-641000000.0,-257000000.0,-142000000.0,727000000.0,-59000000.0,542000000.0,542000000.0,542000000.0,0.0,41000000.0,0.133,1532000000.0,860000000.0,1167000000.0,0.6,136.733,26.948,27.086,3968000000.0,0.0,69.34,3.695,3.695,1611000000.0,18704000000.0,4070000000.0,4070000000.0,0.0,,,,,32000000.0,1450000000.0,1.0,907081762.0,907081762.0,,4.487,9614000000.0,79000000.0,269000000.0,650000000.0,10.599,377000000.0
26,CL,MRQ,2014-12-31,2014-12-31,2014-12-31,2021-09-07,-3507000000.0,13459000000.0,,4863000000.0,8596000000.0,,1.256,-264000000.0,1089000000.0,1089000000.0,1746000000.0,666000000.0,1.232,10.545,6148000000.0,504000000.0,5644000000.0,6148000000.0,0.0,113000000.0,0.0,0.021,0.36,957000000.0,1070000000.0,0.253,1070000000.0,957000000.0,953000000.0,0.69,0.68,0.69,1145000000.0,,1145000000.0,67759649622.0,20.0,17.646,642000000.0,0.704,1.0,2475000000.0,0.586,3720000000.0,4000000.0,10852000000.0,,1382000000.0,0.0,0.0,0.0,12074000000.0,3946000000.0,8128000000.0,63059649622.0,-266000000.0,-38000000.0,-335000000.0,58000000.0,-456000000.0,-733000000.0,-404000000.0,-102000000.0,906000000.0,-35000000.0,628000000.0,628000000.0,628000000.0,0.0,38000000.0,0.149,1480000000.0,995000000.0,1231000000.0,0.522,55.074,28.926,29.071,4080000000.0,0.0,69.19,3.65,3.65,1552000000.0,18832000000.0,4221000000.0,4221000000.0,0.0,,,,,22000000.0,1434000000.0,1.0,911398318.0,911398318.0,,4.631,9739000000.0,76000000.0,325000000.0,555000000.0,10.686,917000000.0
27,CL,MRQ,2014-09-30,2014-09-30,2014-09-30,2021-09-07,-2887000000.0,13685000000.0,,5181000000.0,8504000000.0,,1.555,-179000000.0,1355000000.0,1355000000.0,1821000000.0,580000000.0,1.174,8.408,6055000000.0,614000000.0,5441000000.0,6055000000.0,0.0,114000000.0,0.0,0.021,0.36,910000000.0,1024000000.0,0.234,1024000000.0,910000000.0,906000000.0,0.59,0.59,0.59,1420000000.0,,1420000000.0,64466066330.0,20.0,17.26,824000000.0,0.902,1.0,2558000000.0,0.584,3779000000.0,4000000.0,10194000000.0,,1422000000.0,0.0,0.0,0.0,11939000000.0,4412000000.0,7527000000.0,59566066330.0,194000000.0,0.0,-231000000.0,-48000000.0,-328000000.0,-607000000.0,-141000000.0,33000000.0,1003000000.0,-61000000.0,542000000.0,542000000.0,542000000.0,0.0,38000000.0,0.124,1610000000.0,948000000.0,1215000000.0,0.61,41.948,28.15,28.357,4038000000.0,0.0,65.22,3.42,3.42,1747000000.0,18210000000.0,4379000000.0,4379000000.0,0.0,,,,,55000000.0,1497000000.0,1.0,913309818.0,913309818.0,,4.795,9906000000.0,31000000.0,364000000.0,649000000.0,10.846,769000000.0
28,CL,MRQ,2014-06-30,2014-06-30,2014-06-30,2021-09-07,-2504000000.0,13988000000.0,,5174000000.0,8814000000.0,,1.943,-146000000.0,1161000000.0,1161000000.0,1800000000.0,661000000.0,1.274,6.699,6061000000.0,320000000.0,5741000000.0,6061000000.0,0.0,107000000.0,0.0,0.02,0.36,941000000.0,1048000000.0,0.241,1048000000.0,941000000.0,932000000.0,0.68,0.67,0.68,1779000000.0,,1779000000.0,67275043525.0,20.0,17.741,423000000.0,0.462,1.0,2552000000.0,0.586,3975000000.0,9000000.0,10852000000.0,,1508000000.0,0.0,0.0,0.0,11917000000.0,4061000000.0,7856000000.0,62411043525.0,-634000000.0,0.0,-190000000.0,-597000000.0,-346000000.0,-1133000000.0,-65000000.0,89000000.0,569000000.0,-5000000.0,622000000.0,622000000.0,622000000.0,0.0,39000000.0,0.143,1572000000.0,980000000.0,1251000000.0,0.529,35.082,27.987,28.174,4077000000.0,0.0,68.18,3.579,3.579,1803000000.0,17991000000.0,4352000000.0,4352000000.0,0.0,,,,,20000000.0,1507000000.0,1.0,915386382.0,915386382.0,,4.754,10013000000.0,74000000.0,310000000.0,637000000.0,10.939,1113000000.0
29,CL,MRQ,2014-03-31,2014-03-31,2014-03-31,2021-09-07,-2537000000.0,14432000000.0,,5677000000.0,8755000000.0,,1.774,-168000000.0,1795000000.0,1795000000.0,1801000000.0,432000000.0,1.207,7.688,6659000000.0,920000000.0,5739000000.0,6659000000.0,0.0,108000000.0,0.0,0.021,0.34,590000000.0,698000000.0,0.161,698000000.0,590000000.0,583000000.0,0.42,0.42,0.42,1630000000.0,,1630000000.0,64306873732.0,20.0,17.296,652000000.0,0.71,1.0,2524000000.0,0.584,3985000000.0,7000000.0,10609000000.0,,1478000000.0,0.0,0.0,0.0,12532000000.0,4702000000.0,7830000000.0,59611873732.0,833000000.0,-25000000.0,-403000000.0,1022000000.0,-316000000.0,303000000.0,-249000000.0,-77000000.0,820000000.0,-41000000.0,388000000.0,388000000.0,388000000.0,0.0,44000000.0,0.09,1890000000.0,634000000.0,1264000000.0,0.81,36.572,27.484,27.722,4037000000.0,0.0,64.87,3.42,3.42,1670000000.0,17698000000.0,4325000000.0,4325000000.0,0.0,,,,,34000000.0,1544000000.0,1.0,918943637.0,918943637.0,,4.706,10447000000.0,75000000.0,195000000.0,646000000.0,11.368,975000000.0
30,CL,MRQ,2013-12-31,2013-12-31,2013-12-31,2021-09-07,-2451000000.0,13985000000.0,,4931000000.0,9054000000.0,,2.491,-251000000.0,962000000.0,962000000.0,1794000000.0,601000000.0,1.077,4.967,5657000000.0,908000000.0,4749000000.0,5657000000.0,0.0,110000000.0,0.0,0.02,0.34,855000000.0,965000000.0,0.221,965000000.0,855000000.0,856000000.0,0.61,0.6,0.61,2305000000.0,,2305000000.0,64895864870.0,19.0,16.962,588000000.0,0.636,1.0,2567000000.0,0.589,3970000000.0,-1000000.0,10131000000.0,,1425000000.0,0.0,0.0,0.0,11449000000.0,4579000000.0,6870000000.0,60332864870.0,241000000.0,12000000.0,-343000000.0,363000000.0,-352000000.0,-332000000.0,-262000000.0,-25000000.0,839000000.0,-4000000.0,564000000.0,564000000.0,564000000.0,0.0,37000000.0,0.129,1675000000.0,892000000.0,1343000000.0,0.557,26.175,26.922,27.058,4083000000.0,0.0,65.21,3.463,3.463,1636000000.0,17952000000.0,4361000000.0,4361000000.0,0.0,,,,,23000000.0,1612000000.0,1.0,925208785.0,925208785.0,,4.714,10015000000.0,77000000.0,292000000.0,683000000.0,10.825,352000000.0
31,CL,MRQ,2013-09-30,2013-09-30,2013-09-30,2021-09-07,-2716000000.0,13439000000.0,,4600000000.0,8839000000.0,,1.923,-176000000.0,721000000.0,721000000.0,1813000000.0,699000000.0,1.024,6.408,5284000000.0,607000000.0,4677000000.0,5284000000.0,0.0,108000000.0,0.0,0.022,0.34,973000000.0,1081000000.0,0.246,1081000000.0,973000000.0,973000000.0,0.71,0.7,0.71,1784000000.0,,1784000000.0,59755267329.0,17.0,15.429,864000000.0,0.931,1.0,2585000000.0,0.588,3958000000.0,0.0,9553000000.0,,1441000000.0,0.0,0.0,0.0,11432000000.0,4491000000.0,6941000000.0,55011267329.0,-163000000.0,0.0,-240000000.0,-319000000.0,-405000000.0,-964000000.0,-230000000.0,-59000000.0,1040000000.0,-9000000.0,656000000.0,656000000.0,656000000.0,0.0,43000000.0,0.149,1569000000.0,1016000000.0,1234000000.0,0.479,30.836,24.181,24.303,3858000000.0,0.0,59.3,3.172,3.172,1737000000.0,17393000000.0,4398000000.0,4398000000.0,0.0,,,,,53000000.0,1549000000.0,1.0,927677358.0,927677358.0,,4.741,9481000000.0,91000000.0,317000000.0,595000000.0,10.22,109000000.0
32,CL,MRQ,2013-06-30,2013-06-30,2013-06-30,2021-09-07,-2825000000.0,13487000000.0,,4867000000.0,8620000000.0,,1.641,-149000000.0,884000000.0,884000000.0,1812000000.0,604000000.0,1.095,7.631,5628000000.0,596000000.0,5032000000.0,5628000000.0,0.0,111000000.0,0.0,0.022,0.34,863000000.0,974000000.0,0.224,974000000.0,863000000.0,868000000.0,0.6,0.6,0.6,1531000000.0,,1531000000.0,57861544781.0,17.0,14.905,399000000.0,0.428,1.0,2534000000.0,0.583,3883000000.0,-5000000.0,9904000000.0,,1440000000.0,0.0,0.0,0.0,11683000000.0,4444000000.0,7239000000.0,53436544781.0,-48000000.0,0.0,-310000000.0,261000000.0,-335000000.0,-384000000.0,-166000000.0,-9000000.0,548000000.0,-46000000.0,561000000.0,561000000.0,561000000.0,0.0,43000000.0,0.129,1628000000.0,906000000.0,1279000000.0,0.567,34.903,23.509,23.674,3776000000.0,0.0,57.29,3.093,3.093,1778000000.0,17052000000.0,4346000000.0,4346000000.0,0.0,,,,,20000000.0,1526000000.0,1.0,932737734.0,932737734.0,,4.659,9604000000.0,89000000.0,307000000.0,530000000.0,10.297,423000000.0
33,CL,MRQ,2013-03-31,2013-03-31,2013-03-31,2021-09-07,-2658000000.0,13533000000.0,,4828000000.0,8705000000.0,,1.894,-94000000.0,932000000.0,932000000.0,1800000000.0,506000000.0,1.18,6.498,5357000000.0,262000000.0,5095000000.0,5357000000.0,0.0,110000000.0,0.0,0.021,0.31,696000000.0,806000000.0,0.187,806000000.0,696000000.0,699000000.0,0.49,0.48,0.49,1772000000.0,,1772000000.0,59548242799.0,17.0,15.049,683000000.0,0.73,1.0,2515000000.0,0.583,3916000000.0,-3000000.0,9951000000.0,,1371000000.0,0.0,0.0,0.0,11514000000.0,4091000000.0,7423000000.0,55202242799.0,48000000.0,0.0,-289000000.0,117000000.0,-290000000.0,-462000000.0,-232000000.0,-145000000.0,777000000.0,-35000000.0,460000000.0,460000000.0,460000000.0,0.0,46000000.0,0.107,1773000000.0,742000000.0,1237000000.0,0.633,31.153,23.601,23.796,3820000000.0,0.0,59.015,3.209,3.209,1808000000.0,16805000000.0,4315000000.0,4315000000.0,0.0,,,,,32000000.0,1536000000.0,1.0,935393422.0,935393422.0,,4.613,9617000000.0,86000000.0,239000000.0,610000000.0,10.281,737000000.0
34,CL,MRQ,2012-12-31,2012-12-31,2012-12-31,2021-09-07,-2621000000.0,13394000000.0,,4556000000.0,8838000000.0,,2.316,-248000000.0,884000000.0,884000000.0,1781000000.0,636000000.0,1.219,5.027,5230000000.0,304000000.0,4926000000.0,5230000000.0,0.0,108000000.0,0.0,0.023,0.31,904000000.0,1012000000.0,0.236,1012000000.0,904000000.0,909000000.0,0.64,0.62,0.64,2189000000.0,,2189000000.0,53730238382.0,14.0,12.931,815000000.0,0.862,1.0,2505000000.0,0.584,3999000000.0,-5000000.0,10005000000.0,,1365000000.0,0.0,0.0,0.0,11004000000.0,3736000000.0,7268000000.0,49393238382.0,-25000000.0,34000000.0,-511000000.0,-6000000.0,-326000000.0,-843000000.0,-241000000.0,-17000000.0,1063000000.0,-4000000.0,598000000.0,598000000.0,598000000.0,0.0,38000000.0,0.14,1563000000.0,942000000.0,1290000000.0,0.484,22.564,19.981,20.104,3842000000.0,0.0,52.27,2.891,2.891,1668000000.0,16953000000.0,4286000000.0,4286000000.0,0.0,,,,,22000000.0,1487000000.0,1.0,944963428.0,944963428.0,,4.536,9395000000.0,92000000.0,311000000.0,547000000.0,9.942,820000000.0
35,CL,MRQ,2012-09-30,2012-09-30,2012-09-30,2021-09-07,-2455000000.0,13424000000.0,,4761000000.0,8663000000.0,,2.644,-128000000.0,909000000.0,909000000.0,1803000000.0,697000000.0,1.287,4.279,5246000000.0,303000000.0,4943000000.0,5246000000.0,0.0,106000000.0,0.0,0.022,0.31,984000000.0,1090000000.0,0.252,1090000000.0,984000000.0,980000000.0,0.69,0.68,0.69,2507000000.0,,2507000000.0,55208472017.0,15.0,13.345,812000000.0,0.856,1.0,2529000000.0,0.584,3956000000.0,4000000.0,10105000000.0,,1384000000.0,0.0,0.0,0.0,10727000000.0,3700000000.0,7027000000.0,50840472017.0,-86000000.0,38000000.0,-251000000.0,-119000000.0,-358000000.0,-728000000.0,-303000000.0,-233000000.0,940000000.0,5000000.0,654000000.0,654000000.0,654000000.0,0.0,43000000.0,0.151,1502000000.0,1027000000.0,1181000000.0,0.449,20.279,20.633,20.779,3685000000.0,0.0,53.61,2.996,2.996,1857000000.0,16654000000.0,4332000000.0,4332000000.0,0.0,,,,,50000000.0,1501000000.0,1.0,948339340.0,948339340.0,,4.568,9468000000.0,82000000.0,326000000.0,615000000.0,9.984,1061000000.0
36,CL,MRQ,2012-06-30,2012-06-30,2012-06-30,2021-09-07,-2554000000.0,13153000000.0,,4835000000.0,8318000000.0,,2.416,-129000000.0,995000000.0,995000000.0,1806000000.0,665000000.0,1.356,4.615,5363000000.0,295000000.0,5068000000.0,5363000000.0,0.0,105000000.0,0.0,0.023,0.31,944000000.0,1049000000.0,0.246,1049000000.0,944000000.0,938000000.0,0.66,0.65,0.66,2306000000.0,,2306000000.0,53604372830.0,14.0,12.879,402000000.0,0.421,1.0,2461000000.0,0.577,3927000000.0,6000000.0,10028000000.0,,1368000000.0,0.0,0.0,0.0,10643000000.0,3566000000.0,7077000000.0,49681372830.0,-49000000.0,-29000000.0,-346000000.0,396000000.0,-315000000.0,-265000000.0,-280000000.0,-129000000.0,531000000.0,-35000000.0,627000000.0,627000000.0,627000000.0,0.0,38000000.0,0.147,1464000000.0,997000000.0,1226000000.0,0.47,21.544,20.253,20.412,3625000000.0,0.0,52.05,2.919,2.919,1785000000.0,16294000000.0,4267000000.0,4267000000.0,0.0,,,,,19000000.0,1464000000.0,1.0,954493234.0,954493234.0,,4.47,9226000000.0,84000000.0,311000000.0,560000000.0,9.666,1269000000.0
37,CL,MRQ,2012-03-31,2012-03-31,2012-03-31,2021-09-07,-2269000000.0,13254000000.0,,4849000000.0,8405000000.0,,2.388,-60000000.0,1044000000.0,1044000000.0,1763000000.0,633000000.0,1.181,4.698,4967000000.0,372000000.0,4595000000.0,4967000000.0,0.0,106000000.0,0.0,0.024,0.29,898000000.0,1004000000.0,0.239,1004000000.0,898000000.0,888000000.0,0.62,0.615,0.62,2290000000.0,,2290000000.0,50825096750.0,14.0,12.218,602000000.0,0.628,1.0,2437000000.0,0.58,4081000000.0,10000000.0,8989000000.0,,1400000000.0,0.0,0.0,0.0,10758000000.0,4107000000.0,6651000000.0,46893096750.0,166000000.0,0.0,-357000000.0,170000000.0,-278000000.0,-465000000.0,-41000000.0,-19000000.0,662000000.0,10000000.0,593000000.0,593000000.0,593000000.0,0.0,40000000.0,0.141,1478000000.0,959000000.0,1187000000.0,0.468,20.477,19.156,19.362,3702000000.0,0.0,48.89,2.768,2.768,1827000000.0,15670000000.0,4200000000.0,4200000000.0,0.0,,,,,29000000.0,1478000000.0,1.0,959155180.0,959155180.0,,4.379,9173000000.0,87000000.0,295000000.0,684000000.0,9.564,742000000.0
38,CL,MRQ,2011-12-31,2011-12-31,2011-12-31,2021-09-07,-2475000000.0,12724000000.0,,4402000000.0,8322000000.0,,2.454,-213000000.0,878000000.0,878000000.0,1779000000.0,625000000.0,1.185,4.288,4810000000.0,380000000.0,4430000000.0,4810000000.0,0.0,106000000.0,0.0,0.025,0.29,888000000.0,994000000.0,0.238,994000000.0,888000000.0,873000000.0,0.61,0.605,0.61,2375000000.0,,2375000000.0,48527695050.0,13.0,11.724,626000000.0,0.647,1.0,2393000000.0,0.574,3998000000.0,15000000.0,8942000000.0,,1327000000.0,0.0,0.0,0.0,10183000000.0,3716000000.0,6467000000.0,44716695050.0,-67000000.0,28000000.0,-383000000.0,60000000.0,-353000000.0,-676000000.0,-215000000.0,2000000.0,839000000.0,-15000000.0,590000000.0,590000000.0,590000000.0,0.0,35000000.0,0.141,1470000000.0,923000000.0,1244000000.0,0.475,18.828,18.394,18.552,3668000000.0,0.0,46.195,2.672,2.672,1675000000.0,15649000000.0,4172000000.0,4172000000.0,0.0,,,,,20000000.0,1444000000.0,1.0,967998594.0,967998594.0,,4.31,8726000000.0,115000000.0,283000000.0,644000000.0,9.014,686000000.0
39,CL,MRQ,2011-09-30,2011-09-30,2011-09-30,2021-09-07,-2199000000.0,12768000000.0,,4443000000.0,8325000000.0,,2.741,-99000000.0,945000000.0,945000000.0,1921000000.0,676000000.0,1.029,3.711,4756000000.0,988000000.0,3768000000.0,4756000000.0,0.0,113000000.0,0.0,0.025,0.29,1002000000.0,1115000000.0,0.254,1115000000.0,1002000000.0,992000000.0,0.66,0.655,0.66,2667000000.0,,2667000000.0,47414461112.0,13.0,11.506,804000000.0,0.826,1.0,2462000000.0,0.562,4118000000.0,10000000.0,8144000000.0,,1336000000.0,0.0,0.0,0.0,9898000000.0,4317000000.0,5581000000.0,43142461112.0,206000000.0,229000000.0,-273000000.0,-210000000.0,-282000000.0,-765000000.0,113000000.0,-26000000.0,903000000.0,-45000000.0,643000000.0,643000000.0,643000000.0,0.0,33000000.0,0.147,1427000000.0,1035000000.0,1150000000.0,0.439,16.176,17.502,17.595,3615000000.0,0.0,44.34,2.608,2.608,1677000000.0,15344000000.0,4383000000.0,4383000000.0,0.0,,,,,46000000.0,1489000000.0,1.0,972991906.0,972991906.0,,4.505,8650000000.0,91000000.0,349000000.0,654000000.0,8.89,126000000.0
40,CL,MRQ,2011-06-30,2011-06-30,2011-06-30,2021-09-07,-1748000000.0,13244000000.0,,4470000000.0,8774000000.0,,3.036,-147000000.0,739000000.0,739000000.0,1781000000.0,646000000.0,1.052,3.402,5011000000.0,991000000.0,4020000000.0,5011000000.0,0.0,103000000.0,0.0,0.025,0.29,944000000.0,1047000000.0,0.25,1047000000.0,944000000.0,933000000.0,0.635,0.63,0.635,2969000000.0,,2969000000.0,45852224190.0,13.0,11.375,327000000.0,0.334,1.0,2404000000.0,0.574,4377000000.0,11000000.0,8890000000.0,,1417000000.0,0.0,0.0,0.0,10100000000.0,4249000000.0,5851000000.0,42734224190.0,53000000.0,-960000000.0,-249000000.0,1172000000.0,-307000000.0,616000000.0,-1040000000.0,104000000.0,474000000.0,3000000.0,622000000.0,622000000.0,622000000.0,0.0,24000000.0,0.149,1436000000.0,968000000.0,1236000000.0,0.457,14.393,17.507,17.552,3831000000.0,0.0,43.705,2.654,2.654,1819000000.0,14983000000.0,4185000000.0,4185000000.0,0.0,,,,,18000000.0,1421000000.0,1.0,977787992.0,977787992.0,,4.28,8867000000.0,90000000.0,311000000.0,553000000.0,9.068,221000000.0
41,CL,MRQ,2011-03-31,2011-03-31,2011-03-31,2021-09-07,-1941000000.0,11931000000.0,,4274000000.0,7657000000.0,,2.449,-78000000.0,686000000.0,686000000.0,1663000000.0,607000000.0,0.998,3.861,3804000000.0,638000000.0,3166000000.0,3804000000.0,0.0,99000000.0,0.0,0.026,0.265,884000000.0,983000000.0,0.246,983000000.0,884000000.0,868000000.0,0.585,0.58,0.585,2419000000.0,,2419000000.0,42819038031.0,12.0,10.71,602000000.0,0.609,1.0,2331000000.0,0.584,3243000000.0,16000000.0,7524000000.0,,1331000000.0,0.0,0.0,0.0,9340000000.0,4282000000.0,5058000000.0,39885038031.0,196000000.0,0.0,-548000000.0,392000000.0,-261000000.0,-417000000.0,-71000000.0,-13000000.0,680000000.0,4000000.0,576000000.0,576000000.0,576000000.0,0.0,31000000.0,0.144,1416000000.0,915000000.0,1181000000.0,0.453,16.488,16.468,16.415,3734000000.0,0.0,40.38,2.536,2.536,1787000000.0,14360000000.0,3994000000.0,3994000000.0,0.0,,,,,38000000.0,1404000000.0,1.0,987742398.0,987742398.0,,4.044,8688000000.0,101000000.0,292000000.0,561000000.0,8.796,-8000000.0
42,CL,MRQ,2010-12-31,2010-12-31,2010-12-31,2021-09-07,-2115000000.0,11172000000.0,,3730000000.0,7442000000.0,,2.771,-232000000.0,490000000.0,490000000.0,1628000000.0,651000000.0,1.001,3.123,3424000000.0,609000000.0,2815000000.0,3424000000.0,0.0,98000000.0,0.0,0.025,0.265,878000000.0,976000000.0,0.245,976000000.0,878000000.0,862000000.0,0.64,0.62,0.64,2675000000.0,,2675000000.0,41527275306.0,12.0,11.059,736000000.0,0.762,1.0,2350000000.0,0.591,3193000000.0,16000000.0,7185000000.0,,1222000000.0,0.0,0.0,0.0,8355000000.0,3728000000.0,4627000000.0,38793275306.0,-164000000.0,39000000.0,-597000000.0,56000000.0,-338000000.0,-879000000.0,-220000000.0,-24000000.0,968000000.0,-33000000.0,624000000.0,624000000.0,624000000.0,0.0,27000000.0,0.157,1445000000.0,905000000.0,1165000000.0,0.414,14.502,17.609,18.061,3693000000.0,0.0,40.185,2.493,2.493,1610000000.0,14329000000.0,3978000000.0,3978000000.0,0.0,,,,,20000000.0,1376000000.0,1.0,965367060.0,965367060.0,,4.121,7979000000.0,84000000.0,238000000.0,380000000.0,8.265,2000000.0
43,CL,MRQ,2010-09-30,2010-09-30,2010-09-30,2021-09-07,-2308000000.0,11390000000.0,,4091000000.0,7299000000.0,,2.749,-114000000.0,654000000.0,654000000.0,1599000000.0,645000000.0,1.288,3.198,3388000000.0,59000000.0,3329000000.0,3388000000.0,0.0,93000000.0,0.0,0.025,0.265,932000000.0,1025000000.0,0.26,1025000000.0,932000000.0,919000000.0,0.63,0.605,0.63,2672000000.0,,2672000000.0,40171864156.0,12.0,10.478,827000000.0,0.851,1.0,2344000000.0,0.594,3154000000.0,13000000.0,7794000000.0,,1278000000.0,0.0,0.0,0.0,8544000000.0,3176000000.0,5368000000.0,37353864156.0,99000000.0,3000000.0,-344000000.0,-3000000.0,-284000000.0,-631000000.0,-223000000.0,-104000000.0,941000000.0,12000000.0,619000000.0,619000000.0,619000000.0,0.0,26000000.0,0.157,1386000000.0,958000000.0,1096000000.0,0.421,13.98,16.902,17.311,3572000000.0,0.0,38.43,2.384,2.384,1690000000.0,13980000000.0,3943000000.0,3943000000.0,0.0,,,,,41000000.0,1391000000.0,1.0,971997506.0,971997506.0,,4.057,8236000000.0,0.0,300000000.0,419000000.0,8.473,915000000.0
44,CL,MRQ,2010-06-30,2010-06-30,2010-06-30,2021-09-07,-2275000000.0,10586000000.0,,3811000000.0,6775000000.0,,2.683,-123000000.0,555000000.0,555000000.0,1572000000.0,630000000.0,1.29,2.957,3373000000.0,42000000.0,3331000000.0,3373000000.0,0.0,93000000.0,0.0,0.023,0.265,921000000.0,1014000000.0,0.266,1014000000.0,921000000.0,907000000.0,0.605,0.585,0.605,2632000000.0,,2632000000.0,41184097655.0,12.0,10.844,446000000.0,0.455,1.0,2242000000.0,0.588,3003000000.0,14000000.0,7446000000.0,,1246000000.0,0.0,0.0,0.0,7782000000.0,2955000000.0,4827000000.0,38628097655.0,-6000000.0,0.0,-420000000.0,281000000.0,-298000000.0,-437000000.0,-128000000.0,-6000000.0,569000000.0,-10000000.0,603000000.0,603000000.0,603000000.0,0.0,27000000.0,0.158,1294000000.0,948000000.0,1105000000.0,0.438,14.676,17.711,18.106,3410000000.0,0.0,39.38,2.457,2.457,1594000000.0,13622000000.0,3814000000.0,3814000000.0,0.0,,,,,19000000.0,1292000000.0,1.0,980906492.0,980906492.0,,3.888,7583000000.0,0.0,304000000.0,442000000.0,7.731,856000000.0
45,CL,MRQ,2010-03-31,2010-03-31,2010-03-31,2021-09-07,-2131000000.0,10823000000.0,,3931000000.0,6892000000.0,,2.628,-81000000.0,561000000.0,561000000.0,1561000000.0,387000000.0,1.03,3.106,3117000000.0,362000000.0,2755000000.0,3117000000.0,0.0,92000000.0,0.0,0.021,0.22,648000000.0,740000000.0,0.193,740000000.0,648000000.0,632000000.0,0.355,0.345,0.355,2595000000.0,,2595000000.0,44678884482.0,13.0,11.962,652000000.0,0.66,1.0,2268000000.0,0.592,3065000000.0,16000000.0,6496000000.0,,1259000000.0,0.0,0.0,0.0,8059000000.0,3818000000.0,4241000000.0,42096884482.0,-39000000.0,0.0,-417000000.0,-38000000.0,-222000000.0,-677000000.0,-87000000.0,-7000000.0,733000000.0,-8000000.0,357000000.0,357000000.0,357000000.0,0.0,30000000.0,0.093,1590000000.0,678000000.0,1129000000.0,0.62,16.222,19.671,20.061,3466000000.0,0.0,42.63,2.689,2.689,1709000000.0,13032000000.0,3829000000.0,3829000000.0,0.0,,,,,41000000.0,1355000000.0,1.0,987494358.0,987494358.0,,3.877,7758000000.0,0.0,275000000.0,534000000.0,7.856,113000000.0
46,CL,MRQ,2009-12-31,2009-12-31,2009-12-31,2021-09-07,-2096000000.0,11134000000.0,,3810000000.0,7324000000.0,,3.134,-228000000.0,600000000.0,600000000.0,1654000000.0,656000000.0,1.059,2.528,3182000000.0,361000000.0,2821000000.0,3182000000.0,0.0,89000000.0,0.0,0.021,0.22,966000000.0,1055000000.0,0.259,1055000000.0,966000000.0,948000000.0,0.63,0.605,0.63,3116000000.0,,3116000000.0,43260251165.0,12.0,11.207,674000000.0,0.678,1.0,2427000000.0,0.595,3123000000.0,18000000.0,6994000000.0,,1209000000.0,0.0,0.0,0.0,7877000000.0,3599000000.0,4278000000.0,40844251165.0,-247000000.0,17000000.0,-295000000.0,-76000000.0,-279000000.0,-650000000.0,-357000000.0,-142000000.0,902000000.0,-142000000.0,631000000.0,631000000.0,631000000.0,0.0,25000000.0,0.155,1436000000.0,991000000.0,1172000000.0,0.349,13.108,17.828,18.135,3516000000.0,0.0,41.075,2.665,2.665,1626000000.0,13157000000.0,4081000000.0,4081000000.0,0.0,,,,,20000000.0,1397000000.0,1.0,994382256.0,994382256.0,,4.104,8011000000.0,0.0,317000000.0,469000000.0,8.056,211000000.0
47,CL,MRQ,2009-09-30,2009-09-30,2009-09-30,2021-09-07,-2125000000.0,11067000000.0,,4204000000.0,6863000000.0,,2.961,-137000000.0,847000000.0,847000000.0,1631000000.0,617000000.0,1.171,2.695,3263000000.0,380000000.0,2883000000.0,3263000000.0,0.0,90000000.0,0.0,0.022,0.22,899000000.0,989000000.0,0.247,989000000.0,899000000.0,882000000.0,0.585,0.56,0.585,2952000000.0,,2952000000.0,40925838639.0,12.0,11.2,1027000000.0,1.03,1.0,2367000000.0,0.592,3122000000.0,17000000.0,6770000000.0,,1241000000.0,0.0,0.0,0.0,7956000000.0,3591000000.0,4365000000.0,38020038639.0,-49000000.0,-12000000.0,-164000000.0,-543000000.0,-248000000.0,-955000000.0,-267000000.0,-127000000.0,1164000000.0,9000000.0,590000000.0,590000000.0,590000000.0,0.0,27000000.0,0.148,1441000000.0,926000000.0,1084000000.0,0.376,12.879,17.626,17.948,3351000000.0,0.0,38.14,2.55,2.55,1780000000.0,12761000000.0,3998000000.0,3998000000.0,0.0,,,,,41000000.0,1403000000.0,1.0,996854710.0,996854710.0,,4.011,7945000000.0,0.0,292000000.0,414000000.0,7.97,613000000.0
48,CL,MRQ,2009-06-30,2009-06-30,2009-06-30,2021-09-07,-2277700000.0,10730100000.0,,4217800000.0,6512300000.0,,2.543,-137000000.0,896000000.0,896000000.0,1544000000.0,588000000.0,1.302,3.161,3801800000.0,433900000.0,3367900000.0,3801800000.0,0.0,90000000.0,0.0,0.023,0.22,861000000.0,951000000.0,0.254,951000000.0,861000000.0,840000000.0,0.555,0.535,0.555,2540300000.0,,2540300000.0,38294013598.0,12.0,10.871,384000000.0,0.384,1.0,2201000000.0,0.588,3027300000.0,21000000.0,7368400000.0,,1223800000.0,0.0,0.0,0.0,8031100000.0,3240200000.0,4790900000.0,35339213598.0,194000000.0,8000000.0,-112000000.0,153000000.0,-251000000.0,-210000000.0,-135000000.0,-7000000.0,521000000.0,18000000.0,562000000.0,562000000.0,562000000.0,0.0,26000000.0,0.15,1314000000.0,887000000.0,1038000000.0,0.396,13.911,17.097,17.424,3245400000.0,0.0,35.37,2.372,2.372,1727800000.0,12392400000.0,3745000000.0,3745000000.0,0.0,,,,,17000000.0,1296000000.0,1.0,999129590.0,999129590.0,,3.748,7702800000.0,0.0,278000000.0,382400000.0,7.71,977600000.0
49,CL,MRQ,2009-03-31,2009-03-31,2009-03-31,2021-09-07,-2566100000.0,9933300000.0,,3816900000.0,6116400000.0,,1.789,-73000000.0,702200000.0,702200000.0,1490000000.0,536000000.0,1.249,4.458,3657000000.0,166500000.0,3490500000.0,3657000000.0,0.0,82000000.0,0.0,0.027,0.2,783000000.0,865000000.0,0.247,865000000.0,783000000.0,762000000.0,0.5,0.485,0.5,1793400000.0,,1793400000.0,32796272001.0,11.0,9.583,617000000.0,0.615,1.0,2013000000.0,0.575,2903000000.0,21000000.0,6929000000.0,,1199400000.0,0.0,0.0,0.0,7994400000.0,3056100000.0,4938300000.0,29567672001.0,147000000.0,4000000.0,-192000000.0,-60000000.0,-203000000.0,-455000000.0,-82000000.0,-13000000.0,690000000.0,-6000000.0,508000000.0,508000000.0,508000000.0,0.0,28000000.0,0.145,1202000000.0,811000000.0,959000000.0,0.4,16.487,14.793,15.084,3054700000.0,0.0,29.49,1.956,1.956,1565400000.0,11844500000.0,3503000000.0,3503000000.0,0.0,,,,,39000000.0,1186000000.0,1.0,1002633842.0,1002633842.0,,3.494,7030300000.0,0.0,254000000.0,505900000.0,7.012,760800000.0
50,CL,MRQ,2008-12-31,2008-12-31,2008-12-31,2021-09-07,-2477000000.0,9979000000.0,,3710000000.0,6269000000.0,,1.905,-292000000.0,555000000.0,555000000.0,1614000000.0,512000000.0,1.257,4.126,3783000000.0,198000000.0,3585000000.0,3783000000.0,0.0,87000000.0,0.0,0.023,0.2,762000000.0,849000000.0,0.232,849000000.0,762000000.0,748000000.0,0.485,0.47,0.485,1923000000.0,,1923000000.0,37476349719.0,12.0,11.124,233000000.0,0.231,1.0,2050000000.0,0.559,2986000000.0,14000000.0,7269000000.0,,1197000000.0,0.0,0.0,0.0,7935000000.0,2952000000.0,4983000000.0,34593149719.0,-80000000.0,58000000.0,-227000000.0,172000000.0,-262000000.0,-317000000.0,-272000000.0,9000000.0,525000000.0,-16000000.0,497000000.0,497000000.0,497000000.0,0.0,15000000.0,0.136,1273000000.0,777000000.0,1061000000.0,0.412,17.989,17.677,17.99,3119000000.0,0.0,34.27,2.257,2.257,1592000000.0,11760000000.0,3664000000.0,3664000000.0,0.0,,,,,18000000.0,1235000000.0,1.0,1009429522.0,1009429522.0,,3.63,6993000000.0,0.0,251000000.0,354000000.0,6.928,758000000.0
51,CL,MRQ,2008-09-30,2008-09-30,2008-09-30,2021-09-07,-1824000000.0,10555200000.0,,4087200000.0,6468000000.0,,2.44,-175300000.0,634700000.0,634700000.0,1752000000.0,522000000.0,1.255,3.277,3517900000.0,233500000.0,3284400000.0,3517900000.0,0.0,88600000.0,0.0,0.02,0.2,769000000.0,857600000.0,0.215,857600000.0,769000000.0,746000000.0,0.49,0.47,0.49,2467900000.0,,2467900000.0,41214637018.0,14.0,12.551,565300000.0,0.559,1.0,2236000000.0,0.561,3048100000.0,23000000.0,7134500000.0,,1306000000.0,0.0,0.0,0.0,8087300000.0,3255800000.0,4831500000.0,38106937018.0,11900000.0,-44900000.0,-184100000.0,-139100000.0,-217300000.0,-540500000.0,-170000000.0,1000000.0,740600000.0,-18200000.0,500000000.0,500000000.0,500000000.0,0.0,22000000.0,0.125,1445000000.0,791000000.0,1096000000.0,0.408,15.441,20.326,20.701,3047200000.0,0.0,37.675,2.489,2.489,1761100000.0,11480900000.0,3988000000.0,3988000000.0,0.0,,,,,39300000.0,1415000000.0,1.0,1011464818.0,1011464818.0,,3.943,7507100000.0,0.0,246000000.0,644600000.0,7.422,831400000.0
52,CL,MRQ,2008-06-30,2008-06-30,2008-06-30,2021-09-07,-1469900000.0,11070300000.0,,4257200000.0,6813100000.0,,2.626,-131400000.0,622800000.0,622800000.0,1725000000.0,515200000.0,1.282,3.151,3730500000.0,254600000.0,3475900000.0,3730500000.0,0.0,83800000.0,0.0,0.021,0.2,767000000.0,850800000.0,0.215,850800000.0,767000000.0,741600000.0,0.48,0.46,0.48,2666600000.0,,2666600000.0,38154318208.0,13.0,11.997,335100000.0,0.33,1.0,2239800000.0,0.565,3264600000.0,25400000.0,7593100000.0,,1340500000.0,0.0,0.0,0.0,8403700000.0,3320300000.0,5083400000.0,35089618208.0,-19300000.0,32100000.0,-196800000.0,47900000.0,-224100000.0,-373000000.0,-107100000.0,-9000000.0,466500000.0,-5700000.0,493800000.0,493800000.0,493800000.0,0.0,21400000.0,0.125,1451400000.0,788400000.0,1167600000.0,0.417,13.159,19.55,19.914,3149300000.0,0.0,34.55,2.363,2.363,1872500000.0,11185600000.0,3964800000.0,3964800000.0,0.0,,,,,15600000.0,1422700000.0,1.0,1015618472.0,1015618472.0,,3.904,7805700000.0,0.0,247800000.0,608700000.0,7.686,936900000.0
53,CL,MRQ,2008-03-31,2008-03-31,2008-03-31,2021-09-07,-1582900000.0,10809400000.0,,4088200000.0,6721200000.0,,2.209,-85300000.0,642100000.0,642100000.0,1613200000.0,488500000.0,1.132,3.799,3706800000.0,299000000.0,3407800000.0,3706800000.0,0.0,88600000.0,0.0,0.018,0.18,723700000.0,812300000.0,0.219,812300000.0,723700000.0,690000000.0,0.45,0.43,0.45,2252200000.0,,2252200000.0,42807336191.0,16.0,13.956,484600000.0,0.475,1.0,2099800000.0,0.566,3252900000.0,33700000.0,7010000000.0,,1287000000.0,0.0,0.0,0.0,8557200000.0,3611200000.0,4946000000.0,39720136191.0,213400000.0,12800000.0,-228100000.0,114200000.0,-185600000.0,-299500000.0,-63900000.0,9000000.0,569900000.0,6900000.0,466500000.0,466500000.0,466500000.0,0.0,22000000.0,0.126,1354100000.0,745700000.0,1130900000.0,0.4,17.636,23.135,23.538,3082300000.0,0.0,38.955,2.78,2.78,1784800000.0,10704700000.0,3713000000.0,3713000000.0,0.0,,,,,27100000.0,1348900000.0,1.0,1019641540.0,1019641540.0,,3.641,7556500000.0,0.0,223500000.0,651400000.0,7.411,477000000.0
54,CL,MRQ,2007-12-31,2007-12-31,2007-12-31,2021-09-07,-1666800000.0,10112000000.0,,3618500000.0,6493500000.0,,2.242,-255900000.0,428700000.0,428700000.0,1599700000.0,481500000.0,1.144,3.423,3515900000.0,294000000.0,3221900000.0,3515900000.0,0.0,87600000.0,0.0,0.018,0.18,675500000.0,763100000.0,0.209,763100000.0,675500000.0,640100000.0,0.4,0.385,0.4,2286200000.0,,2286200000.0,42720831799.0,16.0,14.302,357400000.0,0.351,1.0,2042800000.0,0.561,3116800000.0,35400000.0,6919700000.0,,1171000000.0,0.0,0.0,0.0,7825800000.0,3162700000.0,4663100000.0,39741031799.0,-199900000.0,3500000.0,-227100000.0,-119500000.0,-247600000.0,-594200000.0,-224400000.0,-11000000.0,613300000.0,5400000.0,414500000.0,414500000.0,414500000.0,0.0,67000000.0,0.114,1300300000.0,742500000.0,1066800000.0,0.45,17.383,22.879,23.272,3015200000.0,0.0,38.98,2.882,2.882,1680700000.0,10627500000.0,3642500000.0,3642500000.0,0.0,,,,,16900000.0,1301400000.0,1.0,1019523648.0,1019523648.0,,3.573,6995200000.0,0.0,225600000.0,526800000.0,6.861,455800000.0
55,CL,MRQ,2007-09-30,2007-09-30,2007-09-30,2021-09-07,-1878600000.0,10083700000.0,,3935800000.0,6147900000.0,,1.983,-127500000.0,628400000.0,628400000.0,1544600000.0,420100000.0,1.04,3.987,3608200000.0,858100000.0,2750100000.0,3608200000.0,0.0,85300000.0,0.0,0.019,0.18,668800000.0,754100000.0,0.214,754100000.0,668800000.0,630300000.0,0.405,0.385,0.405,2022100000.0,,2022100000.0,39563343371.0,15.0,13.449,612200000.0,0.6,1.0,1983600000.0,0.562,3072000000.0,38500000.0,6206400000.0,,1167000000.0,0.0,0.0,0.0,8061600000.0,3785100000.0,4276500000.0,36369343371.0,81500000.0,-2100000.0,-135900000.0,-169900000.0,-186200000.0,-492000000.0,-172400000.0,0.0,739700000.0,6200000.0,420100000.0,420100000.0,420100000.0,0.0,0.0,0.119,1314800000.0,668800000.0,1036000000.0,0.444,17.986,21.1,21.547,2831700000.0,0.0,35.66,2.723,2.723,1758000000.0,10411800000.0,3528200000.0,3528200000.0,0.0,,,,,40800000.0,1277700000.0,1.0,1019891850.0,1019891850.0,,3.459,7011700000.0,0.0,210200000.0,527700000.0,6.875,150700000.0
56,CL,MRQ,2007-06-30,2007-06-30,2007-06-30,2021-09-07,-1954300000.0,9680600000.0,,3703900000.0,5976700000.0,,1.732,-106900000.0,546900000.0,546900000.0,1497000000.0,415800000.0,1.072,4.465,3740900000.0,767800000.0,2973100000.0,3740900000.0,0.0,80100000.0,0.0,0.02,0.18,657600000.0,737700000.0,0.217,737700000.0,657600000.0,617200000.0,0.4,0.38,0.4,1771300000.0,,1771300000.0,36304531946.0,15.0,12.882,304200000.0,0.297,1.0,1908400000.0,0.56,2954700000.0,40400000.0,6464200000.0,,1135400000.0,0.0,0.0,0.0,7909300000.0,3455700000.0,4453600000.0,33170231946.0,72500000.0,2400000.0,-161400000.0,125800000.0,-197400000.0,-233000000.0,-111700000.0,0.0,411100000.0,6100000.0,415800000.0,415800000.0,415800000.0,0.0,0.0,0.122,1250800000.0,657600000.0,993400000.0,0.45,18.726,20.131,20.587,2774800000.0,0.0,32.425,2.557,2.557,1666500000.0,10177900000.0,3405400000.0,3405400000.0,0.0,,,,,19600000.0,1223700000.0,1.0,1022983252.0,1022983252.0,,3.329,6725900000.0,0.0,201400000.0,485900000.0,6.575,248200000.0
57,CL,MRQ,2007-03-31,2007-03-31,2007-03-31,2021-09-07,-2040800000.0,9357600000.0,,3492700000.0,5864900000.0,,1.381,-92700000.0,474400000.0,474400000.0,1401700000.0,486600000.0,0.915,5.6,3608700000.0,948100000.0,2660600000.0,3608700000.0,0.0,81000000.0,0.0,0.019,0.16,651100000.0,732100000.0,0.228,732100000.0,651100000.0,608400000.0,0.47,0.445,0.47,1417800000.0,,1417800000.0,37472607368.0,16.0,14.283,395200000.0,0.385,1.0,1812200000.0,0.564,2920200000.0,42700000.0,5752800000.0,,1095400000.0,0.0,0.0,0.0,7939800000.0,3818900000.0,4120900000.0,34290907368.0,-15100000.0,79200000.0,-255600000.0,-61400000.0,-166800000.0,-483800000.0,-19500000.0,0.0,487900000.0,300000.0,486600000.0,486600000.0,486600000.0,0.0,0.0,0.151,1161100000.0,651100000.0,1005200000.0,0.34,24.186,22.627,23.111,2715000000.0,0.0,33.395,2.726,2.726,1589700000.0,9775000000.0,3213900000.0,3213900000.0,0.0,,,,,32700000.0,1170200000.0,1.0,1026827590.0,1026827590.0,,3.13,6437400000.0,0.0,121800000.0,496900000.0,6.269,-326200000.0
58,CL,MRQ,2006-12-31,2006-12-31,2006-12-31,2021-09-07,-2081200000.0,9138000000.0,,3301000000.0,5837000000.0,,1.372,-224600000.0,489500000.0,489500000.0,1432500000.0,401200000.0,0.952,5.477,3671200000.0,950800000.0,2720400000.0,3671200000.0,0.0,85200000.0,0.0,0.019,0.16,632700000.0,717900000.0,0.224,717900000.0,632700000.0,593800000.0,0.38,0.365,0.38,1410900000.0,,1410900000.0,36629240519.0,17.0,14.715,227000000.0,0.221,1.0,1776600000.0,0.554,2912900000.0,38900000.0,5937700000.0,,1008400000.0,0.0,0.0,0.0,7727100000.0,3469100000.0,4258000000.0,33554240519.0,-13400000.0,56500000.0,-177500000.0,33700000.0,-180400000.0,-324200000.0,-150100000.0,-1200000.0,451600000.0,9300000.0,401200000.0,401200000.0,401200000.0,0.0,0.0,0.125,1143900000.0,632700000.0,1039700000.0,0.421,23.782,24.793,25.385,2696100000.0,0.0,32.62,2.742,2.742,1523200000.0,9643700000.0,3209100000.0,3209100000.0,0.0,,,,,25200000.0,1145000000.0,1.0,1028640114.0,1028640114.0,,3.12,6225100000.0,0.0,192600000.0,471400000.0,6.052,-168100000.0
59,CL,MRQ,2006-09-30,2006-09-30,2006-09-30,2021-09-07,-1780300000.0,9168500000.0,,3255300000.0,5913200000.0,,1.583,-115100000.0,502900000.0,502900000.0,1415300000.0,344100000.0,1.138,4.609,3577900000.0,451700000.0,3126200000.0,3577900000.0,0.0,81100000.0,0.0,0.02,0.16,549400000.0,630500000.0,0.201,630500000.0,549400000.0,508200000.0,0.325,0.315,0.325,1634600000.0,,1634600000.0,35252676970.0,17.0,14.506,558900000.0,0.541,1.0,1728400000.0,0.55,2884500000.0,41200000.0,6498100000.0,,1001600000.0,0.0,0.0,0.0,7533900000.0,2860900000.0,4673000000.0,32069676970.0,72500000.0,-92900000.0,-207100000.0,-6600000.0,-167500000.0,-381200000.0,-218300000.0,0.0,674000000.0,-2000000.0,344100000.0,344100000.0,344100000.0,0.0,0.0,0.109,1179000000.0,549400000.0,915000000.0,0.492,19.619,24.417,24.94,2526400000.0,0.0,31.05,2.687,2.687,1446300000.0,9422900000.0,3143700000.0,3143700000.0,0.0,,,,,40700000.0,1140300000.0,1.0,1032839838.0,1032839838.0,,3.044,6284000000.0,0.0,164100000.0,724900000.0,6.084,394400000.0
60,CL,MRQ,2006-06-30,2006-06-30,2006-06-30,2021-09-07,-1792000000.0,8961200000.0,,3119600000.0,5841600000.0,,1.55,-85000000.0,430400000.0,430400000.0,1381200000.0,283600000.0,1.173,4.617,3613400000.0,457400000.0,3156000000.0,3613400000.0,0.0,82200000.0,0.0,0.02,0.16,460900000.0,543100000.0,0.18,543100000.0,460900000.0,419600000.0,0.27,0.255,0.27,1595500000.0,,1595500000.0,33937365220.0,16.0,13.65,228400000.0,0.222,1.0,1633100000.0,0.542,2830000000.0,41300000.0,6654000000.0,,986700000.0,0.0,0.0,0.0,7365700000.0,2660200000.0,4705500000.0,30828565220.0,47600000.0,-104200000.0,47000000.0,65200000.0,-178300000.0,-66100000.0,-196500000.0,0.0,313400000.0,-3200000.0,283600000.0,283600000.0,283600000.0,0.0,0.0,0.094,1172200000.0,460900000.0,872400000.0,0.593,19.322,23.417,23.96,2504500000.0,0.0,29.95,2.635,2.635,1380700000.0,9246300000.0,3014300000.0,3014300000.0,0.0,,,,,22200000.0,1052300000.0,1.0,1029334398.0,1029334398.0,,2.928,6131200000.0,0.0,136000000.0,668000000.0,5.956,459400000.0
61,CL,MRQ,2006-03-31,2006-03-31,2006-03-31,2021-09-07,-1764400000.0,8695800000.0,,2949700000.0,5746100000.0,,1.249,-51700000.0,382800000.0,382800000.0,1307100000.0,324500000.0,1.108,5.752,3491600000.0,290400000.0,3201200000.0,3491600000.0,0.0,80200000.0,0.0,0.02,0.145,517500000.0,597700000.0,0.208,597700000.0,517500000.0,480200000.0,0.31,0.295,0.31,1287800000.0,,1287800000.0,32532349584.0,15.0,12.677,330800000.0,0.321,1.0,1563500000.0,0.545,2660900000.0,37300000.0,6480400000.0,,949500000.0,0.0,0.0,0.0,7408000000.0,2663300000.0,4744700000.0,29426849584.0,42100000.0,0.0,-182700000.0,46800000.0,-151600000.0,-287500000.0,-55500000.0,0.0,382500000.0,2600000.0,324500000.0,324500000.0,324500000.0,0.0,0.0,0.113,1046000000.0,517500000.0,851400000.0,0.468,22.85,21.389,21.962,2519600000.0,0.0,28.55,2.553,2.553,1320800000.0,8976200000.0,2870600000.0,2870600000.0,0.0,,,,,28800000.0,1017600000.0,1.0,1030712770.0,1030712770.0,,2.785,6034900000.0,0.0,155700000.0,766000000.0,5.855,286400000.0
62,CL,MRQ,2005-12-31,2005-12-31,2005-12-31,2021-09-07,-1804700000.0,8507100000.0,,2757100000.0,5750000000.0,,1.303,-131400000.0,340700000.0,340700000.0,1319900000.0,361200000.0,1.005,5.301,3446200000.0,528200000.0,2918000000.0,3446200000.0,0.0,81900000.0,0.0,0.02,0.145,577000000.0,658900000.0,0.227,658900000.0,577000000.0,540300000.0,0.34,0.325,0.34,1350100000.0,,1350100000.0,31604417792.0,14.0,12.422,347600000.0,0.335,1.0,1584700000.0,0.546,2628900000.0,36700000.0,6240700000.0,,855800000.0,0.0,0.0,0.0,7157000000.0,2743000000.0,4414000000.0,28415317792.0,-35600000.0,110800000.0,-132700000.0,-82000000.0,-164100000.0,-468500000.0,-43700000.0,-20000000.0,479000000.0,-2400000.0,361200000.0,361200000.0,361200000.0,0.0,0.0,0.124,1007700000.0,577000000.0,876100000.0,0.426,21.047,21.027,21.594,2544100000.0,0.0,27.425,2.493,2.493,1309400000.0,8968100000.0,2904600000.0,2904600000.0,0.0,,,,,11300000.0,1010300000.0,1.0,1036110038.0,1036110038.0,,2.803,5878200000.0,0.0,179100000.0,770200000.0,5.673,14100000.0
63,CL,MRQ,2005-09-30,2005-09-30,2005-09-30,2021-09-07,-1760800000.0,8654900000.0,,2897500000.0,5757400000.0,,1.254,-98600000.0,376300000.0,376300000.0,1334200000.0,347200000.0,1.05,5.644,3565400000.0,548200000.0,3017200000.0,3565400000.0,0.0,82200000.0,0.0,0.02,0.145,604300000.0,686500000.0,0.236,686500000.0,604300000.0,567500000.0,0.33,0.315,0.33,1302700000.0,,1302700000.0,30917497273.0,15.0,12.67,478400000.0,0.461,1.0,1577600000.0,0.542,2665000000.0,36800000.0,6420600000.0,,890400000.0,0.0,0.0,0.0,7352200000.0,2758400000.0,4593800000.0,27420497273.0,-15800000.0,78500000.0,-122200000.0,-309000000.0,-151900000.0,-583100000.0,-12900000.0,0.0,577000000.0,3200000.0,347200000.0,347200000.0,347200000.0,0.0,0.0,0.119,973300000.0,604300000.0,804800000.0,0.439,21.049,21.491,22.088,2558500000.0,0.0,26.395,2.428,2.428,1337200000.0,8771000000.0,2911800000.0,2911800000.0,0.0,,,,,10800000.0,1007000000.0,1.0,1038851952.0,1038851952.0,,2.803,5989900000.0,0.0,220300000.0,753900000.0,5.766,139100000.0
64,CL,MRQ,2005-06-30,2005-06-30,2005-06-30,2021-09-07,-1781500000.0,8667200000.0,,2929400000.0,5737800000.0,,1.142,-98700000.0,392100000.0,392100000.0,1298400000.0,342900000.0,1.188,6.253,3889100000.0,434000000.0,3455100000.0,3889100000.0,0.0,82000000.0,0.0,0.02,0.145,541100000.0,623100000.0,0.22,623100000.0,541100000.0,510200000.0,0.32,0.31,0.32,1194900000.0,,1194900000.0,29454727056.0,14.0,12.412,204700000.0,0.196,1.0,1539100000.0,0.542,2639200000.0,30900000.0,7059800000.0,,915700000.0,0.0,0.0,0.0,7472300000.0,2465200000.0,5007100000.0,26111827056.0,-21800000.0,0.0,-222300000.0,168600000.0,-163700000.0,-217400000.0,-101200000.0,0.0,303400000.0,-6600000.0,342900000.0,342900000.0,342900000.0,0.0,0.0,0.121,998000000.0,541100000.0,815500000.0,0.453,21.853,20.762,21.329,2548600000.0,0.0,24.955,2.357,2.357,1315400000.0,8575700000.0,2837500000.0,2837500000.0,0.0,,,,,8800000.0,959100000.0,1.0,1046356524.0,1046356524.0,,2.712,6028000000.0,0.0,167300000.0,671300000.0,5.761,464200000.0
65,CL,MRQ,2005-03-31,2005-03-31,2005-03-31,2021-09-07,-1829100000.0,8691500000.0,,2944200000.0,5747300000.0,,0.966,-60500000.0,413900000.0,413900000.0,1239400000.0,300100000.0,0.953,7.563,3756800000.0,786900000.0,2969900000.0,3756800000.0,0.0,83200000.0,0.0,0.018,0.12,492600000.0,575800000.0,0.21,575800000.0,492600000.0,461000000.0,0.28,0.265,0.28,1015000000.0,,1015000000.0,30755962116.0,15.0,12.738,364500000.0,0.347,1.0,1503600000.0,0.548,2674600000.0,31600000.0,6269000000.0,,906700000.0,0.0,0.0,0.0,7676500000.0,3090800000.0,4585700000.0,27400462116.0,94300000.0,0.0,-271900000.0,144000000.0,-127500000.0,-255400000.0,-62900000.0,0.0,425000000.0,-12400000.0,300100000.0,300100000.0,300100000.0,0.0,0.0,0.109,1011000000.0,492600000.0,816700000.0,0.429,26.996,21.262,21.828,2553800000.0,0.0,26.085,2.534,2.534,1316200000.0,8244200000.0,2743000000.0,2743000000.0,0.0,,,,,10200000.0,944400000.0,1.0,1050429830.0,1050429830.0,,2.611,6016900000.0,0.0,160900000.0,751800000.0,5.728,-146600000.0
66,CL,MRQ,2004-12-31,2004-12-31,2004-12-31,2021-09-07,-1806200000.0,8672900000.0,,2739900000.0,5933000000.0,,1.174,-149300000.0,319600000.0,319600000.0,1266200000.0,285700000.0,1.003,5.964,3675100000.0,585600000.0,3089500000.0,3675100000.0,0.0,86600000.0,0.0,0.019,0.12,468300000.0,554900000.0,0.198,554900000.0,468300000.0,436300000.0,0.265,0.25,0.265,1245400000.0,,1245400000.0,30443475484.0,14.0,12.426,374500000.0,0.353,1.0,1537100000.0,0.548,2724100000.0,32000000.0,6573600000.0,,845500000.0,0.0,0.0,0.0,7427500000.0,2730700000.0,4696800000.0,27129375484.0,-51000000.0,-35700000.0,-181900000.0,-86200000.0,-138800000.0,-406900000.0,-179200000.0,19600000.0,523800000.0,11300000.0,285700000.0,285700000.0,285700000.0,0.0,0.0,0.102,1068800000.0,468300000.0,864400000.0,0.453,21.784,20.443,20.882,2647700000.0,0.0,25.58,2.563,2.563,1319900000.0,8223900000.0,2803300000.0,2803300000.0,0.0,,,,,29300000.0,1003100000.0,1.0,1060569800.0,1060569800.0,,2.643,5948800000.0,0.0,150600000.0,662700000.0,5.609,9200000.0
67,CL,MRQ,2004-09-30,2004-09-30,2004-09-30,2021-09-07,-1838200000.0,8489600000.0,,2815900000.0,5673700000.0,,1.174,-81200000.0,370600000.0,370600000.0,1219000000.0,329000000.0,1.07,5.807,3684700000.0,564000000.0,3120700000.0,3684700000.0,0.0,81500000.0,0.0,0.021,0.12,537700000.0,619200000.0,0.23,619200000.0,537700000.0,507600000.0,0.305,0.29,0.305,1247100000.0,,1247100000.0,27538294838.0,12.0,10.831,505300000.0,0.476,1.0,1476700000.0,0.548,2579800000.0,30100000.0,6592400000.0,,863400000.0,0.0,0.0,0.0,7242500000.0,2631500000.0,4611000000.0,23993194838.0,-46700000.0,-13200000.0,-84600000.0,-289400000.0,-128800000.0,-502800000.0,-131200000.0,0.0,586500000.0,800000.0,329000000.0,329000000.0,329000000.0,0.0,0.0,0.122,939000000.0,537700000.0,784600000.0,0.393,19.239,16.974,17.377,2529500000.0,0.0,22.59,2.317,2.317,1286700000.0,8077000000.0,2695700000.0,2695700000.0,0.0,,,,,0.0,929100000.0,1.0,1062115752.0,1062115752.0,,2.538,5909800000.0,0.0,178600000.0,645700000.0,5.564,184400000.0
68,CL,MRQ,2004-06-30,2004-06-30,2004-06-30,2021-09-07,-1915800000.0,8430400000.0,,2834900000.0,5595500000.0,,0.969,-74300000.0,417300000.0,417300000.0,1148100000.0,373900000.0,1.073,7.174,3962400000.0,700000000.0,3262400000.0,3962400000.0,0.0,79800000.0,0.0,0.016,0.12,584800000.0,664600000.0,0.258,664600000.0,584800000.0,555500000.0,0.345,0.33,0.345,1031400000.0,,1031400000.0,33944130332.0,15.0,13.386,198400000.0,0.186,1.0,1423600000.0,0.554,2533900000.0,29300000.0,6800600000.0,,843400000.0,0.0,0.0,0.0,7399000000.0,2641000000.0,4758000000.0,31100530332.0,145800000.0,-714800000.0,-102000000.0,865700000.0,-139200000.0,624500000.0,-746000000.0,0.0,272700000.0,-5400000.0,373900000.0,373900000.0,373900000.0,0.0,0.0,0.145,838800000.0,584800000.0,758400000.0,0.348,30.154,21.45,21.974,2502700000.0,0.0,29.225,3.055,3.055,1277200000.0,7876800000.0,2571700000.0,2571700000.0,0.0,,,,,0.0,848100000.0,1.0,1064175546.0,1064175546.0,,2.417,5896500000.0,0.0,181600000.0,631300000.0,5.541,193900000.0
69,CL,MRQ,2004-03-31,2004-03-31,2004-03-31,2021-09-07,-1868200000.0,7501100000.0,,2565000000.0,4936100000.0,,0.758,-43300000.0,271500000.0,271500000.0,1113900000.0,338500000.0,1.009,8.29,3115100000.0,427800000.0,2687300000.0,3115100000.0,0.0,79900000.0,0.0,0.017,0.12,531300000.0,611200000.0,0.243,611200000.0,531300000.0,503000000.0,0.31,0.295,0.31,807400000.0,,807400000.0,32184419320.0,15.0,12.84,328000000.0,0.308,1.0,1399600000.0,0.557,1884900000.0,28300000.0,5917000000.0,,788700000.0,0.0,0.0,0.0,6693700000.0,2542800000.0,4150900000.0,29346819320.0,6200000.0,0.0,-199000000.0,2500000.0,-129400000.0,-325900000.0,-34000000.0,0.0,371300000.0,-5200000.0,338500000.0,338500000.0,338500000.0,0.0,0.0,0.135,868300000.0,531300000.0,740200000.0,0.387,36.347,20.439,20.951,2495200000.0,0.0,27.55,2.915,2.915,1204800000.0,7514200000.0,2513500000.0,2513500000.0,0.0,,,,,0.0,844300000.0,1.0,1065220302.0,1065220302.0,,2.36,5616200000.0,0.0,164500000.0,642600000.0,5.272,22200000.0
70,CL,MRQ,2003-12-31,2003-12-31,2003-12-31,2021-09-07,-1866800000.0,7478800000.0,,2496500000.0,4982300000.0,,0.826,-115000000.0,265300000.0,265300000.0,1163600000.0,372100000.0,1.021,7.431,3102900000.0,418000000.0,2684900000.0,3102900000.0,0.0,84900000.0,0.0,0.018,0.12,562700000.0,647600000.0,0.252,647600000.0,562700000.0,534300000.0,0.34,0.325,0.34,887100000.0,,887100000.0,29868445784.0,14.0,12.036,373000000.0,0.347,1.0,1409000000.0,0.548,1897000000.0,28400000.0,5974000000.0,,718300000.0,0.0,0.0,0.0,6591700000.0,2445400000.0,4146300000.0,26888845784.0,9200000.0,127600000.0,-198400000.0,-160800000.0,-140400000.0,-499600000.0,19000000.0,41900000.0,488000000.0,1800000.0,372100000.0,372100000.0,372100000.0,0.0,0.0,0.145,846300000.0,562700000.0,753600000.0,0.353,30.311,18.918,19.25,2542200000.0,0.0,25.025,2.715,2.715,1222400000.0,7433000000.0,2572600000.0,2572600000.0,0.0,,,,,0.0,861300000.0,1.0,1074479352.0,1074479352.0,,2.394,5581800000.0,0.0,162200000.0,639800000.0,5.195,51100000.0
71,CL,MRQ,2003-09-30,2003-09-30,2003-09-30,2021-09-07,-1828500000.0,7406000000.0,,2474900000.0,4931100000.0,,0.778,-65900000.0,256100000.0,256100000.0,1136500000.0,365400000.0,1.023,7.846,3235700000.0,503800000.0,2731900000.0,3235700000.0,0.0,77000000.0,0.0,0.015,0.12,535300000.0,612300000.0,0.243,612300000.0,535300000.0,504900000.0,0.335,0.315,0.335,837200000.0,,837200000.0,33309857052.0,16.0,13.695,483500000.0,0.449,1.0,1387300000.0,0.55,1880600000.0,30400000.0,6085700000.0,,772800000.0,0.0,0.0,0.0,6568800000.0,2419300000.0,4149500000.0,30069757052.0,36900000.0,0.0,-105100000.0,-217500000.0,-129400000.0,-452000000.0,-60800000.0,0.0,549400000.0,300000.0,365400000.0,365400000.0,365400000.0,0.0,0.0,0.145,852000000.0,535300000.0,687800000.0,0.358,35.917,21.631,22.004,2502400000.0,0.0,27.945,3.084,3.084,1195400000.0,7201300000.0,2523800000.0,2523800000.0,0.0,,,,,0.0,852000000.0,1.0,1076033532.0,1076033532.0,,2.345,5525400000.0,0.0,139500000.0,711600000.0,5.135,55600000.0
72,CL,MRQ,2003-06-30,2003-06-30,2003-06-30,2021-09-07,-1812900000.0,7426700000.0,,2443000000.0,4983700000.0,,0.663,-73000000.0,219200000.0,219200000.0,1105800000.0,359800000.0,1.051,9.407,3459300000.0,463500000.0,2995800000.0,3459300000.0,0.0,77900000.0,0.0,0.013,0.12,557500000.0,635400000.0,0.258,635400000.0,557500000.0,526200000.0,0.33,0.31,0.33,713600000.0,,713600000.0,34569318283.0,16.0,14.359,290200000.0,0.27,1.0,1352800000.0,0.55,1874400000.0,31300000.0,6467000000.0,,770900000.0,0.0,0.0,0.0,6713100000.0,2325400000.0,4387700000.0,31179118283.0,13400000.0,0.0,-29400000.0,-168600000.0,-139600000.0,-337600000.0,-13100000.0,0.0,363200000.0,900000.0,359800000.0,359800000.0,359800000.0,0.0,0.0,0.146,795300000.0,557500000.0,684200000.0,0.364,43.693,23.004,23.462,2517500000.0,0.0,28.975,3.245,3.245,1196000000.0,6965300000.0,2458600000.0,2458600000.0,0.0,,,,,0.0,795300000.0,1.0,1076069656.0,1076069656.0,,2.285,5552300000.0,0.0,166400000.0,687300000.0,5.16,117600000.0
73,CL,MRQ,2003-03-31,2003-03-31,2003-03-31,2021-09-07,-1870700000.0,7248600000.0,,2377100000.0,4871500000.0,,0.313,-48200000.0,205800000.0,205800000.0,1050200000.0,324000000.0,1.015,20.56,3596000000.0,430600000.0,3165400000.0,3596000000.0,0.0,75700000.0,0.0,0.013,0.09,510500000.0,586200000.0,0.25,586200000.0,510500000.0,476500000.0,0.295,0.28,0.295,336200000.0,,336200000.0,32685067701.0,16.0,13.83,318900000.0,0.297,1.0,1298200000.0,0.553,1817900000.0,34000000.0,6480000000.0,,737100000.0,0.0,0.0,0.0,6912400000.0,2340900000.0,4571500000.0,29249067701.0,37900000.0,0.0,-142700000.0,-27900000.0,-97400000.0,-268000000.0,-62700000.0,0.0,367100000.0,1500000.0,324000000.0,324000000.0,324000000.0,0.0,0.0,0.138,787700000.0,510500000.0,695900000.0,0.305,86.999,22.115,22.683,2464400000.0,0.0,27.22,3.096,3.096,1157100000.0,6616000000.0,2348400000.0,2348400000.0,0.0,,,,,0.0,787700000.0,1.0,1074543266.0,1074543266.0,,2.185,5430700000.0,0.0,152500000.0,676300000.0,5.054,36200000.0
74,CL,MRQ,2002-12-31,2002-12-31,2002-12-31,2021-09-07,-1865600000.0,7087200000.0,,2228100000.0,4859100000.0,,0.325,-129700000.0,167900000.0,167900000.0,1099700000.0,340900000.0,1.037,19.232,3603900000.0,393100000.0,3210800000.0,3603900000.0,0.0,77800000.0,0.0,0.014,0.09,520500000.0,598300000.0,0.247,598300000.0,520500000.0,488400000.0,0.31,0.295,0.31,350300000.0,,350300000.0,31663543456.0,16.0,13.71,278000000.0,0.258,1.0,1320700000.0,0.546,1791300000.0,32100000.0,6583200000.0,,671700000.0,0.0,0.0,0.0,6736900000.0,2148700000.0,4588200000.0,28221143456.0,-32800000.0,0.0,-170800000.0,-32600000.0,-107600000.0,-311000000.0,-130200000.0,3500000.0,407700000.0,700000.0,340900000.0,340900000.0,340900000.0,0.0,0.0,0.141,800200000.0,520500000.0,728300000.0,0.29,80.563,21.906,22.502,2491300000.0,0.0,26.215,3.036,3.036,1145400000.0,6518500000.0,2420400000.0,2420400000.0,0.0,,,,,0.0,777200000.0,1.0,1076526548.0,1076526548.0,,2.248,5295900000.0,0.0,147500000.0,610500000.0,4.919,79400000.0
75,CL,MRQ,2002-09-30,2002-09-30,2002-09-30,2021-09-07,-1812300000.0,6928300000.0,,2233500000.0,4694800000.0,,0.298,-92400000.0,200700000.0,200700000.0,1079100000.0,330700000.0,0.975,20.423,3643100000.0,571000000.0,3072100000.0,3643100000.0,0.0,73500000.0,0.0,0.013,0.09,514100000.0,587600000.0,0.247,587600000.0,514100000.0,475400000.0,0.3,0.285,0.3,323400000.0,,323400000.0,32798961606.0,17.0,14.668,462000000.0,0.426,1.0,1302600000.0,0.547,1757200000.0,38700000.0,6322600000.0,,689600000.0,0.0,0.0,0.0,6604900000.0,2290900000.0,4314000000.0,29272661606.0,-46700000.0,0.0,-262100000.0,-156900000.0,-98000000.0,-517000000.0,-83600000.0,10300000.0,554400000.0,-500000.0,330700000.0,330700000.0,330700000.0,0.0,0.0,0.139,788500000.0,514100000.0,653800000.0,0.3,90.515,23.556,24.085,2412900000.0,0.0,26.975,3.181,3.181,1129000000.0,6285200000.0,2381700000.0,2381700000.0,0.0,,,,,0.0,788500000.0,1.0,1085177446.0,1085177446.0,,2.195,5171100000.0,0.0,144700000.0,602400000.0,4.765,-57400000.0
76,CL,MRQ,2002-06-30,2002-06-30,2002-06-30,2021-09-07,-1683400000.0,7134200000.0,,2357600000.0,4776600000.0,,0.432,-71300000.0,247400000.0,247400000.0,1053000000.0,327000000.0,1.088,14.096,3773700000.0,490000000.0,3283700000.0,3773700000.0,0.0,73500000.0,0.0,0.014,0.09,517800000.0,591300000.0,0.257,591300000.0,517800000.0,480700000.0,0.295,0.275,0.295,472600000.0,,472600000.0,30627040134.0,16.0,13.861,303700000.0,0.278,1.0,1244000000.0,0.542,1837100000.0,37100000.0,6655700000.0,,713500000.0,0.0,0.0,0.0,6661600000.0,2167700000.0,4493900000.0,27383540134.0,62600000.0,0.0,-319200000.0,198600000.0,-108100000.0,-222900000.0,-91800000.0,-23800000.0,375000000.0,2300000.0,327000000.0,327000000.0,327000000.0,0.0,0.0,0.142,726200000.0,517800000.0,663500000.0,0.305,57.942,22.665,23.171,2456700000.0,0.0,25.025,3.001,3.001,1164600000.0,6052500000.0,2297000000.0,2297000000.0,0.0,,,,,0.0,726200000.0,1.0,1094247358.0,1094247358.0,,2.099,5297100000.0,0.0,153700000.0,594600000.0,4.841,189900000.0
77,CL,MRQ,2002-03-31,2002-03-31,2002-03-31,2021-09-07,-1512200000.0,7052600000.0,,2294100000.0,4758500000.0,,0.586,-50300000.0,184800000.0,184800000.0,992400000.0,289700000.0,1.014,9.968,3428300000.0,478000000.0,2950300000.0,3428300000.0,0.0,71700000.0,0.0,0.012,0.09,460700000.0,532400000.0,0.243,532400000.0,460700000.0,425800000.0,0.26,0.245,0.26,643000000.0,,643000000.0,34440267986.0,19.0,15.838,223800000.0,0.204,1.0,1202800000.0,0.548,1875800000.0,34900000.0,6158800000.0,,709000000.0,0.0,0.0,0.0,6409600000.0,2261500000.0,4148100000.0,31373867986.0,12100000.0,0.0,-295500000.0,191900000.0,-99700000.0,-209100000.0,-51600000.0,0.0,274100000.0,-1300000.0,289700000.0,289700000.0,289700000.0,0.0,0.0,0.132,742100000.0,460700000.0,654400000.0,0.346,48.793,26.852,27.609,2478400000.0,0.0,28.575,3.46,3.46,1148500000.0,5734700000.0,2195200000.0,2195200000.0,0.0,,,,,0.0,742100000.0,1.0,1097948136.0,1097948136.0,,1.999,5176800000.0,0.0,136100000.0,666400000.0,4.715,32600000.0
78,CL,MRQ,2001-12-31,2001-12-31,2001-12-31,2021-09-07,-1491200000.0,6984800000.0,,2203400000.0,4781400000.0,,0.767,-140700000.0,172700000.0,172700000.0,1080100000.0,295300000.0,1.038,7.252,3239100000.0,427100000.0,2812000000.0,3239100000.0,0.0,86000000.0,0.0,0.012,0.09,438800000.0,524800000.0,0.225,524800000.0,438800000.0,412200000.0,0.265,0.245,0.265,846400000.0,,846400000.0,35118132934.0,19.0,16.176,265400000.0,0.241,1.0,1248400000.0,0.536,1904000000.0,26600000.0,6023700000.0,,677000000.0,0.0,0.0,0.0,6138400000.0,2123500000.0,4014900000.0,31861532934.0,-116900000.0,12500000.0,-136500000.0,-274300000.0,-109000000.0,-451100000.0,-70000000.0,-6200000.0,406100000.0,-1900000.0,295300000.0,295300000.0,295300000.0,0.0,0.0,0.127,800100000.0,448300000.0,678100000.0,0.34,37.644,27.788,28.589,2513500000.0,0.0,28.875,3.507,3.507,1124900000.0,5643600000.0,2328500000.0,2328500000.0,0.0,,,,,0.0,705600000.0,1.0,1103429712.0,1103429712.0,,2.11,5080800000.0,0.0,116900000.0,675600000.0,4.605,79900000.0
79,CL,MRQ,2001-09-30,2001-09-30,2001-09-30,2021-09-07,-1461500000.0,7122800000.0,,2404700000.0,4718100000.0,,0.728,-77200000.0,289600000.0,289600000.0,1072500000.0,296200000.0,1.115,7.812,3546200000.0,462900000.0,3083300000.0,3546200000.0,0.0,83000000.0,0.0,0.011,0.09,478100000.0,561100000.0,0.243,561100000.0,478100000.0,431900000.0,0.26,0.245,0.26,808300000.0,,808300000.0,35475586824.0,19.0,16.375,398700000.0,0.359,1.0,1232400000.0,0.535,1930000000.0,46200000.0,6293500000.0,,725400000.0,2700000.0,2700000.0,0.0,6314500000.0,2155900000.0,4158600000.0,32328086824.0,38500000.0,10200000.0,-353200000.0,96900000.0,-100600000.0,-353300000.0,-85800000.0,-900000.0,475900000.0,1700000.0,296200000.0,296200000.0,296200000.0,0.0,0.0,0.129,757000000.0,475400000.0,665900000.0,0.346,39.995,28.408,29.419,2453600000.0,0.0,29.125,3.667,3.667,1146900000.0,5457300000.0,2304900000.0,2304900000.0,0.0,,,,,0.0,757000000.0,1.0,1109977230.0,1109977230.0,,2.077,5192800000.0,0.0,135700000.0,640600000.0,4.678,248800000.0
80,CL,MRQ,2001-06-30,2001-06-30,2001-06-30,2021-09-07,-1344000000.0,7145200000.0,,2391500000.0,4753700000.0,,0.958,-75300000.0,251100000.0,251100000.0,1050500000.0,287200000.0,1.149,5.646,3398600000.0,440400000.0,2958200000.0,3398600000.0,0.0,83700000.0,0.0,0.011,0.079,472600000.0,556300000.0,0.248,556300000.0,472600000.0,426700000.0,0.25,0.235,0.25,1075100000.0,,1075100000.0,35961520233.0,20.0,16.827,202400000.0,0.18,1.0,1188200000.0,0.531,1984000000.0,45900000.0,6228100000.0,,711200000.0,3900000.0,3900000.0,0.0,6070100000.0,2080600000.0,3989500000.0,33096620233.0,23200000.0,-10200000.0,-349800000.0,302000000.0,-97300000.0,-130800000.0,-122800000.0,-3800000.0,277700000.0,-900000.0,287200000.0,287200000.0,287200000.0,0.0,0.0,0.128,718600000.0,469600000.0,699000000.0,0.316,30.785,29.627,30.565,2455800000.0,0.0,29.495,3.728,3.728,1174300000.0,5261700000.0,2238700000.0,2238700000.0,0.0,,,,,0.0,718600000.0,1.0,1122109518.0,1122109518.0,,1.995,5161200000.0,0.0,139500000.0,592300000.0,4.6,310900000.0
81,CL,MRQ,2001-03-31,2001-03-31,2001-03-31,2021-09-07,-1339100000.0,7096600000.0,,2346300000.0,4750300000.0,,1.014,-47000000.0,227900000.0,227900000.0,1031800000.0,267900000.0,0.99,5.207,3092800000.0,562400000.0,2530400000.0,3092800000.0,0.0,83500000.0,0.0,0.011,0.079,445300000.0,528800000.0,0.239,528800000.0,445300000.0,397900000.0,0.235,0.22,0.235,1143300000.0,,1143300000.0,33917832261.0,19.0,16.074,297200000.0,0.264,1.0,1180400000.0,0.534,2023700000.0,47400000.0,5567000000.0,,700700000.0,2000000.0,2000000.0,0.0,5953300000.0,2370800000.0,3582500000.0,31146232261.0,21300000.0,0.0,-356200000.0,167400000.0,-89800000.0,-275500000.0,-44900000.0,4700000.0,344200000.0,-2500000.0,267900000.0,267900000.0,267900000.0,0.0,0.0,0.121,738900000.0,441500000.0,669400000.0,0.336,27.242,28.527,29.394,2452200000.0,0.0,27.63,3.47,3.47,1136400000.0,4982900000.0,2212200000.0,2212200000.0,0.0,,,,,0.0,738900000.0,1.0,1127261392.0,1127261392.0,,1.962,5072900000.0,0.0,130000000.0,608100000.0,4.5,-24500000.0
82,CL,MRQ,2000-12-31,2000-12-31,2000-12-31,2021-09-07,-1269700000.0,7252300000.0,,2347200000.0,4905100000.0,,1.283,-129900000.0,206600000.0,206600000.0,1097600000.0,286700000.0,1.046,3.94,2978200000.0,441300000.0,2536900000.0,2978200000.0,0.0,85500000.0,0.0,0.01,0.079,434800000.0,520300000.0,0.253,520300000.0,434800000.0,416600000.0,0.245,0.23,0.245,1468100000.0,,1468100000.0,39669673498.0,23.0,19.088,324500000.0,0.284,1.0,961800000.0,0.467,2096400000.0,18200000.0,5683400000.0,,686600000.0,0.0,0.0,0.0,5784200000.0,2244100000.0,3540100000.0,36937873498.0,-4300000.0,87100000.0,-336600000.0,14000000.0,-99100000.0,-415800000.0,-44500000.0,8100000.0,454400000.0,1600000.0,286700000.0,286700000.0,286700000.0,0.0,0.0,0.139,453200000.0,508600000.0,738900000.0,0.322,25.16,34.723,35.663,2528300000.0,0.0,32.275,4.102,4.102,1195400000.0,4893700000.0,2059400000.0,2059400000.0,0.0,,,,,0.0,453200000.0,1.0,1144473230.0,1144473230.0,,1.799,5155900000.0,0.0,129900000.0,611000000.0,4.505,103100000.0
83,CL,MRQ,2000-09-30,2000-09-30,2000-09-30,2021-09-07,-1216700000.0,7237100000.0,,2360600000.0,4876500000.0,,1.371,-79500000.0,210900000.0,210900000.0,1073000000.0,275300000.0,1.235,3.596,2942700000.0,261400000.0,2681300000.0,2942700000.0,0.0,83600000.0,0.0,0.013,0.079,448100000.0,531700000.0,0.225,531700000.0,448100000.0,393300000.0,0.235,0.22,0.235,1574800000.0,,1574800000.0,29813114649.0,18.0,14.682,345100000.0,0.3,1.0,1293500000.0,0.547,2119500000.0,54800000.0,5938400000.0,,744700000.0,9600000.0,9600000.0,0.0,5662300000.0,1911000000.0,3751300000.0,27110614649.0,-13300000.0,-19500000.0,-238600000.0,49100000.0,-91400000.0,-372200000.0,-62100000.0,6700000.0,424600000.0,-3600000.0,275300000.0,275300000.0,275300000.0,0.0,0.0,0.116,851900000.0,441600000.0,680400000.0,0.336,17.215,26.126,26.667,2500300000.0,0.0,23.6,2.919,2.919,1191600000.0,4706100000.0,2366500000.0,2366500000.0,0.0,,,,,0.0,851900000.0,1.0,1148754858.0,1148754858.0,,2.06,5117600000.0,0.0,118000000.0,637000000.0,4.455,449600000.0
84,CL,MRQ,2000-06-30,2000-06-30,2000-06-30,2021-09-07,-1189800000.0,7360100000.0,,2399000000.0,4961100000.0,,1.422,-90000000.0,224200000.0,224200000.0,1065800000.0,261900000.0,1.165,3.488,2926700000.0,394400000.0,2532300000.0,2926700000.0,0.0,84200000.0,0.0,0.011,0.079,445100000.0,529300000.0,0.227,529300000.0,445100000.0,393900000.0,0.225,0.21,0.225,1640000000.0,,1640000000.0,37126995653.0,22.0,17.192,233600000.0,0.203,1.0,1270900000.0,0.544,2129100000.0,51200000.0,5873900000.0,,751000000.0,14500000.0,14500000.0,0.0,5720100000.0,2059600000.0,3660500000.0,34529695653.0,17800000.0,-30000000.0,-225500000.0,128500000.0,-100100000.0,-194600000.0,-110200000.0,43500000.0,323600000.0,-1000000.0,261900000.0,261900000.0,261900000.0,0.0,0.0,0.112,832800000.0,438100000.0,724600000.0,0.351,21.055,34.457,35.224,2518400000.0,0.0,29.94,3.738,3.738,1190100000.0,4522000000.0,2336700000.0,2336700000.0,0.0,,,,,0.0,832800000.0,1.0,1153296448.0,1153296448.0,,2.026,5231000000.0,0.0,132000000.0,605800000.0,4.536,339400000.0
85,CL,MRQ,2000-03-31,2000-03-31,2000-03-31,2021-09-07,-1143600000.0,7384000000.0,,2432300000.0,4951700000.0,,1.43,-67200000.0,206400000.0,206400000.0,1020600000.0,239900000.0,1.06,3.469,2803700000.0,518300000.0,2285400000.0,2803700000.0,0.0,84500000.0,0.0,0.011,0.079,412500000.0,497000000.0,0.222,497000000.0,412500000.0,363400000.0,0.205,0.19,0.205,1652400000.0,,1652400000.0,35169508331.0,22.0,17.321,266400000.0,0.231,1.0,1221200000.0,0.545,2165800000.0,49100000.0,5521800000.0,,776200000.0,56000000.0,56000000.0,0.0,5731600000.0,2293700000.0,3437900000.0,32579608331.0,6800000.0,0.0,-239900000.0,-5600000.0,-91800000.0,-333400000.0,8200000.0,79100000.0,333600000.0,-1600000.0,239900000.0,239900000.0,239900000.0,0.0,0.0,0.107,816700000.0,404500000.0,673100000.0,0.385,19.717,33.646,34.589,2525500000.0,0.0,28.19,3.547,3.547,1136700000.0,4269000000.0,2241800000.0,2241800000.0,0.0,,,,,0.0,816700000.0,1.0,1155715088.0,1155715088.0,,1.94,5218200000.0,0.0,123500000.0,586100000.0,4.515,138600000.0
86,CL,MRQ,1999-12-31,1999-12-31,1999-12-31,2021-09-07,-1136200000.0,7423100000.0,,2354800000.0,5068300000.0,,1.574,-147700000.0,199600000.0,199600000.0,1090500000.0,260600000.0,1.036,3.048,2789500000.0,546200000.0,2243300000.0,2789500000.0,0.0,91600000.0,0.0,0.009,0.079,381000000.0,472600000.0,0.202,472600000.0,381000000.0,372200000.0,0.22,0.205,0.22,1833700000.0,,1833700000.0,40414480730.0,26.0,21.199,180900000.0,0.155,1.0,1253400000.0,0.535,2185400000.0,8800000.0,5554100000.0,,783700000.0,35600000.0,35600000.0,0.0,5589400000.0,2273500000.0,3315900000.0,37867780730.0,-62900000.0,-1600000.0,-157600000.0,26300000.0,-101500000.0,-242600000.0,-147500000.0,5500000.0,328600000.0,-1400000.0,260600000.0,260600000.0,260600000.0,0.0,0.0,0.111,769900000.0,483500000.0,764800000.0,0.359,20.651,40.401,41.401,2551100000.0,0.0,32.5,4.153,4.153,1100800000.0,4212300000.0,2343900000.0,2343900000.0,0.0,,,,,0.0,769900000.0,1.0,1165162484.0,1165162484.0,,2.012,5237700000.0,0.0,111600000.0,515200000.0,4.495,81300000.0
87,CL,MRQ,1999-09-30,1999-09-30,1999-09-30,2021-09-07,-1129500000.0,7441200000.0,,2430500000.0,5010700000.0,,1.457,-79200000.0,262500000.0,262500000.0,1060400000.0,239700000.0,1.029,3.381,2809200000.0,622100000.0,2187100000.0,2809200000.0,0.0,248600000.0,0.0,0.012,0.079,412100000.0,660700000.0,0.286,660700000.0,412100000.0,357800000.0,0.2,0.19,0.2,1698500000.0,,1698500000.0,29318899839.0,19.0,13.899,333400000.0,0.286,1.0,1253600000.0,0.542,2184700000.0,54300000.0,5441800000.0,,791100000.0,9800000.0,9800000.0,0.0,5742700000.0,2361400000.0,3381300000.0,26671999839.0,64400000.0,-22700000.0,-164800000.0,-37100000.0,-93000000.0,-287200000.0,-62000000.0,56700000.0,412600000.0,1000000.0,239700000.0,239700000.0,239700000.0,0.0,0.0,0.104,852000000.0,401600000.0,744100000.0,0.395,15.703,29.281,30.099,2477700000.0,0.0,22.875,2.942,2.942,1154900000.0,4053200000.0,2314000000.0,2314000000.0,0.0,,,,,0.0,852000000.0,1.0,1165989064.0,1165989064.0,,1.985,5256500000.0,0.0,118100000.0,583100000.0,4.508,69100000.0
88,CL,MRQ,1999-06-30,1999-06-30,1999-06-30,2021-09-07,-1077200000.0,7414400000.0,,2388400000.0,5026000000.0,,1.507,-83400000.0,198100000.0,198100000.0,1063700000.0,228100000.0,1.02,3.209,2845000000.0,716100000.0,2128900000.0,2845000000.0,0.0,0.0,0.0,0.011,0.069,400100000.0,400100000.0,0.175,400100000.0,400100000.0,345600000.0,0.19,0.18,0.19,1761500000.0,,1761500000.0,31425479140.0,21.0,17.247,146100000.0,0.125,1.0,1221300000.0,0.534,2212600000.0,54500000.0,5506700000.0,,743000000.0,53800000.0,53800000.0,0.0,5652900000.0,2342000000.0,3310900000.0,28781579140.0,9100000.0,74400000.0,-109900000.0,15700000.0,-90700000.0,-170500000.0,-48900000.0,-36800000.0,229500000.0,-1000000.0,228100000.0,228100000.0,228100000.0,0.0,0.0,0.1,831500000.0,389800000.0,694200000.0,0.363,16.339,32.481,33.503,2486800000.0,0.0,24.625,3.192,3.192,1173100000.0,3906500000.0,2285000000.0,2285000000.0,0.0,,,,,0.0,831500000.0,1.0,1168795092.0,1168795092.0,,1.955,5201800000.0,0.0,117500000.0,557000000.0,4.451,46400000.0
89,CL,MRQ,1999-03-31,1999-03-31,1999-03-31,2021-09-07,-1050100000.0,7392800000.0,,2274200000.0,5118600000.0,,1.437,-62500000.0,189000000.0,189000000.0,1009400000.0,208900000.0,1.046,3.414,2832900000.0,475700000.0,2357200000.0,2832900000.0,0.0,0.0,0.0,0.012,0.069,373000000.0,373000000.0,0.171,373000000.0,373000000.0,319000000.0,0.175,0.16,0.175,1674700000.0,,1674700000.0,29374036744.0,20.0,16.532,259500000.0,0.223,1.0,1165900000.0,0.536,2288400000.0,54000000.0,5575000000.0,,742400000.0,16100000.0,16100000.0,0.0,5718100000.0,2173300000.0,3544800000.0,26798236744.0,7300000.0,-4300000.0,-192100000.0,59600000.0,-80800000.0,-239800000.0,-73100000.0,-2700000.0,322000000.0,-1800000.0,208900000.0,208900000.0,208900000.0,0.0,0.0,0.096,801000000.0,364900000.0,701600000.0,0.394,16.002,31.106,32.168,2486900000.0,0.0,23.0,2.982,2.982,1097700000.0,3688700000.0,2175300000.0,2175300000.0,0.0,,,,,0.0,801000000.0,1.0,1165140728.0,1165140728.0,,1.867,5104400000.0,0.0,110100000.0,535000000.0,4.381,100900000.0
90,CL,MRQ,1998-12-31,1998-12-31,1998-12-31,2021-09-07,-799800000.0,7685200000.0,,2244900000.0,5440300000.0,,1.781,-151700000.0,181700000.0,181700000.0,1097600000.0,234200000.0,1.062,2.685,2757500000.0,456900000.0,2300600000.0,2757500000.0,0.0,330300000.0,0.0,0.012,0.069,345400000.0,675700000.0,0.295,675700000.0,345400000.0,326300000.0,0.195,0.18,0.195,2085600000.0,,2085600000.0,29768509734.0,21.0,16.979,191600000.0,0.164,1.0,1192600000.0,0.521,2524100000.0,19100000.0,5622500000.0,,746000000.0,12800000.0,12800000.0,0.0,5599600000.0,2114400000.0,3485200000.0,27196009734.0,-28300000.0,-14800000.0,-119300000.0,5100000.0,-89100000.0,-207800000.0,-163800000.0,4700000.0,343300000.0,0.0,234200000.0,234200000.0,234200000.0,0.0,0.0,0.102,766200000.0,426400000.0,726100000.0,0.354,13.04,32.048,33.171,2589200000.0,0.0,23.22,3.031,3.031,1085600000.0,3641000000.0,2290200000.0,2290200000.0,0.0,,,,,0.0,766200000.0,1.0,1171232116.0,1171232116.0,,1.955,5161100000.0,0.0,92100000.0,522200000.0,4.407,130500000.0
91,CL,MRQ,1998-09-30,1998-09-30,1998-09-30,2021-09-07,-704100000.0,7699300000.0,,2333200000.0,5366100000.0,,1.756,-80400000.0,210000000.0,210000000.0,1072800000.0,214900000.0,1.062,2.708,2782500000.0,421000000.0,2361500000.0,2782500000.0,0.0,0.0,0.0,0.016,0.069,373300000.0,373300000.0,0.165,373300000.0,373300000.0,320800000.0,0.175,0.165,0.175,2076600000.0,,2076600000.0,22876693181.0,17.0,13.518,274200000.0,0.232,1.0,1192600000.0,0.526,2536400000.0,52500000.0,5538100000.0,,775300000.0,16100000.0,16100000.0,0.0,5622700000.0,2197300000.0,3425400000.0,20329493181.0,33900000.0,45300000.0,-249500000.0,49100000.0,-81900000.0,-303000000.0,-19600000.0,20400000.0,354600000.0,1900000.0,214900000.0,214900000.0,214900000.0,0.0,0.0,0.095,825100000.0,367500000.0,738400000.0,0.394,9.79,24.768,25.388,2498500000.0,0.0,17.188,2.261,2.261,1107000000.0,3495900000.0,2265400000.0,2265400000.0,0.0,,,,,0.0,825100000.0,1.0,1182806876.0,1182806876.0,,1.915,5162900000.0,0.0,105900000.0,447700000.0,4.365,135900000.0
92,CL,MRQ,1998-06-30,1998-06-30,1998-06-30,2021-09-07,-712200000.0,7620900000.0,,2307900000.0,5313000000.0,,1.872,-80000000.0,176100000.0,176100000.0,1083900000.0,203500000.0,1.233,2.438,2723300000.0,233300000.0,2490000000.0,2723300000.0,0.0,0.0,0.0,0.013,0.069,354800000.0,354800000.0,0.157,354800000.0,354800000.0,303800000.0,0.17,0.155,0.17,2216900000.0,,2216900000.0,28647750744.0,21.0,17.191,198000000.0,0.167,1.0,1172600000.0,0.52,2540200000.0,51000000.0,5756800000.0,,716400000.0,27500000.0,27500000.0,0.0,5404000000.0,1871100000.0,3532900000.0,26058050744.0,-100000.0,4400000.0,-90000000.0,-35900000.0,-90800000.0,-211600000.0,-66600000.0,17000000.0,278000000.0,100000.0,203500000.0,203500000.0,203500000.0,0.0,0.0,0.09,824700000.0,347900000.0,693400000.0,0.406,11.754,32.798,33.486,2453500000.0,0.0,22.0,2.887,2.887,1134900000.0,3362900000.0,2256500000.0,2256500000.0,0.0,,,,,0.0,824700000.0,1.0,1184456852.0,1184456852.0,,1.905,5080700000.0,0.0,100300000.0,413800000.0,4.289,436800000.0
93,CL,MRQ,1998-03-31,1998-03-31,1998-03-31,2021-09-07,-689800000.0,7623900000.0,,2289600000.0,5334300000.0,,1.793,-77500000.0,176200000.0,176200000.0,1036000000.0,196000000.0,1.142,2.594,2765900000.0,325400000.0,2440500000.0,2765900000.0,0.0,0.0,0.0,0.013,0.069,349500000.0,349500000.0,0.162,349500000.0,349500000.0,299200000.0,0.163,0.15,0.163,2121000000.0,,2121000000.0,28147774044.0,21.0,17.197,125400000.0,0.106,1.0,1123500000.0,0.52,2561800000.0,50300000.0,5647500000.0,,748100000.0,49400000.0,49400000.0,0.0,5502900000.0,2004300000.0,3498600000.0,25653874044.0,-6900000.0,-100000.0,-83700000.0,67100000.0,-83800000.0,-107600000.0,-101900000.0,-23400000.0,202900000.0,-300000.0,196000000.0,196000000.0,196000000.0,0.0,0.0,0.091,781100000.0,342400000.0,692300000.0,0.423,12.095,33.456,34.261,2452500000.0,0.0,21.688,2.829,2.829,1085700000.0,3168800000.0,2159500000.0,2159500000.0,0.0,,,,,0.0,781100000.0,1.0,1182887564.0,1182887564.0,,1.826,5062100000.0,0.0,103200000.0,406300000.0,4.279,285300000.0
94,CL,MRQ,1997-12-31,1997-12-31,1997-12-31,2021-09-07,-693700000.0,7538700000.0,,2196500000.0,5342200000.0,,1.841,-158200000.0,183100000.0,183100000.0,1131700000.0,206400000.0,1.121,2.46,2677000000.0,336700000.0,2340300000.0,2677000000.0,0.0,319900000.0,0.0,0.014,0.069,294800000.0,614700000.0,0.266,614700000.0,294800000.0,287500000.0,0.17,0.155,0.17,2178600000.0,,2178600000.0,24382074075.0,19.0,15.185,178900000.0,0.151,1.0,1179800000.0,0.51,2585300000.0,7300000.0,5487800000.0,,728400000.0,22200000.0,22200000.0,0.0,5360100000.0,1959500000.0,3400600000.0,21741774075.0,-44300000.0,34800000.0,-66800000.0,-136900000.0,-91100000.0,-295000000.0,-77100000.0,42500000.0,337100000.0,-9300000.0,206400000.0,206400000.0,206400000.0,0.0,0.0,0.089,775700000.0,404100000.0,716900000.0,0.406,9.98,29.365,30.123,2441000000.0,0.0,18.375,2.401,2.401,1037400000.0,3138000000.0,2311500000.0,2311500000.0,0.0,,,,,0.0,775700000.0,1.0,1183225800.0,1183225800.0,,1.954,4953400000.0,0.0,81100000.0,351500000.0,4.186,237000000.0
95,CL,MRQ,1997-09-30,1997-09-30,1997-09-30,2021-09-07,-618200000.0,7781100000.0,,2375600000.0,5405500000.0,,1.821,-122700000.0,227400000.0,227400000.0,1130500000.0,188600000.0,1.149,2.609,2867700000.0,401000000.0,2466700000.0,2867700000.0,0.0,0.0,0.0,0.015,0.069,347400000.0,347400000.0,0.151,347400000.0,347400000.0,287500000.0,0.155,0.145,0.155,2156000000.0,,2156000000.0,23380645626.0,18.0,14.708,211200000.0,0.178,1.0,1166700000.0,0.508,2620400000.0,59900000.0,5733500000.0,,807000000.0,33600000.0,33600000.0,0.0,5625100000.0,2067500000.0,3557600000.0,20642845626.0,-6900000.0,26400000.0,-58800000.0,-93700000.0,-81800000.0,-243100000.0,-97700000.0,-18200000.0,333900000.0,0.0,188600000.0,188600000.0,188600000.0,0.0,0.0,0.082,832600000.0,334100000.0,717900000.0,0.445,9.575,28.843,29.555,2423800000.0,0.0,17.438,2.283,2.283,1075200000.0,3022800000.0,2297200000.0,2297200000.0,0.0,,,,,0.0,832600000.0,1.0,1183819104.0,1183819104.0,,1.94,5160700000.0,0.0,98900000.0,386900000.0,4.359,308100000.0
96,CL,MRQ,1997-06-30,1997-06-30,1997-06-30,2021-09-07,-555100000.0,7943200000.0,,2472300000.0,5470900000.0,,1.848,-108600000.0,234300000.0,234300000.0,1132800000.0,175800000.0,1.223,2.641,2972100000.0,358500000.0,2613600000.0,2972100000.0,0.0,0.0,0.0,0.015,0.069,325200000.0,325200000.0,0.141,325200000.0,325200000.0,266500000.0,0.145,0.135,0.145,2181500000.0,,2181500000.0,22086014296.0,18.0,14.273,163200000.0,0.138,1.0,1168100000.0,0.508,2643400000.0,58700000.0,6016100000.0,,816500000.0,28600000.0,28600000.0,0.0,5761700000.0,2021500000.0,3740200000.0,19260914296.0,67000000.0,-6700000.0,-4800000.0,-25000000.0,-90800000.0,-113800000.0,-90500000.0,32000000.0,271800000.0,-500000.0,175800000.0,175800000.0,175800000.0,0.0,0.0,0.076,854600000.0,313500000.0,750800000.0,0.476,8.829,27.996,28.719,2432900000.0,0.0,16.312,2.146,2.146,1140600000.0,2915900000.0,2300900000.0,2300900000.0,0.0,,,,,0.0,854600000.0,1.0,1180745704.0,1180745704.0,,1.949,5299800000.0,0.0,90700000.0,374000000.0,4.489,450800000.0
97,CL,MRQ,1997-03-31,1997-03-31,1997-03-31,2021-09-07,-550900000.0,7832900000.0,,2369300000.0,5463600000.0,,1.712,-89000000.0,167300000.0,167300000.0,1066500000.0,169600000.0,1.159,2.881,2992400000.0,377700000.0,2614700000.0,2992400000.0,0.0,0.0,0.0,0.019,0.059,318400000.0,318400000.0,0.148,318400000.0,318400000.0,260800000.0,0.14,0.13,0.14,2018100000.0,,2018100000.0,17497734028.0,15.0,11.604,66000000.0,0.056,1.0,1080600000.0,0.503,2671100000.0,57600000.0,5942200000.0,,799800000.0,48100000.0,48100000.0,0.0,5814800000.0,2044700000.0,3770100000.0,14676434028.0,-80900000.0,10400000.0,-44700000.0,-64700000.0,-69700000.0,-161100000.0,-72100000.0,12200000.0,155000000.0,-2700000.0,169600000.0,169600000.0,169600000.0,0.0,0.0,0.079,774100000.0,306500000.0,698900000.0,0.421,7.272,22.2,22.851,2399900000.0,0.0,12.454,1.66,1.66,1106800000.0,2749700000.0,2147100000.0,2147100000.0,0.0,,,,,0.0,774100000.0,1.0,1178475080.0,1178475080.0,,1.822,5161800000.0,0.0,91200000.0,379500000.0,4.38,324600000.0
98,CL,MRQ,1996-12-31,1996-12-31,1996-12-31,2021-09-07,-534700000.0,7901500000.0,,2372300000.0,5529200000.0,,1.726,-138900000.0,248200000.0,248200000.0,1158600000.0,181700000.0,1.246,2.885,3069500000.0,282700000.0,2786800000.0,3069500000.0,0.0,316300000.0,0.0,0.02,0.059,282400000.0,598700000.0,0.261,598700000.0,282400000.0,259500000.0,0.15,0.14,0.15,2034100000.0,,2034100000.0,,,,197800000.0,0.168,1.0,1138800000.0,0.496,2720400000.0,22900000.0,6098100000.0,,770700000.0,59600000.0,59600000.0,0.0,5867400000.0,1904300000.0,3963100000.0,13589290766.0,25500000.0,-25900000.0,-10200000.0,-118400000.0,-78900000.0,-190700000.0,-121700000.0,48100000.0,336700000.0,1200000.0,181700000.0,181700000.0,181700000.0,0.0,0.0,0.079,738700000.0,400100000.0,751700000.0,0.393,6.681,21.4,22.091,2428900000.0,0.0,11.531,1.553,1.553,1064400000.0,2731000000.0,2297400000.0,2297400000.0,0.0,,,,,0.0,738700000.0,1.0,1178475080.0,1178475080.0,,1.949,5181100000.0,0.0,77800000.0,327400000.0,4.396,468000000.0
99,CL,MRQ,1996-09-30,1996-09-30,1996-09-30,2021-09-07,,,,,,,,-96700000.0,,,1135800000.0,160900000.0,,,,,,,,0.0,,0.022,0.059,305100000.0,305100000.0,0.137,305100000.0,305100000.0,245300000.0,0.133,0.125,0.133,,,,,,,219500000.0,,1.0,1094800000.0,0.491,,59800000.0,,,,,,,,,,,32900000.0,15400000.0,-17200000.0,-81000000.0,-69600000.0,-160700000.0,-118500000.0,-25000000.0,316200000.0,-4100000.0,160900000.0,160900000.0,160900000.0,0.0,0.0,0.072,799100000.0,295700000.0,,0.444,,,,,0.0,10.86,,,,,2230600000.0,2230600000.0,0.0,,,,,0.0,799100000.0,1.0,,,,,,,84400000.0,,,
100,CL,MRQ,1996-06-30,1996-06-30,1996-06-30,2021-09-07,,,,,,,,-116000000.0,,,1106300000.0,148900000.0,,,,,,,,0.0,,0.022,0.059,285700000.0,285700000.0,0.132,285700000.0,285700000.0,227400000.0,0.122,0.115,0.122,,,,,,,-26500000.0,,1.0,1061000000.0,0.49,,58300000.0,,,,,,,,,,,-17100000.0,-6400000.0,0.0,80300000.0,-78700000.0,7000000.0,-115300000.0,-19500000.0,89500000.0,1700000.0,148900000.0,148900000.0,148900000.0,0.0,0.0,0.069,780500000.0,280500000.0,,0.484,,,,,0.0,10.516,,,,,2167300000.0,2167300000.0,0.0,,,,,0.0,780500000.0,1.0,,,,,,,78500000.0,,,
101,CL,MRQ,1996-03-31,1996-03-31,1996-03-31,2021-09-07,,,,,,,,-107400000.0,,,1050400000.0,143500000.0,,,,,,,,0.0,,0.023,0.059,278800000.0,278800000.0,0.136,278800000.0,278800000.0,222400000.0,0.059,0.055,0.059,,,,,,,67600000.0,,1.0,1003300000.0,0.489,,56400000.0,,,,,,,,,,,-1900000.0,-17300000.0,0.0,31900000.0,-69000000.0,-27200000.0,-148500000.0,-2400000.0,175000000.0,-1200000.0,143500000.0,143500000.0,143500000.0,0.0,0.0,0.07,733800000.0,269500000.0,,1.0,,,,,0.0,9.875,,,,,2053700000.0,2053700000.0,0.0,,,,,0.0,733800000.0,1.0,,,,,,,78900000.0,,,
102,CL,MRQ,1995-12-31,1995-12-31,1995-12-31,2021-09-07,-513000000.0,7642300000.0,,2360200000.0,5282100000.0,,,,208800000.0,208800000.0,,,1.346,3.55,3233400000.0,241400000.0,2992000000.0,3233400000.0,0.0,,0.0,0.025,0.059,,,,,,,,,,1679800000.0,,1679800000.0,,,,,,1.0,,,2741700000.0,,6172100000.0,,774800000.0,47800000.0,47800000.0,0.0,5962500000.0,1753100000.0,4209400000.0,,,,,,,,,,,,,,,,,,,,738700000.0,,,,67.548,2155200000.0,,8.781,,,1116900000.0,2392200000.0,,,,,,,,,,1.0,,,,,4900600000.0,0.0,,314000000.0,,607100000.0
0,CL,MRT,2021-06-30,2021-06-30,2021-06-30,2021-09-07,-4368000000.0,15999000000.0,15796500000.0,4652000000.0,11347000000.0,1.081,0.548,-488000000.0,937000000.0,937000000.0,6705000000.0,2906000000.0,1.107,32.623,7966000000.0,15000000.0,7951000000.0,7966000000.0,0.0,547000000.0,0.0,0.022,1.77,3741000000.0,4288000000.0,0.251,4288000000.0,3741000000.0,3594000000.0,3.2,3.2,3.2,464000000.0,530500000.0,464000000.0,75657560253.0,20.0,17.644,2662000000.0,3.147,1.0,10376000000.0,0.607,6540000000.0,147000000.0,12285000000.0,11522750000.0,1700000000.0,0.0,0.0,0.0,15137000000.0,4203000000.0,10934000000.0,68819560253.0,-60000000.0,-1000000.0,-1289000000.0,394000000.0,-1666000000.0,-2662000000.0,-551000000.0,-47000000.0,3150000000.0,3000000.0,2729000000.0,2729000000.0,2729000000.0,0.0,177000000.0,0.16,6389000000.0,3987000000.0,1272000000.0,0.553,148.318,25.218,25.422,3665000000.0,0.0,81.35,4.029,4.029,1443000000.0,23946000000.0,17081000000.0,17081000000.0,0.0,0.173,5.144,0.325,0.219,133000000.0,6324000000.0,1.0,845968780.0,845968780.0,,20.191,9459000000.0,283000000.0,865000000.0,804000000.0,11.181,449000000.0
1,CL,MRT,2021-03-31,2021-03-31,2021-03-31,2021-09-07,-4455000000.0,15801000000.0,15582000000.0,4563000000.0,11238000000.0,1.073,0.309,-435000000.0,995000000.0,995000000.0,6529000000.0,2840000000.0,1.005,57.779,7833000000.0,263000000.0,7570000000.0,7833000000.0,0.0,543000000.0,0.0,0.022,1.76,3687000000.0,4230000000.0,0.253,4230000000.0,3687000000.0,3530000000.0,3.11,3.11,3.11,262000000.0,481500000.0,262000000.0,73605195907.0,20.0,17.401,3114000000.0,3.67,1.0,10189000000.0,0.609,6488000000.0,157000000.0,11612000000.0,11086750000.0,1676000000.0,0.0,0.0,0.0,15138000000.0,4539000000.0,10599000000.0,66892195907.0,141000000.0,-2000000.0,-1021000000.0,-202000000.0,-1657000000.0,-2945000000.0,-462000000.0,-22000000.0,3549000000.0,-1000000.0,2661000000.0,2661000000.0,2661000000.0,0.0,179000000.0,0.159,6252000000.0,3937000000.0,1306000000.0,0.566,255.314,25.138,25.347,3609000000.0,0.0,78.83,4.001,4.001,1402000000.0,23624000000.0,16718000000.0,16718000000.0,0.0,0.171,5.526,0.333,0.221,129000000.0,6151000000.0,1.0,848562678.0,848562678.0,,19.702,9313000000.0,201000000.0,869000000.0,837000000.0,10.975,24000000.0
2,CL,MRT,2020-12-31,2020-12-31,2020-12-31,2021-09-07,-4345000000.0,15920000000.0,15399250000.0,4338000000.0,11582000000.0,1.07,0.867,-410000000.0,888000000.0,888000000.0,6454000000.0,2860000000.0,0.985,19.945,7601000000.0,267000000.0,7334000000.0,7601000000.0,0.0,539000000.0,0.0,0.02,1.75,3646000000.0,4185000000.0,0.254,4185000000.0,3646000000.0,3482000000.0,3.15,3.14,3.15,743000000.0,387750000.0,743000000.0,79543506739.0,22.0,19.007,3309000000.0,3.86,1.0,10017000000.0,0.608,6718000000.0,164000000.0,11511000000.0,10993250000.0,1673000000.0,0.0,0.0,0.0,14819000000.0,4404000000.0,10415000000.0,73296506739.0,5000000.0,-353000000.0,-602000000.0,-564000000.0,-1654000000.0,-2919000000.0,-779000000.0,-19000000.0,3719000000.0,-16000000.0,2695000000.0,2695000000.0,2695000000.0,0.0,165000000.0,0.164,6132000000.0,3885000000.0,1393000000.0,0.556,98.649,27.197,27.146,3716000000.0,0.0,85.51,4.45,4.45,1264000000.0,23699000000.0,16471000000.0,16471000000.0,0.0,0.175,6.95,0.332,0.221,107000000.0,6019000000.0,1.0,857168831.0,857168831.0,,19.216,9202000000.0,291000000.0,787000000.0,829000000.0,10.735,-66000000.0
3,CL,MRT,2020-09-30,2020-09-30,2020-09-30,2021-09-07,-4421000000.0,15466000000.0,15177750000.0,4367000000.0,11099000000.0,1.065,0.762,-358000000.0,989000000.0,989000000.0,6374000000.0,2850000000.0,0.975,22.041,7236000000.0,265000000.0,6971000000.0,7236000000.0,0.0,533000000.0,0.0,0.023,1.74,3603000000.0,4136000000.0,0.256,4136000000.0,3603000000.0,3464000000.0,3.14,3.13,3.14,653000000.0,231250000.0,653000000.0,72543424504.0,20.0,17.54,3368000000.0,3.928,1.0,9788000000.0,0.606,6549000000.0,139000000.0,10683000000.0,11061750000.0,1578000000.0,0.0,0.0,0.0,14393000000.0,4481000000.0,9912000000.0,66148424504.0,41000000.0,-352000000.0,-108000000.0,-1156000000.0,-1636000000.0,-2988000000.0,-692000000.0,18000000.0,3726000000.0,-5000000.0,2691000000.0,2691000000.0,2691000000.0,0.0,159000000.0,0.167,5941000000.0,3847000000.0,1225000000.0,0.554,101.299,24.581,24.57,3506000000.0,0.0,77.15,4.093,4.093,1292000000.0,23052000000.0,16162000000.0,16162000000.0,0.0,0.177,11.637,0.326,0.223,102000000.0,5798000000.0,1.0,857400188.0,857400188.0,,18.85,8917000000.0,208000000.0,773000000.0,829000000.0,10.4,-114000000.0
4,CL,MRT,2020-06-30,2020-06-30,2020-06-30,2021-09-07,-4519000000.0,15141000000.0,15067750000.0,4212000000.0,10929000000.0,1.058,0.313,-348000000.0,997000000.0,997000000.0,6373000000.0,2732000000.0,0.92,53.765,7392000000.0,508000000.0,6884000000.0,7392000000.0,0.0,529000000.0,0.0,0.024,1.73,3427000000.0,3956000000.0,0.248,3956000000.0,3427000000.0,3289000000.0,3.0,2.99,3.0,268000000.0,-13000000.0,268000000.0,69741274613.0,20.0,17.629,3330000000.0,3.888,1.0,9564000000.0,0.6,6415000000.0,138000000.0,10541000000.0,11373750000.0,1524000000.0,0.0,0.0,0.0,14409000000.0,4580000000.0,9829000000.0,62749274613.0,134000000.0,-2063000000.0,-182000000.0,692000000.0,-1628000000.0,-1107000000.0,-2404000000.0,7000000.0,3678000000.0,-33000000.0,2571000000.0,2571000000.0,2571000000.0,0.0,161000000.0,0.161,5879000000.0,3685000000.0,1189000000.0,0.577,234.139,24.407,24.42,3483000000.0,0.0,73.26,3.937,3.937,1231000000.0,22731000000.0,15937000000.0,15937000000.0,0.0,0.171,-197.769,0.301,0.215,98000000.0,5709000000.0,1.0,856528455.0,856528455.0,,18.607,8726000000.0,224000000.0,718000000.0,900000000.0,10.188,-368000000.0
5,CL,MRT,2020-03-31,2020-03-31,2020-03-31,2021-09-07,-4578000000.0,15070000000.0,14570250000.0,4248000000.0,10822000000.0,1.092,-0.132,-346000000.0,854000000.0,854000000.0,6403000000.0,2675000000.0,0.956,-130.345,7846000000.0,510000000.0,7336000000.0,7846000000.0,0.0,524000000.0,0.0,0.026,1.72,3370000000.0,3894000000.0,0.245,3894000000.0,3370000000.0,3229000000.0,2.94,2.93,2.94,-113000000.0,-166750000.0,-113000000.0,63703776002.0,19.0,16.359,2950000000.0,3.45,1.0,9503000000.0,0.597,6381000000.0,141000000.0,11238000000.0,11490000000.0,1301000000.0,0.0,0.0,0.0,14729000000.0,4443000000.0,10286000000.0,56739776002.0,11000000.0,-2062000000.0,-299000000.0,1163000000.0,-1621000000.0,-786000000.0,-2460000000.0,-52000000.0,3296000000.0,-39000000.0,2522000000.0,2522000000.0,2522000000.0,0.0,153000000.0,0.159,5876000000.0,3627000000.0,1216000000.0,0.585,-502.122,22.498,22.571,3487000000.0,0.0,66.36,3.567,3.567,1551000000.0,22481000000.0,15906000000.0,15906000000.0,0.0,0.173,-15.124,0.293,0.212,99000000.0,5683000000.0,1.0,855029777.0,855029777.0,,18.603,8689000000.0,179000000.0,707000000.0,900000000.0,10.162,-195000000.0
6,CL,MRT,2019-12-31,2019-12-31,2019-12-31,2021-09-07,-4273000000.0,15034000000.0,14023500000.0,4179000000.0,10855000000.0,1.119,0.137,-335000000.0,883000000.0,883000000.0,6368000000.0,2527000000.0,1.035,123.726,7847000000.0,514000000.0,7333000000.0,7847000000.0,0.0,519000000.0,0.0,0.025,1.71,3286000000.0,3805000000.0,0.242,3805000000.0,3286000000.0,3141000000.0,2.76,2.75,2.76,117000000.0,-276500000.0,117000000.0,66201924105.0,20.0,17.399,2798000000.0,3.265,1.0,9325000000.0,0.594,6175000000.0,145000000.0,11785000000.0,11357250000.0,1400000000.0,0.0,0.0,0.0,14476000000.0,4038000000.0,10438000000.0,58998924105.0,157000000.0,-1711000000.0,-704000000.0,1448000000.0,-1614000000.0,-870000000.0,-2099000000.0,-53000000.0,3133000000.0,-7000000.0,2367000000.0,2367000000.0,2367000000.0,0.0,160000000.0,0.151,5771000000.0,3554000000.0,1237000000.0,0.62,504.264,24.926,24.942,3750000000.0,0.0,68.84,3.76,3.76,1440000000.0,22501000000.0,15693000000.0,15693000000.0,0.0,0.169,-8.561,0.289,0.209,100000000.0,5575000000.0,1.0,857044220.0,857044220.0,,18.311,8859000000.0,177000000.0,774000000.0,877000000.0,10.337,141000000.0
7,CL,MRT,2019-09-30,2019-09-30,2019-09-30,2021-09-07,-4215000000.0,15026000000.0,13305250000.0,4349000000.0,10677000000.0,1.164,-0.378,-341000000.0,948000000.0,948000000.0,6325000000.0,2488000000.0,1.028,-45.84,8151000000.0,505000000.0,7646000000.0,8151000000.0,0.0,512000000.0,0.0,0.023,1.7,3255000000.0,3767000000.0,0.243,3767000000.0,3255000000.0,3105000000.0,2.7,2.7,2.7,-324000000.0,-331250000.0,-324000000.0,68854053992.0,21.0,18.278,2684000000.0,3.128,1.0,9164000000.0,0.592,6067000000.0,150000000.0,11931000000.0,10984250000.0,1371000000.0,0.0,0.0,0.0,14852000000.0,4231000000.0,10621000000.0,63072053992.0,107000000.0,-1711000000.0,-806000000.0,1587000000.0,-1609000000.0,-828000000.0,-2071000000.0,-20000000.0,3025000000.0,-19000000.0,2330000000.0,2330000000.0,2330000000.0,0.0,158000000.0,0.15,5650000000.0,3514000000.0,1188000000.0,0.63,-194.667,27.07,27.226,3689000000.0,0.0,73.51,4.072,4.072,1495000000.0,21860000000.0,15489000000.0,15489000000.0,0.0,0.175,-7.034,0.296,0.21,95000000.0,5491000000.0,1.0,858006448.0,858006448.0,,18.052,8959000000.0,165000000.0,775000000.0,833000000.0,10.442,118000000.0
8,CL,MRT,2019-06-30,2019-06-30,2019-06-30,2021-09-07,-4119000000.0,13151000000.0,12691500000.0,4255000000.0,8896000000.0,1.214,-0.404,-366000000.0,863000000.0,863000000.0,6289000000.0,2423000000.0,1.125,-37.928,6645000000.0,5000000.0,6640000000.0,6645000000.0,0.0,509000000.0,0.0,0.024,1.69,3292000000.0,3801000000.0,0.247,3801000000.0,3292000000.0,3141000000.0,2.63,2.63,2.63,-347000000.0,-357750000.0,-347000000.0,67347763958.0,20.0,17.718,2642000000.0,3.077,1.0,9117000000.0,0.592,4145000000.0,151000000.0,11006000000.0,10598500000.0,1322000000.0,0.0,0.0,0.0,13161000000.0,3782000000.0,9379000000.0,61529763958.0,30000000.0,-1000000.0,-770000000.0,-229000000.0,-1605000000.0,-2604000000.0,-369000000.0,-2000000.0,3008000000.0,-5000000.0,2275000000.0,2275000000.0,2275000000.0,0.0,148000000.0,0.148,5585000000.0,3532000000.0,1209000000.0,0.643,-177.319,27.046,27.251,3793000000.0,0.0,71.67,3.994,3.994,1590000000.0,21653000000.0,15406000000.0,15406000000.0,0.0,0.179,-6.359,0.311,0.214,96000000.0,5431000000.0,1.0,858514915.0,858514915.0,,17.945,9006000000.0,167000000.0,866000000.0,596000000.0,10.49,473000000.0
9,CL,MRT,2019-03-31,2019-03-31,2019-03-31,2021-09-07,-4160000000.0,12883000000.0,12566250000.0,4133000000.0,8750000000.0,1.228,-0.641,-389000000.0,843000000.0,843000000.0,6316000000.0,2480000000.0,1.069,-23.719,6661000000.0,6000000.0,6655000000.0,6661000000.0,0.0,510000000.0,0.0,0.025,1.68,3348000000.0,3858000000.0,0.25,3858000000.0,3348000000.0,3200000000.0,2.68,2.68,2.68,-552000000.0,-401750000.0,-552000000.0,64699306899.0,19.0,16.77,2656000000.0,3.082,1.0,9110000000.0,0.591,4129000000.0,148000000.0,10707000000.0,10477500000.0,1278000000.0,0.0,0.0,0.0,13093000000.0,3865000000.0,9228000000.0,59059306899.0,-8000000.0,-1000000.0,-1005000000.0,-24000000.0,-1605000000.0,-2634000000.0,-387000000.0,-2000000.0,3045000000.0,-32000000.0,2326000000.0,2326000000.0,2326000000.0,0.0,154000000.0,0.151,5520000000.0,3590000000.0,1215000000.0,0.627,-106.991,25.391,25.575,3821000000.0,0.0,68.54,3.829,3.829,1547000000.0,21436000000.0,15426000000.0,15426000000.0,0.0,0.185,-5.79,0.32,0.217,98000000.0,5362000000.0,1.0,861676494.0,861676494.0,,17.902,8754000000.0,164000000.0,874000000.0,706000000.0,10.159,268000000.0
10,CL,MRT,2018-12-31,2018-12-31,2018-12-31,2021-09-07,-4188000000.0,12161000000.0,12631500000.0,3793000000.0,8368000000.0,1.231,-0.118,-436000000.0,726000000.0,726000000.0,6313000000.0,2558000000.0,1.135,-117.294,6366000000.0,12000000.0,6354000000.0,6366000000.0,0.0,511000000.0,0.0,0.028,1.66,3449000000.0,3960000000.0,0.255,3960000000.0,3449000000.0,3306000000.0,2.76,2.75,2.76,-102000000.0,-326000000.0,-102000000.0,57385881579.0,17.0,14.491,2620000000.0,3.021,1.0,9231000000.0,0.594,4167000000.0,143000000.0,10293000000.0,10467750000.0,1250000000.0,0.0,0.0,0.0,11964000000.0,3341000000.0,8623000000.0,51622881579.0,-809000000.0,-728000000.0,-909000000.0,-179000000.0,-1591000000.0,-2679000000.0,-1170000000.0,-13000000.0,3056000000.0,-16000000.0,2400000000.0,2400000000.0,2400000000.0,0.0,158000000.0,0.154,5537000000.0,3694000000.0,1222000000.0,0.601,-506.107,21.51,21.565,3881000000.0,0.0,59.52,3.321,3.321,1400000000.0,21615000000.0,15544000000.0,15544000000.0,0.0,0.19,-7.362,0.329,0.222,109000000.0,5389000000.0,1.0,867319919.0,867319919.0,,17.922,7994000000.0,152000000.0,906000000.0,646000000.0,9.217,452000000.0
11,CL,MRT,2018-09-30,2018-09-30,2018-09-30,2021-09-07,-4172000000.0,12571000000.0,12760250000.0,4141000000.0,8430000000.0,1.225,-0.496,-492000000.0,841000000.0,841000000.0,6319000000.0,2268000000.0,1.105,-29.393,6604000000.0,85000000.0,6519000000.0,6604000000.0,0.0,506000000.0,0.0,0.024,1.64,3511000000.0,4017000000.0,0.257,4017000000.0,3511000000.0,3377000000.0,2.42,2.42,2.42,-430000000.0,-315500000.0,-430000000.0,64127105697.0,18.0,15.964,2461000000.0,2.836,1.0,9306000000.0,0.596,4199000000.0,134000000.0,10388000000.0,10582250000.0,1245000000.0,0.0,0.0,0.0,12639000000.0,3747000000.0,8892000000.0,58095105697.0,-539000000.0,-684000000.0,-905000000.0,102000000.0,-1581000000.0,-2384000000.0,-1113000000.0,65000000.0,2953000000.0,5000000.0,2117000000.0,2117000000.0,2117000000.0,0.0,151000000.0,0.135,5543000000.0,3763000000.0,1158000000.0,0.678,-135.105,27.442,27.665,3871000000.0,0.0,66.95,3.718,3.718,1532000000.0,21008000000.0,15625000000.0,15625000000.0,0.0,0.166,-6.71,0.332,0.225,118000000.0,5406000000.0,1.0,867738696.0,867738696.0,,18.007,8372000000.0,165000000.0,1260000000.0,685000000.0,9.648,394000000.0
12,CL,MRT,2018-06-30,2018-06-30,2018-06-30,2021-09-07,-4164000000.0,12650000000.0,12811250000.0,4172000000.0,8478000000.0,1.23,-0.6,-540000000.0,833000000.0,833000000.0,6334000000.0,2356000000.0,1.058,-24.549,6865000000.0,346000000.0,6519000000.0,6865000000.0,0.0,507000000.0,0.0,0.025,1.62,3578000000.0,4085000000.0,0.259,4085000000.0,3578000000.0,3453000000.0,2.51,2.5,2.51,-523000000.0,-235000000.0,-523000000.0,62393107224.0,17.0,15.274,2506000000.0,2.873,1.0,9420000000.0,0.598,4218000000.0,125000000.0,10522000000.0,10612500000.0,1254000000.0,0.0,0.0,0.0,12839000000.0,3942000000.0,8897000000.0,56535107224.0,-408000000.0,-683000000.0,-1105000000.0,364000000.0,-1569000000.0,-2310000000.0,-1172000000.0,54000000.0,3046000000.0,28000000.0,2201000000.0,2201000000.0,2201000000.0,0.0,155000000.0,0.14,5574000000.0,3846000000.0,1121000000.0,0.645,-108.098,25.686,25.821,3908000000.0,0.0,64.81,3.589,3.589,1545000000.0,20851000000.0,15754000000.0,15754000000.0,0.0,0.172,-9.366,0.337,0.227,121000000.0,5447000000.0,1.0,872320741.0,872320741.0,,18.06,8432000000.0,156000000.0,1252000000.0,588000000.0,9.666,230000000.0
13,CL,MRT,2018-03-31,2018-03-31,2018-03-31,2021-09-07,-3900000000.0,13144000000.0,12793750000.0,4292000000.0,8852000000.0,1.227,-0.284,-550000000.0,851000000.0,851000000.0,6275000000.0,2241000000.0,1.078,-52.382,6709000000.0,159000000.0,6550000000.0,6709000000.0,0.0,495000000.0,0.0,0.022,1.6,3510000000.0,4005000000.0,0.255,4005000000.0,3510000000.0,3396000000.0,2.37,2.36,2.37,-249000000.0,-164750000.0,-249000000.0,67785420436.0,19.0,16.925,2429000000.0,2.775,1.0,9419000000.0,0.6,4354000000.0,114000000.0,10668000000.0,10618750000.0,1312000000.0,0.0,0.0,0.0,13043000000.0,3980000000.0,9063000000.0,62743420436.0,-496000000.0,-683000000.0,-1016000000.0,185000000.0,-1536000000.0,-2367000000.0,-1194000000.0,43000000.0,2979000000.0,86000000.0,2088000000.0,2088000000.0,2088000000.0,0.0,153000000.0,0.133,5641000000.0,3778000000.0,1209000000.0,0.675,-251.982,30.05,30.245,4087000000.0,0.0,71.68,3.998,3.998,1644000000.0,20581000000.0,15694000000.0,15694000000.0,0.0,0.163,-12.674,0.331,0.224,120000000.0,5456000000.0,1.0,875326736.0,875326736.0,,17.929,8790000000.0,187000000.0,1308000000.0,681000000.0,10.042,312000000.0
14,CL,MRT,2017-12-31,2017-12-31,2017-12-31,2021-09-07,-3855000000.0,12676000000.0,12619750000.0,4639000000.0,8037000000.0,1.225,-0.068,-553000000.0,1535000000.0,1535000000.0,6174000000.0,2174000000.0,1.361,-207.217,6577000000.0,11000000.0,6566000000.0,6577000000.0,0.0,475000000.0,0.0,0.021,1.59,3439000000.0,3914000000.0,0.253,3914000000.0,3439000000.0,3337000000.0,2.3,2.28,2.3,-60000000.0,-180750000.0,-60000000.0,71400039075.0,21.0,18.242,2501000000.0,2.848,1.0,9280000000.0,0.6,3559000000.0,102000000.0,10751000000.0,10531500000.0,1221000000.0,0.0,0.0,0.0,12433000000.0,3408000000.0,9025000000.0,66253039075.0,220000000.0,44000000.0,-892000000.0,-29000000.0,-1529000000.0,-2450000000.0,-471000000.0,44000000.0,3054000000.0,87000000.0,2024000000.0,2024000000.0,2024000000.0,0.0,150000000.0,0.131,5573000000.0,3707000000.0,1212000000.0,0.691,-1104.217,32.734,32.804,4072000000.0,0.0,75.45,4.287,4.287,1480000000.0,20531000000.0,15454000000.0,15454000000.0,0.0,0.16,-11.198,0.327,0.223,127000000.0,5400000000.0,1.0,878105223.0,878105223.0,,17.599,9117000000.0,188000000.0,1313000000.0,558000000.0,10.383,1231000000.0
15,CL,MRT,2017-09-30,2017-09-30,2017-09-30,2021-09-07,-3834000000.0,12775000000.0,12481500000.0,4736000000.0,8039000000.0,1.224,-0.123,-583000000.0,1380000000.0,1380000000.0,6084000000.0,2449000000.0,1.229,-115.815,6527000000.0,7000000.0,6520000000.0,6527000000.0,0.0,468000000.0,0.0,0.022,1.58,3478000000.0,3946000000.0,0.258,3946000000.0,3478000000.0,3383000000.0,2.61,2.59,2.61,-108000000.0,-226500000.0,-108000000.0,69447338024.0,20.0,17.599,2536000000.0,2.879,1.0,9199000000.0,0.602,3559000000.0,95000000.0,10509000000.0,10497750000.0,1205000000.0,0.0,0.0,0.0,12508000000.0,3854000000.0,8654000000.0,64169338024.0,82000000.0,-5000000.0,-1018000000.0,90000000.0,-1525000000.0,-2453000000.0,-586000000.0,3000000.0,3119000000.0,2000000.0,2307000000.0,2307000000.0,2307000000.0,0.0,142000000.0,0.151,5379000000.0,3820000000.0,1164000000.0,0.605,-594.161,27.815,27.912,3999000000.0,0.0,72.85,4.199,4.199,1530000000.0,20207000000.0,15283000000.0,15283000000.0,0.0,0.185,-10.185,0.331,0.228,127000000.0,5202000000.0,1.0,880841977.0,880841977.0,,17.35,9216000000.0,265000000.0,1076000000.0,587000000.0,10.463,882000000.0
16,CL,MRT,2017-06-30,2017-06-30,2017-06-30,2021-09-07,-3947000000.0,12580000000.0,12443500000.0,4555000000.0,8025000000.0,1.22,-0.274,-514000000.0,1241000000.0,1241000000.0,6036000000.0,2545000000.0,1.205,-51.62,6519000000.0,13000000.0,6506000000.0,6519000000.0,0.0,454000000.0,0.0,0.021,1.57,3621000000.0,4075000000.0,0.269,4075000000.0,3621000000.0,3528000000.0,2.71,2.69,2.71,-242000000.0,-232750000.0,-242000000.0,70604497117.0,19.0,17.326,2612000000.0,2.957,1.0,9140000000.0,0.602,3531000000.0,93000000.0,10547000000.0,10287000000.0,1199000000.0,0.0,0.0,0.0,12492000000.0,3780000000.0,8712000000.0,65478497117.0,156000000.0,-5000000.0,-1004000000.0,39000000.0,-1520000000.0,-2485000000.0,-471000000.0,51000000.0,3126000000.0,-14000000.0,2402000000.0,2402000000.0,2402000000.0,0.0,143000000.0,0.158,5206000000.0,3934000000.0,1131000000.0,0.579,-270.572,27.26,27.354,3930000000.0,0.0,74.13,4.315,4.315,1526000000.0,19952000000.0,15176000000.0,15176000000.0,0.0,0.193,-10.32,0.352,0.239,128000000.0,5114000000.0,1.0,883292825.0,883292825.0,,17.181,9049000000.0,360000000.0,1126000000.0,599000000.0,10.245,775000000.0
17,CL,MRT,2017-03-31,2017-03-31,2017-03-31,2021-09-07,-4052000000.0,12448000000.0,12427250000.0,4596000000.0,7852000000.0,1.223,-0.355,-540000000.0,1347000000.0,1347000000.0,6051000000.0,2623000000.0,1.207,-39.786,6473000000.0,7000000.0,6466000000.0,6473000000.0,0.0,446000000.0,0.0,0.021,1.56,3710000000.0,4156000000.0,0.274,4156000000.0,3710000000.0,3616000000.0,2.79,2.77,2.79,-313000000.0,-242500000.0,-313000000.0,69834283410.0,19.0,16.803,2678000000.0,3.033,1.0,9144000000.0,0.602,3446000000.0,94000000.0,10319000000.0,10103750000.0,1189000000.0,0.0,0.0,0.0,12453000000.0,3809000000.0,8644000000.0,64616283410.0,333000000.0,-5000000.0,-914000000.0,115000000.0,-1513000000.0,-2312000000.0,-513000000.0,35000000.0,3218000000.0,-60000000.0,2478000000.0,2478000000.0,2478000000.0,0.0,145000000.0,0.163,5144000000.0,4000000000.0,1116000000.0,0.559,-206.442,26.076,26.233,3883000000.0,0.0,73.19,4.252,4.252,1496000000.0,19782000000.0,15195000000.0,15195000000.0,0.0,0.199,-10.219,0.367,0.244,127000000.0,5125000000.0,1.0,882856721.0,882856721.0,,17.211,9002000000.0,321000000.0,1138000000.0,777000000.0,10.196,787000000.0
18,CL,MRT,2016-12-31,2016-12-31,2016-12-31,2021-09-07,-4180000000.0,12123000000.0,12427250000.0,4338000000.0,7785000000.0,1.223,-0.273,-533000000.0,1315000000.0,1315000000.0,6072000000.0,2586000000.0,1.313,-49.819,6533000000.0,13000000.0,6520000000.0,6533000000.0,0.0,443000000.0,0.0,0.024,1.55,3692000000.0,4135000000.0,0.272,4135000000.0,3692000000.0,3593000000.0,2.74,2.72,2.74,-243000000.0,-256750000.0,-243000000.0,63390860006.0,17.0,15.33,2608000000.0,2.934,1.0,9123000000.0,0.6,3420000000.0,99000000.0,10616000000.0,10029000000.0,1171000000.0,0.0,0.0,0.0,12106000000.0,3305000000.0,8801000000.0,58165860006.0,345000000.0,-5000000.0,-889000000.0,164000000.0,-1508000000.0,-2233000000.0,-499000000.0,42000000.0,3141000000.0,-64000000.0,2441000000.0,2441000000.0,2441000000.0,0.0,145000000.0,0.161,5168000000.0,3955000000.0,1124000000.0,0.566,-239.366,23.829,23.883,3840000000.0,0.0,65.44,3.828,3.828,1411000000.0,19922000000.0,15195000000.0,15195000000.0,0.0,0.196,-9.507,0.368,0.243,123000000.0,5143000000.0,1.0,888842604.0,888842604.0,,17.095,8703000000.0,301000000.0,1152000000.0,687000000.0,9.791,1033000000.0
19,CL,MRT,2016-09-30,2016-09-30,2016-09-30,2021-09-07,-3829000000.0,12623000000.0,12380250000.0,4764000000.0,7859000000.0,1.242,-0.149,-564000000.0,1298000000.0,1298000000.0,6204000000.0,1537000000.0,1.023,-93.195,6523000000.0,907000000.0,5616000000.0,6523000000.0,0.0,441000000.0,0.0,0.021,1.54,2583000000.0,3024000000.0,0.197,3024000000.0,2583000000.0,2498000000.0,1.55,1.54,1.55,-133000000.0,-270750000.0,-133000000.0,71582300658.0,28.0,23.671,2594000000.0,2.91,1.0,9169000000.0,0.596,3527000000.0,85000000.0,9666000000.0,10007500000.0,1193000000.0,0.0,0.0,0.0,12395000000.0,4655000000.0,7740000000.0,66095300658.0,-147000000.0,9000000.0,-804000000.0,-180000000.0,-1513000000.0,-2497000000.0,-786000000.0,-155000000.0,3158000000.0,-22000000.0,1377000000.0,1377000000.0,1377000000.0,0.0,160000000.0,0.09,6426000000.0,2743000000.0,1076000000.0,0.994,-496.957,47.999,47.832,3837000000.0,0.0,74.14,4.299,4.299,1560000000.0,19310000000.0,15373000000.0,15373000000.0,0.0,0.111,-5.086,0.258,0.168,123000000.0,5282000000.0,1.0,891493130.0,891493130.0,,17.244,9096000000.0,261000000.0,1121000000.0,620000000.0,10.203,109000000.0
20,CL,MRT,2016-06-30,2016-06-30,2016-06-30,2021-09-07,-3843000000.0,12515000000.0,12615250000.0,4614000000.0,7901000000.0,1.229,-0.315,-659000000.0,1085000000.0,1085000000.0,6313000000.0,1561000000.0,0.988,-44.416,6572000000.0,953000000.0,5619000000.0,6572000000.0,0.0,439000000.0,0.0,0.021,1.53,2648000000.0,3087000000.0,0.199,3087000000.0,2648000000.0,2583000000.0,1.57,1.56,1.57,-281000000.0,-173750000.0,-281000000.0,70934894981.0,27.0,22.979,2387000000.0,2.673,1.0,9192000000.0,0.593,3517000000.0,65000000.0,9814000000.0,10457250000.0,1232000000.0,0.0,0.0,0.0,12481000000.0,4671000000.0,7810000000.0,65368894981.0,26000000.0,217000000.0,-837000000.0,-42000000.0,-1508000000.0,-2387000000.0,-587000000.0,-69000000.0,3046000000.0,-46000000.0,1401000000.0,1401000000.0,1401000000.0,0.0,160000000.0,0.09,6384000000.0,2808000000.0,1082000000.0,0.975,-232.63,46.659,46.624,3825000000.0,0.0,73.2,4.216,4.216,1575000000.0,18955000000.0,15505000000.0,15505000000.0,0.0,0.111,-8.063,0.253,0.171,122000000.0,5307000000.0,1.0,893017691.0,893017691.0,,17.362,8998000000.0,311000000.0,1182000000.0,622000000.0,10.076,-57000000.0
21,CL,MRT,2016-03-31,2016-03-31,2016-03-31,2021-09-07,-3825000000.0,12448000000.0,12901500000.0,4490000000.0,7958000000.0,1.219,-0.414,-683000000.0,1014000000.0,1014000000.0,6471000000.0,1539000000.0,1.006,-33.841,6580000000.0,703000000.0,5877000000.0,6580000000.0,0.0,441000000.0,0.0,0.022,1.52,2632000000.0,3073000000.0,0.195,3073000000.0,2632000000.0,2586000000.0,1.53,1.52,1.53,-370000000.0,10000000.0,-370000000.0,68672976155.0,26.0,22.347,2153000000.0,2.412,1.0,9255000000.0,0.589,3531000000.0,46000000.0,10020000000.0,10870250000.0,1234000000.0,0.0,0.0,0.0,12521000000.0,4463000000.0,8058000000.0,63071976155.0,155000000.0,217000000.0,-1041000000.0,469000000.0,-1504000000.0,-2076000000.0,-572000000.0,-31000000.0,2836000000.0,-33000000.0,1375000000.0,1375000000.0,1375000000.0,0.0,164000000.0,0.087,6459000000.0,2796000000.0,1108000000.0,0.993,-170.465,45.871,46.176,3820000000.0,0.0,70.65,4.011,4.011,1546000000.0,18705000000.0,15726000000.0,15726000000.0,0.0,0.107,137.5,0.242,0.167,124000000.0,5368000000.0,1.0,892738516.0,892738516.0,,17.615,8917000000.0,349000000.0,1211000000.0,619000000.0,9.988,27000000.0
22,CL,MRT,2015-12-31,2015-12-31,2015-12-31,2021-09-07,-3950000000.0,11935000000.0,13078500000.0,4384000000.0,7551000000.0,1.226,-0.333,-691000000.0,970000000.0,970000000.0,6635000000.0,1548000000.0,1.241,-40.064,6548000000.0,302000000.0,6246000000.0,6548000000.0,0.0,449000000.0,0.0,0.023,1.5,2625000000.0,3074000000.0,0.192,3074000000.0,2625000000.0,2599000000.0,1.53,1.52,1.53,-299000000.0,217500000.0,-299000000.0,65097947437.0,25.0,21.177,2258000000.0,2.517,1.0,9399000000.0,0.586,3449000000.0,26000000.0,10530000000.0,11005250000.0,1180000000.0,0.0,0.0,0.0,11979000000.0,3534000000.0,8445000000.0,59752947437.0,-119000000.0,217000000.0,-1204000000.0,421000000.0,-1493000000.0,-2276000000.0,-685000000.0,-143000000.0,2949000000.0,-107000000.0,1384000000.0,1384000000.0,1384000000.0,0.0,164000000.0,0.086,6610000000.0,2789000000.0,1110000000.0,0.98,-199.843,43.174,43.542,3796000000.0,0.0,66.62,3.727,3.727,1427000000.0,18861000000.0,16034000000.0,16034000000.0,0.0,0.106,6.363,0.239,0.164,125000000.0,5464000000.0,1.0,896922057.0,896922057.0,,17.877,8486000000.0,67000000.0,1215000000.0,510000000.0,9.461,850000000.0
23,CL,MRT,2015-09-30,2015-09-30,2015-09-30,2021-09-07,-4085000000.0,13563000000.0,13459500000.0,5089000000.0,8474000000.0,1.215,0.283,-723000000.0,1445000000.0,1445000000.0,6775000000.0,2635000000.0,1.293,50.875,6790000000.0,236000000.0,6554000000.0,6790000000.0,0.0,450000000.0,0.0,0.023,1.48,3758000000.0,4208000000.0,0.257,4208000000.0,3758000000.0,3735000000.0,2.73,2.7,2.73,255000000.0,578500000.0,255000000.0,62746346830.0,17.0,14.911,2291000000.0,2.545,1.0,9581000000.0,0.586,3506000000.0,23000000.0,11465000000.0,11085750000.0,1277000000.0,0.0,0.0,0.0,12973000000.0,3937000000.0,9036000000.0,57122346830.0,90000000.0,170000000.0,-1230000000.0,660000000.0,-1489000000.0,-2059000000.0,-748000000.0,-203000000.0,3014000000.0,-117000000.0,2470000000.0,2470000000.0,2470000000.0,0.0,165000000.0,0.151,5658000000.0,3923000000.0,1109000000.0,0.542,224.009,23.126,23.245,3959000000.0,0.0,63.46,3.492,3.492,1561000000.0,19323000000.0,16356000000.0,16356000000.0,0.0,0.184,4.27,0.339,0.23,126000000.0,5612000000.0,1.0,900131529.0,900131529.0,,18.171,10057000000.0,137000000.0,1265000000.0,574000000.0,11.173,1152000000.0
24,CL,MRT,2015-06-30,2015-06-30,2015-06-30,2021-09-07,-3776000000.0,13660000000.0,13490000000.0,4988000000.0,8672000000.0,1.241,0.502,-723000000.0,1059000000.0,1059000000.0,6944000000.0,2445000000.0,1.186,28.421,6683000000.0,497000000.0,6186000000.0,6683000000.0,0.0,452000000.0,0.0,0.022,1.46,3576000000.0,4028000000.0,0.241,4028000000.0,3576000000.0,3554000000.0,2.51,2.49,2.51,454000000.0,869750000.0,454000000.0,64436918271.0,18.0,15.997,2409000000.0,2.663,1.0,9792000000.0,0.585,3612000000.0,22000000.0,11466000000.0,10768000000.0,1324000000.0,0.0,0.0,0.0,12903000000.0,4206000000.0,8697000000.0,59167918271.0,-102000000.0,-38000000.0,-1141000000.0,518000000.0,-1473000000.0,-2096000000.0,-983000000.0,-239000000.0,3132000000.0,-155000000.0,2286000000.0,2286000000.0,2286000000.0,0.0,159000000.0,0.137,6057000000.0,3735000000.0,1169000000.0,0.582,130.326,25.883,26.06,4039000000.0,0.0,65.41,3.535,3.535,1691000000.0,18936000000.0,16736000000.0,16736000000.0,0.0,0.169,2.628,0.332,0.214,128000000.0,5762000000.0,1.0,904569917.0,904569917.0,,18.502,10048000000.0,144000000.0,1268000000.0,558000000.0,11.108,782000000.0
25,CL,MRT,2015-03-31,2015-03-31,2015-03-31,2021-09-07,-3847000000.0,13156000000.0,13572000000.0,4700000000.0,8456000000.0,1.254,0.507,-711000000.0,859000000.0,859000000.0,7045000000.0,2490000000.0,1.087,26.993,6128000000.0,506000000.0,5622000000.0,6128000000.0,0.0,448000000.0,0.0,0.021,1.44,3627000000.0,4075000000.0,0.239,4075000000.0,3627000000.0,3602000000.0,2.56,2.53,2.56,460000000.0,1201000000.0,460000000.0,67956049377.0,19.0,16.676,2494000000.0,2.749,1.0,9977000000.0,0.586,3542000000.0,25000000.0,10560000000.0,10614500000.0,1350000000.0,0.0,0.0,0.0,12417000000.0,4323000000.0,8094000000.0,62897049377.0,-936000000.0,-38000000.0,-1002000000.0,-653000000.0,-1459000000.0,-3114000000.0,-867000000.0,-122000000.0,3205000000.0,-160000000.0,2334000000.0,2334000000.0,2334000000.0,0.0,156000000.0,0.137,6194000000.0,3783000000.0,1167000000.0,0.562,136.733,26.948,27.086,3968000000.0,0.0,69.34,3.695,3.695,1611000000.0,18704000000.0,17022000000.0,17022000000.0,0.0,0.172,1.943,0.342,0.213,129000000.0,5888000000.0,1.0,907081762.0,907081762.0,,18.766,9614000000.0,79000000.0,1268000000.0,650000000.0,10.599,377000000.0
26,CL,MRT,2014-12-31,2014-12-31,2014-12-31,2021-09-07,-3507000000.0,13459000000.0,13891000000.0,4863000000.0,8596000000.0,1.244,1.256,-757000000.0,1089000000.0,1089000000.0,7168000000.0,2339000000.0,1.232,10.545,6148000000.0,504000000.0,5644000000.0,6148000000.0,0.0,442000000.0,0.0,0.021,1.42,3398000000.0,3840000000.0,0.222,3840000000.0,3398000000.0,3374000000.0,2.38,2.36,2.38,1145000000.0,1493500000.0,1145000000.0,67759649622.0,20.0,17.646,2541000000.0,2.788,1.0,10109000000.0,0.585,3720000000.0,24000000.0,10852000000.0,10626750000.0,1382000000.0,0.0,0.0,0.0,12074000000.0,3946000000.0,8128000000.0,63059649622.0,127000000.0,-63000000.0,-1159000000.0,435000000.0,-1446000000.0,-2170000000.0,-859000000.0,-57000000.0,3298000000.0,-142000000.0,2180000000.0,2180000000.0,2180000000.0,0.0,159000000.0,0.126,6552000000.0,3557000000.0,1231000000.0,0.597,55.074,28.926,29.071,4080000000.0,0.0,69.19,3.65,3.65,1552000000.0,18832000000.0,17277000000.0,17277000000.0,0.0,0.157,1.46,0.32,0.197,131000000.0,5982000000.0,1.0,911398318.0,911398318.0,,18.957,9739000000.0,76000000.0,1194000000.0,555000000.0,10.686,917000000.0
27,CL,MRT,2014-09-30,2014-09-30,2014-09-30,2021-09-07,-2887000000.0,13685000000.0,14022500000.0,5181000000.0,8504000000.0,1.242,1.555,-744000000.0,1355000000.0,1355000000.0,7216000000.0,2274000000.0,1.174,8.408,6055000000.0,614000000.0,5441000000.0,6055000000.0,0.0,439000000.0,0.0,0.021,1.4,3296000000.0,3735000000.0,0.214,3735000000.0,3296000000.0,3277000000.0,2.3,2.28,2.3,1420000000.0,1783500000.0,1420000000.0,64466066330.0,20.0,17.26,2487000000.0,2.723,1.0,10201000000.0,0.586,3779000000.0,19000000.0,10194000000.0,10446500000.0,1422000000.0,0.0,0.0,0.0,11939000000.0,4412000000.0,7527000000.0,59566066330.0,634000000.0,-13000000.0,-1167000000.0,740000000.0,-1342000000.0,-1769000000.0,-717000000.0,20000000.0,3231000000.0,-111000000.0,2116000000.0,2116000000.0,2116000000.0,0.0,158000000.0,0.121,6747000000.0,3454000000.0,1215000000.0,0.609,41.948,28.15,28.357,4038000000.0,0.0,65.22,3.42,3.42,1747000000.0,18210000000.0,17417000000.0,17417000000.0,0.0,0.151,1.186,0.316,0.189,132000000.0,6160000000.0,1.0,913309818.0,913309818.0,,19.07,9906000000.0,31000000.0,1161000000.0,649000000.0,10.846,769000000.0
28,CL,MRT,2014-06-30,2014-06-30,2014-06-30,2021-09-07,-2504000000.0,13988000000.0,13961000000.0,5174000000.0,8814000000.0,1.249,1.943,-741000000.0,1161000000.0,1161000000.0,7208000000.0,2393000000.0,1.274,6.699,6061000000.0,320000000.0,5741000000.0,6061000000.0,0.0,433000000.0,0.0,0.02,1.38,3359000000.0,3792000000.0,0.217,3792000000.0,3359000000.0,3344000000.0,2.42,2.39,2.42,1779000000.0,1874500000.0,1779000000.0,67275043525.0,20.0,17.741,2527000000.0,2.761,1.0,10228000000.0,0.587,3975000000.0,15000000.0,10852000000.0,10286250000.0,1508000000.0,0.0,0.0,0.0,11917000000.0,4061000000.0,7856000000.0,62411043525.0,277000000.0,-13000000.0,-1176000000.0,469000000.0,-1419000000.0,-2126000000.0,-806000000.0,-72000000.0,3268000000.0,-59000000.0,2230000000.0,2230000000.0,2230000000.0,0.0,163000000.0,0.128,6706000000.0,3522000000.0,1251000000.0,0.57,35.082,27.987,28.174,4077000000.0,0.0,68.18,3.579,3.579,1803000000.0,17991000000.0,17436000000.0,17436000000.0,0.0,0.16,1.19,0.327,0.193,130000000.0,6212000000.0,1.0,915386382.0,915386382.0,,19.048,10013000000.0,74000000.0,1114000000.0,637000000.0,10.939,1113000000.0
29,CL,MRT,2014-03-31,2014-03-31,2014-03-31,2021-09-07,-2537000000.0,14432000000.0,13835750000.0,5677000000.0,8755000000.0,1.26,1.774,-744000000.0,1795000000.0,1795000000.0,7220000000.0,2336000000.0,1.207,7.688,6659000000.0,920000000.0,5739000000.0,6659000000.0,0.0,437000000.0,0.0,0.021,1.36,3281000000.0,3718000000.0,0.213,3718000000.0,3281000000.0,3280000000.0,2.34,2.32,2.34,1630000000.0,1812500000.0,1630000000.0,64306873732.0,20.0,17.296,2503000000.0,2.724,1.0,10210000000.0,0.586,3985000000.0,1000000.0,10609000000.0,10049250000.0,1478000000.0,0.0,0.0,0.0,12532000000.0,4702000000.0,7830000000.0,59611873732.0,863000000.0,-13000000.0,-1296000000.0,1327000000.0,-1408000000.0,-1377000000.0,-907000000.0,-170000000.0,3247000000.0,-100000000.0,2169000000.0,2169000000.0,2169000000.0,0.0,167000000.0,0.124,6762000000.0,3448000000.0,1264000000.0,0.581,36.572,27.484,27.722,4037000000.0,0.0,64.87,3.42,3.42,1670000000.0,17698000000.0,17430000000.0,17430000000.0,0.0,0.157,1.197,0.326,0.188,130000000.0,6231000000.0,1.0,918943637.0,918943637.0,,18.967,10447000000.0,75000000.0,1111000000.0,646000000.0,11.368,975000000.0
30,CL,MRT,2013-12-31,2013-12-31,2013-12-31,2021-09-07,-2451000000.0,13985000000.0,13611000000.0,4931000000.0,9054000000.0,1.28,2.491,-670000000.0,962000000.0,962000000.0,7219000000.0,2410000000.0,1.077,4.967,5657000000.0,908000000.0,4749000000.0,5657000000.0,0.0,439000000.0,0.0,0.02,1.33,3387000000.0,3826000000.0,0.22,3826000000.0,3387000000.0,3396000000.0,2.41,2.38,2.41,2305000000.0,1848000000.0,2305000000.0,64895864870.0,19.0,16.962,2534000000.0,2.739,1.0,10201000000.0,0.586,3970000000.0,-9000000.0,10131000000.0,9884750000.0,1425000000.0,0.0,0.0,0.0,11449000000.0,4579000000.0,6870000000.0,60332864870.0,78000000.0,12000000.0,-1182000000.0,422000000.0,-1382000000.0,-2142000000.0,-890000000.0,-238000000.0,3204000000.0,-94000000.0,2241000000.0,2241000000.0,2241000000.0,0.0,169000000.0,0.129,6645000000.0,3556000000.0,1343000000.0,0.552,26.175,26.922,27.058,4083000000.0,0.0,65.21,3.463,3.463,1636000000.0,17952000000.0,17420000000.0,17420000000.0,0.0,0.165,1.213,0.343,0.194,128000000.0,6223000000.0,1.0,925208785.0,925208785.0,,18.828,10015000000.0,77000000.0,1155000000.0,683000000.0,10.825,352000000.0
31,CL,MRT,2013-09-30,2013-09-30,2013-09-30,2021-09-07,-2716000000.0,13439000000.0,13463250000.0,4600000000.0,8839000000.0,1.288,1.923,-667000000.0,721000000.0,721000000.0,7206000000.0,2445000000.0,1.024,6.408,5284000000.0,607000000.0,4677000000.0,5284000000.0,0.0,437000000.0,0.0,0.022,1.3,3436000000.0,3873000000.0,0.223,3873000000.0,3436000000.0,3449000000.0,2.44,2.4,2.44,1784000000.0,1819000000.0,1784000000.0,59755267329.0,17.0,15.429,2761000000.0,2.976,1.0,10139000000.0,0.585,3958000000.0,-13000000.0,9553000000.0,9853250000.0,1441000000.0,0.0,0.0,0.0,11432000000.0,4491000000.0,6941000000.0,55011267329.0,-188000000.0,34000000.0,-1350000000.0,53000000.0,-1356000000.0,-2653000000.0,-869000000.0,-230000000.0,3428000000.0,-94000000.0,2275000000.0,2275000000.0,2275000000.0,0.0,170000000.0,0.131,6533000000.0,3606000000.0,1234000000.0,0.533,30.836,24.181,24.303,3858000000.0,0.0,59.3,3.172,3.172,1737000000.0,17393000000.0,17345000000.0,17345000000.0,0.0,0.169,1.251,0.349,0.198,127000000.0,6098000000.0,1.0,927677358.0,927677358.0,,18.697,9481000000.0,91000000.0,1174000000.0,595000000.0,10.22,109000000.0
32,CL,MRT,2013-06-30,2013-06-30,2013-06-30,2021-09-07,-2825000000.0,13487000000.0,13459500000.0,4867000000.0,8620000000.0,1.284,1.641,-619000000.0,884000000.0,884000000.0,7196000000.0,2443000000.0,1.095,7.631,5628000000.0,596000000.0,5032000000.0,5628000000.0,0.0,435000000.0,0.0,0.022,1.27,3447000000.0,3882000000.0,0.225,3882000000.0,3447000000.0,3456000000.0,2.42,2.38,2.42,1531000000.0,1999750000.0,1531000000.0,57861544781.0,17.0,14.905,2709000000.0,2.904,1.0,10083000000.0,0.584,3883000000.0,-9000000.0,9904000000.0,9991250000.0,1440000000.0,0.0,0.0,0.0,11683000000.0,4444000000.0,7239000000.0,53436544781.0,-111000000.0,72000000.0,-1361000000.0,253000000.0,-1309000000.0,-2417000000.0,-942000000.0,-404000000.0,3328000000.0,-80000000.0,2273000000.0,2273000000.0,2273000000.0,0.0,170000000.0,0.132,6466000000.0,3617000000.0,1279000000.0,0.525,34.903,23.509,23.674,3776000000.0,0.0,57.29,3.093,3.093,1778000000.0,17052000000.0,17279000000.0,17279000000.0,0.0,0.169,1.137,0.345,0.199,124000000.0,6050000000.0,1.0,932737734.0,932737734.0,,18.525,9604000000.0,89000000.0,1183000000.0,530000000.0,10.297,423000000.0
33,CL,MRT,2013-03-31,2013-03-31,2013-03-31,2021-09-07,-2658000000.0,13533000000.0,13376000000.0,4828000000.0,8705000000.0,1.286,1.894,-599000000.0,932000000.0,932000000.0,7190000000.0,2504000000.0,1.18,6.498,5357000000.0,262000000.0,5095000000.0,5357000000.0,0.0,429000000.0,0.0,0.021,1.24,3528000000.0,3957000000.0,0.23,3957000000.0,3528000000.0,3526000000.0,2.48,2.43,2.48,1772000000.0,2193500000.0,1772000000.0,59548242799.0,17.0,15.049,2712000000.0,2.899,1.0,10010000000.0,0.582,3916000000.0,2000000.0,9951000000.0,10022250000.0,1371000000.0,0.0,0.0,0.0,11514000000.0,4091000000.0,7423000000.0,55202242799.0,-112000000.0,43000000.0,-1397000000.0,388000000.0,-1289000000.0,-2298000000.0,-1056000000.0,-524000000.0,3311000000.0,-69000000.0,2339000000.0,2339000000.0,2339000000.0,0.0,165000000.0,0.136,6302000000.0,3708000000.0,1237000000.0,0.5,31.153,23.601,23.796,3820000000.0,0.0,59.015,3.209,3.209,1808000000.0,16805000000.0,17200000000.0,17200000000.0,0.0,0.175,1.066,0.352,0.205,123000000.0,5988000000.0,1.0,935393422.0,935393422.0,,18.388,9617000000.0,86000000.0,1187000000.0,610000000.0,10.281,737000000.0
34,CL,MRT,2012-12-31,2012-12-31,2012-12-31,2021-09-07,-2621000000.0,13394000000.0,13306250000.0,4556000000.0,8838000000.0,1.284,2.316,-565000000.0,884000000.0,884000000.0,7153000000.0,2631000000.0,1.219,5.027,5230000000.0,304000000.0,4926000000.0,5230000000.0,0.0,425000000.0,0.0,0.023,1.22,3730000000.0,4155000000.0,0.243,4155000000.0,3730000000.0,3715000000.0,2.6,2.57,2.6,2189000000.0,2323000000.0,2189000000.0,53730238382.0,14.0,12.931,2631000000.0,2.784,1.0,9932000000.0,0.581,3999000000.0,15000000.0,10005000000.0,9781750000.0,1365000000.0,0.0,0.0,0.0,11004000000.0,3736000000.0,7268000000.0,49393238382.0,6000000.0,43000000.0,-1465000000.0,441000000.0,-1277000000.0,-2301000000.0,-865000000.0,-398000000.0,3196000000.0,-24000000.0,2472000000.0,2472000000.0,2472000000.0,0.0,159000000.0,0.145,6043000000.0,3889000000.0,1290000000.0,0.469,22.564,19.981,20.104,3842000000.0,0.0,52.27,2.891,2.891,1668000000.0,16953000000.0,17085000000.0,17085000000.0,0.0,0.186,1.064,0.381,0.218,120000000.0,5930000000.0,1.0,944963428.0,944963428.0,,18.08,9395000000.0,92000000.0,1243000000.0,547000000.0,9.942,820000000.0
35,CL,MRT,2012-09-30,2012-09-30,2012-09-30,2021-09-07,-2455000000.0,13424000000.0,13138750000.0,4761000000.0,8663000000.0,1.292,2.644,-530000000.0,909000000.0,909000000.0,7151000000.0,2620000000.0,1.287,4.279,5246000000.0,303000000.0,4943000000.0,5246000000.0,0.0,423000000.0,0.0,0.022,1.2,3714000000.0,4137000000.0,0.244,4137000000.0,3714000000.0,3679000000.0,2.58,2.55,2.58,2507000000.0,2369500000.0,2507000000.0,55208472017.0,15.0,13.345,2442000000.0,2.575,1.0,9820000000.0,0.579,3956000000.0,35000000.0,10105000000.0,9516000000.0,1384000000.0,0.0,0.0,0.0,10727000000.0,3700000000.0,7027000000.0,50840472017.0,-36000000.0,37000000.0,-1337000000.0,507000000.0,-1304000000.0,-2134000000.0,-839000000.0,-379000000.0,2972000000.0,-35000000.0,2464000000.0,2464000000.0,2464000000.0,0.0,156000000.0,0.145,5914000000.0,3906000000.0,1181000000.0,0.465,20.279,20.633,20.779,3685000000.0,0.0,53.61,2.996,2.996,1857000000.0,16654000000.0,16971000000.0,16971000000.0,0.0,0.188,1.04,0.39,0.219,118000000.0,5887000000.0,1.0,948339340.0,948339340.0,,17.895,9468000000.0,82000000.0,1215000000.0,615000000.0,9.984,1061000000.0
36,CL,MRT,2012-06-30,2012-06-30,2012-06-30,2021-09-07,-2554000000.0,13153000000.0,12974750000.0,4835000000.0,8318000000.0,1.312,2.416,-501000000.0,995000000.0,995000000.0,7269000000.0,2599000000.0,1.356,4.615,5363000000.0,295000000.0,5068000000.0,5363000000.0,0.0,430000000.0,0.0,0.023,1.18,3732000000.0,4162000000.0,0.245,4162000000.0,3732000000.0,3691000000.0,2.55,2.525,2.55,2306000000.0,2409500000.0,2306000000.0,53604372830.0,14.0,12.879,2434000000.0,2.55,1.0,9753000000.0,0.573,3927000000.0,41000000.0,10028000000.0,9025750000.0,1368000000.0,0.0,0.0,0.0,10643000000.0,3566000000.0,7077000000.0,49681372830.0,256000000.0,228000000.0,-1359000000.0,416000000.0,-1228000000.0,-2171000000.0,-423000000.0,-172000000.0,2935000000.0,-85000000.0,2453000000.0,2453000000.0,2453000000.0,0.0,146000000.0,0.144,5839000000.0,3914000000.0,1226000000.0,0.463,21.544,20.253,20.412,3625000000.0,0.0,52.05,2.919,2.919,1785000000.0,16294000000.0,17022000000.0,17022000000.0,0.0,0.189,1.018,0.413,0.219,114000000.0,5875000000.0,1.0,954493234.0,954493234.0,,17.834,9226000000.0,84000000.0,1238000000.0,560000000.0,9.666,1269000000.0
37,CL,MRT,2012-03-31,2012-03-31,2012-03-31,2021-09-07,-2269000000.0,13254000000.0,12997500000.0,4849000000.0,8405000000.0,1.303,2.388,-519000000.0,1044000000.0,1044000000.0,7244000000.0,2580000000.0,1.181,4.698,4967000000.0,372000000.0,4595000000.0,4967000000.0,0.0,428000000.0,0.0,0.024,1.16,3732000000.0,4160000000.0,0.246,4160000000.0,3732000000.0,3686000000.0,2.525,2.505,2.525,2290000000.0,2575250000.0,2290000000.0,50825096750.0,14.0,12.218,2359000000.0,2.459,1.0,9696000000.0,0.572,4081000000.0,46000000.0,8989000000.0,8741250000.0,1400000000.0,0.0,0.0,0.0,10758000000.0,4107000000.0,6651000000.0,46893096750.0,358000000.0,-703000000.0,-1262000000.0,1192000000.0,-1220000000.0,-1290000000.0,-1183000000.0,61000000.0,2878000000.0,-47000000.0,2448000000.0,2448000000.0,2448000000.0,0.0,132000000.0,0.145,5811000000.0,3885000000.0,1187000000.0,0.459,20.477,19.156,19.362,3702000000.0,0.0,48.89,2.768,2.768,1827000000.0,15670000000.0,16940000000.0,16940000000.0,0.0,0.188,0.951,0.427,0.22,113000000.0,5832000000.0,1.0,959155180.0,959155180.0,,17.661,9173000000.0,87000000.0,1238000000.0,684000000.0,9.564,742000000.0
38,CL,MRT,2011-12-31,2011-12-31,2011-12-31,2021-09-07,-2475000000.0,12724000000.0,12666750000.0,4402000000.0,8322000000.0,1.321,2.454,-537000000.0,878000000.0,878000000.0,7144000000.0,2554000000.0,1.185,4.288,4810000000.0,380000000.0,4430000000.0,4810000000.0,0.0,421000000.0,0.0,0.025,1.135,3718000000.0,4139000000.0,0.247,4139000000.0,3718000000.0,3666000000.0,2.49,2.47,2.49,2375000000.0,2607500000.0,2375000000.0,48527695050.0,13.0,11.724,2359000000.0,2.437,1.0,9590000000.0,0.573,3998000000.0,52000000.0,8942000000.0,8375000000.0,1327000000.0,0.0,0.0,0.0,10183000000.0,3716000000.0,6467000000.0,44716695050.0,388000000.0,-703000000.0,-1453000000.0,1414000000.0,-1203000000.0,-1242000000.0,-1213000000.0,67000000.0,2896000000.0,-53000000.0,2431000000.0,2431000000.0,2431000000.0,0.0,123000000.0,0.145,5749000000.0,3841000000.0,1244000000.0,0.456,18.828,18.394,18.552,3668000000.0,0.0,46.195,2.672,2.672,1675000000.0,15649000000.0,16734000000.0,16734000000.0,0.0,0.192,0.932,0.444,0.222,122000000.0,5758000000.0,1.0,967998594.0,967998594.0,,17.287,8726000000.0,115000000.0,1235000000.0,644000000.0,9.014,686000000.0
39,CL,MRT,2011-09-30,2011-09-30,2011-09-30,2021-09-07,-2199000000.0,12768000000.0,12278750000.0,4443000000.0,8325000000.0,1.347,2.741,-556000000.0,945000000.0,945000000.0,6993000000.0,2580000000.0,1.029,3.711,4756000000.0,988000000.0,3768000000.0,4756000000.0,0.0,413000000.0,0.0,0.025,1.11,3708000000.0,4121000000.0,0.249,4121000000.0,3708000000.0,3655000000.0,2.52,2.485,2.52,2667000000.0,2682500000.0,2667000000.0,47414461112.0,13.0,11.506,2469000000.0,2.538,1.0,9547000000.0,0.577,4118000000.0,53000000.0,8144000000.0,7935750000.0,1336000000.0,0.0,0.0,0.0,9898000000.0,4317000000.0,5581000000.0,43142461112.0,291000000.0,-692000000.0,-1667000000.0,1410000000.0,-1188000000.0,-1445000000.0,-1218000000.0,41000000.0,3025000000.0,-71000000.0,2465000000.0,2465000000.0,2465000000.0,0.0,115000000.0,0.149,5724000000.0,3823000000.0,1150000000.0,0.44,16.176,17.502,17.595,3615000000.0,0.0,44.34,2.608,2.608,1677000000.0,15344000000.0,16540000000.0,16540000000.0,0.0,0.201,0.919,0.467,0.224,122000000.0,5690000000.0,1.0,972991906.0,972991906.0,,16.999,8650000000.0,91000000.0,1190000000.0,654000000.0,8.89,126000000.0
40,CL,MRT,2011-06-30,2011-06-30,2011-06-30,2021-09-07,-1748000000.0,13244000000.0,11934250000.0,4470000000.0,8774000000.0,1.349,3.036,-571000000.0,739000000.0,739000000.0,6671000000.0,2549000000.0,1.052,3.402,5011000000.0,991000000.0,4020000000.0,5011000000.0,0.0,393000000.0,0.0,0.025,1.085,3638000000.0,4031000000.0,0.25,4031000000.0,3638000000.0,3582000000.0,2.49,2.435,2.49,2969000000.0,2683750000.0,2969000000.0,45852224190.0,13.0,11.375,2492000000.0,2.549,1.0,9429000000.0,0.586,4377000000.0,56000000.0,8890000000.0,7848250000.0,1417000000.0,0.0,0.0,0.0,10100000000.0,4249000000.0,5851000000.0,42734224190.0,184000000.0,-918000000.0,-1738000000.0,1617000000.0,-1190000000.0,-1311000000.0,-1554000000.0,-37000000.0,3063000000.0,-14000000.0,2441000000.0,2441000000.0,2441000000.0,0.0,108000000.0,0.152,5683000000.0,3746000000.0,1236000000.0,0.436,14.393,17.507,17.552,3831000000.0,0.0,43.705,2.654,2.654,1819000000.0,14983000000.0,16100000000.0,16100000000.0,0.0,0.205,0.91,0.464,0.226,117000000.0,5592000000.0,1.0,977787992.0,977787992.0,,16.466,8867000000.0,90000000.0,1141000000.0,553000000.0,9.068,221000000.0
41,CL,MRT,2011-03-31,2011-03-31,2011-03-31,2021-09-07,-1941000000.0,11931000000.0,11269750000.0,4274000000.0,7657000000.0,1.396,2.449,-547000000.0,686000000.0,686000000.0,6462000000.0,2533000000.0,0.998,3.861,3804000000.0,638000000.0,3166000000.0,3804000000.0,0.0,383000000.0,0.0,0.026,1.06,3615000000.0,3998000000.0,0.254,3998000000.0,3615000000.0,3556000000.0,2.46,2.39,2.46,2419000000.0,2599500000.0,2419000000.0,42819038031.0,12.0,10.71,2611000000.0,2.643,1.0,9267000000.0,0.589,3243000000.0,59000000.0,7524000000.0,7487250000.0,1331000000.0,0.0,0.0,0.0,9340000000.0,4282000000.0,5058000000.0,39885038031.0,125000000.0,42000000.0,-1909000000.0,726000000.0,-1181000000.0,-2364000000.0,-642000000.0,-147000000.0,3158000000.0,-27000000.0,2422000000.0,2422000000.0,2422000000.0,0.0,111000000.0,0.154,5541000000.0,3726000000.0,1181000000.0,0.431,16.488,16.468,16.415,3734000000.0,0.0,40.38,2.536,2.536,1787000000.0,14360000000.0,15729000000.0,15729000000.0,0.0,0.215,0.932,0.483,0.23,118000000.0,5463000000.0,1.0,987742398.0,987742398.0,,15.924,8688000000.0,101000000.0,1134000000.0,561000000.0,8.796,-8000000.0
42,CL,MRT,2010-12-31,2010-12-31,2010-12-31,2021-09-07,-2115000000.0,11172000000.0,10992750000.0,3730000000.0,7442000000.0,1.416,2.771,-550000000.0,490000000.0,490000000.0,6360000000.0,2313000000.0,1.001,3.123,3424000000.0,609000000.0,2815000000.0,3424000000.0,0.0,376000000.0,0.0,0.025,1.015,3379000000.0,3755000000.0,0.241,3755000000.0,3379000000.0,3320000000.0,2.225,2.155,2.225,2675000000.0,2643500000.0,2675000000.0,41527275306.0,12.0,11.059,2661000000.0,2.756,1.0,9204000000.0,0.591,3193000000.0,59000000.0,7185000000.0,7230250000.0,1222000000.0,0.0,0.0,0.0,8355000000.0,3728000000.0,4627000000.0,38793275306.0,-110000000.0,42000000.0,-1778000000.0,296000000.0,-1142000000.0,-2624000000.0,-658000000.0,-141000000.0,3211000000.0,-39000000.0,2203000000.0,2203000000.0,2203000000.0,0.0,110000000.0,0.142,5715000000.0,3489000000.0,1165000000.0,0.456,14.502,17.609,18.061,3693000000.0,0.0,40.185,2.493,2.493,1610000000.0,14329000000.0,15564000000.0,15564000000.0,0.0,0.2,0.833,0.467,0.217,121000000.0,5414000000.0,1.0,965367060.0,965367060.0,,16.122,7979000000.0,84000000.0,1117000000.0,380000000.0,8.265,2000000.0
43,CL,MRT,2010-09-30,2010-09-30,2010-09-30,2021-09-07,-2308000000.0,11390000000.0,10983250000.0,4091000000.0,7299000000.0,1.426,2.749,-546000000.0,654000000.0,654000000.0,6386000000.0,2318000000.0,1.288,3.198,3388000000.0,59000000.0,3329000000.0,3388000000.0,0.0,367000000.0,0.0,0.025,0.97,3467000000.0,3834000000.0,0.245,3834000000.0,3467000000.0,3406000000.0,2.22,2.14,2.22,2672000000.0,2753750000.0,2672000000.0,40171864156.0,12.0,10.478,2599000000.0,2.674,1.0,9281000000.0,0.592,3154000000.0,61000000.0,7794000000.0,7182500000.0,1278000000.0,0.0,0.0,0.0,8544000000.0,3176000000.0,5368000000.0,37353864156.0,-193000000.0,20000000.0,-1476000000.0,164000000.0,-1083000000.0,-2395000000.0,-795000000.0,-259000000.0,3145000000.0,-148000000.0,2210000000.0,2210000000.0,2210000000.0,0.0,108000000.0,0.141,5706000000.0,3575000000.0,1096000000.0,0.437,13.98,16.902,17.311,3572000000.0,0.0,38.43,2.384,2.384,1690000000.0,13980000000.0,15667000000.0,15667000000.0,0.0,0.201,0.803,0.483,0.221,121000000.0,5435000000.0,1.0,971997506.0,971997506.0,,16.118,8236000000.0,0.0,1196000000.0,419000000.0,8.473,915000000.0
44,CL,MRT,2010-06-30,2010-06-30,2010-06-30,2021-09-07,-2275000000.0,10586000000.0,10902500000.0,3811000000.0,6775000000.0,1.442,2.683,-569000000.0,555000000.0,555000000.0,6418000000.0,2290000000.0,1.29,2.957,3373000000.0,42000000.0,3331000000.0,3373000000.0,0.0,364000000.0,0.0,0.023,0.925,3434000000.0,3798000000.0,0.242,3798000000.0,3434000000.0,3369000000.0,2.175,2.095,2.175,2632000000.0,2823750000.0,2632000000.0,41184097655.0,12.0,10.844,2799000000.0,2.853,1.0,9304000000.0,0.592,3003000000.0,65000000.0,7446000000.0,6926500000.0,1246000000.0,0.0,0.0,0.0,7782000000.0,2955000000.0,4827000000.0,38628097655.0,-341000000.0,5000000.0,-1296000000.0,-376000000.0,-1047000000.0,-2719000000.0,-839000000.0,-282000000.0,3368000000.0,-151000000.0,2181000000.0,2181000000.0,2181000000.0,0.0,109000000.0,0.139,5761000000.0,3543000000.0,1105000000.0,0.425,14.676,17.711,18.106,3410000000.0,0.0,39.38,2.457,2.457,1594000000.0,13622000000.0,15722000000.0,15722000000.0,0.0,0.2,0.772,0.496,0.218,121000000.0,5447000000.0,1.0,980906492.0,980906492.0,,16.028,7583000000.0,0.0,1188000000.0,442000000.0,7.731,856000000.0
45,CL,MRT,2010-03-31,2010-03-31,2010-03-31,2021-09-07,-2131000000.0,10823000000.0,10938525000.0,3931000000.0,6892000000.0,1.431,2.628,-583000000.0,561000000.0,561000000.0,6390000000.0,2248000000.0,1.03,3.106,3117000000.0,362000000.0,2755000000.0,3117000000.0,0.0,361000000.0,0.0,0.021,0.88,3374000000.0,3735000000.0,0.239,3735000000.0,3374000000.0,3302000000.0,2.125,2.045,2.125,2595000000.0,2800825000.0,2595000000.0,44678884482.0,13.0,11.962,2737000000.0,2.772,1.0,9263000000.0,0.592,3065000000.0,72000000.0,6496000000.0,6907100000.0,1259000000.0,0.0,0.0,0.0,8059000000.0,3818000000.0,4241000000.0,42096884482.0,-141000000.0,13000000.0,-988000000.0,-504000000.0,-1000000000.0,-2492000000.0,-846000000.0,-283000000.0,3320000000.0,-123000000.0,2140000000.0,2140000000.0,2140000000.0,0.0,108000000.0,0.137,5781000000.0,3482000000.0,1129000000.0,0.414,16.222,19.671,20.061,3466000000.0,0.0,42.63,2.689,2.689,1709000000.0,13032000000.0,15653000000.0,15653000000.0,0.0,0.196,0.764,0.488,0.216,119000000.0,5451000000.0,1.0,987494358.0,987494358.0,,15.851,7758000000.0,0.0,1162000000.0,534000000.0,7.856,113000000.0
46,CL,MRT,2009-12-31,2009-12-31,2009-12-31,2021-09-07,-2096000000.0,11134000000.0,10716100000.0,3810000000.0,7324000000.0,1.43,3.134,-575000000.0,600000000.0,600000000.0,6319000000.0,2397000000.0,1.059,2.528,3182000000.0,361000000.0,2821000000.0,3182000000.0,0.0,351000000.0,0.0,0.021,0.86,3509000000.0,3860000000.0,0.252,3860000000.0,3509000000.0,3432000000.0,2.265,2.185,2.265,3116000000.0,2600425000.0,3116000000.0,43260251165.0,12.0,11.207,2702000000.0,2.717,1.0,9008000000.0,0.588,3123000000.0,77000000.0,6994000000.0,7015350000.0,1209000000.0,0.0,0.0,0.0,7877000000.0,3599000000.0,4278000000.0,40844251165.0,45000000.0,17000000.0,-763000000.0,-526000000.0,-981000000.0,-2270000000.0,-841000000.0,-289000000.0,3277000000.0,-121000000.0,2291000000.0,2291000000.0,2291000000.0,0.0,106000000.0,0.149,5393000000.0,3615000000.0,1172000000.0,0.38,13.108,17.828,18.135,3516000000.0,0.0,41.075,2.665,2.665,1626000000.0,13157000000.0,15327000000.0,15327000000.0,0.0,0.214,0.881,0.5,0.229,117000000.0,5282000000.0,1.0,994382256.0,994382256.0,,15.414,8011000000.0,0.0,1141000000.0,469000000.0,8.056,211000000.0
47,CL,MRT,2009-09-30,2009-09-30,2009-09-30,2021-09-07,-2125000000.0,11067000000.0,10427350000.0,4204000000.0,6863000000.0,1.43,2.961,-639000000.0,847000000.0,847000000.0,6279000000.0,2253000000.0,1.171,2.695,3263000000.0,380000000.0,2883000000.0,3263000000.0,0.0,349000000.0,0.0,0.022,0.84,3305000000.0,3654000000.0,0.245,3654000000.0,3305000000.0,3232000000.0,2.125,2.05,2.125,2952000000.0,2302175000.0,2952000000.0,40925838639.0,12.0,11.2,2261000000.0,2.268,1.0,8631000000.0,0.579,3122000000.0,73000000.0,6770000000.0,7084100000.0,1241000000.0,0.0,0.0,0.0,7956000000.0,3591000000.0,4365000000.0,38020038639.0,212000000.0,58000000.0,-695000000.0,-278000000.0,-964000000.0,-1937000000.0,-756000000.0,-138000000.0,2900000000.0,5000000.0,2157000000.0,2157000000.0,2157000000.0,0.0,96000000.0,0.145,5230000000.0,3401000000.0,1084000000.0,0.395,12.879,17.626,17.948,3351000000.0,0.0,38.14,2.55,2.55,1780000000.0,12761000000.0,14910000000.0,14910000000.0,0.0,0.207,0.937,0.467,0.222,115000000.0,5120000000.0,1.0,996854710.0,996854710.0,,14.957,7945000000.0,0.0,1075000000.0,414000000.0,7.97,613000000.0
48,CL,MRT,2009-06-30,2009-06-30,2009-06-30,2021-09-07,-2277700000.0,10730100000.0,10299400000.0,4217800000.0,6512300000.0,1.447,2.543,-677300000.0,896000000.0,896000000.0,6400000000.0,2158000000.0,1.302,3.161,3801800000.0,433900000.0,3367900000.0,3801800000.0,0.0,347600000.0,0.0,0.023,0.82,3175000000.0,3522600000.0,0.236,3522600000.0,3175000000.0,3096000000.0,2.03,1.96,2.03,2540300000.0,2181150000.0,2540300000.0,38294013598.0,12.0,10.871,1799300000.0,1.801,1.0,8500000000.0,0.57,3027300000.0,79000000.0,7368400000.0,7175225000.0,1223800000.0,0.0,0.0,0.0,8031100000.0,3240200000.0,4790900000.0,35339213598.0,272900000.0,25100000.0,-715100000.0,125900000.0,-933300000.0,-1522500000.0,-659000000.0,-10000000.0,2476600000.0,-22200000.0,2067000000.0,2067000000.0,2067000000.0,0.0,91000000.0,0.139,5234000000.0,3266000000.0,1038000000.0,0.404,13.911,17.097,17.424,3245400000.0,0.0,35.37,2.372,2.372,1727800000.0,12392400000.0,14900000000.0,14900000000.0,0.0,0.201,0.948,0.442,0.213,113300000.0,5132000000.0,1.0,999129590.0,999129590.0,,14.913,7702800000.0,0.0,1029000000.0,382400000.0,7.71,977600000.0
49,CL,MRT,2009-03-31,2009-03-31,2009-03-31,2021-09-07,-2566100000.0,9933300000.0,10384450000.0,3816900000.0,6116400000.0,1.456,1.789,-671700000.0,702200000.0,702200000.0,6581000000.0,2085200000.0,1.249,4.458,3657000000.0,166500000.0,3490500000.0,3657000000.0,0.0,341400000.0,0.0,0.027,0.8,3081000000.0,3422400000.0,0.226,3422400000.0,3081000000.0,2997600000.0,1.955,1.885,1.955,1793400000.0,2212725000.0,1793400000.0,32796272001.0,11.0,9.583,1750400000.0,1.746,1.0,8538800000.0,0.565,2903000000.0,83400000.0,6929000000.0,7231400000.0,1199400000.0,0.0,0.0,0.0,7994400000.0,3056100000.0,4938300000.0,29567672001.0,59600000.0,49200000.0,-799900000.0,20800000.0,-906400000.0,-1685500000.0,-631100000.0,-12000000.0,2422100000.0,-45900000.0,1998800000.0,1998800000.0,1998800000.0,0.0,86400000.0,0.132,5371400000.0,3167400000.0,959000000.0,0.409,16.487,14.793,15.084,3054700000.0,0.0,29.49,1.956,1.956,1565400000.0,11844500000.0,15119800000.0,15119800000.0,0.0,0.192,0.903,0.426,0.204,111900000.0,5258700000.0,1.0,1002633842.0,1002633842.0,,15.08,7030300000.0,0.0,998800000.0,505900000.0,7.012,760800000.0
50,CL,MRT,2008-12-31,2008-12-31,2008-12-31,2021-09-07,-2477000000.0,9979000000.0,10603475000.0,3710000000.0,6269000000.0,1.446,1.905,-684000000.0,555000000.0,555000000.0,6704000000.0,2037000000.0,1.257,4.126,3783000000.0,198000000.0,3585000000.0,3783000000.0,0.0,348000000.0,0.0,0.023,0.78,3021000000.0,3369000000.0,0.22,3369000000.0,3021000000.0,2925000000.0,1.905,1.83,1.905,1923000000.0,2327425000.0,1923000000.0,37476349719.0,12.0,11.124,1618000000.0,1.603,1.0,8626000000.0,0.563,2986000000.0,96000000.0,7269000000.0,7251650000.0,1197000000.0,0.0,0.0,0.0,7935000000.0,2952000000.0,4983000000.0,34593149719.0,126000000.0,58000000.0,-836000000.0,195000000.0,-889000000.0,-1530000000.0,-613000000.0,10000000.0,2302000000.0,-33000000.0,1957000000.0,1957000000.0,1957000000.0,0.0,80000000.0,0.128,5525000000.0,3101000000.0,1061000000.0,0.409,17.989,17.677,17.99,3119000000.0,0.0,34.27,2.257,2.257,1592000000.0,11760000000.0,15330000000.0,15330000000.0,0.0,0.185,0.841,0.417,0.197,100000000.0,5422000000.0,1.0,1009429522.0,1009429522.0,,15.187,6993000000.0,0.0,968000000.0,354000000.0,6.928,758000000.0
51,CL,MRT,2008-09-30,2008-09-30,2008-09-30,2021-09-07,-1824000000.0,10555200000.0,10636725000.0,4087200000.0,6468000000.0,1.439,2.44,-647900000.0,634700000.0,634700000.0,6689900000.0,2007200000.0,1.255,3.277,3517900000.0,233500000.0,3284400000.0,3517900000.0,0.0,348600000.0,0.0,0.02,0.76,2935200000.0,3283800000.0,0.215,3283800000.0,2935200000.0,2817700000.0,1.82,1.745,1.82,2467900000.0,2418225000.0,2467900000.0,41214637018.0,14.0,12.551,1742400000.0,1.723,1.0,8618400000.0,0.563,3048100000.0,117500000.0,7134500000.0,7164325000.0,1306000000.0,0.0,0.0,0.0,8087300000.0,3255800000.0,4831500000.0,38106937018.0,6100000.0,3500000.0,-836100000.0,-96500000.0,-874600000.0,-1807200000.0,-565400000.0,-10000000.0,2390300000.0,-11600000.0,1874800000.0,1874800000.0,1874800000.0,0.0,132400000.0,0.122,5550800000.0,3067600000.0,1096000000.0,0.418,15.441,20.326,20.701,3047200000.0,0.0,37.675,2.489,2.489,1761100000.0,11480900000.0,15308300000.0,15308300000.0,0.0,0.176,0.775,0.41,0.192,98900000.0,5488000000.0,1.0,1011464818.0,1011464818.0,,15.135,7507100000.0,0.0,942900000.0,644600000.0,7.422,831400000.0
52,CL,MRT,2008-06-30,2008-06-30,2008-06-30,2021-09-07,-1469900000.0,11070300000.0,10518850000.0,4257200000.0,6813100000.0,1.412,2.626,-600100000.0,622800000.0,622800000.0,6482500000.0,1905300000.0,1.282,3.151,3730500000.0,254600000.0,3475900000.0,3730500000.0,0.0,345300000.0,0.0,0.021,0.74,2835000000.0,3180300000.0,0.214,3180300000.0,2835000000.0,2702000000.0,1.735,1.66,1.735,2666600000.0,2306775000.0,2666600000.0,38154318208.0,13.0,11.997,1789300000.0,1.762,1.0,8366000000.0,0.563,3264600000.0,133000000.0,7593100000.0,6932300000.0,1340500000.0,0.0,0.0,0.0,8403700000.0,3320300000.0,5083400000.0,35089618208.0,75700000.0,46300000.0,-787900000.0,-127300000.0,-843500000.0,-1758700000.0,-567800000.0,-11000000.0,2389400000.0,12800000.0,1794900000.0,1794900000.0,1794900000.0,0.0,110400000.0,0.121,5420600000.0,2945400000.0,1167600000.0,0.427,13.159,19.55,19.914,3149300000.0,0.0,34.55,2.363,2.363,1872500000.0,11185600000.0,14848500000.0,14848500000.0,0.0,0.171,0.778,0.409,0.191,100400000.0,5350700000.0,1.0,1015618472.0,1015618472.0,,14.62,7805700000.0,0.0,907100000.0,608700000.0,7.686,936900000.0
53,CL,MRT,2008-03-31,2008-03-31,2008-03-31,2021-09-07,-1582900000.0,10809400000.0,10171425000.0,4088200000.0,6721200000.0,1.405,2.209,-575600000.0,642100000.0,642100000.0,6254500000.0,1805900000.0,1.132,3.799,3706800000.0,299000000.0,3407800000.0,3706800000.0,0.0,341600000.0,0.0,0.018,0.72,2725600000.0,3067200000.0,0.215,3067200000.0,2725600000.0,2577600000.0,1.655,1.58,1.655,2252200000.0,2082950000.0,2252200000.0,42807336191.0,16.0,13.956,1758400000.0,1.725,1.0,8034600000.0,0.562,3252900000.0,148000000.0,7010000000.0,6650075000.0,1287000000.0,0.0,0.0,0.0,8557200000.0,3611200000.0,4946000000.0,39720136191.0,167500000.0,16600000.0,-752500000.0,-49400000.0,-816800000.0,-1618700000.0,-572400000.0,-2000000.0,2334000000.0,24600000.0,1716900000.0,1716900000.0,1716900000.0,0.0,89000000.0,0.12,5220000000.0,2814600000.0,1130900000.0,0.435,17.636,23.135,23.538,3082300000.0,0.0,38.955,2.78,2.78,1784800000.0,10704700000.0,14289100000.0,14289100000.0,0.0,0.169,0.824,0.41,0.191,104400000.0,5151700000.0,1.0,1019641540.0,1019641540.0,,14.014,7556500000.0,0.0,860700000.0,651400000.0,7.411,477000000.0
54,CL,MRT,2007-12-31,2007-12-31,2007-12-31,2021-09-07,-1666800000.0,10112000000.0,9808475000.0,3618500000.0,6493500000.0,1.406,2.242,-583000000.0,428700000.0,428700000.0,6043000000.0,1804000000.0,1.144,3.423,3515900000.0,294000000.0,3221900000.0,3515900000.0,0.0,334000000.0,0.0,0.018,0.7,2653000000.0,2987000000.0,0.217,2987000000.0,2653000000.0,2496000000.0,1.675,1.6,1.675,2286200000.0,1874350000.0,2286200000.0,42720831799.0,16.0,14.302,1669000000.0,1.637,1.0,7747000000.0,0.562,3116800000.0,157000000.0,6919700000.0,6335775000.0,1171000000.0,0.0,0.0,0.0,7825800000.0,3162700000.0,4663100000.0,39741031799.0,-61000000.0,83000000.0,-780000000.0,-225000000.0,-798000000.0,-1803000000.0,-528000000.0,-11000000.0,2252000000.0,18000000.0,1737000000.0,1737000000.0,1737000000.0,0.0,67000000.0,0.126,5027000000.0,2720000000.0,1066800000.0,0.418,17.383,22.879,23.272,3015200000.0,0.0,38.98,2.882,2.882,1680700000.0,10627500000.0,13790000000.0,13790000000.0,0.0,0.177,0.927,0.419,0.192,110000000.0,4973000000.0,1.0,1019523648.0,1019523648.0,,13.526,6995200000.0,0.0,759000000.0,526800000.0,6.861,455800000.0
55,CL,MRT,2007-09-30,2007-09-30,2007-09-30,2021-09-07,-1878600000.0,10083700000.0,9564975000.0,3935800000.0,6147900000.0,1.396,1.983,-551700000.0,628400000.0,628400000.0,5875800000.0,1723700000.0,1.04,3.987,3608200000.0,858100000.0,2750100000.0,3608200000.0,0.0,331600000.0,0.0,0.019,0.68,2610200000.0,2941800000.0,0.22,2941800000.0,2610200000.0,2449700000.0,1.655,1.575,1.655,2022100000.0,1655525000.0,2022100000.0,39563343371.0,15.0,13.449,1538600000.0,1.509,1.0,7480800000.0,0.56,3072000000.0,160500000.0,6206400000.0,6090275000.0,1167000000.0,0.0,0.0,0.0,8061600000.0,3785100000.0,4276500000.0,36369343371.0,125500000.0,136000000.0,-730400000.0,-71800000.0,-730800000.0,-1533000000.0,-453700000.0,-1200000.0,2090300000.0,21900000.0,1723700000.0,1723700000.0,1723700000.0,0.0,0.0,0.129,4870600000.0,2610200000.0,1036000000.0,0.411,17.986,21.1,21.547,2831700000.0,0.0,35.66,2.723,2.723,1758000000.0,10411800000.0,13356600000.0,13356600000.0,0.0,0.18,1.041,0.429,0.195,118300000.0,4816600000.0,1.0,1019891850.0,1019891850.0,,13.096,7011700000.0,0.0,726000000.0,527700000.0,6.875,150700000.0
56,CL,MRT,2007-06-30,2007-06-30,2007-06-30,2021-09-07,-1954300000.0,9680600000.0,9336175000.0,3703900000.0,5976700000.0,1.389,1.732,-539300000.0,546900000.0,546900000.0,5746500000.0,1647700000.0,1.072,4.465,3740900000.0,767800000.0,2973100000.0,3740900000.0,0.0,327400000.0,0.0,0.02,0.66,2490800000.0,2818200000.0,0.217,2818200000.0,2490800000.0,2327600000.0,1.575,1.505,1.575,1771300000.0,1558650000.0,1771300000.0,36304531946.0,15.0,12.882,1485300000.0,1.452,1.0,7225600000.0,0.557,2954700000.0,163200000.0,6464200000.0,6163200000.0,1135400000.0,0.0,0.0,0.0,7909300000.0,3455700000.0,4453600000.0,33170231946.0,116500000.0,45200000.0,-801600000.0,91500000.0,-712100000.0,-1422200000.0,-499600000.0,-1200000.0,2024600000.0,13700000.0,1647700000.0,1647700000.0,1647700000.0,0.0,0.0,0.127,4734800000.0,2490800000.0,993400000.0,0.419,18.726,20.131,20.587,2774800000.0,0.0,32.425,2.557,2.557,1666500000.0,10177900000.0,12972100000.0,12972100000.0,0.0,0.176,1.057,0.404,0.192,118200000.0,4679200000.0,1.0,1022983252.0,1022983252.0,,12.681,6725900000.0,0.0,679900000.0,485900000.0,6.575,248200000.0
57,CL,MRT,2007-03-31,2007-03-31,2007-03-31,2021-09-07,-2040800000.0,9357600000.0,9156325000.0,3492700000.0,5864900000.0,1.374,1.381,-517400000.0,474400000.0,474400000.0,5630700000.0,1515500000.0,0.915,5.6,3608700000.0,948100000.0,2660600000.0,3608700000.0,0.0,329500000.0,0.0,0.019,0.64,2294100000.0,2623600000.0,0.209,2623600000.0,2294100000.0,2130000000.0,1.445,1.38,1.445,1417800000.0,1514700000.0,1417800000.0,37472607368.0,16.0,14.283,1409500000.0,1.373,1.0,6950300000.0,0.552,2920200000.0,164100000.0,5752800000.0,6210650000.0,1095400000.0,0.0,0.0,0.0,7939800000.0,3818900000.0,4120900000.0,34290907368.0,91600000.0,-61400000.0,-593200000.0,30900000.0,-693000000.0,-1255300000.0,-584400000.0,-1200000.0,1926900000.0,4400000.0,1515500000.0,1515500000.0,1515500000.0,0.0,0.0,0.12,4656200000.0,2294100000.0,1005200000.0,0.443,24.186,22.627,23.111,2715000000.0,0.0,33.395,2.726,2.726,1589700000.0,9775000000.0,12581000000.0,12581000000.0,0.0,0.166,1.001,0.369,0.182,120800000.0,4507800000.0,1.0,1026827590.0,1026827590.0,,12.252,6437400000.0,0.0,614500000.0,496900000.0,6.269,-326200000.0
58,CL,MRT,2006-12-31,2006-12-31,2006-12-31,2021-09-07,-2081200000.0,9138000000.0,8990875000.0,3301000000.0,5837000000.0,1.361,1.372,-476400000.0,489500000.0,489500000.0,5536100000.0,1353400000.0,0.952,5.477,3671200000.0,950800000.0,2720400000.0,3671200000.0,0.0,328700000.0,0.0,0.019,0.625,2160500000.0,2489200000.0,0.203,2489200000.0,2160500000.0,2001800000.0,1.285,1.23,1.285,1410900000.0,1482200000.0,1410900000.0,36629240519.0,17.0,14.715,1345100000.0,1.308,1.0,6701600000.0,0.548,2912900000.0,158700000.0,5937700000.0,6392550000.0,1008400000.0,0.0,0.0,0.0,7727100000.0,3469100000.0,4258000000.0,33554240519.0,148800000.0,-140600000.0,-520300000.0,139100000.0,-677800000.0,-1059000000.0,-620400000.0,-1200000.0,1821500000.0,6700000.0,1353400000.0,1353400000.0,1353400000.0,0.0,0.0,0.111,4541100000.0,2160500000.0,1039700000.0,0.486,23.782,24.793,25.385,2696100000.0,0.0,32.62,2.742,2.742,1523200000.0,9643700000.0,12237700000.0,12237700000.0,0.0,0.151,0.913,0.338,0.177,116900000.0,4355200000.0,1.0,1028640114.0,1028640114.0,,11.897,6225100000.0,0.0,648400000.0,471400000.0,6.052,-168100000.0
59,CL,MRT,2006-09-30,2006-09-30,2006-09-30,2021-09-07,-1780300000.0,9168500000.0,8833150000.0,3255300000.0,5913200000.0,1.351,1.583,-383200000.0,502900000.0,502900000.0,5423500000.0,1313400000.0,1.138,4.609,3577900000.0,451700000.0,3126200000.0,3577900000.0,0.0,325400000.0,0.0,0.02,0.61,2104800000.0,2430200000.0,0.204,2430200000.0,2104800000.0,1948300000.0,1.245,1.19,1.245,1634600000.0,1467000000.0,1634600000.0,35252676970.0,17.0,14.506,1465700000.0,1.419,1.0,6509700000.0,0.546,2884500000.0,156500000.0,6498100000.0,6468300000.0,1001600000.0,0.0,0.0,0.0,7533900000.0,2860900000.0,4673000000.0,32069676970.0,126600000.0,-86300000.0,-475500000.0,23400000.0,-661500000.0,-1203300000.0,-514000000.0,-20000000.0,1848900000.0,-5000000.0,1313400000.0,1313400000.0,1313400000.0,0.0,0.0,0.11,4404900000.0,2104800000.0,915000000.0,0.49,19.619,24.417,24.94,2526400000.0,0.0,31.05,2.687,2.687,1446300000.0,9422900000.0,11933200000.0,11933200000.0,0.0,0.149,0.895,0.325,0.176,103000000.0,4220500000.0,1.0,1032839838.0,1032839838.0,,11.554,6284000000.0,0.0,634900000.0,724900000.0,6.084,394400000.0
60,CL,MRT,2006-06-30,2006-06-30,2006-06-30,2021-09-07,-1792000000.0,8961200000.0,8704750000.0,3119600000.0,5841600000.0,1.344,1.55,-366700000.0,430400000.0,430400000.0,5342400000.0,1316500000.0,1.173,4.617,3613400000.0,457400000.0,3156000000.0,3613400000.0,0.0,326500000.0,0.0,0.02,0.595,2159700000.0,2486200000.0,0.212,2486200000.0,2159700000.0,2007600000.0,1.25,1.19,1.25,1595500000.0,1384025000.0,1595500000.0,33937365220.0,16.0,13.65,1385200000.0,1.346,1.0,6358900000.0,0.543,2830000000.0,152100000.0,6654000000.0,6448925000.0,986700000.0,0.0,0.0,0.0,7365700000.0,2660200000.0,4705500000.0,30828565220.0,38300000.0,85100000.0,-390600000.0,-279000000.0,-645900000.0,-1405200000.0,-308600000.0,-20000000.0,1751900000.0,200000.0,1316500000.0,1316500000.0,1316500000.0,0.0,0.0,0.113,4199200000.0,2159700000.0,872400000.0,0.476,19.322,23.417,23.96,2504500000.0,0.0,29.95,2.635,2.635,1380700000.0,9246300000.0,11701300000.0,11701300000.0,0.0,0.151,0.951,0.335,0.185,73100000.0,4087200000.0,1.0,1029334398.0,1029334398.0,,11.368,6131200000.0,0.0,691100000.0,668000000.0,5.956,459400000.0
61,CL,MRT,2006-03-31,2006-03-31,2006-03-31,2021-09-07,-1764400000.0,8695800000.0,8631250000.0,2949700000.0,5746100000.0,1.335,1.249,-380400000.0,382800000.0,382800000.0,5259600000.0,1375800000.0,1.108,5.752,3491600000.0,290400000.0,3201200000.0,3491600000.0,0.0,326300000.0,0.0,0.02,0.58,2239900000.0,2566200000.0,0.223,2566200000.0,2239900000.0,2098200000.0,1.3,1.245,1.3,1287800000.0,1283875000.0,1287800000.0,32532349584.0,15.0,12.677,1361500000.0,1.321,1.0,6264900000.0,0.544,2660900000.0,141700000.0,6480400000.0,6550375000.0,949500000.0,0.0,0.0,0.0,7408000000.0,2663300000.0,4744700000.0,29426849584.0,-31100000.0,189300000.0,-659900000.0,-175600000.0,-631300000.0,-1556500000.0,-213300000.0,-20000000.0,1741900000.0,-3200000.0,1375800000.0,1375800000.0,1375800000.0,0.0,0.0,0.119,4025000000.0,2239900000.0,851400000.0,0.446,22.85,21.389,21.962,2519600000.0,0.0,28.55,2.553,2.553,1320800000.0,8976200000.0,11524500000.0,11524500000.0,0.0,0.159,1.072,0.342,0.194,59700000.0,3994000000.0,1.0,1030712770.0,1030712770.0,,11.181,6034900000.0,0.0,722400000.0,766000000.0,5.855,286400000.0
62,CL,MRT,2005-12-31,2005-12-31,2005-12-31,2021-09-07,-1804700000.0,8507100000.0,8630175000.0,2757100000.0,5750000000.0,1.321,1.303,-389200000.0,340700000.0,340700000.0,5191900000.0,1351400000.0,1.005,5.301,3446200000.0,528200000.0,2918000000.0,3446200000.0,0.0,329300000.0,0.0,0.02,0.555,2215000000.0,2544300000.0,0.223,2544300000.0,2215000000.0,2079000000.0,1.27,1.215,1.27,1350100000.0,1215675000.0,1350100000.0,31604417792.0,14.0,12.422,1395200000.0,1.347,1.0,6205000000.0,0.544,2628900000.0,136000000.0,6240700000.0,6497525000.0,855800000.0,0.0,0.0,0.0,7157000000.0,2743000000.0,4414000000.0,28415317792.0,21100000.0,189300000.0,-749100000.0,-78400000.0,-607200000.0,-1524400000.0,-220700000.0,-20000000.0,1784400000.0,-18200000.0,1351400000.0,1351400000.0,1351400000.0,0.0,0.0,0.119,3990000000.0,2215000000.0,876100000.0,0.437,21.047,21.027,21.594,2544100000.0,0.0,27.425,2.493,2.493,1309400000.0,8968100000.0,11396900000.0,11396900000.0,0.0,0.157,1.112,0.341,0.194,41100000.0,3920800000.0,1.0,1036110038.0,1036110038.0,,11.0,5878200000.0,0.0,727600000.0,770200000.0,5.673,14100000.0
63,CL,MRT,2005-09-30,2005-09-30,2005-09-30,2021-09-07,-1760800000.0,8654900000.0,8671625000.0,2897500000.0,5757400000.0,1.303,1.254,-407100000.0,376300000.0,376300000.0,5138200000.0,1275900000.0,1.05,5.644,3565400000.0,548200000.0,3017200000.0,3565400000.0,0.0,334000000.0,0.0,0.02,0.53,2106300000.0,2440300000.0,0.216,2440300000.0,2106300000.0,1975000000.0,1.195,1.14,1.195,1302700000.0,1189500000.0,1302700000.0,30917497273.0,15.0,12.67,1422100000.0,1.369,1.0,6157400000.0,0.545,2665000000.0,131300000.0,6420600000.0,6580750000.0,890400000.0,0.0,0.0,0.0,7352200000.0,2758400000.0,4593800000.0,27420497273.0,5700000.0,42800000.0,-798300000.0,-82600000.0,-581900000.0,-1462800000.0,-356200000.0,19600000.0,1829200000.0,-4500000.0,1275900000.0,1275900000.0,1275900000.0,0.0,0.0,0.113,4051100000.0,2106300000.0,804800000.0,0.444,21.049,21.491,22.088,2558500000.0,0.0,26.395,2.428,2.428,1337200000.0,8771000000.0,11295600000.0,11295600000.0,0.0,0.147,1.073,0.32,0.186,59100000.0,3913600000.0,1.0,1038851952.0,1038851952.0,,10.873,5989900000.0,0.0,699100000.0,753900000.0,5.766,139100000.0
64,CL,MRT,2005-06-30,2005-06-30,2005-06-30,2021-09-07,-1781500000.0,8667200000.0,8630300000.0,2929400000.0,5737800000.0,1.284,1.142,-389700000.0,392100000.0,392100000.0,5023000000.0,1257700000.0,1.188,6.253,3889100000.0,434000000.0,3455100000.0,3889100000.0,0.0,333300000.0,0.0,0.02,0.505,2039700000.0,2373000000.0,0.214,2373000000.0,2039700000.0,1915100000.0,1.17,1.115,1.17,1194900000.0,1175600000.0,1194900000.0,29454727056.0,14.0,12.412,1449000000.0,1.385,1.0,6056500000.0,0.547,2639200000.0,124600000.0,7059800000.0,6623700000.0,915700000.0,0.0,0.0,0.0,7472300000.0,2465200000.0,5007100000.0,26111827056.0,-25200000.0,-48900000.0,-760700000.0,-63000000.0,-558800000.0,-1382500000.0,-474500000.0,19600000.0,1838700000.0,-6900000.0,1257700000.0,1257700000.0,1257700000.0,0.0,0.0,0.114,4016800000.0,2039700000.0,815500000.0,0.432,21.853,20.762,21.329,2548600000.0,0.0,24.955,2.357,2.357,1315400000.0,8575700000.0,11079500000.0,11079500000.0,0.0,0.146,1.07,0.308,0.184,48300000.0,3835700000.0,1.0,1046356524.0,1046356524.0,,10.589,6028000000.0,0.0,657400000.0,671300000.0,5.761,464200000.0
65,CL,MRT,2005-03-31,2005-03-31,2005-03-31,2021-09-07,-1829100000.0,8691500000.0,8571100000.0,2944200000.0,5747300000.0,1.262,0.966,-365300000.0,413900000.0,413900000.0,4872700000.0,1288700000.0,0.953,7.563,3756800000.0,786900000.0,2969900000.0,3756800000.0,0.0,331100000.0,0.0,0.018,0.48,2083400000.0,2414500000.0,0.223,2414500000.0,2083400000.0,1960400000.0,1.195,1.135,1.195,1015000000.0,1134725000.0,1015000000.0,30755962116.0,15.0,12.738,1442700000.0,1.373,1.0,5941000000.0,0.549,2674600000.0,123000000.0,6269000000.0,6558900000.0,906700000.0,0.0,0.0,0.0,7676500000.0,3090800000.0,4585700000.0,27400462116.0,142400000.0,-763700000.0,-640400000.0,634100000.0,-534300000.0,-540600000.0,-1119300000.0,19600000.0,1808000000.0,-5700000.0,1288700000.0,1288700000.0,1288700000.0,0.0,0.0,0.119,3857600000.0,2083400000.0,816700000.0,0.402,26.996,21.262,21.828,2553800000.0,0.0,26.085,2.534,2.534,1316200000.0,8244200000.0,10813700000.0,10813700000.0,0.0,0.15,1.136,0.318,0.193,39500000.0,3724700000.0,1.0,1050429830.0,1050429830.0,,10.295,6016900000.0,0.0,671700000.0,751800000.0,5.728,-146600000.0
66,CL,MRT,2004-12-31,2004-12-31,2004-12-31,2021-09-07,-1806200000.0,8672900000.0,8273500000.0,2739900000.0,5933000000.0,1.279,1.174,-348100000.0,319600000.0,319600000.0,4747200000.0,1327100000.0,1.003,5.964,3675100000.0,585600000.0,3089500000.0,3675100000.0,0.0,327800000.0,0.0,0.019,0.48,2122100000.0,2449900000.0,0.231,2449900000.0,2122100000.0,2002400000.0,1.225,1.165,1.225,1245400000.0,1082825000.0,1245400000.0,30443475484.0,14.0,12.426,1406200000.0,1.326,1.0,5837000000.0,0.551,2724100000.0,119700000.0,6573600000.0,6470900000.0,845500000.0,0.0,0.0,0.0,7427500000.0,2730700000.0,4696800000.0,27129375484.0,54300000.0,-763700000.0,-567500000.0,492600000.0,-536200000.0,-611100000.0,-1090400000.0,19600000.0,1754300000.0,1500000.0,1327100000.0,1327100000.0,1327100000.0,0.0,0.0,0.125,3714900000.0,2122100000.0,864400000.0,0.392,21.784,20.443,20.882,2647700000.0,0.0,25.58,2.563,2.563,1319900000.0,8223900000.0,10584200000.0,10584200000.0,0.0,0.16,1.226,0.328,0.2,29300000.0,3624600000.0,1.0,1060569800.0,1060569800.0,,9.98,5948800000.0,0.0,675300000.0,662700000.0,5.609,9200000.0
67,CL,MRT,2004-09-30,2004-09-30,2004-09-30,2021-09-07,-1838200000.0,8489600000.0,7974975000.0,2815900000.0,5673700000.0,1.298,1.174,-313800000.0,370600000.0,370600000.0,4644600000.0,1413500000.0,1.07,5.807,3684700000.0,564000000.0,3120700000.0,3684700000.0,0.0,326100000.0,0.0,0.021,0.48,2216500000.0,2542600000.0,0.246,2542600000.0,2216500000.0,2100400000.0,1.3,1.24,1.3,1247100000.0,993250000.0,1247100000.0,27538294838.0,12.0,10.831,1404700000.0,1.323,1.0,5708900000.0,0.551,2579800000.0,116100000.0,6592400000.0,6321000000.0,863400000.0,0.0,0.0,0.0,7242500000.0,2631500000.0,4611000000.0,23993194838.0,114500000.0,-600400000.0,-584000000.0,418000000.0,-537800000.0,-703800000.0,-892200000.0,41900000.0,1718500000.0,-8000000.0,1413500000.0,1413500000.0,1413500000.0,0.0,0.0,0.137,3492400000.0,2216500000.0,784600000.0,0.369,19.239,16.974,17.377,2529500000.0,0.0,22.59,2.317,2.317,1286700000.0,8077000000.0,10353500000.0,10353500000.0,0.0,0.177,1.423,0.351,0.214,0.0,3482800000.0,1.0,1062115752.0,1062115752.0,,9.748,5909800000.0,0.0,686900000.0,645700000.0,5.564,184400000.0
68,CL,MRT,2004-06-30,2004-06-30,2004-06-30,2021-09-07,-1915800000.0,8430400000.0,7704075000.0,2834900000.0,5595500000.0,1.322,0.969,-298500000.0,417300000.0,417300000.0,4562100000.0,1449900000.0,1.073,7.174,3962400000.0,700000000.0,3262400000.0,3962400000.0,0.0,321600000.0,0.0,0.016,0.48,2214100000.0,2535700000.0,0.249,2535700000.0,2214100000.0,2097700000.0,1.33,1.265,1.33,1031400000.0,890775000.0,1031400000.0,33944130332.0,15.0,13.386,1382900000.0,1.3,1.0,5619500000.0,0.552,2533900000.0,116400000.0,6800600000.0,6194325000.0,843400000.0,0.0,0.0,0.0,7399000000.0,2641000000.0,4758000000.0,31100530332.0,198100000.0,-587200000.0,-604500000.0,489900000.0,-538400000.0,-653000000.0,-821800000.0,41900000.0,1681400000.0,-8500000.0,1449900000.0,1449900000.0,1449900000.0,0.0,0.0,0.142,3405400000.0,2214100000.0,758400000.0,0.361,30.154,21.45,21.974,2502700000.0,0.0,29.225,3.055,3.055,1277200000.0,7876800000.0,10181600000.0,10181600000.0,0.0,0.188,1.628,0.357,0.217,0.0,3405700000.0,1.0,1064175546.0,1064175546.0,,9.568,5896500000.0,0.0,647800000.0,631300000.0,5.541,193900000.0
69,CL,MRT,2004-03-31,2004-03-31,2004-03-31,2021-09-07,-1868200000.0,7501100000.0,7453150000.0,2565000000.0,4936100000.0,1.351,0.758,-297200000.0,271500000.0,271500000.0,4519800000.0,1435800000.0,1.009,8.29,3115100000.0,427800000.0,2687300000.0,3115100000.0,0.0,319700000.0,0.0,0.017,0.48,2186800000.0,2506500000.0,0.249,2506500000.0,2186800000.0,2068400000.0,1.315,1.245,1.315,807400000.0,811325000.0,807400000.0,32184419320.0,15.0,12.84,1474700000.0,1.384,1.0,5548700000.0,0.551,1884900000.0,118400000.0,5917000000.0,6110925000.0,788700000.0,0.0,0.0,0.0,6693700000.0,2542800000.0,4150900000.0,29346819320.0,65700000.0,127600000.0,-531900000.0,-544400000.0,-538800000.0,-1615100000.0,-88900000.0,41900000.0,1771900000.0,-2200000.0,1435800000.0,1435800000.0,1435800000.0,0.0,0.0,0.143,3361900000.0,2186800000.0,740200000.0,0.365,36.347,20.439,20.951,2495200000.0,0.0,27.55,2.915,2.915,1204800000.0,7514200000.0,10068500000.0,10068500000.0,0.0,0.193,1.77,0.358,0.217,0.0,3352900000.0,1.0,1065220302.0,1065220302.0,,9.452,5616200000.0,0.0,632600000.0,642600000.0,5.272,22200000.0
70,CL,MRT,2003-12-31,2003-12-31,2003-12-31,2021-09-07,-1866800000.0,7478800000.0,7390025000.0,2496500000.0,4982300000.0,1.34,0.826,-302100000.0,265300000.0,265300000.0,4456100000.0,1421300000.0,1.021,7.431,3102900000.0,418000000.0,2684900000.0,3102900000.0,0.0,315500000.0,0.0,0.018,0.45,2166000000.0,2481500000.0,0.251,2481500000.0,2166000000.0,2041900000.0,1.3,1.23,1.3,887100000.0,693525000.0,887100000.0,29868445784.0,14.0,12.036,1465600000.0,1.364,1.0,5447300000.0,0.55,1897000000.0,124100000.0,5974000000.0,6251675000.0,718300000.0,0.0,0.0,0.0,6591700000.0,2445400000.0,4146300000.0,26888845784.0,97400000.0,127600000.0,-475600000.0,-574800000.0,-506800000.0,-1557200000.0,-117600000.0,41900000.0,1767700000.0,4500000.0,1421300000.0,1421300000.0,1421300000.0,0.0,0.0,0.144,3281300000.0,2166000000.0,753600000.0,0.346,30.311,18.918,19.25,2542200000.0,0.0,25.025,2.715,2.715,1222400000.0,7433000000.0,9903400000.0,9903400000.0,0.0,0.192,2.049,0.346,0.219,0.0,3296300000.0,1.0,1074479352.0,1074479352.0,,9.217,5581800000.0,0.0,620600000.0,639800000.0,5.195,51100000.0
71,CL,MRT,2003-09-30,2003-09-30,2003-09-30,2021-09-07,-1828500000.0,7406000000.0,7292125000.0,2474900000.0,4931100000.0,1.337,0.778,-316800000.0,256100000.0,256100000.0,4392200000.0,1390100000.0,1.023,7.846,3235700000.0,503800000.0,2731900000.0,3235700000.0,0.0,308400000.0,0.0,0.015,0.42,2123800000.0,2432200000.0,0.249,2432200000.0,2123800000.0,1996000000.0,1.27,1.2,1.27,837200000.0,559325000.0,837200000.0,33309857052.0,16.0,13.695,1370600000.0,1.274,1.0,5359000000.0,0.55,1880600000.0,127800000.0,6085700000.0,6403975000.0,772800000.0,0.0,0.0,0.0,6568800000.0,2419300000.0,4149500000.0,30069757052.0,55400000.0,0.0,-448000000.0,-446600000.0,-474000000.0,-1368600000.0,-266800000.0,3500000.0,1687400000.0,3400000.0,1390100000.0,1390100000.0,1390100000.0,0.0,0.0,0.143,3235200000.0,2123800000.0,687800000.0,0.331,35.917,21.631,22.004,2502400000.0,0.0,27.945,3.084,3.084,1195400000.0,7201300000.0,9751200000.0,9751200000.0,0.0,0.191,2.485,0.332,0.218,0.0,3212200000.0,1.0,1076033532.0,1076033532.0,,9.062,5525400000.0,0.0,605900000.0,711600000.0,5.135,55600000.0
72,CL,MRT,2003-06-30,2003-06-30,2003-06-30,2021-09-07,-1812900000.0,7426700000.0,7172700000.0,2443000000.0,4983700000.0,1.34,0.663,-343300000.0,219200000.0,219200000.0,4334800000.0,1355400000.0,1.051,9.407,3459300000.0,463500000.0,2995800000.0,3459300000.0,0.0,304900000.0,0.0,0.013,0.39,2102600000.0,2407500000.0,0.251,2407500000.0,2102600000.0,1966500000.0,1.235,1.17,1.235,713600000.0,430875000.0,713600000.0,34569318283.0,16.0,14.359,1349100000.0,1.254,1.0,5274300000.0,0.549,1874400000.0,136100000.0,6467000000.0,6463200000.0,770900000.0,0.0,0.0,0.0,6713100000.0,2325400000.0,4387700000.0,31179118283.0,-28200000.0,0.0,-605000000.0,-386000000.0,-442600000.0,-1433600000.0,-289600000.0,13800000.0,1692400000.0,2600000.0,1355400000.0,1355400000.0,1355400000.0,0.0,0.0,0.141,3171700000.0,2102600000.0,684200000.0,0.316,43.693,23.004,23.462,2517500000.0,0.0,28.975,3.245,3.245,1196000000.0,6965300000.0,9609100000.0,9609100000.0,0.0,0.189,3.146,0.325,0.219,0.0,3148700000.0,1.0,1076069656.0,1076069656.0,,8.93,5552300000.0,0.0,611100000.0,687300000.0,5.16,117600000.0
73,CL,MRT,2003-03-31,2003-03-31,2003-03-31,2021-09-07,-1870700000.0,7248600000.0,7099575000.0,2377100000.0,4871500000.0,1.331,0.313,-341600000.0,205800000.0,205800000.0,4282000000.0,1322600000.0,1.015,20.56,3596000000.0,430600000.0,3165400000.0,3596000000.0,0.0,300500000.0,0.0,0.013,0.36,2062900000.0,2363400000.0,0.25,2363400000.0,2062900000.0,1921000000.0,1.2,1.135,1.2,336200000.0,370625000.0,336200000.0,32685067701.0,16.0,13.83,1362600000.0,1.268,1.0,5165500000.0,0.547,1817900000.0,141900000.0,6480000000.0,6510375000.0,737100000.0,0.0,0.0,0.0,6912400000.0,2340900000.0,4571500000.0,29249067701.0,21000000.0,0.0,-894800000.0,-18800000.0,-411100000.0,-1318900000.0,-368300000.0,-10000000.0,1704200000.0,4000000.0,1322600000.0,1322600000.0,1322600000.0,0.0,0.0,0.14,3102600000.0,2062900000.0,695900000.0,0.3,86.999,22.115,22.683,2464400000.0,0.0,27.22,3.096,3.096,1157100000.0,6616000000.0,9447500000.0,9447500000.0,0.0,0.186,3.569,0.317,0.218,0.0,3079600000.0,1.0,1074543266.0,1074543266.0,,8.792,5430700000.0,0.0,598400000.0,676300000.0,5.054,36200000.0
74,CL,MRT,2002-12-31,2002-12-31,2002-12-31,2021-09-07,-1865600000.0,7087200000.0,7050575000.0,2228100000.0,4859100000.0,1.318,0.325,-343700000.0,167900000.0,167900000.0,4224200000.0,1288300000.0,1.037,19.232,3603900000.0,393100000.0,3210800000.0,3603900000.0,0.0,296500000.0,0.0,0.014,0.36,2013100000.0,2309600000.0,0.248,2309600000.0,2013100000.0,1870300000.0,1.165,1.095,1.165,350300000.0,447325000.0,350300000.0,31663543456.0,16.0,13.71,1267500000.0,1.177,1.0,5070100000.0,0.546,1791300000.0,142800000.0,6583200000.0,6430075000.0,671700000.0,0.0,0.0,0.0,6736900000.0,2148700000.0,4588200000.0,28221143456.0,-4800000.0,0.0,-1047600000.0,201000000.0,-413400000.0,-1260000000.0,-357200000.0,-10000000.0,1611200000.0,1200000.0,1288300000.0,1288300000.0,1288300000.0,0.0,0.0,0.139,3057000000.0,2013100000.0,728300000.0,0.309,80.563,21.906,22.502,2491300000.0,0.0,26.215,3.036,3.036,1145400000.0,6518500000.0,9294300000.0,9294300000.0,0.0,0.183,2.88,0.313,0.217,0.0,3034000000.0,1.0,1076526548.0,1076526548.0,,8.634,5295900000.0,0.0,582000000.0,610500000.0,4.919,79400000.0
75,CL,MRT,2002-09-30,2002-09-30,2002-09-30,2021-09-07,-1812300000.0,6928300000.0,7024975000.0,2233500000.0,4694800000.0,1.31,0.298,-354700000.0,200700000.0,200700000.0,4204600000.0,1242700000.0,0.975,20.423,3643100000.0,571000000.0,3072100000.0,3643100000.0,0.0,304700000.0,0.0,0.013,0.36,1931400000.0,2236100000.0,0.243,2236100000.0,1931400000.0,1794100000.0,1.12,1.05,1.12,323400000.0,571350000.0,323400000.0,32798961606.0,17.0,14.668,1254900000.0,1.156,1.0,4997800000.0,0.543,1757200000.0,137300000.0,6322600000.0,6290200000.0,689600000.0,0.0,0.0,0.0,6604900000.0,2290900000.0,4314000000.0,29272661606.0,-88900000.0,12500000.0,-1013300000.0,-40700000.0,-414800000.0,-1400100000.0,-297000000.0,-19700000.0,1609600000.0,-1400000.0,1242700000.0,1242700000.0,1242700000.0,0.0,0.0,0.135,3056900000.0,1940900000.0,653800000.0,0.321,90.515,23.556,24.085,2412900000.0,0.0,26.975,3.181,3.181,1129000000.0,6285200000.0,9202400000.0,9202400000.0,0.0,0.177,2.175,0.307,0.21,0.0,2962400000.0,1.0,1085177446.0,1085177446.0,,8.48,5171100000.0,0.0,551400000.0,602400000.0,4.765,-57400000.0
76,CL,MRT,2002-06-30,2002-06-30,2002-06-30,2021-09-07,-1683400000.0,7134200000.0,7073600000.0,2357600000.0,4776600000.0,1.29,0.432,-339500000.0,247400000.0,247400000.0,4198000000.0,1208200000.0,1.088,14.096,3773700000.0,490000000.0,3283700000.0,3773700000.0,0.0,314200000.0,0.0,0.014,0.36,1895400000.0,2209600000.0,0.242,2209600000.0,1895400000.0,1750600000.0,1.08,1.01,1.08,472600000.0,692575000.0,472600000.0,30627040134.0,16.0,13.861,1191600000.0,1.089,1.0,4927600000.0,0.54,1837100000.0,144800000.0,6655700000.0,6282925000.0,713500000.0,0.0,0.0,0.0,6661600000.0,2167700000.0,4493900000.0,27383540134.0,-3700000.0,22700000.0,-1104400000.0,213100000.0,-417400000.0,-1236400000.0,-299200000.0,-30900000.0,1531100000.0,800000.0,1208200000.0,1208200000.0,1208200000.0,0.0,0.0,0.132,3025400000.0,1902200000.0,663500000.0,0.333,57.942,22.665,23.171,2456700000.0,0.0,25.025,3.001,3.001,1164600000.0,6052500000.0,9125600000.0,9125600000.0,0.0,0.171,1.745,0.302,0.208,0.0,2930900000.0,1.0,1094247358.0,1094247358.0,,8.34,5297100000.0,0.0,542400000.0,594600000.0,4.841,189900000.0
77,CL,MRT,2002-03-31,2002-03-31,2002-03-31,2021-09-07,-1512200000.0,7052600000.0,7076350000.0,2294100000.0,4758500000.0,1.281,0.586,-343500000.0,184800000.0,184800000.0,4195500000.0,1168400000.0,1.014,9.968,3428300000.0,478000000.0,2950300000.0,3428300000.0,0.0,324400000.0,0.0,0.012,0.349,1850200000.0,2174600000.0,0.24,2174600000.0,1850200000.0,1696600000.0,1.035,0.97,1.035,643000000.0,843200000.0,643000000.0,34440267986.0,19.0,15.838,1090300000.0,0.993,1.0,4871800000.0,0.537,1875800000.0,153600000.0,6158800000.0,6176025000.0,709000000.0,0.0,0.0,0.0,6409600000.0,2261500000.0,4148100000.0,31373867986.0,-43100000.0,12500000.0,-1135000000.0,316500000.0,-406600000.0,-1144300000.0,-330200000.0,-10900000.0,1433800000.0,-2400000.0,1168400000.0,1168400000.0,1168400000.0,0.0,0.0,0.129,3017800000.0,1854000000.0,654400000.0,0.337,48.793,26.852,27.609,2478400000.0,0.0,28.575,3.46,3.46,1148500000.0,5734700000.0,9067300000.0,9067300000.0,0.0,0.165,1.386,0.3,0.204,0.0,2923300000.0,1.0,1097948136.0,1097948136.0,,8.258,5176800000.0,0.0,528200000.0,666400000.0,4.715,32600000.0
78,CL,MRT,2001-12-31,2001-12-31,2001-12-31,2021-09-07,-1491200000.0,6984800000.0,7087350000.0,2203400000.0,4781400000.0,1.282,0.767,-340200000.0,172700000.0,172700000.0,4234900000.0,1146600000.0,1.038,7.252,3239100000.0,427100000.0,2812000000.0,3239100000.0,0.0,336200000.0,0.0,0.012,0.337,1834800000.0,2171000000.0,0.239,2171000000.0,1834800000.0,1668700000.0,1.01,0.945,1.01,846400000.0,968275000.0,846400000.0,35118132934.0,19.0,16.176,1163700000.0,1.055,1.0,4849400000.0,0.534,1904000000.0,166100000.0,6023700000.0,6028075000.0,677000000.0,0.0,0.0,0.0,6138400000.0,2123500000.0,4014900000.0,31861532934.0,-33900000.0,12500000.0,-1195700000.0,292000000.0,-396700000.0,-1210700000.0,-323500000.0,-6200000.0,1503900000.0,-3600000.0,1146600000.0,1146600000.0,1146600000.0,0.0,0.0,0.126,3014600000.0,1834800000.0,678100000.0,0.334,37.644,27.788,28.589,2513500000.0,0.0,28.875,3.507,3.507,1124900000.0,5643600000.0,9084300000.0,9084300000.0,0.0,0.162,1.184,0.304,0.202,0.0,2920100000.0,1.0,1103429712.0,1103429712.0,,8.233,5080800000.0,0.0,522100000.0,675600000.0,4.605,79900000.0
79,CL,MRT,2001-09-30,2001-09-30,2001-09-30,2021-09-07,-1461500000.0,7122800000.0,7154225000.0,2404700000.0,4718100000.0,1.232,0.728,-329400000.0,289600000.0,289600000.0,4252400000.0,1138000000.0,1.115,7.812,3546200000.0,462900000.0,3083300000.0,3546200000.0,0.0,335700000.0,0.0,0.011,0.326,1830800000.0,2166500000.0,0.246,2166500000.0,1830800000.0,1673100000.0,0.99,0.93,0.99,808300000.0,1123700000.0,808300000.0,35475586824.0,19.0,16.375,1222800000.0,1.102,1.0,4562800000.0,0.518,1930000000.0,157700000.0,6293500000.0,5943000000.0,725400000.0,2700000.0,2700000.0,0.0,6314500000.0,2155900000.0,4158600000.0,32328086824.0,78700000.0,87100000.0,-1395800000.0,580300000.0,-386800000.0,-1175400000.0,-298000000.0,8100000.0,1552200000.0,-100000.0,1138000000.0,1138000000.0,1138000000.0,0.0,0.0,0.129,2667700000.0,1895100000.0,665900000.0,0.329,39.995,28.408,29.419,2453600000.0,0.0,29.125,3.667,3.667,1146900000.0,5457300000.0,8815200000.0,8815200000.0,0.0,0.159,1.013,0.308,0.208,0.0,2667700000.0,1.0,1109977230.0,1109977230.0,,7.942,5192800000.0,0.0,535100000.0,640600000.0,4.678,248800000.0
80,CL,MRT,2001-06-30,2001-06-30,2001-06-30,2021-09-07,-1344000000.0,7145200000.0,7182800000.0,2391500000.0,4753700000.0,1.236,0.958,-331700000.0,251100000.0,251100000.0,4252900000.0,1117100000.0,1.149,5.646,3398600000.0,440400000.0,2958200000.0,3398600000.0,0.0,336300000.0,0.0,0.011,0.315,1800800000.0,2137100000.0,0.241,2137100000.0,1800800000.0,1634500000.0,0.965,0.905,0.965,1075100000.0,1315325000.0,1075100000.0,35961520233.0,20.0,16.827,1169200000.0,1.042,1.0,4623900000.0,0.521,1984000000.0,166300000.0,6228100000.0,5854225000.0,711200000.0,3900000.0,3900000.0,0.0,6070100000.0,2080600000.0,3989500000.0,33096620233.0,26900000.0,57400000.0,-1281200000.0,532500000.0,-377600000.0,-1194300000.0,-274300000.0,15700000.0,1500900000.0,-5400000.0,1117100000.0,1117100000.0,1117100000.0,0.0,0.0,0.126,2762600000.0,1861300000.0,699000000.0,0.326,30.785,29.627,30.565,2455800000.0,0.0,29.495,3.728,3.728,1174300000.0,5261700000.0,8876800000.0,8876800000.0,0.0,0.156,0.849,0.308,0.203,0.0,2762600000.0,1.0,1122109518.0,1122109518.0,,7.911,5161200000.0,0.0,517400000.0,592300000.0,4.6,310900000.0
81,CL,MRT,2001-03-31,2001-03-31,2001-03-31,2021-09-07,-1339100000.0,7096600000.0,7236525000.0,2346300000.0,4750300000.0,1.24,1.014,-346400000.0,227900000.0,227900000.0,4268200000.0,1091800000.0,0.99,5.207,3092800000.0,562400000.0,2530400000.0,3092800000.0,0.0,336800000.0,0.0,0.011,0.316,1773300000.0,2110100000.0,0.235,2110100000.0,1773300000.0,1601700000.0,0.94,0.88,0.94,1143300000.0,1456550000.0,1143300000.0,33917832261.0,19.0,16.074,1200400000.0,1.065,1.0,4706600000.0,0.524,2023700000.0,171600000.0,5567000000.0,5765675000.0,700700000.0,2000000.0,2000000.0,0.0,5953300000.0,2370800000.0,3582500000.0,31146232261.0,21500000.0,37600000.0,-1156900000.0,359000000.0,-380400000.0,-1258100000.0,-261700000.0,63000000.0,1546800000.0,-5500000.0,1091800000.0,1091800000.0,1091800000.0,0.0,0.0,0.122,2876800000.0,1829800000.0,669400000.0,0.336,27.242,28.527,29.394,2452200000.0,0.0,27.63,3.47,3.47,1136400000.0,4982900000.0,8974800000.0,8974800000.0,0.0,0.151,0.75,0.308,0.198,0.0,2876800000.0,1.0,1127261392.0,1127261392.0,,7.962,5072900000.0,0.0,509900000.0,608100000.0,4.5,-24500000.0
82,CL,MRT,2000-12-31,2000-12-31,2000-12-31,2021-09-07,-1269700000.0,7252300000.0,7308375000.0,2347200000.0,4905100000.0,1.232,1.283,-366600000.0,206600000.0,206600000.0,4257000000.0,1063800000.0,1.046,3.94,2978200000.0,441300000.0,2536900000.0,2978200000.0,0.0,337800000.0,0.0,0.01,0.316,1740500000.0,2078300000.0,0.231,2078300000.0,1740500000.0,1567200000.0,0.905,0.85,0.905,1468100000.0,1583825000.0,1468100000.0,39669673498.0,23.0,19.088,1169600000.0,1.022,1.0,4747400000.0,0.527,2096400000.0,173300000.0,5683400000.0,5754375000.0,686600000.0,0.0,0.0,0.0,5784200000.0,2244100000.0,3540100000.0,36937873498.0,7000000.0,37600000.0,-1040600000.0,186000000.0,-382400000.0,-1316000000.0,-208600000.0,137400000.0,1536200000.0,-4600000.0,1063800000.0,1063800000.0,1063800000.0,0.0,0.0,0.118,2954600000.0,1792800000.0,738900000.0,0.349,25.16,34.723,35.663,2528300000.0,0.0,32.275,4.102,4.102,1195400000.0,4893700000.0,9004400000.0,9004400000.0,0.0,0.146,0.672,0.302,0.193,0.0,2954600000.0,1.0,1144473230.0,1144473230.0,,7.868,5155900000.0,0.0,503400000.0,611000000.0,4.505,103100000.0
83,CL,MRT,2000-09-30,2000-09-30,2000-09-30,2021-09-07,-1216700000.0,7237100000.0,7351075000.0,2360600000.0,4876500000.0,1.264,1.371,-384400000.0,210900000.0,210900000.0,4249900000.0,1037700000.0,1.235,3.596,2942700000.0,261400000.0,2681300000.0,2942700000.0,0.0,343900000.0,0.0,0.013,0.316,1686700000.0,2030600000.0,0.219,2030600000.0,1686700000.0,1522800000.0,0.885,0.825,0.885,1574800000.0,1675225000.0,1574800000.0,29813114649.0,18.0,14.682,1026000000.0,0.893,1.0,5039000000.0,0.542,2119500000.0,163900000.0,5938400000.0,5722050000.0,744700000.0,9600000.0,9600000.0,0.0,5662300000.0,1911000000.0,3751300000.0,27110614649.0,-51600000.0,-51100000.0,-861600000.0,198300000.0,-384800000.0,-1142800000.0,-311600000.0,134800000.0,1410400000.0,-7600000.0,1037700000.0,1037700000.0,1037700000.0,0.0,0.0,0.112,3271300000.0,1767700000.0,680400000.0,0.357,17.215,26.126,26.667,2500300000.0,0.0,23.6,2.919,2.919,1191600000.0,4706100000.0,9288900000.0,9288900000.0,0.0,0.141,0.619,0.295,0.182,0.0,3271300000.0,1.0,1148754858.0,1148754858.0,,8.086,5117600000.0,0.0,485100000.0,637000000.0,4.455,449600000.0
84,CL,MRT,2000-06-30,2000-06-30,2000-06-30,2021-09-07,-1189800000.0,7360100000.0,7402100000.0,2399000000.0,4961100000.0,1.248,1.422,-384100000.0,224200000.0,224200000.0,4237300000.0,1002100000.0,1.165,3.488,2926700000.0,394400000.0,2532300000.0,2926700000.0,0.0,508900000.0,0.0,0.011,0.316,1650700000.0,2159600000.0,0.234,2159600000.0,1650700000.0,1487300000.0,0.85,0.795,0.85,1640000000.0,1706150000.0,1640000000.0,37126995653.0,22.0,17.192,1014300000.0,0.879,1.0,4999100000.0,0.541,2129100000.0,163400000.0,5873900000.0,5597900000.0,751000000.0,14500000.0,14500000.0,0.0,5720100000.0,2059600000.0,3660500000.0,34529695653.0,26100000.0,-54300000.0,-787800000.0,112100000.0,-386400000.0,-1057800000.0,-311500000.0,184800000.0,1398400000.0,-3000000.0,1002100000.0,1002100000.0,1002100000.0,0.0,0.0,0.108,3271400000.0,1727700000.0,724600000.0,0.372,21.055,34.457,35.224,2518400000.0,0.0,29.94,3.738,3.738,1190100000.0,4522000000.0,9236400000.0,9236400000.0,0.0,0.135,0.587,0.295,0.179,0.0,3271400000.0,1.0,1153296448.0,1153296448.0,,8.009,5231000000.0,0.0,485200000.0,605800000.0,4.536,339400000.0
85,CL,MRT,2000-03-31,2000-03-31,2000-03-31,2021-09-07,-1143600000.0,7384000000.0,7415675000.0,2432300000.0,4951700000.0,1.239,1.43,-377500000.0,206400000.0,206400000.0,4235200000.0,968300000.0,1.06,3.469,2803700000.0,518300000.0,2285400000.0,2803700000.0,0.0,424700000.0,0.0,0.011,0.306,1605700000.0,2030400000.0,0.221,2030400000.0,1605700000.0,1439000000.0,0.815,0.765,0.815,1652400000.0,1736525000.0,1652400000.0,35169508331.0,22.0,17.321,926800000.0,0.802,1.0,4949500000.0,0.539,2165800000.0,166700000.0,5521800000.0,5506100000.0,776200000.0,56000000.0,56000000.0,0.0,5731600000.0,2293700000.0,3437900000.0,32579608331.0,17400000.0,50100000.0,-672200000.0,-700000.0,-377000000.0,-1033700000.0,-250200000.0,104500000.0,1304300000.0,-3000000.0,968300000.0,968300000.0,968300000.0,0.0,0.0,0.105,3270100000.0,1679400000.0,673100000.0,0.375,19.717,33.646,34.589,2525500000.0,0.0,28.19,3.547,3.547,1136700000.0,4269000000.0,9184700000.0,9184700000.0,0.0,0.131,0.558,0.292,0.175,0.0,3270100000.0,1.0,1155715088.0,1155715088.0,,7.947,5218200000.0,0.0,470700000.0,586100000.0,4.515,138600000.0
86,CL,MRT,1999-12-31,1999-12-31,1999-12-31,2021-09-07,-1136200000.0,7423100000.0,7417875000.0,2354800000.0,5068300000.0,1.229,1.574,-372800000.0,199600000.0,199600000.0,4224000000.0,937300000.0,1.036,3.048,2789500000.0,546200000.0,2243300000.0,2789500000.0,0.0,340200000.0,0.0,0.009,0.295,1566200000.0,1906400000.0,0.209,1906400000.0,1566200000.0,1394600000.0,0.785,0.735,0.785,1833700000.0,1742100000.0,1833700000.0,40414480730.0,26.0,21.199,919900000.0,0.79,1.0,4894200000.0,0.537,2185400000.0,171600000.0,5554100000.0,5519400000.0,783700000.0,35600000.0,35600000.0,0.0,5589400000.0,2273500000.0,3315900000.0,37867780730.0,17900000.0,45800000.0,-624400000.0,64500000.0,-366000000.0,-940100000.0,-331500000.0,22700000.0,1292700000.0,-3200000.0,937300000.0,937300000.0,937300000.0,0.0,0.0,0.103,3254400000.0,1639800000.0,764800000.0,0.376,20.651,40.401,41.401,2551100000.0,0.0,32.5,4.153,4.153,1100800000.0,4212300000.0,9118200000.0,9118200000.0,0.0,0.126,0.538,0.284,0.172,0.0,3254400000.0,1.0,1165162484.0,1165162484.0,,7.826,5237700000.0,0.0,457300000.0,515200000.0,4.495,81300000.0
87,CL,MRT,1999-09-30,1999-09-30,1999-09-30,2021-09-07,-1129500000.0,7441200000.0,7483400000.0,2430500000.0,5010700000.0,1.211,1.457,-376800000.0,262500000.0,262500000.0,4231100000.0,910900000.0,1.029,3.381,2809200000.0,622100000.0,2187100000.0,2809200000.0,0.0,578900000.0,0.0,0.012,0.285,1530600000.0,2109500000.0,0.233,2109500000.0,1530600000.0,1348700000.0,0.76,0.71,0.76,1698500000.0,1805075000.0,1698500000.0,29318899839.0,19.0,13.899,930600000.0,0.798,1.0,4833400000.0,0.533,2184700000.0,181900000.0,5441800000.0,5536500000.0,791100000.0,9800000.0,9800000.0,0.0,5742700000.0,2361400000.0,3381300000.0,26671999839.0,52500000.0,32600000.0,-586100000.0,43300000.0,-353600000.0,-905300000.0,-347800000.0,21900000.0,1307400000.0,-1800000.0,910900000.0,910900000.0,910900000.0,0.0,0.0,0.1,3250700000.0,1582700000.0,744100000.0,0.375,15.703,29.281,30.099,2477700000.0,0.0,22.875,2.942,2.942,1154900000.0,4053200000.0,9064500000.0,9064500000.0,0.0,0.122,0.505,0.276,0.169,0.0,3250700000.0,1.0,1165989064.0,1165989064.0,,7.774,5256500000.0,0.0,437800000.0,583100000.0,4.508,69100000.0
88,CL,MRT,1999-06-30,1999-06-30,1999-06-30,2021-09-07,-1077200000.0,7414400000.0,7547925000.0,2388400000.0,5026000000.0,1.194,1.507,-378000000.0,198100000.0,198100000.0,4243500000.0,886100000.0,1.02,3.209,2845000000.0,716100000.0,2128900000.0,2845000000.0,0.0,330300000.0,0.0,0.011,0.275,1491800000.0,1822100000.0,0.202,1822100000.0,1491800000.0,1311700000.0,0.735,0.685,0.735,1761500000.0,1899600000.0,1761500000.0,31425479140.0,21.0,17.247,871400000.0,0.746,1.0,4772400000.0,0.529,2212600000.0,180100000.0,5506700000.0,5560575000.0,743000000.0,53800000.0,53800000.0,0.0,5652900000.0,2342000000.0,3310900000.0,28781579140.0,22000000.0,100600000.0,-670800000.0,129500000.0,-342500000.0,-921100000.0,-305400000.0,-14400000.0,1249400000.0,-900000.0,886100000.0,886100000.0,886100000.0,0.0,0.0,0.098,3223800000.0,1548600000.0,694200000.0,0.374,16.339,32.481,33.503,2486800000.0,0.0,24.625,3.192,3.192,1173100000.0,3906500000.0,9015900000.0,9015900000.0,0.0,0.117,0.466,0.268,0.165,0.0,3223800000.0,1.0,1168795092.0,1168795092.0,,7.714,5201800000.0,0.0,425600000.0,557000000.0,4.451,46400000.0
89,CL,MRT,1999-03-31,1999-03-31,1999-03-31,2021-09-07,-1050100000.0,7392800000.0,7599550000.0,2274200000.0,5118600000.0,1.183,1.437,-374600000.0,189000000.0,189000000.0,4263700000.0,861500000.0,1.046,3.414,2832900000.0,475700000.0,2357200000.0,2832900000.0,0.0,330300000.0,0.0,0.012,0.275,1446500000.0,1776800000.0,0.198,1776800000.0,1446500000.0,1269900000.0,0.715,0.66,0.715,1674700000.0,2013450000.0,1674700000.0,29374036744.0,20.0,16.532,923300000.0,0.792,1.0,4723700000.0,0.526,2288400000.0,176600000.0,5575000000.0,5623100000.0,742400000.0,16100000.0,16100000.0,0.0,5718100000.0,2173300000.0,3544800000.0,26798236744.0,12800000.0,30600000.0,-650900000.0,77900000.0,-342600000.0,-962200000.0,-323100000.0,39400000.0,1297900000.0,200000.0,861500000.0,861500000.0,861500000.0,0.0,0.0,0.096,3217000000.0,1506700000.0,701600000.0,0.385,16.002,31.106,32.168,2486900000.0,0.0,23.0,2.982,2.982,1097700000.0,3688700000.0,8987400000.0,8987400000.0,0.0,0.113,0.428,0.257,0.161,0.0,3217000000.0,1.0,1165140728.0,1165140728.0,,7.714,5104400000.0,0.0,408400000.0,535000000.0,4.381,100900000.0
90,CL,MRT,1998-12-31,1998-12-31,1998-12-31,2021-09-07,-799800000.0,7685200000.0,7657325000.0,2244900000.0,5440300000.0,1.172,1.781,-389600000.0,181700000.0,181700000.0,4290300000.0,848600000.0,1.062,2.685,2757500000.0,456900000.0,2300600000.0,2757500000.0,0.0,330300000.0,0.0,0.012,0.275,1423000000.0,1753300000.0,0.195,1753300000.0,1423000000.0,1250100000.0,0.7,0.65,0.7,2085600000.0,2125025000.0,2085600000.0,29768509734.0,21.0,16.979,789200000.0,0.674,1.0,4681300000.0,0.522,2524100000.0,172900000.0,5622500000.0,5641225000.0,746000000.0,12800000.0,12800000.0,0.0,5599600000.0,2114400000.0,3485200000.0,27196009734.0,-1400000.0,34800000.0,-542500000.0,85400000.0,-345600000.0,-830000000.0,-351900000.0,18700000.0,1178800000.0,1700000.0,848600000.0,848600000.0,848600000.0,0.0,0.0,0.095,3197100000.0,1484200000.0,726100000.0,0.393,13.04,32.048,33.171,2589200000.0,0.0,23.22,3.031,3.031,1085600000.0,3641000000.0,8971600000.0,8971600000.0,0.0,0.111,0.399,0.252,0.159,0.0,3197100000.0,1.0,1171232116.0,1171232116.0,,7.66,5161100000.0,0.0,401500000.0,522200000.0,4.407,130500000.0
91,CL,MRT,1998-09-30,1998-09-30,1998-09-30,2021-09-07,-704100000.0,7699300000.0,7620700000.0,2333200000.0,5366100000.0,1.18,1.756,-396100000.0,210000000.0,210000000.0,4324400000.0,820800000.0,1.062,2.708,2782500000.0,421000000.0,2361500000.0,2782500000.0,0.0,319900000.0,0.0,0.016,0.275,1372400000.0,1692300000.0,0.188,1692300000.0,1372400000.0,1211300000.0,0.677,0.625,0.677,2076600000.0,2148275000.0,2076600000.0,22876693181.0,17.0,13.518,776500000.0,0.656,1.0,4668500000.0,0.519,2536400000.0,161100000.0,5538100000.0,5607550000.0,775300000.0,16100000.0,16100000.0,0.0,5622700000.0,2197300000.0,3425400000.0,20329493181.0,-17400000.0,84400000.0,-490000000.0,-56600000.0,-347600000.0,-917200000.0,-265200000.0,56500000.0,1172600000.0,-7600000.0,820800000.0,820800000.0,820800000.0,0.0,0.0,0.091,3206600000.0,1461900000.0,738400000.0,0.406,9.79,24.768,25.388,2498500000.0,0.0,17.188,2.261,2.261,1107000000.0,3495900000.0,8992900000.0,8992900000.0,0.0,0.108,0.382,0.245,0.153,0.0,3206600000.0,1.0,1182806876.0,1182806876.0,,7.603,5162900000.0,0.0,390500000.0,447700000.0,4.365,135900000.0
92,CL,MRT,1998-06-30,1998-06-30,1998-06-30,2021-09-07,-712200000.0,7620900000.0,7641150000.0,2307900000.0,5313000000.0,1.181,1.872,-438400000.0,176100000.0,176100000.0,4382100000.0,794500000.0,1.233,2.438,2723300000.0,233300000.0,2490000000.0,2723300000.0,0.0,319900000.0,0.0,0.013,0.275,1346500000.0,1666400000.0,0.185,1666400000.0,1346500000.0,1178000000.0,0.657,0.605,0.657,2216900000.0,2168125000.0,2216900000.0,28647750744.0,21.0,17.191,713500000.0,0.602,1.0,4642600000.0,0.514,2540200000.0,168500000.0,5756800000.0,5656400000.0,716400000.0,27500000.0,27500000.0,0.0,5404000000.0,1871100000.0,3532900000.0,26058050744.0,-58200000.0,65500000.0,-299300000.0,-199400000.0,-347500000.0,-857300000.0,-343300000.0,17900000.0,1151900000.0,-9500000.0,794500000.0,794500000.0,794500000.0,0.0,0.0,0.088,3214100000.0,1428500000.0,693400000.0,0.419,11.754,32.798,33.486,2453500000.0,0.0,22.0,2.887,2.887,1134900000.0,3362900000.0,9024700000.0,9024700000.0,0.0,0.104,0.366,0.238,0.149,0.0,3214100000.0,1.0,1184456852.0,1184456852.0,,7.619,5080700000.0,0.0,383500000.0,413800000.0,4.289,436800000.0
93,CL,MRT,1998-03-31,1998-03-31,1998-03-31,2021-09-07,-689800000.0,7623900000.0,7721725000.0,2289600000.0,5334300000.0,1.174,1.793,-467000000.0,176200000.0,176200000.0,4431000000.0,766800000.0,1.142,2.594,2765900000.0,325400000.0,2440500000.0,2765900000.0,0.0,319900000.0,0.0,0.013,0.275,1316900000.0,1636800000.0,0.18,1636800000.0,1316900000.0,1140700000.0,0.633,0.585,0.633,2121000000.0,2159275000.0,2121000000.0,28147774044.0,21.0,17.197,678700000.0,0.574,1.0,4638100000.0,0.511,2561800000.0,176200000.0,5647500000.0,5721225000.0,748100000.0,49400000.0,49400000.0,0.0,5502900000.0,2004300000.0,3498600000.0,25653874044.0,8900000.0,54400000.0,-214100000.0,-188500000.0,-347500000.0,-759500000.0,-367200000.0,32900000.0,1145700000.0,-10100000.0,766800000.0,766800000.0,766800000.0,0.0,0.0,0.085,3244000000.0,1394100000.0,692300000.0,0.434,12.095,33.456,34.261,2452500000.0,0.0,21.688,2.829,2.829,1085700000.0,3168800000.0,9069100000.0,9069100000.0,0.0,0.099,0.355,0.23,0.145,0.0,3244000000.0,1.0,1182887564.0,1182887564.0,,7.667,5062100000.0,0.0,373900000.0,406300000.0,4.279,285300000.0
94,CL,MRT,1997-12-31,1997-12-31,1997-12-31,2021-09-07,-693700000.0,7538700000.0,7773975000.0,2196500000.0,5342200000.0,1.165,1.841,-478500000.0,183100000.0,183100000.0,4461500000.0,740400000.0,1.121,2.46,2677000000.0,336700000.0,2340300000.0,2677000000.0,0.0,319900000.0,0.0,0.014,0.265,1285800000.0,1605700000.0,0.177,1605700000.0,1285800000.0,1102300000.0,0.61,0.565,0.61,2178600000.0,2133550000.0,2178600000.0,24382074075.0,19.0,15.185,619300000.0,0.523,1.0,4595200000.0,0.507,2585300000.0,183500000.0,5487800000.0,5794900000.0,728400000.0,22200000.0,22200000.0,0.0,5360100000.0,1959500000.0,3400600000.0,21741774075.0,-65100000.0,64900000.0,-175100000.0,-320300000.0,-333400000.0,-813000000.0,-337400000.0,68500000.0,1097800000.0,-12500000.0,740400000.0,740400000.0,740400000.0,0.0,0.0,0.082,3237000000.0,1358200000.0,716900000.0,0.434,9.98,29.365,30.123,2441000000.0,0.0,18.375,2.401,2.401,1037400000.0,3138000000.0,9056700000.0,9056700000.0,0.0,0.095,0.347,0.222,0.142,0.0,3237000000.0,1.0,1183225800.0,1183225800.0,,7.654,4953400000.0,0.0,361900000.0,351500000.0,4.186,237000000.0
95,CL,MRT,1997-09-30,1997-09-30,1997-09-30,2021-09-07,-618200000.0,7781100000.0,7864675000.0,2375600000.0,5405500000.0,1.15,1.821,-459200000.0,227400000.0,227400000.0,4488400000.0,715700000.0,1.149,2.609,2867700000.0,401000000.0,2466700000.0,2867700000.0,0.0,316300000.0,0.0,0.015,0.255,1273400000.0,1589700000.0,0.176,1589700000.0,1273400000.0,1074300000.0,0.59,0.55,0.59,2156000000.0,2097425000.0,2156000000.0,23380645626.0,18.0,14.708,638200000.0,0.539,1.0,4554200000.0,0.504,2620400000.0,199100000.0,5733500000.0,5947475000.0,807000000.0,33600000.0,33600000.0,0.0,5625100000.0,2067500000.0,3557600000.0,20642845626.0,4700000.0,4200000.0,-118500000.0,-301800000.0,-321200000.0,-708700000.0,-382000000.0,74100000.0,1097400000.0,-2000000.0,715700000.0,715700000.0,715700000.0,0.0,0.0,0.079,3200000000.0,1354200000.0,717900000.0,0.432,9.575,28.843,29.555,2423800000.0,0.0,17.438,2.283,2.283,1075200000.0,3022800000.0,9042600000.0,9042600000.0,0.0,0.091,0.341,0.214,0.141,0.0,3200000000.0,1.0,1183819104.0,1183819104.0,,7.638,5160700000.0,0.0,358600000.0,386900000.0,4.359,308100000.0
96,CL,MRT,1997-06-30,1997-06-30,1997-06-30,2021-09-07,-555100000.0,7943200000.0,,2472300000.0,5470900000.0,,1.848,-433200000.0,234300000.0,234300000.0,4493700000.0,688000000.0,1.223,2.641,2972100000.0,358500000.0,2613600000.0,2972100000.0,0.0,316300000.0,0.0,0.015,0.245,1231100000.0,1547400000.0,0.172,1547400000.0,1231100000.0,1032100000.0,0.568,0.53,0.568,2181500000.0,,2181500000.0,22086014296.0,18.0,14.273,646500000.0,0.548,1.0,4482300000.0,0.499,2643400000.0,199000000.0,6016100000.0,,816500000.0,28600000.0,28600000.0,0.0,5761700000.0,2021500000.0,3740200000.0,19260914296.0,44500000.0,-6800000.0,-76900000.0,-289100000.0,-309000000.0,-626300000.0,-402800000.0,67300000.0,1079700000.0,-6100000.0,688000000.0,688000000.0,688000000.0,0.0,0.0,0.077,3166500000.0,1315800000.0,750800000.0,0.431,8.829,27.996,28.719,2432900000.0,0.0,16.312,2.146,2.146,1140600000.0,2915900000.0,8976000000.0,8976000000.0,0.0,,,,0.137,0.0,3166500000.0,1.0,1180745704.0,1180745704.0,,7.602,5299800000.0,0.0,344100000.0,374000000.0,4.489,450800000.0
97,CL,MRT,1997-03-31,1997-03-31,1997-03-31,2021-09-07,-550900000.0,7832900000.0,,2369300000.0,5463600000.0,,1.712,-440600000.0,167300000.0,167300000.0,4467200000.0,661100000.0,1.159,2.881,2992400000.0,377700000.0,2614700000.0,2992400000.0,0.0,316300000.0,0.0,0.019,0.235,1191600000.0,1507900000.0,0.171,1507900000.0,1191600000.0,993000000.0,0.545,0.51,0.545,2018100000.0,,2018100000.0,17497734028.0,15.0,11.604,456800000.0,0.388,1.0,4375200000.0,0.495,2671100000.0,198600000.0,5942200000.0,,799800000.0,48100000.0,48100000.0,0.0,5814800000.0,2044700000.0,3770100000.0,14676434028.0,-39600000.0,-6500000.0,-72100000.0,-183800000.0,-296900000.0,-505500000.0,-427600000.0,15800000.0,897400000.0,-3900000.0,661100000.0,661100000.0,661100000.0,0.0,0.0,0.075,3092400000.0,1282800000.0,698900000.0,0.431,7.272,22.2,22.851,2399900000.0,0.0,12.454,1.66,1.66,1106800000.0,2749700000.0,8842400000.0,8842400000.0,0.0,,,,0.135,0.0,3092400000.0,1.0,1178475080.0,1178475080.0,,7.503,5161800000.0,0.0,331900000.0,379500000.0,4.38,324600000.0
98,CL,MRT,1996-12-31,1996-12-31,1996-12-31,2021-09-07,-534700000.0,7901500000.0,7771900000.0,2372300000.0,5529200000.0,1.126,1.726,-459000000.0,248200000.0,248200000.0,4451100000.0,635000000.0,1.246,2.885,3069500000.0,282700000.0,2786800000.0,3069500000.0,0.0,316300000.0,0.0,0.02,0.235,1152000000.0,1468300000.0,0.168,1468300000.0,1152000000.0,954600000.0,0.522,0.49,0.522,2034100000.0,1856950000.0,2034100000.0,,,,458400000.0,0.389,1.0,4297900000.0,0.491,2720400000.0,197400000.0,6098100000.0,6135100000.0,770700000.0,59600000.0,59600000.0,0.0,5867400000.0,1904300000.0,3963100000.0,13589290766.0,39400000.0,-34200000.0,-27400000.0,-87200000.0,-296200000.0,-371600000.0,-504000000.0,1200000.0,917400000.0,-2400000.0,635000000.0,635000000.0,635000000.0,0.0,0.0,0.073,3052100000.0,1245800000.0,751700000.0,0.45,6.681,21.4,22.091,2428900000.0,0.0,11.531,1.553,1.553,1064400000.0,2731000000.0,8749000000.0,8749000000.0,0.0,0.082,0.342,0.188,0.132,0.0,3052100000.0,1.0,1178475080.0,1178475080.0,,7.424,5181100000.0,0.0,319600000.0,327400000.0,4.396,468000000.0
99,CL,MRT,1996-09-30,1996-09-30,1996-09-30,2021-09-07,,,,,,,,,,,,,,,,,,,,,,0.022,0.235,,,,,,,,,,,,,,,,,,1.0,,,,,,,,,,,,,,,,,,,,,,,,,,,,,,,,,,,,,,,,10.86,,,,,,,,,,,,,,1.0,,,,,,,,,,
100,CL,MRT,1996-06-30,1996-06-30,1996-06-30,2021-09-07,,,,,,,,,,,,,,,,,,,,,,0.022,0.235,,,,,,,,,,,,,,,,,,1.0,,,,,,,,,,,,,,,,,,,,,,,,,,,,,,,,,,,,,,,,10.516,,,,,,,,,,,,,,1.0,,,,,,,,,,
101,CL,MRT,1996-03-31,1996-03-31,1996-03-31,2021-09-07,,,,,,,,,,,,,,,,,,,,,,0.023,0.227,,,,,,,,,,,,,,,,,,1.0,,,,,,,,,,,,,,,,,,,,,,,,,,,,,,,,,,,,,,,,9.875,,,,,,,,,,,,,,1.0,,,,,,,,,,
102,CL,MRT,1995-12-31,1995-12-31,1995-12-31,2021-09-07,-513000000.0,7642300000.0,,2360200000.0,5282100000.0,,,-431800000.0,208800000.0,208800000.0,4353100000.0,172000000.0,1.346,3.55,3233400000.0,241400000.0,2992000000.0,3233400000.0,0.0,300300000.0,0.0,0.025,0.22,568900000.0,869200000.0,0.104,869200000.0,568900000.0,363500000.0,0.13,0.128,0.13,1679800000.0,,1679800000.0,,,,378400000.0,,1.0,4005100000.0,0.479,2741700000.0,205400000.0,6172100000.0,,774800000.0,47800000.0,47800000.0,0.0,5962500000.0,1753100000.0,4209400000.0,,38900000.0,-1298400000.0,49800000.0,1202900000.0,-276500000.0,976200000.0,-1743200000.0,4200000.0,810200000.0,-4300000.0,172000000.0,172000000.0,172000000.0,0.0,0.0,0.021,3340100000.0,665000000.0,738700000.0,1.692,,,67.548,2155200000.0,0.0,8.781,,,1116900000.0,2392200000.0,8358200000.0,8358200000.0,0.0,,,,0.068,0.0,2879600000.0,1.0,,,,,4900600000.0,0.0,191500000.0,314000000.0,,607100000.0
103,CL,MRT,1994-12-31,1994-12-31,1994-12-31,2021-09-07,,,,,,,,-400800000.0,,,3913300000.0,580200000.0,,,,,,,,235100000.0,,0.024,0.193,966600000.0,1201700000.0,0.158,1201700000.0,966600000.0,879900000.0,0.477,0.445,0.477,,,,,,,428600000.0,,1.0,3674600000.0,0.484,,86700000.0,,,,,,,,,,,25800000.0,-146400000.0,-324200000.0,228100000.0,-246900000.0,-343000000.0,-457700000.0,58400000.0,829400000.0,-2900000.0,580200000.0,580200000.0,580200000.0,0.0,0.0,0.076,2625200000.0,1049400000.0,,0.405,,,16.609,,0.0,7.923,,,,,7587900000.0,7587900000.0,0.0,,,,0.127,0.0,2625200000.0,1.0,,,,,,,299700000.0,,,
