None,ticker,dimension,calendardate,datekey,reportperiod,lastupdated,accoci,assets,assetsavg,assetsc,assetsnc,assetturnover,bvps,capex,cashneq,cashnequsd,cor,consolinc,currentratio,de,debt,debtc,debtnc,debtusd,deferredrev,depamor,deposits,divyield,dps,ebit,ebitda,ebitdamargin,ebitdausd,ebitusd,ebt,eps,epsdil,epsusd,equity,equityavg,equityusd,ev,evebit,evebitda,fcf,fcfps,fxusd,gp,grossmargin,intangibles,intexp,invcap,invcapavg,inventory,investments,investmentsc,investmentsnc,liabilities,liabilitiesc,liabilitiesnc,marketcap,ncf,ncfbus,ncfcommon,ncfdebt,ncfdiv,ncff,ncfi,ncfinv,ncfo,ncfx,netinc,netinccmn,netinccmnusd,netincdis,netincnci,netmargin,opex,opinc,payables,payoutratio,pb,pe,pe1,ppnenet,prefdivis,price,ps,ps1,receivables,retearn,revenue,revenueusd,rnd,roa,roe,roic,ros,sbcomp,sgna,sharefactor,sharesbas,shareswa,shareswadil,sps,tangibles,taxassets,taxexp,taxliabilities,tbvps,workingcapital
0,EFX,MRY,2020-12-31,2020-12-31,2020-12-31,2021-10-21,-171400000.0,9611800000.0,8829300000.0,2478300000.0,7133500000.0,0.467,26.077,-421300000.0,1684600000.0,1684600000.0,1737400000.0,526200000.0,0.998,2.02,4378400000.0,1101100000.0,3277300000.0,4378400000.0,108300000.0,399300000.0,0.0,0.008,1.56,820700000.0,1220000000.0,0.296,1220000000.0,820700000.0,679100000.0,4.28,4.24,4.28,3168400000.0,2794500000.0,3168400000.0,26299427442.0,32.0,21.557,524900000.0,4.32,1.0,2390100000.0,0.579,5588500000.0,141600000.0,4234000000.0,4402850000.0,0.0,0.0,0.0,0.0,6401500000.0,2483100000.0,3918400000.0,23457627442.0,1283300000.0,-71400000.0,41700000.0,987800000.0,-189500000.0,810800000.0,-492700000.0,0.0,946200000.0,19000000.0,520100000.0,520100000.0,520100000.0,0.0,6100000.0,0.126,1713500000.0,676600000.0,159100000.0,0.364,7.404,45.102,45.056,1139400000.0,0.0,192.84,5.683,5.677,630600000.0,4185400000.0,4127500000.0,4127500000.0,0.0,0.059,0.186,0.186,0.199,54700000.0,1322500000.0,1.0,121642955.0,121500000,122800000.0,33.971,4023300000.0,0.0,159000000.0,332300000.0,33.114,-4800000.0
1,EFX,MRY,2019-12-31,2019-12-31,2019-12-31,2021-10-21,-354400000.0,7909000000.0,7537225000.0,1209400000.0,6699600000.0,0.465,21.328,-399600000.0,401300000.0,401300000.0,1521700000.0,-378100000.0,0.89,2.05,3382600000.0,3100000.0,3379500000.0,3382600000.0,104000000.0,337300000.0,0.0,0.011,1.56,-308100000.0,29200000.0,0.008,29200000.0,-308100000.0,-419800000.0,-3.18,-3.15,-3.18,2578600000.0,2549875000.0,2578600000.0,20005403766.0,-65.0,685.117,-85800000.0,-0.71,1.0,1985900000.0,0.566,5447800000.0,111700000.0,4083400000.0,3492200000.0,0.0,0.0,0.0,0.0,5286100000.0,1359100000.0,3927000000.0,16966203766.0,177700000.0,-297900000.0,22300000.0,741400000.0,-188700000.0,557900000.0,-697500000.0,0.0,313800000.0,3500000.0,-384100000.0,-384100000.0,-384100000.0,0.0,6000000.0,-0.11,2321300000.0,-335400000.0,148300000.0,-0.491,6.58,-44.171,-44.063,947600000.0,0.0,140.12,4.837,4.83,532100000.0,3854600000.0,3507600000.0,3507600000.0,0.0,-0.051,-0.151,-0.088,-0.088,49700000.0,1990200000.0,1.0,121083384.0,120900000,122000000.0,29.012,2461200000.0,0.0,-35700000.0,248000000.0,20.357,-149700000.0
2,EFX,MRY,2018-12-31,2018-12-31,2018-12-31,2021-10-21,-626300000.0,7153200000.0,7150050000.0,902300000.0,6250900000.0,0.477,25.812,-321900000.0,223600000.0,223600000.0,1440400000.0,317000000.0,1.091,1.286,2635500000.0,4900000.0,2630600000.0,2635500000.0,98000000.0,315900000.0,0.0,0.017,1.56,467400000.0,783300000.0,0.23,783300000.0,467400000.0,363900000.0,2.58,2.56,2.58,3107800000.0,3197400000.0,3107800000.0,13608256921.0,29.0,17.373,350300000.0,2.909,1.0,1971700000.0,0.578,5323700000.0,103500000.0,3414600000.0,3163050000.0,0.0,0.0,0.0,0.0,3997500000.0,826800000.0,3170700000.0,11229156921.0,-112800000.0,-145200000.0,11800000.0,-72500000.0,-187900000.0,-311000000.0,-461500000.0,0.0,672200000.0,-12500000.0,310500000.0,310500000.0,310500000.0,0.0,6500000.0,0.091,1523700000.0,448000000.0,175700000.0,0.605,3.613,36.165,36.097,764800000.0,0.0,93.13,3.291,3.286,469100000.0,4717800000.0,3412100000.0,3412100000.0,0.0,0.043,0.097,0.148,0.137,42500000.0,1213300000.0,1.0,120575077.0,120400000,121400000.0,28.34,1829500000.0,0.0,53400000.0,316200000.0,15.195,75500000.0
3,EFX,MRY,2017-12-31,2017-12-31,2017-12-31,2021-10-21,-412000000.0,7233400000.0,7049100000.0,998400000.0,6235000000.0,0.477,26.431,-218200000.0,336400000.0,336400000.0,1210700000.0,598000000.0,0.597,1.258,2704300000.0,965300000.0,1739000000.0,2704300000.0,108400000.0,290900000.0,0.0,0.013,1.56,828700000.0,1119600000.0,0.333,1119600000.0,828700000.0,735900000.0,4.89,4.83,4.89,3174400000.0,3045975000.0,3174400000.0,16550860018.0,20.0,14.783,597800000.0,4.978,1.0,2151500000.0,0.64,5526000000.0,92800000.0,2401800000.0,2600750000.0,0.0,0.0,0.0,0.0,3994400000.0,1673500000.0,2320900000.0,14159760018.0,207100000.0,-139900000.0,-57900000.0,29600000.0,-187400000.0,-263700000.0,-349500000.0,0.0,816000000.0,4300000.0,587300000.0,587300000.0,587300000.0,0.0,10700000.0,0.175,1319800000.0,831700000.0,110300000.0,0.319,4.461,24.11,24.115,567000000.0,0.0,117.92,4.211,4.212,444800000.0,4600600000.0,3362200000.0,3362200000.0,0.0,0.083,0.193,0.319,0.246,38300000.0,1032000000.0,1.0,120079376.0,120100000,121500000.0,27.995,1707400000.0,0.0,148600000.0,305100000.0,14.216,-675100000.0
4,EFX,MRY,2016-12-31,2016-12-31,2016-12-31,2021-10-21,-528900000.0,6664000000.0,6711075000.0,672900000.0,5991100000.0,0.469,22.319,-173500000.0,129300000.0,129300000.0,1113400000.0,495100000.0,0.534,1.481,2672200000.0,585400000.0,2086800000.0,2672200000.0,110700000.0,268700000.0,0.0,0.011,1.32,814000000.0,1082700000.0,0.344,1082700000.0,814000000.0,721900000.0,4.1,4.04,4.1,2662700000.0,2609400000.0,2662700000.0,16890879563.0,21.0,15.601,649500000.0,5.444,1.0,2031500000.0,0.646,5392900000.0,92100000.0,2554400000.0,2666450000.0,0.0,0.0,0.0,0.0,3942700000.0,1259600000.0,2683100000.0,14159379563.0,36000000.0,-1791600000.0,31500000.0,1291500000.0,-157600000.0,1160300000.0,-1975900000.0,0.0,823000000.0,28600000.0,488800000.0,488800000.0,488800000.0,0.0,6300000.0,0.155,1206400000.0,825100000.0,81000000.0,0.322,5.318,28.968,28.837,466900000.0,0.0,118.23,4.502,4.485,433300000.0,4153200000.0,3144900000.0,3144900000.0,0.0,0.073,0.187,0.305,0.259,1200000.0,941000000.0,1.0,119761309.0,119300000,121100000.0,26.361,1271100000.0,0.0,233100000.0,325400000.0,10.655,-586700000.0
5,EFX,MRY,2015-12-31,2015-12-31,2015-12-31,2021-10-21,-484800000.0,4501500000.0,4555850000.0,561600000.0,3939900000.0,0.585,19.468,-146200000.0,93300000.0,93300000.0,887400000.0,434800000.0,0.93,0.931,1187700000.0,49300000.0,1138400000.0,1187700000.0,96800000.0,200000000.0,0.0,0.01,1.16,694700000.0,894700000.0,0.336,894700000.0,694700000.0,630900000.0,3.61,3.55,3.61,2310900000.0,2213425000.0,2310900000.0,14418829688.0,21.0,16.116,622900000.0,5.248,1.0,1776200000.0,0.667,3493600000.0,63800000.0,1498500000.0,1568025000.0,0.0,0.0,0.0,0.0,2151100000.0,603800000.0,1547300000.0,13194629688.0,-35000000.0,-1600000.0,-161900000.0,-335900000.0,-137800000.0,-639000000.0,-147800000.0,0.0,769100000.0,-17300000.0,429100000.0,429100000.0,429100000.0,0.0,5700000.0,0.161,1082300000.0,693900000.0,40600000.0,0.321,5.71,30.75,30.85,366800000.0,0.0,111.37,4.954,4.963,349800000.0,3834400000.0,2663600000.0,2663600000.0,0.0,0.094,0.194,0.443,0.261,8400000.0,884300000.0,1.0,118475619.0,118700000,120900000.0,22.44,1007900000.0,0.0,201800000.0,205500000.0,8.491,-42200000.0
6,EFX,MRY,2014-12-31,2014-12-31,2014-12-31,2021-10-21,-435400000.0,4661000000.0,4721125000.0,590500000.0,4070500000.0,0.516,18.153,-86400000.0,128300000.0,128300000.0,844700000.0,374000000.0,0.717,1.103,1526100000.0,380400000.0,1145700000.0,1526100000.0,73400000.0,204200000.0,0.0,0.012,1.0,636200000.0,840400000.0,0.345,840400000.0,636200000.0,567600000.0,3.03,2.97,3.03,2200100000.0,2323125000.0,2200100000.0,11191432681.0,18.0,13.317,529800000.0,4.371,1.0,1591700000.0,0.653,3655900000.0,68600000.0,1579800000.0,1661250000.0,0.0,0.0,0.0,0.0,2426400000.0,823100000.0,1603300000.0,9751832681.0,-107600000.0,-342900000.0,-261900000.0,89900000.0,-121200000.0,-283400000.0,-429300000.0,0.0,616200000.0,-11100000.0,367400000.0,367400000.0,367400000.0,0.0,6600000.0,0.151,953500000.0,638200000.0,20300000.0,0.33,4.432,26.543,26.69,300600000.0,0.0,80.87,4.003,4.023,337200000.0,3554800000.0,2436400000.0,2436400000.0,0.0,0.078,0.158,0.383,0.261,20400000.0,751700000.0,1.0,120586530.0,121200000,123500000.0,20.102,1005100000.0,0.0,200200000.0,228300000.0,8.293,-232600000.0
7,EFX,MRY,2013-12-31,2013-12-31,2013-12-31,2021-10-21,-312600000.0,4539900000.0,4422775000.0,648400000.0,3891500000.0,0.521,18.983,-83300000.0,235900000.0,235900000.0,787300000.0,359900000.0,0.979,0.956,1442000000.0,296500000.0,1145500000.0,1442000000.0,61800000.0,190300000.0,0.0,0.016,1.1,610900000.0,801200000.0,0.348,801200000.0,610900000.0,540700000.0,2.9,2.84,2.9,2300700000.0,2147375000.0,2300700000.0,9719552093.0,16.0,12.131,485700000.0,4.007,1.0,1516600000.0,0.658,3463800000.0,70200000.0,1619700000.0,1887050000.0,0.0,0.0,0.0,0.0,2198900000.0,662500000.0,1536400000.0,8407252093.0,89100000.0,-53000000.0,35900000.0,-283100000.0,-106700000.0,-333100000.0,-136300000.0,0.0,569000000.0,-10500000.0,351800000.0,351800000.0,351800000.0,-18400000.0,8100000.0,0.153,905400000.0,611200000.0,19900000.0,0.379,3.654,23.898,23.824,288900000.0,0.0,69.09,3.649,3.635,309700000.0,3309200000.0,2303900000.0,2303900000.0,0.0,0.08,0.164,0.324,0.265,17600000.0,715800000.0,1.0,121685513.0,121200000,123700000.0,19.009,1076100000.0,0.0,188900000.0,263700000.0,8.879,-14100000.0
8,EFX,MRY,2012-12-31,2012-12-31,2012-12-31,2021-10-21,-362000000.0,4520100000.0,3791375000.0,538700000.0,3981400000.0,0.547,16.123,-66000000.0,146800000.0,146800000.0,759500000.0,280800000.0,0.833,1.325,1730700000.0,283300000.0,1447400000.0,1730700000.0,57900000.0,163400000.0,0.0,0.017,0.9,483500000.0,646900000.0,0.312,646900000.0,483500000.0,428100000.0,2.27,2.22,2.27,1933200000.0,1849950000.0,1933200000.0,7173750092.0,15.0,11.089,430300000.0,3.589,1.0,1313500000.0,0.634,3532600000.0,55400000.0,1924900000.0,1575075000.0,0.0,0.0,0.0,0.0,2560900000.0,646500000.0,1914400000.0,6472650092.0,19100000.0,-1017600000.0,-16800000.0,718100000.0,-86000000.0,606300000.0,-1083600000.0,0.0,496300000.0,100000.0,272100000.0,272100000.0,272100000.0,0.0,8700000.0,0.131,833500000.0,480000000.0,25100000.0,0.396,3.348,23.788,23.841,283700000.0,0.0,54.12,3.122,3.13,317000000.0,3064600000.0,2073000000.0,2073000000.0,0.0,0.072,0.147,0.307,0.233,26300000.0,673500000.0,1.0,119598117.0,119900000,122500000.0,17.289,987500000.0,0.0,156000000.0,236700000.0,8.236,-107800000.0
9,EFX,MRY,2011-12-31,2011-12-31,2011-12-31,2021-10-21,-391800000.0,3518700000.0,3497325000.0,456900000.0,3061800000.0,0.541,13.966,-75000000.0,127700000.0,127700000.0,703900000.0,241700000.0,1.252,1.055,1013200000.0,47200000.0,966000000.0,1013200000.0,55800000.0,164900000.0,0.0,0.017,0.64,455100000.0,620000000.0,0.327,620000000.0,455100000.0,400000000.0,1.91,1.88,1.91,1702400000.0,1750850000.0,1702400000.0,5624192080.0,12.0,9.071,333700000.0,2.737,1.0,1189300000.0,0.628,2607000000.0,55100000.0,1432300000.0,1467875000.0,0.0,0.0,0.0,0.0,1796600000.0,364900000.0,1431700000.0,4690692080.0,8300000.0,-129100000.0,-118600000.0,7700000.0,-78100000.0,-195900000.0,-204100000.0,0.0,408700000.0,-400000.0,232900000.0,232900000.0,232900000.0,-2900000.0,8800000.0,0.123,720700000.0,468600000.0,27500000.0,0.335,2.755,20.14,20.283,292900000.0,0.0,38.74,2.478,2.494,284400000.0,2879200000.0,1893200000.0,1893200000.0,0.0,0.067,0.133,0.31,0.24,23200000.0,560100000.0,1.0,121081365.0,121900000,123700000.0,15.531,911700000.0,0.0,167100000.0,235900000.0,7.479,92000000.0
10,EFX,MRY,2010-12-31,2010-12-31,2010-12-31,2021-10-21,-344500000.0,3437500000.0,3443800000.0,433100000.0,3004400000.0,0.54,13.553,-99800000.0,119400000.0,119400000.0,759900000.0,274800000.0,1.356,1.022,999600000.0,20700000.0,978900000.0,999600000.0,58700000.0,167800000.0,0.0,0.008,0.28,454700000.0,622500000.0,0.335,622500000.0,454700000.0,398600000.0,2.14,2.11,2.14,1691400000.0,1678625000.0,1691400000.0,5284896533.0,12.0,8.49,252800000.0,2.026,1.0,1099600000.0,0.591,2604200000.0,56100000.0,1394000000.0,1453000000.0,0.0,0.0,0.0,0.0,1729100000.0,319500000.0,1409600000.0,4393096533.0,16300000.0,100800000.0,-138200000.0,-159800000.0,-35200000.0,-335300000.0,1000000.0,0.0,352600000.0,-2000000.0,266700000.0,266700000.0,266700000.0,0.0,8100000.0,0.143,669600000.0,430000000.0,24600000.0,0.131,2.597,16.472,16.636,298400000.0,0.0,35.6,2.363,2.389,262600000.0,2725700000.0,1859500000.0,1859500000.0,0.0,0.077,0.159,0.313,0.245,18300000.0,507400000.0,1.0,123401588.0,124800000,126500000.0,14.9,833300000.0,0.0,131900000.0,248100000.0,6.677,113600000.0
11,EFX,MRY,2009-12-31,2009-12-31,2009-12-31,2021-10-21,-318700000.0,3550500000.0,3368675000.0,416800000.0,3133700000.0,0.509,12.678,-70700000.0,103100000.0,103100000.0,718800000.0,240500000.0,0.847,1.209,1174100000.0,183200000.0,990900000.0,1174100000.0,69800000.0,158800000.0,0.0,0.005,0.16,397500000.0,556300000.0,0.324,556300000.0,397500000.0,340500000.0,1.85,1.83,1.85,1601200000.0,1497825000.0,1601200000.0,4898102936.0,12.0,8.805,347700000.0,2.753,1.0,997200000.0,0.581,2725700000.0,57000000.0,1403600000.0,1300600000.0,0.0,0.0,0.0,0.0,1935500000.0,492200000.0,1443300000.0,3906702936.0,44900000.0,-199400000.0,-13600000.0,-70800000.0,-20200000.0,-108300000.0,-270100000.0,0.0,418400000.0,4900000.0,233900000.0,233900000.0,233900000.0,-16100000.0,6600000.0,0.136,615400000.0,381800000.0,35900000.0,0.086,2.44,16.702,16.697,319300000.0,0.0,30.89,2.277,2.274,258700000.0,2494200000.0,1716000000.0,1716000000.0,0.0,0.069,0.156,0.306,0.232,18300000.0,470200000.0,1.0,126471445.0,126300000,127900000.0,13.587,824800000.0,0.0,106600000.0,249300000.0,6.53,-75400000.0
12,EFX,MRY,2008-12-31,2008-12-31,2008-12-31,2021-10-21,-390600000.0,3260300000.0,3451850000.0,353800000.0,2906500000.0,0.525,10.245,-110500000.0,58200000.0,58200000.0,741800000.0,279000000.0,1.113,1.476,1219300000.0,31900000.0,1187400000.0,1219300000.0,65700000.0,155400000.0,0.0,0.006,0.16,463100000.0,618500000.0,0.341,618500000.0,463100000.0,391800000.0,2.13,2.09,2.13,1312400000.0,1418750000.0,1312400000.0,4588786648.0,10.0,7.419,337600000.0,2.635,1.0,1071800000.0,0.591,2537300000.0,71300000.0,1566100000.0,1706050000.0,0.0,0.0,0.0,0.0,1936800000.0,318000000.0,1618800000.0,3349686648.0,-23400000.0,-31100000.0,-141000000.0,-155300000.0,-20500000.0,-319100000.0,-141600000.0,0.0,448100000.0,-10800000.0,272800000.0,272800000.0,272800000.0,-24100000.0,6200000.0,0.15,632800000.0,439000000.0,29900000.0,0.075,2.552,12.279,12.451,286300000.0,0.0,26.52,1.847,1.873,253400000.0,2281000000.0,1813600000.0,1813600000.0,0.0,0.079,0.192,0.271,0.255,17800000.0,490600000.0,1.0,126307943.0,128100000,130400000.0,14.158,723000000.0,0.0,119000000.0,215300000.0,5.644,35800000.0
13,EFX,MRY,2007-12-31,2007-12-31,2007-12-31,2021-10-21,-170500000.0,3523900000.0,3112550000.0,425000000.0,3098900000.0,0.592,10.6,-118500000.0,81600000.0,81600000.0,757400000.0,278800000.0,0.777,1.519,1387300000.0,222100000.0,1165200000.0,1387300000.0,69900000.0,127700000.0,0.0,0.004,0.16,483100000.0,610800000.0,0.331,610800000.0,483100000.0,424600000.0,2.07,2.02,2.07,1399200000.0,1357875000.0,1399200000.0,6115748587.0,13.0,10.013,335000000.0,2.538,1.0,1085600000.0,0.589,2694800000.0,58500000.0,1587900000.0,1221750000.0,0.0,0.0,0.0,0.0,2124700000.0,546900000.0,1577800000.0,4793648587.0,13800000.0,-303800000.0,-687100000.0,688800000.0,-20700000.0,-21200000.0,-422300000.0,0.0,453500000.0,3800000.0,272700000.0,272700000.0,272700000.0,0.0,6100000.0,0.148,599400000.0,486200000.0,31100000.0,0.077,3.426,17.578,17.565,259500000.0,0.0,36.36,2.601,2.604,295800000.0,2030000000.0,1843000000.0,1843000000.0,0.0,0.088,0.201,0.395,0.262,17200000.0,471700000.0,1.0,131838520.0,132000000,135100000.0,13.962,829100000.0,0.0,151900000.0,277100000.0,6.281,-121900000.0
14,EFX,MRY,2006-12-31,2006-12-31,2006-12-31,2021-10-21,-232200000.0,1790600000.0,1861850000.0,345200000.0,1445400000.0,0.831,6.594,-52000000.0,67800000.0,67800000.0,626400000.0,274500000.0,0.593,1.136,503900000.0,330000000.0,173900000.0,503900000.0,62700000.0,82800000.0,0.0,0.004,0.16,447800000.0,530600000.0,0.343,530600000.0,447800000.0,415900000.0,2.16,2.12,2.16,838100000.0,876575000.0,838100000.0,5533047958.0,12.0,10.428,320100000.0,2.518,1.0,919900000.0,0.595,1179400000.0,31900000.0,465200000.0,792250000.0,0.0,0.0,0.0,0.0,952500000.0,582100000.0,370400000.0,5080147958.0,30300000.0,-34800000.0,-189100000.0,-52200000.0,-20300000.0,-255000000.0,-86800000.0,0.0,372100000.0,0.0,274500000.0,274500000.0,274500000.0,0.0,0.0,0.178,483800000.0,436100000.0,23500000.0,0.074,6.062,18.507,18.796,161900000.0,0.0,40.6,3.285,3.337,244800000.0,1778600000.0,1546300000.0,1546300000.0,0.0,0.147,0.313,0.565,0.29,19100000.0,401000000.0,1.0,125126797.0,127100000,129400000.0,12.166,611200000.0,0.0,141400000.0,70800000.0,4.809,-236900000.0
15,EFX,MRY,2005-12-31,2005-12-31,2005-12-31,2021-10-21,-157800000.0,1831500000.0,1721600000.0,280400000.0,1551100000.0,0.838,6.325,-46200000.0,37500000.0,37500000.0,594200000.0,246500000.0,0.952,1.233,556100000.0,92300000.0,463800000.0,556100000.0,49200000.0,82200000.0,0.0,0.004,0.15,426300000.0,508500000.0,0.352,508500000.0,426300000.0,390700000.0,1.9,1.86,1.9,820300000.0,676425000.0,820300000.0,5503693450.0,13.0,10.823,291600000.0,2.248,1.0,849200000.0,0.588,1149600000.0,35600000.0,906000000.0,787600000.0,0.0,0.0,0.0,0.0,1011200000.0,294500000.0,716700000.0,4937593450.0,-14600000.0,-121800000.0,-81200000.0,-92700000.0,-20200000.0,-193500000.0,-157900000.0,10100000.0,337800000.0,-1000000.0,246500000.0,246500000.0,246500000.0,0.0,0.0,0.171,427200000.0,422000000.0,5900000.0,0.079,6.019,20.031,20.011,156800000.0,0.0,38.02,3.421,3.416,216000000.0,1525100000.0,1443400000.0,1443400000.0,0.0,0.143,0.364,0.541,0.295,26300000.0,345000000.0,1.0,129868318.0,129700000,132200000.0,11.129,681900000.0,0.0,144200000.0,126100000.0,5.258,-14100000.0
16,EFX,MRY,2004-12-31,2004-12-31,2004-12-31,2021-10-21,-267000000.0,1557200000.0,1546600000.0,299600000.0,1257600000.0,0.823,3.988,-47500000.0,52100000.0,52100000.0,533900000.0,234700000.0,0.656,1.974,654200000.0,255700000.0,398500000.0,654200000.0,33800000.0,78700000.0,0.0,0.004,0.11,417500000.0,496200000.0,0.39,496200000.0,417500000.0,382600000.0,1.79,1.76,1.79,523600000.0,451950000.0,523600000.0,4454058385.0,11.0,8.976,261500000.0,1.992,1.0,738900000.0,0.581,1028800000.0,34900000.0,673600000.0,870100000.0,0.0,0.0,0.0,0.0,1033600000.0,456900000.0,576700000.0,3795958385.0,14000000.0,-17400000.0,-109900000.0,-161100000.0,-15000000.0,-289000000.0,-6500000.0,59400000.0,309000000.0,-1200000.0,234700000.0,234700000.0,234700000.0,2600000.0,0.0,0.184,363100000.0,375800000.0,9700000.0,0.061,7.25,16.174,15.698,138300000.0,0.0,28.1,2.982,2.899,195100000.0,1298800000.0,1272800000.0,1272800000.0,0.0,0.152,0.519,0.48,0.328,8300000.0,284400000.0,1.0,135087487.0,131300000,133500000.0,9.694,528400000.0,13200000.0,147900000.0,38600000.0,4.024,-157300000.0
17,EFX,MRY,2003-12-31,2003-12-31,2003-12-31,2021-10-21,-296100000.0,1553300000.0,1578200000.0,285900000.0,1267400000.0,0.767,2.762,-14200000.0,38100000.0,38100000.0,499700000.0,164900000.0,0.806,3.181,823500000.0,160500000.0,663000000.0,823500000.0,12000000.0,90400000.0,0.0,0.003,0.08,309100000.0,399500000.0,0.33,399500000.0,309100000.0,269500000.0,1.23,1.21,1.23,371500000.0,324725000.0,371500000.0,4242481110.0,14.0,10.619,279500000.0,2.078,1.0,711000000.0,0.587,1020500000.0,39600000.0,963400000.0,1149975000.0,0.0,0.0,0.0,0.0,1181800000.0,354800000.0,827000000.0,3407381110.0,8700000.0,-40700000.0,-75400000.0,-105600000.0,-11300000.0,-195300000.0,-98800000.0,0.0,293700000.0,8300000.0,164900000.0,164900000.0,164900000.0,15800000.0,0.0,0.136,396800000.0,314200000.0,12500000.0,0.065,9.172,20.663,19.919,146600000.0,0.0,24.5,2.814,2.722,185500000.0,1079000000.0,1210700000.0,1210700000.0,0.0,0.104,0.508,0.269,0.255,8000000.0,275800000.0,1.0,139076780.0,134500000,136700000.0,9.001,532800000.0,14400000.0,104600000.0,19300000.0,3.961,-68900000.0
18,EFX,MRY,2002-12-31,2002-12-31,2002-12-31,2021-10-21,-359400000.0,1506900000.0,1475600000.0,285600000.0,1221300000.0,0.742,1.623,-12500000.0,30500000.0,30500000.0,416400000.0,178000000.0,0.667,5.819,924500000.0,233900000.0,690600000.0,924500000.0,11700000.0,79700000.0,0.0,0.003,0.08,343600000.0,423300000.0,0.386,423300000.0,343600000.0,302400000.0,1.31,1.28,1.31,221000000.0,261275000.0,221000000.0,4156919759.0,12.0,9.82,237100000.0,1.741,1.0,678900000.0,0.62,915900000.0,41200000.0,1057100000.0,1086575000.0,0.0,0.0,0.0,0.0,1285900000.0,427900000.0,858000000.0,3292019759.0,-3600000.0,-285100000.0,-45600000.0,148700000.0,-11400000.0,92600000.0,-340600000.0,-100000.0,249600000.0,-2800000.0,178000000.0,178000000.0,178000000.0,13700000.0,0.0,0.163,326400000.0,352500000.0,16500000.0,0.061,14.896,18.494,17.664,50600000.0,0.0,23.14,3.006,2.877,200600000.0,925400000.0,1095300000.0,1095300000.0,0.0,0.121,0.681,0.316,0.314,6600000.0,246700000.0,1.0,142265331.0,136200000,138500000.0,8.042,591000000.0,20900000.0,124400000.0,25900000.0,4.339,-142300000.0
19,EFX,MRY,2001-12-31,2001-12-31,2001-12-31,2021-10-21,-197200000.0,1422600000.0,1730470000.0,358000000.0,1064600000.0,0.658,1.78,-13000000.0,33200000.0,33200000.0,451000000.0,122500000.0,1.298,4.842,755600000.0,62000000.0,693600000.0,755600000.0,17200000.0,106200000.0,0.0,0.009,0.225,255600000.0,361800000.0,0.318,361800000.0,255600000.0,207800000.0,0.9,0.88,0.9,243500000.0,344629750.0,243500000.0,4247112259.0,17.0,11.739,242100000.0,1.77,1.0,688000000.0,0.604,723500000.0,47800000.0,1145600000.0,1518675250.0,0.0,0.0,0.0,0.0,1179100000.0,275900000.0,903200000.0,3498784259.0,-26400000.0,-41200000.0,-5900000.0,-289600000.0,-32300000.0,-325500000.0,-106500000.0,-25200000.0,255100000.0,-5600000.0,122500000.0,122500000.0,122500000.0,-5200000.0,0.0,0.108,434200000.0,253800000.0,13200000.0,0.25,14.369,28.562,26.833,55200000.0,0.0,24.15,3.072,2.901,266200000.0,758800000.0,1139000000.0,1139000000.0,0.0,0.071,0.355,0.168,0.224,4500000.0,267600000.0,1.0,144877195.0,136800000,139000000.0,8.326,699100000.0,26400000.0,85300000.0,88600000.0,5.11,82100000.0
20,EFX,MRY,2000-12-31,2000-12-31,2000-12-31,2021-10-21,-206100000.0,1893100000.0,1967937000.0,403800000.0,1489300000.0,0.604,2.854,-26000000.0,59600000.0,59600000.0,513200000.0,228000000.0,1.512,3.935,1047600000.0,54200000.0,993400000.0,1047600000.0,32900000.0,106200000.0,0.0,0.013,0.37,392100000.0,498300000.0,0.419,498300000.0,392100000.0,336300000.0,1.7,1.68,1.7,383600000.0,301591000.0,383600000.0,5157892383.0,13.0,10.351,166800000.0,1.241,1.0,676000000.0,0.568,766400000.0,55800000.0,1847600000.0,1706563750.0,0.0,0.0,0.0,0.0,1509500000.0,267100000.0,1242400000.0,4063253383.0,-43400000.0,-189200000.0,16700000.0,48700000.0,-52300000.0,16400000.0,-263000000.0,-10200000.0,192800000.0,-5300000.0,228000000.0,228000000.0,228000000.0,-86900000.0,0.0,0.192,367400000.0,308600000.0,16800000.0,0.218,10.592,17.821,16.876,66000000.0,0.0,28.69,3.417,3.242,292200000.0,902500000.0,1189200000.0,1189200000.0,0.0,0.116,0.756,0.23,0.33,5600000.0,261200000.0,1.0,141626120.0,134400000,136000000.0,8.848,1126700000.0,18400000.0,108300000.0,96500000.0,8.383,136700000.0
21,EFX,MRY,1999-12-31,1999-12-31,1999-12-31,2021-10-21,-161982000.0,1839781000.0,1755645750.0,609433000.0,1230348000.0,0.622,1.568,-29600000.0,136596000.0,136596000.0,559900000.0,215900000.0,1.207,7.532,1013574000.0,79866000.0,933708000.0,1013574000.0,22547000.0,89600000.0,0.0,0.015,0.362,358000000.0,447600000.0,0.41,447600000.0,358000000.0,315800000.0,1.57,1.55,1.57,215625000.0,215064500.0,215625000.0,4163582399.0,12.0,9.302,159000000.0,1.156,1.0,532800000.0,0.488,770252000.0,42200000.0,1441712000.0,1411473750.0,0.0,0.0,0.0,0.0,1624156000.0,504795000.0,1119361000.0,3318099399.0,35200000.0,-16100000.0,-203200000.0,97900000.0,-52000000.0,-154200000.0,-86800000.0,0.0,188600000.0,-7200000.0,215900000.0,215900000.0,215900000.0,-68200000.0,0.0,0.198,246500000.0,286300000.0,177427000.0,0.231,15.388,15.369,14.943,115490000.0,0.0,23.46,3.037,2.952,390682000.0,726827000.0,1092700000.0,1092700000.0,0.0,0.123,1.004,0.254,0.328,2000000.0,246500000.0,1.0,141436462.0,137500000,139600000.0,7.947,1069529000.0,28015000.0,99900000.0,85137000.0,7.778,104638000.0
22,EFX,MRY,1998-12-31,1998-12-31,1998-12-31,2021-10-21,-35063000.0,1828795000.0,1582113250.0,520365000.0,1308430000.0,1.025,2.592,-44921000.0,90617000.0,90617000.0,943833000.0,193433000.0,1.241,3.99,916873000.0,47387000.0,869486000.0,916873000.0,32465000.0,103825000.0,0.0,0.01,0.353,369946000.0,473771000.0,0.292,473771000.0,369946000.0,327245000.0,1.37,1.34,1.37,366466000.0,363159500.0,366466000.0,5854662322.0,16.0,12.358,252292000.0,1.784,1.0,677145000.0,0.418,893135000.0,42701000.0,1342737000.0,1087132500.0,0.0,0.0,0.0,0.0,1462329000.0,419179000.0,1043150000.0,5041191322.0,38366000.0,-488341000.0,-149552000.0,549364000.0,-52063000.0,351368000.0,-607673000.0,0.0,297213000.0,-2542000.0,193433000.0,193433000.0,193433000.0,0.0,0.0,0.119,311493000.0,365652000.0,107346000.0,0.258,13.756,26.062,24.956,119338000.0,0.0,34.19,3.11,2.982,353105000.0,562911000.0,1620978000.0,1620978000.0,0.0,0.122,0.533,0.34,0.228,8085000.0,311493000.0,1.0,147446368.0,141397000,144403000.0,11.464,935660000.0,26223000.0,133812000.0,59650000.0,6.617,101186000.0
23,EFX,MRY,1997-12-31,1997-12-31,1997-12-31,2021-10-21,-20076000.0,1177104000.0,1192311000.0,400932000.0,776172000.0,1.146,2.422,-34587000.0,52251000.0,52251000.0,778936000.0,183737000.0,1.224,2.369,352285000.0,12984000.0,339301000.0,352285000.0,42848000.0,77069000.0,0.0,0.01,0.345,342147000.0,419216000.0,0.307,419216000.0,342147000.0,321350000.0,1.27,1.24,1.27,349397000.0,407489750.0,349397000.0,5567212572.0,16.0,13.28,175498000.0,1.217,1.0,587151000.0,0.43,468709000.0,20797000.0,680820000.0,738591500.0,0.0,0.0,0.0,0.0,827707000.0,327609000.0,500098000.0,5322146572.0,4091000.0,-34471000.0,-110742000.0,-16741000.0,-52030000.0,-168428000.0,-120510000.0,0.0,210085000.0,196000.0,183737000.0,183737000.0,183737000.0,-1449000.0,0.0,0.134,288243000.0,298908000.0,94682000.0,0.272,15.232,28.966,27.906,94734000.0,0.0,35.44,3.896,3.742,270665000.0,421541000.0,1366087000.0,1366087000.0,0.0,0.154,0.451,0.463,0.25,0.0,263243000.0,1.0,150173436.0,144233000,147818000.0,9.471,708395000.0,39221000.0,137613000.0,13827000.0,4.911,73323000.0
24,EFX,MRY,1996-12-31,1996-12-31,1996-12-31,2021-10-21,-3913000.0,1207518000.0,1130606500.0,345108000.0,862410000.0,1.082,2.92,-38099000.0,48160000.0,48160000.0,697168000.0,177617000.0,1.047,1.842,364505000.0,59563000.0,304942000.0,364505000.0,42964000.0,67475000.0,0.0,0.011,0.33,303508000.0,370983000.0,0.303,370983000.0,303508000.0,287069000.0,1.22,1.19,1.22,424950000.0,389186000.0,424950000.0,,,,232930000.0,1.601,1.0,525630000.0,0.43,397785000.0,16439000.0,796363000.0,733976000.0,0.0,0.0,0.0,0.0,782568000.0,329715000.0,452853000.0,4652731536.0,22669000.0,-34028000.0,-79605000.0,32885000.0,-49704000.0,-86457000.0,-93962000.0,18356000.0,271029000.0,-1023000.0,177617000.0,177617000.0,177617000.0,-24520000.0,0.0,0.145,269042000.0,256588000.0,71801000.0,0.27,10.949,26.195,25.098,86864000.0,0.0,30.62,3.805,3.644,227540000.0,396340000.0,1222798000.0,1222798000.0,0.0,0.157,0.456,0.414,0.248,0.0,258729000.0,1.0,151950736.0,145518000,149207000.0,8.403,809733000.0,33016000.0,109452000.0,18321000.0,5.564,15393000.0
25,EFX,MRY,1995-12-31,1995-12-31,1995-12-31,2021-10-21,-13777000.0,1053695000.0,,366676000.0,687019000.0,,2.335,-26333000.0,26136000.0,26136000.0,651304000.0,147650000.0,1.463,1.981,323049000.0,20384000.0,302665000.0,323049000.0,0.0,63724000.0,0.0,0.015,0.315,253347000.0,317071000.0,0.287,317071000.0,253347000.0,238005000.0,0.98,0.96,0.98,353422000.0,,353422000.0,,,,113375000.0,0.749,1.0,454005000.0,0.411,428399000.0,15342000.0,671589000.0,,0.0,0.0,0.0,0.0,700273000.0,250620000.0,449653000.0,,-51641000.0,-21236000.0,-116072000.0,26677000.0,-50223000.0,-51641000.0,-69681000.0,0.0,139708000.0,1041000.0,147650000.0,147650000.0,147650000.0,-14865000.0,0.0,0.134,222858000.0,231147000.0,62194000.0,0.321,,,21.816,87848000.0,0.0,21.38,,2.928,258335000.0,269986000.0,1105309000.0,1105309000.0,0.0,,,,0.229,0.0,232101000.0,1.0,,151357000,154375000.0,7.303,625296000.0,30594000.0,90355000.0,0.0,4.131,116056000.0
26,EFX,MRY,1994-12-31,1994-12-31,1994-12-31,2021-10-21,,,,,,,,36906000.0,,,905307000.0,120346000.0,,,,,,,,66496000.0,,0.023,0.302,223101000.0,289597000.0,0.204,289597000.0,223101000.0,207477000.0,0.81,,0.81,,,,,,,199511000.0,1.343,1.0,516689000.0,0.363,,15624000.0,,,,,,,,,,,-6195000.0,-159831000.0,-46199000.0,59852000.0,-47161000.0,-29653000.0,-135088000.0,0.0,162605000.0,-4059000.0,120346000.0,120346000.0,120346000.0,0.0,0.0,0.085,302582000.0,214107000.0,,0.373,,,16.284,,0.0,13.19,,1.378,,,1421996000.0,1421996000.0,0.0,,,,0.157,0.0,302582000.0,1.0,,148608000,,9.569,,,87131000.0,,,
0,EFX,MRQ,2021-09-30,2021-09-30,2021-09-30,2021-10-21,-255700000.0,11083300000.0,,2890300000.0,8193000000.0,,29.034,-97400000.0,2025500000.0,2025500000.0,489000000.0,206600000.0,1.532,2.127,5470000000.0,500600000.0,4969400000.0,5470000000.0,108100000.0,118500000.0,0.0,0.006,0.39,299200000.0,417700000.0,0.342,417700000.0,299200000.0,264200000.0,1.68,1.66,1.68,3539200000.0,,3539200000.0,34299502737.0,32.0,22.579,301000000.0,2.469,1.0,733900000.0,0.6,6535800000.0,35000000.0,6105100000.0,,0.0,0.0,0.0,0.0,7528200000.0,1886900000.0,5641300000.0,30876002737.0,1567400000.0,-247300000.0,8300000.0,1583800000.0,-47600000.0,1522700000.0,-344700000.0,0.0,398400000.0,-9000000.0,205400000.0,205400000.0,205400000.0,0.0,1200000.0,0.168,460700000.0,273200000.0,192500000.0,0.232,8.724,43.518,43.468,1252900000.0,0.0,253.42,6.447,6.45,694600000.0,4677400000.0,1222900000.0,1222900000.0,0.0,,,,,10900000.0,344200000.0,1.0,121837277.0,121900000,123700000.0,10.032,4547500000.0,0.0,58800000.0,372600000.0,37.305,1003400000.0
1,EFX,MRQ,2021-06-30,2021-06-30,2021-06-30,2021-10-21,-156800000.0,9340300000.0,,1329500000.0,8010800000.0,,28.411,-122500000.0,458100000.0,458100000.0,483000000.0,215900000.0,0.709,1.688,3881600000.0,600700000.0,3280900000.0,3881600000.0,110200000.0,119700000.0,0.0,0.007,0.39,311200000.0,430900000.0,0.349,430900000.0,311200000.0,276300000.0,1.77,1.74,1.77,3460500000.0,,3460500000.0,32762772002.0,30.0,21.176,285200000.0,2.342,1.0,751800000.0,0.609,6402200000.0,34900000.0,4486400000.0,,0.0,0.0,0.0,0.0,5841700000.0,1875200000.0,3966500000.0,29148972002.0,-307800000.0,400000.0,-17300000.0,-500000000.0,-47500000.0,-591700000.0,-122100000.0,0.0,407700000.0,-1700000.0,215100000.0,215100000.0,215100000.0,0.0,800000.0,0.174,445800000.0,306000000.0,171300000.0,0.22,8.423,39.788,39.72,1215600000.0,0.0,239.51,6.289,6.294,694000000.0,4505700000.0,1234800000.0,1234800000.0,0.0,,,,,13200000.0,328400000.0,1.0,121702526.0,121800000,123500000.0,10.138,2938100000.0,0.0,61200000.0,378300000.0,24.122,-545700000.0
2,EFX,MRQ,2021-03-31,2021-03-31,2021-03-31,2021-10-21,-161300000.0,9669400000.0,,1665000000.0,8004400000.0,,27.241,-113000000.0,765900000.0,765900000.0,483300000.0,202900000.0,0.711,1.902,4379700000.0,1100600000.0,3279100000.0,4379700000.0,117100000.0,116700000.0,0.0,0.009,0.39,304400000.0,421100000.0,0.347,421100000.0,304400000.0,267200000.0,1.66,1.64,1.66,3318000000.0,,3318000000.0,24753275293.0,26.0,17.951,30400000.0,0.25,1.0,729700000.0,0.602,6450000000.0,37200000.0,4491500000.0,,0.0,0.0,0.0,0.0,6312400000.0,2341700000.0,3970700000.0,22059475293.0,-918700000.0,-860500000.0,-27500000.0,-700000.0,-47500000.0,-88600000.0,-973500000.0,0.0,143400000.0,0.0,201600000.0,201600000.0,201600000.0,0.0,1300000.0,0.166,423100000.0,306600000.0,173000000.0,0.235,6.648,35.712,35.585,1174800000.0,0.0,181.13,5.033,5.034,708800000.0,4342000000.0,1213000000.0,1213000000.0,0.0,,,,,20700000.0,308800000.0,1.0,121788082.0,121800000,123200000.0,9.959,3219400000.0,0.0,65600000.0,380700000.0,26.432,-676700000.0
3,EFX,MRQ,2020-12-31,2020-12-31,2020-12-31,2021-10-21,-171400000.0,9611800000.0,,2478300000.0,7133500000.0,,26.077,-111800000.0,1684600000.0,1684600000.0,480800000.0,90600000.0,0.998,2.02,4378400000.0,1101100000.0,3277300000.0,4378400000.0,108300000.0,104100000.0,0.0,0.008,0.39,145300000.0,249400000.0,0.223,249400000.0,145300000.0,108400000.0,0.72,0.72,0.72,3168400000.0,,3168400000.0,26299427442.0,32.0,21.557,185400000.0,1.526,1.0,637700000.0,0.57,5588500000.0,36900000.0,4234000000.0,,0.0,0.0,0.0,0.0,6401500000.0,2483100000.0,3918400000.0,23457627442.0,149000000.0,0.0,11800000.0,-1000000.0,-47400000.0,-54500000.0,-111800000.0,0.0,297200000.0,18100000.0,87400000.0,87400000.0,87400000.0,0.0,3200000.0,0.078,468200000.0,169500000.0,159100000.0,0.542,7.404,45.102,45.056,1139400000.0,0.0,192.84,5.683,5.677,630600000.0,4185400000.0,1118500000.0,1118500000.0,0.0,,,,,10800000.0,366600000.0,1.0,121642955.0,121500000,122800000.0,9.206,4023300000.0,0.0,21000000.0,332300000.0,33.114,-4800000.0
4,EFX,MRQ,2020-09-30,2020-09-30,2020-09-30,2021-10-21,-628500000.0,9249800000.0,,2311600000.0,6938200000.0,,24.107,-116700000.0,1535600000.0,1535600000.0,433200000.0,229300000.0,0.967,2.145,4377400000.0,1102100000.0,3275300000.0,4377400000.0,103500000.0,103100000.0,0.0,0.01,0.39,342700000.0,445800000.0,0.417,445800000.0,342700000.0,305300000.0,1.88,1.86,1.88,2929000000.0,,2929000000.0,22085074846.0,29.0,19.25,250300000.0,2.06,1.0,635100000.0,0.594,5462200000.0,37400000.0,4238400000.0,,0.0,0.0,0.0,0.0,6283000000.0,2391000000.0,3892000000.0,19056674846.0,188200000.0,-13300000.0,7000000.0,-500000.0,-47500000.0,-51000000.0,-130000000.0,0.0,367000000.0,2200000.0,228500000.0,228500000.0,228500000.0,0.0,800000.0,0.214,430700000.0,204400000.0,159500000.0,0.207,6.506,40.589,40.543,1070600000.0,0.0,156.9,4.868,4.87,605900000.0,4423100000.0,1068300000.0,1068300000.0,0.0,,,,,12200000.0,330000000.0,1.0,121457456.0,121500000,123000000.0,8.793,3787600000.0,0.0,76800000.0,339900000.0,31.174,-79400000.0
5,EFX,MRQ,2020-06-30,2020-06-30,2020-06-30,2021-10-21,-681700000.0,8832800000.0,,2104900000.0,6727900000.0,,22.192,-104800000.0,1347400000.0,1347400000.0,409300000.0,100400000.0,1.271,2.264,4375800000.0,503700000.0,3872100000.0,4375800000.0,98600000.0,97800000.0,0.0,0.009,0.39,164800000.0,262600000.0,0.267,262600000.0,164800000.0,128200000.0,0.83,0.82,0.83,2694100000.0,,2694100000.0,24001977348.0,44.0,26.367,146400000.0,1.206,1.0,573500000.0,0.584,5430400000.0,36600000.0,4774400000.0,,0.0,0.0,0.0,0.0,6098500000.0,1656400000.0,4442100000.0,20863677348.0,977500000.0,-10000000.0,6200000.0,865700000.0,-47300000.0,823600000.0,-114800000.0,0.0,251200000.0,17500000.0,100200000.0,100200000.0,100200000.0,0.0,200000.0,0.102,406700000.0,166800000.0,149400000.0,0.47,7.744,64.774,64.617,1017200000.0,0.0,171.88,5.605,5.606,592500000.0,4248000000.0,982800000.0,982800000.0,0.0,,,,,12900000.0,309900000.0,1.0,121385137.0,121400000,122700000.0,8.096,3402400000.0,0.0,28000000.0,287900000.0,28.026,448500000.0
6,EFX,MRQ,2020-03-31,2020-03-31,2020-03-31,2021-10-21,-918900000.0,7622800000.0,,1149000000.0,6473800000.0,,19.674,-88000000.0,369900000.0,369900000.0,414100000.0,118800000.0,1.005,2.176,3508200000.0,3100000.0,3505100000.0,3508200000.0,111100000.0,94300000.0,0.0,0.013,0.39,185100000.0,279400000.0,0.292,279400000.0,185100000.0,154400000.0,0.96,0.95,0.96,2386500000.0,,2386500000.0,17462906993.0,35.0,20.625,-57200000.0,-0.472,1.0,543800000.0,0.568,5252700000.0,30700000.0,4364600000.0,,0.0,0.0,0.0,0.0,5193000000.0,1143800000.0,4049200000.0,14481606993.0,-31400000.0,-48100000.0,16700000.0,123600000.0,-47300000.0,92700000.0,-136100000.0,0.0,30800000.0,-18800000.0,116900000.0,116900000.0,116900000.0,0.0,1900000.0,0.122,407900000.0,135900000.0,170900000.0,0.406,6.068,50.161,50.189,962100000.0,0.0,119.45,4.001,4.003,605500000.0,4196900000.0,957900000.0,957900000.0,0.0,,,,,18800000.0,316000000.0,1.0,121235722.0,121300000,122600000.0,7.897,2370100000.0,0.0,37500000.0,263400000.0,19.539,5200000.0
7,EFX,MRQ,2019-12-31,2019-12-31,2019-12-31,2021-10-21,-354400000.0,7909000000.0,,1209400000.0,6699600000.0,,21.328,-93900000.0,401300000.0,401300000.0,382800000.0,25500000.0,0.89,2.05,3382600000.0,3100000.0,3379500000.0,3382600000.0,104000000.0,88500000.0,0.0,0.011,0.39,71000000.0,159500000.0,0.176,159500000.0,71000000.0,41600000.0,0.2,0.21,0.2,2578600000.0,,2578600000.0,20005403766.0,-65.0,685.117,136800000.0,1.132,1.0,523000000.0,0.577,5447800000.0,29400000.0,4083400000.0,,0.0,0.0,0.0,0.0,5286100000.0,1359100000.0,3927000000.0,16966203766.0,233800000.0,-38100000.0,7000000.0,174400000.0,-47300000.0,131500000.0,-132000000.0,0.0,230700000.0,3600000.0,23900000.0,23900000.0,23900000.0,0.0,1600000.0,0.026,475900000.0,47100000.0,148300000.0,1.95,6.58,-44.171,-44.063,947600000.0,0.0,140.12,4.837,4.83,532100000.0,3854600000.0,905800000.0,905800000.0,0.0,,,,,9100000.0,389000000.0,1.0,121083384.0,120900000,122000000.0,7.492,2461200000.0,0.0,17700000.0,248000000.0,20.357,-149700000.0
8,EFX,MRQ,2019-09-30,2019-09-30,2019-09-30,2021-10-21,-717500000.0,7430700000.0,,853000000.0,6577700000.0,,20.792,-97200000.0,167500000.0,167500000.0,374500000.0,82500000.0,0.572,1.936,3206700000.0,372000000.0,2834700000.0,3206700000.0,97900000.0,85700000.0,0.0,0.011,0.39,123100000.0,208800000.0,0.238,208800000.0,123100000.0,95100000.0,0.67,0.66,0.67,2515800000.0,,2515800000.0,19734598560.0,-63.0,1333.419,-262100000.0,-2.166,1.0,501200000.0,0.572,5374100000.0,28000000.0,3604000000.0,,0.0,0.0,0.0,0.0,4871600000.0,1491800000.0,3379800000.0,17004798560.0,31700000.0,0.0,9200000.0,339800000.0,-47200000.0,296600000.0,-97200000.0,0.0,-164900000.0,-2800000.0,81100000.0,81100000.0,81100000.0,0.0,1400000.0,0.093,379600000.0,121600000.0,135400000.0,0.582,6.759,-45.761,-45.672,904500000.0,0.0,140.67,4.947,4.952,516600000.0,4170400000.0,875700000.0,875700000.0,0.0,,,,,10800000.0,295500000.0,1.0,120884329.0,121000000,122300000.0,7.237,2056600000.0,0.0,14000000.0,250300000.0,16.997,-638800000.0
9,EFX,MRQ,2019-06-30,2019-06-30,2019-06-30,2021-10-21,-640000000.0,7473500000.0,,813800000.0,6659700000.0,,21.055,-93700000.0,135800000.0,135800000.0,376900000.0,68300000.0,0.543,1.921,2865600000.0,32300000.0,2833300000.0,2865600000.0,97100000.0,83900000.0,0.0,0.012,0.39,115100000.0,199000000.0,0.226,199000000.0,115100000.0,87500000.0,0.55,0.55,0.55,2543400000.0,,2543400000.0,18933635867.0,-51.0,-364.108,123300000.0,1.021,1.0,503100000.0,0.572,5481500000.0,27600000.0,3223900000.0,,0.0,0.0,0.0,0.0,4885600000.0,1497900000.0,3387700000.0,16340235867.0,2600000.0,-210000000.0,4200000.0,137500000.0,-47100000.0,89700000.0,-303700000.0,0.0,217000000.0,-400000.0,66800000.0,66800000.0,66800000.0,0.0,1500000.0,0.076,389300000.0,113800000.0,156900000.0,0.709,6.425,-39.441,-39.429,872500000.0,0.0,135.24,4.812,4.811,502600000.0,4135500000.0,880000000.0,880000000.0,0.0,,,,,11700000.0,306800000.0,1.0,120823986.0,120800000,122000000.0,7.285,1992000000.0,0.0,20700000.0,249900000.0,16.49,-684100000.0
10,EFX,MRQ,2019-03-31,2019-03-31,2019-03-31,2021-10-21,-585900000.0,7335700000.0,,864700000.0,6471000000.0,,21.224,-114800000.0,133200000.0,133200000.0,387500000.0,-554400000.0,0.568,1.844,2726600000.0,69700000.0,2656900000.0,2726600000.0,107800000.0,79200000.0,0.0,0.013,0.39,-617300000.0,-538100000.0,-0.636,-538100000.0,-617300000.0,-644000000.0,-4.6,-4.57,-4.6,2561700000.0,,2561700000.0,16714836728.0,-57.0,759.765,-83800000.0,-0.694,1.0,458600000.0,0.542,5348600000.0,26700000.0,3057500000.0,,0.0,0.0,0.0,0.0,4724800000.0,1523000000.0,3201800000.0,14302936728.0,-90400000.0,-49800000.0,1900000.0,89700000.0,-47100000.0,40100000.0,-164600000.0,0.0,31000000.0,3100000.0,-555900000.0,-555900000.0,-555900000.0,0.0,1500000.0,-0.657,1076500000.0,-617900000.0,170700000.0,-0.085,5.583,-42.53,-42.626,818100000.0,0.0,118.5,4.216,4.216,514000000.0,4115400000.0,846100000.0,846100000.0,0.0,,,,,18100000.0,998900000.0,1.0,120699888.0,120700000,121600000.0,7.01,1987100000.0,0.0,-88100000.0,229300000.0,16.463,-658300000.0
11,EFX,MRQ,2018-12-31,2018-12-31,2018-12-31,2021-10-21,-626300000.0,7153200000.0,,902300000.0,6250900000.0,,25.812,-113800000.0,223600000.0,223600000.0,372300000.0,37500000.0,1.091,1.286,2635500000.0,4900000.0,2630600000.0,2635500000.0,98000000.0,80600000.0,0.0,0.017,0.39,64500000.0,145100000.0,0.174,145100000.0,64500000.0,38000000.0,0.3,0.3,0.3,3107800000.0,,3107800000.0,13608256921.0,29.0,17.373,51000000.0,0.424,1.0,463000000.0,0.554,5323700000.0,26500000.0,3414600000.0,,0.0,0.0,0.0,0.0,3997500000.0,826800000.0,3170700000.0,11229156921.0,-29800000.0,-22500000.0,500000.0,1500000.0,-47100000.0,-55000000.0,-136300000.0,0.0,164800000.0,-3300000.0,36400000.0,36400000.0,36400000.0,0.0,1100000.0,0.044,416900000.0,46100000.0,175700000.0,1.3,3.613,36.165,36.097,764800000.0,0.0,93.13,3.291,3.286,469100000.0,4717800000.0,835300000.0,835300000.0,0.0,,,,,9700000.0,337800000.0,1.0,120575077.0,120400000,121400000.0,6.938,1829500000.0,0.0,1600000.0,316200000.0,15.195,75500000.0
12,EFX,MRQ,2018-09-30,2018-09-30,2018-09-30,2021-10-21,-561400000.0,7134000000.0,,887500000.0,6246500000.0,,26.427,-89400000.0,253400000.0,253400000.0,376700000.0,39600000.0,1.193,1.222,2632500000.0,3100000.0,2629400000.0,2632500000.0,104900000.0,77800000.0,0.0,0.012,0.39,64200000.0,142000000.0,0.17,142000000.0,64200000.0,37500000.0,0.32,0.32,0.32,3184500000.0,,3184500000.0,18027216776.0,30.0,19.917,63200000.0,0.524,1.0,457500000.0,0.548,5390500000.0,26700000.0,3378400000.0,,0.0,0.0,0.0,0.0,3892500000.0,744200000.0,3148300000.0,15722216776.0,-74000000.0,-92000000.0,5600000.0,-1300000.0,-46900000.0,-51000000.0,-175800000.0,0.0,152600000.0,200000.0,38400000.0,38400000.0,38400000.0,0.0,1200000.0,0.046,393400000.0,64100000.0,139600000.0,1.219,4.937,35.22,35.099,695200000.0,0.0,130.57,4.603,4.607,467900000.0,4740100000.0,834200000.0,834200000.0,0.0,,,,,12100000.0,317500000.0,1.0,120412168.0,120500000,121600000.0,6.923,1743500000.0,0.0,-900000.0,298600000.0,14.469,143300000.0
13,EFX,MRQ,2018-06-30,2018-06-30,2018-06-30,2021-10-21,-522000000.0,7116900000.0,,948800000.0,6168100000.0,,26.788,-62500000.0,327400000.0,327400000.0,348600000.0,146100000.0,1.4,1.191,2632400000.0,4000000.0,2628400000.0,2632400000.0,101500000.0,78500000.0,0.0,0.012,0.39,194500000.0,273000000.0,0.311,273000000.0,194500000.0,168100000.0,1.2,1.19,1.2,3222600000.0,,3222600000.0,17427586414.0,25.0,17.613,172700000.0,1.436,1.0,528300000.0,0.602,5385600000.0,26400000.0,3358700000.0,,0.0,0.0,0.0,0.0,3837200000.0,677600000.0,3159600000.0,15048786414.0,78100000.0,-16800000.0,3500000.0,4100000.0,-47000000.0,-66700000.0,-79300000.0,0.0,235200000.0,-11100000.0,144800000.0,144800000.0,144800000.0,0.0,1300000.0,0.165,334700000.0,193600000.0,121400000.0,0.325,4.67,29.841,29.788,636500000.0,0.0,125.11,4.406,4.406,473500000.0,4748300000.0,876900000.0,876900000.0,0.0,,,,,7900000.0,257500000.0,1.0,120284441.0,120300000,121400000.0,7.289,1731300000.0,0.0,23300000.0,293200000.0,14.392,271200000.0
14,EFX,MRQ,2018-03-31,2018-03-31,2018-03-31,2021-10-21,-366800000.0,7196100000.0,,917400000.0,6278700000.0,,27.244,-56200000.0,249300000.0,249300000.0,342800000.0,93800000.0,0.596,1.178,2628100000.0,888500000.0,1739600000.0,2628100000.0,110700000.0,79000000.0,0.0,0.013,0.39,144200000.0,223200000.0,0.258,223200000.0,144200000.0,120300000.0,0.76,0.75,0.76,3274700000.0,,3274700000.0,16519693360.0,22.0,15.69,63400000.0,0.527,1.0,522900000.0,0.604,5535500000.0,23900000.0,2500500000.0,,0.0,0.0,0.0,0.0,3859200000.0,1538900000.0,2320300000.0,14151793360.0,-87100000.0,-13900000.0,2200000.0,-76800000.0,-46900000.0,-138300000.0,-70100000.0,0.0,119600000.0,1700000.0,90900000.0,90900000.0,90900000.0,0.0,2900000.0,0.105,378700000.0,144200000.0,106700000.0,0.513,4.322,26.961,26.959,590900000.0,0.0,117.81,4.168,4.17,487500000.0,4653100000.0,865700000.0,865700000.0,0.0,,,,,12800000.0,300500000.0,1.0,120123872.0,120200000,121300000.0,7.202,1660600000.0,0.0,29400000.0,304900000.0,13.815,-621500000.0
15,EFX,MRQ,2017-12-31,2017-12-31,2017-12-31,2021-10-21,-412000000.0,7233400000.0,,998400000.0,6235000000.0,,26.431,-60700000.0,336400000.0,336400000.0,318900000.0,174500000.0,0.597,1.258,2704300000.0,965300000.0,1739000000.0,2704300000.0,108400000.0,74200000.0,0.0,0.013,0.39,192700000.0,266900000.0,0.318,266900000.0,192700000.0,170100000.0,1.44,1.42,1.44,3174400000.0,,3174400000.0,16550860018.0,20.0,14.783,146600000.0,1.221,1.0,519600000.0,0.62,5526000000.0,22600000.0,2401800000.0,,0.0,0.0,0.0,0.0,3994400000.0,1673500000.0,2320900000.0,14159760018.0,21000000.0,-62600000.0,400000.0,-2800000.0,-46700000.0,-60900000.0,-123300000.0,0.0,207300000.0,-2100000.0,172300000.0,172300000.0,172300000.0,0.0,2200000.0,0.205,327100000.0,192500000.0,110300000.0,0.271,4.461,24.11,24.115,567000000.0,0.0,117.92,4.211,4.212,444800000.0,4600600000.0,838500000.0,838500000.0,0.0,,,,,3700000.0,253500000.0,1.0,120079376.0,120100000,121500000.0,6.982,1707400000.0,0.0,-2200000.0,305100000.0,14.216,-675100000.0
16,EFX,MRQ,2017-09-30,2017-09-30,2017-09-30,2021-10-21,-311800000.0,7115700000.0,,899300000.0,6216400000.0,,25.815,-57600000.0,315400000.0,315400000.0,297300000.0,100500000.0,0.673,1.274,2706500000.0,667800000.0,2038700000.0,2706500000.0,117400000.0,73200000.0,0.0,0.014,0.39,153200000.0,226400000.0,0.271,226400000.0,153200000.0,131800000.0,0.8,0.79,0.8,3100400000.0,,3100400000.0,15186682229.0,18.0,13.428,222000000.0,1.848,1.0,537500000.0,0.644,5550200000.0,21400000.0,2620300000.0,,0.0,0.0,0.0,0.0,3950000000.0,1336300000.0,2613700000.0,12758282229.0,-88500000.0,-67700000.0,-71300000.0,-126400000.0,-46800000.0,-247100000.0,-125300000.0,0.0,279600000.0,4300000.0,96300000.0,96300000.0,96300000.0,0.0,4200000.0,0.115,382800000.0,154700000.0,82500000.0,0.487,4.115,23.714,23.658,528700000.0,0.0,105.99,3.837,3.829,458300000.0,4424700000.0,834800000.0,834800000.0,0.0,,,,,9300000.0,310400000.0,1.0,120372509.0,120100000,121400000.0,6.951,1565500000.0,0.0,35500000.0,303500000.0,13.035,-437000000.0
17,EFX,MRQ,2017-06-30,2017-06-30,2017-06-30,2021-10-21,-405500000.0,7058300000.0,,1000700000.0,6057600000.0,,25.112,-49600000.0,403900000.0,403900000.0,293700000.0,167600000.0,0.745,1.316,2832300000.0,794200000.0,2038100000.0,2832300000.0,104700000.0,71400000.0,0.0,0.01,0.39,265000000.0,336400000.0,0.393,336400000.0,265000000.0,240400000.0,1.37,1.36,1.37,3021000000.0,,3021000000.0,19065504869.0,21.0,16.052,175800000.0,1.461,1.0,563000000.0,0.657,5431500000.0,24600000.0,2711800000.0,,0.0,0.0,0.0,0.0,3976900000.0,1343400000.0,2633500000.0,16519504869.0,280700000.0,-2300000.0,3600000.0,162400000.0,-47000000.0,107600000.0,-51900000.0,0.0,225400000.0,-400000.0,165400000.0,165400000.0,165400000.0,0.0,2200000.0,0.193,297100000.0,265900000.0,66500000.0,0.285,5.468,28.755,28.689,498100000.0,0.0,137.42,5.015,5.018,462400000.0,4376300000.0,856700000.0,856700000.0,0.0,,,,,6600000.0,226600000.0,1.0,120211795.0,120300000,121900000.0,7.121,1626800000.0,0.0,75000000.0,325400000.0,13.523,-342700000.0
18,EFX,MRQ,2017-03-31,2017-03-31,2017-03-31,2021-10-21,-414400000.0,6789000000.0,,705200000.0,6083800000.0,,24.067,-50300000.0,123200000.0,123200000.0,300800000.0,155400000.0,0.587,1.328,2669200000.0,631800000.0,2037400000.0,2669200000.0,113500000.0,72100000.0,0.0,0.01,0.39,217800000.0,289900000.0,0.348,289900000.0,217800000.0,193600000.0,1.28,1.26,1.28,2888100000.0,,2888100000.0,18931700408.0,22.0,16.578,53400000.0,0.445,1.0,531400000.0,0.639,5464600000.0,24200000.0,2669100000.0,,0.0,0.0,0.0,0.0,3836800000.0,1201300000.0,2635500000.0,16388800408.0,-6100000.0,-7300000.0,9400000.0,-3600000.0,-46900000.0,-63300000.0,-49000000.0,0.0,103700000.0,2500000.0,153300000.0,153300000.0,153300000.0,0.0,2100000.0,0.184,312800000.0,218600000.0,79600000.0,0.305,5.675,30.35,30.252,479000000.0,0.0,136.74,5.045,5.051,459700000.0,4255900000.0,832200000.0,832200000.0,0.0,,,,,18700000.0,241500000.0,1.0,119853740.0,120000000,121900000.0,6.935,1324400000.0,0.0,40300000.0,330300000.0,11.037,-496100000.0
19,EFX,MRQ,2016-12-31,2016-12-31,2016-12-31,2021-10-21,-528900000.0,6664000000.0,,672900000.0,5991100000.0,,22.319,-42500000.0,129300000.0,129300000.0,286300000.0,124800000.0,0.534,1.481,2672200000.0,585400000.0,2086800000.0,2672200000.0,110700000.0,73300000.0,0.0,0.011,0.33,205000000.0,278300000.0,0.347,278300000.0,205000000.0,180900000.0,1.03,1.02,1.03,2662700000.0,,2662700000.0,16890879563.0,21.0,15.601,236300000.0,1.981,1.0,514900000.0,0.643,5392900000.0,24100000.0,2554400000.0,,0.0,0.0,0.0,0.0,3942700000.0,1259600000.0,2683100000.0,14159379563.0,17800000.0,800000.0,4700000.0,-177400000.0,-39500000.0,-212400000.0,-41700000.0,0.0,278800000.0,-6900000.0,123000000.0,123000000.0,123000000.0,0.0,1800000.0,0.154,303800000.0,211100000.0,81000000.0,0.32,5.318,28.968,28.837,466900000.0,0.0,118.23,4.502,4.485,433300000.0,4153200000.0,801200000.0,801200000.0,0.0,,,,,600000.0,232900000.0,1.0,119761309.0,119300000,121100000.0,6.716,1271100000.0,0.0,57900000.0,325400000.0,10.655,-586700000.0
20,EFX,MRQ,2016-09-30,2016-09-30,2016-09-30,2021-10-21,-363300000.0,6806600000.0,,661800000.0,6144800000.0,,22.98,-48200000.0,111500000.0,111500000.0,288000000.0,134900000.0,0.51,1.464,2843000000.0,706700000.0,2136300000.0,2843000000.0,112200000.0,70700000.0,0.0,0.01,0.33,212400000.0,283100000.0,0.352,283100000.0,212400000.0,188100000.0,1.11,1.09,1.11,2746100000.0,,2746100000.0,18909549653.0,24.0,18.247,197500000.0,1.653,1.0,516100000.0,0.642,5572800000.0,24300000.0,2667600000.0,,0.0,0.0,0.0,0.0,4019200000.0,1297700000.0,2721500000.0,16060149653.0,14700000.0,-64600000.0,11100000.0,-103300000.0,-39500000.0,-126500000.0,-112800000.0,0.0,245700000.0,8300000.0,132800000.0,132800000.0,132800000.0,0.0,2100000.0,0.165,304000000.0,212100000.0,46000000.0,0.297,5.848,33.62,33.645,443300000.0,0.0,134.58,5.336,5.343,436400000.0,4081900000.0,804100000.0,804100000.0,0.0,,,,,-1600000.0,233400000.0,1.0,119335337.0,119500000,121300000.0,6.729,1233800000.0,0.0,55300000.0,358200000.0,10.325,-635900000.0
21,EFX,MRQ,2016-06-30,2016-06-30,2016-06-30,2021-10-21,-447800000.0,6640800000.0,,627200000.0,6013600000.0,,21.321,-42600000.0,96800000.0,96800000.0,285800000.0,133000000.0,0.652,1.596,2946200000.0,447500000.0,2498700000.0,2946200000.0,98600000.0,67900000.0,0.0,0.01,0.33,222800000.0,290700000.0,0.358,290700000.0,222800000.0,199200000.0,1.1,1.08,1.1,2541500000.0,,2541500000.0,18253785659.0,24.0,18.444,147800000.0,1.24,1.0,525500000.0,0.648,5471400000.0,23600000.0,3056900000.0,,0.0,0.0,0.0,0.0,4057400000.0,961900000.0,3095500000.0,15281385659.0,0.0,0.0,11600000.0,-117900000.0,-39400000.0,-147200000.0,-42600000.0,0.0,190400000.0,-600000.0,130900000.0,130900000.0,130900000.0,0.0,2100000.0,0.161,299800000.0,225700000.0,43400000.0,0.3,6.013,33.019,33.008,418200000.0,0.0,128.4,5.318,5.327,418000000.0,3988300000.0,811300000.0,811300000.0,0.0,,,,,-3200000.0,231600000.0,1.0,119013907.0,119200000,121100000.0,6.806,1169400000.0,0.0,68300000.0,365900000.0,9.81,-334700000.0
22,EFX,MRQ,2016-03-31,2016-03-31,2016-03-31,2021-10-21,-384000000.0,6732900000.0,,630100000.0,6102800000.0,,20.937,-40200000.0,96800000.0,96800000.0,253300000.0,102400000.0,0.364,1.689,3069200000.0,1185400000.0,1883800000.0,3069200000.0,108000000.0,56800000.0,0.0,0.01,0.33,173800000.0,230600000.0,0.317,230600000.0,173800000.0,153700000.0,0.86,0.85,0.86,2487300000.0,,2487300000.0,14668873314.0,20.0,15.899,67900000.0,0.572,1.0,475000000.0,0.652,5589000000.0,20100000.0,2386900000.0,,0.0,0.0,0.0,0.0,4200100000.0,1729400000.0,2470700000.0,13566973314.0,3500000.0,-1727800000.0,4100000.0,1690100000.0,-39200000.0,1646400000.0,-1778800000.0,0.0,108100000.0,27800000.0,102100000.0,102100000.0,102100000.0,0.0,300000.0,0.14,298800000.0,176200000.0,55900000.0,0.384,5.454,30.632,30.641,397400000.0,0.0,114.29,4.951,4.955,424700000.0,3896200000.0,728300000.0,728300000.0,0.0,,,,,5400000.0,243100000.0,1.0,118706565.0,118800000,120800000.0,6.13,1143900000.0,0.0,51600000.0,364400000.0,9.629,-1099300000.0
23,EFX,MRQ,2015-12-31,2015-12-31,2015-12-31,2021-10-21,-484800000.0,4501500000.0,,561600000.0,3939900000.0,,19.468,-52600000.0,93300000.0,93300000.0,225000000.0,113000000.0,0.93,0.931,1187700000.0,49300000.0,1138400000.0,1187700000.0,96800000.0,49600000.0,0.0,0.01,0.29,182300000.0,231900000.0,0.348,231900000.0,182300000.0,166600000.0,0.93,0.92,0.93,2310900000.0,,2310900000.0,14418829688.0,21.0,16.116,179700000.0,1.514,1.0,441300000.0,0.662,3493600000.0,15700000.0,1498500000.0,,0.0,0.0,0.0,0.0,2151100000.0,603800000.0,1547300000.0,13194629688.0,-15200000.0,0.0,8400000.0,-142500000.0,-34400000.0,-188000000.0,-52600000.0,0.0,232300000.0,-6900000.0,111900000.0,111900000.0,111900000.0,0.0,1100000.0,0.168,264400000.0,176900000.0,40600000.0,0.312,5.71,30.75,30.85,366800000.0,0.0,111.37,4.954,4.963,349800000.0,3834400000.0,666300000.0,666300000.0,0.0,,,,,-1700000.0,215500000.0,1.0,118475619.0,118700000,120900000.0,5.613,1007900000.0,0.0,54700000.0,205500000.0,8.491,-42200000.0
24,EFX,MRQ,2015-09-30,2015-09-30,2015-09-30,2021-10-21,-477100000.0,4541400000.0,,582100000.0,3959300000.0,,18.817,-38400000.0,108500000.0,108500000.0,226500000.0,119700000.0,0.843,1.021,1332700000.0,186800000.0,1145900000.0,1332700000.0,79700000.0,49600000.0,0.0,0.012,0.29,186900000.0,236500000.0,0.354,236500000.0,186900000.0,171100000.0,1.0,0.98,1.0,2227900000.0,,2227900000.0,12887683115.0,19.0,14.625,208800000.0,1.764,1.0,440900000.0,0.661,3535500000.0,15800000.0,1539400000.0,,0.0,0.0,0.0,0.0,2273900000.0,690700000.0,1583200000.0,11490983115.0,24300000.0,2900000.0,-5300000.0,-148200000.0,-34400000.0,-182900000.0,-35500000.0,0.0,247200000.0,-4500000.0,117900000.0,117900000.0,117900000.0,0.0,1800000.0,0.177,266600000.0,174300000.0,43400000.0,0.29,5.158,27.676,27.845,339000000.0,0.0,97.18,4.383,4.388,357700000.0,3758500000.0,667400000.0,667400000.0,0.0,,,,,2700000.0,217200000.0,1.0,118244321.0,118400000,120600000.0,5.637,1005900000.0,0.0,53200000.0,219900000.0,8.496,-108600000.0
25,EFX,MRQ,2015-06-30,2015-06-30,2015-06-30,2021-10-21,-448200000.0,4585500000.0,,591200000.0,3994300000.0,,18.277,-33600000.0,84200000.0,84200000.0,220800000.0,112500000.0,0.754,1.097,1480900000.0,335100000.0,1145800000.0,1480900000.0,74100000.0,50500000.0,0.0,0.011,0.29,173100000.0,223600000.0,0.33,223600000.0,173100000.0,156900000.0,0.94,0.92,0.94,2167600000.0,,2167600000.0,12982640697.0,20.0,15.252,153100000.0,1.291,1.0,457300000.0,0.674,3590900000.0,16200000.0,1606800000.0,,0.0,0.0,0.0,0.0,2378900000.0,784500000.0,1594400000.0,11554340697.0,-10800000.0,0.0,-86500000.0,-42400000.0,-34300000.0,-164500000.0,-33600000.0,0.0,186700000.0,600000.0,111000000.0,111000000.0,111000000.0,0.0,1500000.0,0.164,268800000.0,188500000.0,35800000.0,0.309,5.33,29.627,29.782,315600000.0,0.0,97.09,4.5,4.484,368200000.0,3676100000.0,678100000.0,678100000.0,0.0,,,,,3200000.0,218700000.0,1.0,119006496.0,118600000,120900000.0,5.718,994600000.0,0.0,45900000.0,226400000.0,8.386,-193300000.0
26,EFX,MRQ,2015-03-31,2015-03-31,2015-03-31,2021-10-21,-469800000.0,4595000000.0,,585000000.0,4010000000.0,,17.984,-21600000.0,95000000.0,95000000.0,215100000.0,89600000.0,0.74,1.12,1523300000.0,377500000.0,1145800000.0,1523300000.0,76000000.0,50300000.0,0.0,0.011,0.29,152400000.0,202700000.0,0.311,202700000.0,152400000.0,136300000.0,0.74,0.73,0.74,2147300000.0,,2147300000.0,12510077794.0,20.0,14.808,81300000.0,0.681,1.0,436700000.0,0.67,3605100000.0,16100000.0,1627400000.0,,0.0,0.0,0.0,0.0,2405300000.0,790800000.0,1614500000.0,11112277794.0,-33300000.0,-4500000.0,-78500000.0,-2800000.0,-34700000.0,-103600000.0,-26100000.0,0.0,102900000.0,-6500000.0,88300000.0,88300000.0,88300000.0,0.0,1300000.0,0.135,282500000.0,154200000.0,42100000.0,0.392,5.175,29.888,30.195,304000000.0,0.0,93.0,4.438,4.435,362700000.0,3600100000.0,651800000.0,651800000.0,0.0,,,,,4200000.0,232900000.0,1.0,119486858.0,119400000,121700000.0,5.459,989900000.0,0.0,48000000.0,244100000.0,8.291,-205800000.0
27,EFX,MRQ,2014-12-31,2014-12-31,2014-12-31,2021-10-21,-435400000.0,4661000000.0,,590500000.0,4070500000.0,,18.153,-22500000.0,128300000.0,128300000.0,214600000.0,98800000.0,0.717,1.103,1526100000.0,380400000.0,1145700000.0,1526100000.0,73400000.0,51000000.0,0.0,0.012,0.25,167400000.0,218400000.0,0.35,218400000.0,167400000.0,150600000.0,0.81,0.8,0.81,2200100000.0,,2200100000.0,11191432681.0,18.0,13.317,180300000.0,1.488,1.0,410000000.0,0.656,3655900000.0,16800000.0,1579800000.0,,0.0,0.0,0.0,0.0,2426400000.0,823100000.0,1603300000.0,9751832681.0,13300000.0,-7300000.0,-105000000.0,-27400000.0,-29900000.0,-156700000.0,-29800000.0,0.0,202800000.0,-3000000.0,98000000.0,98000000.0,98000000.0,0.0,800000.0,0.157,244800000.0,165200000.0,20300000.0,0.309,4.432,26.543,26.69,300600000.0,0.0,80.87,4.003,4.023,337200000.0,3554800000.0,624600000.0,624600000.0,0.0,,,,,3300000.0,195000000.0,1.0,120586530.0,121200000,123500000.0,5.153,1005100000.0,0.0,52600000.0,228300000.0,8.293,-232600000.0
28,EFX,MRQ,2014-09-30,2014-09-30,2014-09-30,2021-10-21,-333900000.0,4707100000.0,,550400000.0,4156700000.0,,19.273,-26200000.0,115000000.0,115000000.0,211000000.0,94400000.0,0.718,1.001,1554600000.0,408900000.0,1145700000.0,1554600000.0,67000000.0,51300000.0,0.0,0.016,0.25,155200000.0,206500000.0,0.337,206500000.0,155200000.0,138100000.0,0.77,0.75,0.77,2334000000.0,,2334000000.0,10565332113.0,17.0,13.128,162600000.0,1.343,1.0,402400000.0,0.656,3711700000.0,17100000.0,1668900000.0,,0.0,0.0,0.0,0.0,2336100000.0,766100000.0,1570000000.0,9101632113.0,23300000.0,1100000.0,-108000000.0,900000.0,-30100000.0,-137200000.0,-25100000.0,0.0,188800000.0,-3200000.0,92700000.0,92700000.0,92700000.0,0.0,1700000.0,0.151,248700000.0,153700000.0,35100000.0,0.325,3.9,26.298,26.317,297900000.0,0.0,74.74,3.808,3.787,324000000.0,3486900000.0,613400000.0,613400000.0,0.0,,,,,7900000.0,197800000.0,1.0,121777256.0,121100000,123500000.0,5.065,995400000.0,0.0,45400000.0,293700000.0,8.22,-215700000.0
29,EFX,MRQ,2014-06-30,2014-06-30,2014-06-30,2021-10-21,-299500000.0,4766300000.0,,554200000.0,4212100000.0,,19.698,-19200000.0,91700000.0,91700000.0,212300000.0,94500000.0,0.729,0.968,1555400000.0,409800000.0,1145600000.0,1555400000.0,68000000.0,51000000.0,0.0,0.016,0.25,166200000.0,217200000.0,0.354,217200000.0,166200000.0,148800000.0,0.76,0.75,0.76,2403200000.0,,2403200000.0,10384628635.0,17.0,13.004,133600000.0,1.095,1.0,401600000.0,0.654,3772100000.0,17400000.0,1698100000.0,,0.0,0.0,0.0,0.0,2325100000.0,759800000.0,1565300000.0,8852028635.0,-9700000.0,-500000.0,-38400000.0,-77000000.0,-30500000.0,-144400000.0,-19700000.0,0.0,152800000.0,1600000.0,92800000.0,92800000.0,92800000.0,0.0,1700000.0,0.151,234200000.0,167400000.0,40900000.0,0.329,3.683,26.275,26.283,292300000.0,0.0,72.54,3.769,3.768,345300000.0,3424400000.0,613900000.0,613900000.0,0.0,,,,,2500000.0,183500000.0,1.0,122029620.0,122000000,124300000.0,5.032,994200000.0,0.0,56000000.0,290500000.0,8.149,-205600000.0
30,EFX,MRQ,2014-03-31,2014-03-31,2014-03-31,2021-10-21,-316600000.0,4750100000.0,,524500000.0,4225600000.0,,19.305,-18500000.0,101400000.0,101400000.0,206800000.0,86300000.0,0.66,1.0,1634000000.0,488400000.0,1145600000.0,1634000000.0,66600000.0,50900000.0,0.0,0.017,0.25,147400000.0,198300000.0,0.339,198300000.0,147400000.0,130100000.0,0.69,0.67,0.69,2355200000.0,,2355200000.0,9508530658.0,16.0,12.107,53300000.0,0.437,1.0,377700000.0,0.646,3789900000.0,17300000.0,1698200000.0,,0.0,0.0,0.0,0.0,2354600000.0,794600000.0,1560000000.0,8302430658.0,-134500000.0,-336200000.0,-10500000.0,193400000.0,-30700000.0,154900000.0,-354700000.0,0.0,71800000.0,-6500000.0,83900000.0,83900000.0,83900000.0,0.0,2400000.0,0.144,225800000.0,151900000.0,27500000.0,0.362,3.525,24.813,24.738,291000000.0,0.0,68.03,3.576,3.575,337200000.0,3362300000.0,584500000.0,584500000.0,0.0,,,,,6700000.0,175400000.0,1.0,122040727.0,122000000,124400000.0,4.791,960200000.0,0.0,46200000.0,287200000.0,7.87,-270100000.0
31,EFX,MRQ,2013-12-31,2013-12-31,2013-12-31,2021-10-21,-312600000.0,4539900000.0,,648400000.0,3891500000.0,,18.983,-21800000.0,235900000.0,235900000.0,197200000.0,78900000.0,0.979,0.956,1442000000.0,296500000.0,1145500000.0,1442000000.0,61800000.0,45700000.0,0.0,0.016,0.44,137100000.0,182800000.0,0.316,182800000.0,137100000.0,119700000.0,0.62,0.62,0.62,2300700000.0,,2300700000.0,9719552093.0,16.0,12.131,170100000.0,1.403,1.0,381300000.0,0.659,3463800000.0,17400000.0,1619700000.0,,0.0,0.0,0.0,0.0,2198900000.0,662500000.0,1536400000.0,8407252093.0,104000000.0,-63900000.0,8900000.0,-1600000.0,-26800000.0,800000.0,-85700000.0,0.0,191900000.0,-3000000.0,76700000.0,76700000.0,76700000.0,-19000000.0,2200000.0,0.133,227200000.0,154100000.0,19900000.0,0.71,3.654,23.898,23.824,288900000.0,0.0,69.09,3.649,3.635,309700000.0,3309200000.0,578500000.0,578500000.0,0.0,,,,,5600000.0,181400000.0,1.0,121685513.0,121200000,123700000.0,4.773,1076100000.0,0.0,43000000.0,263700000.0,8.879,-14100000.0
32,EFX,MRQ,2013-09-30,2013-09-30,2013-09-30,2021-10-21,-370700000.0,4390400000.0,,526500000.0,3863900000.0,,17.878,-25300000.0,131900000.0,131900000.0,196800000.0,85500000.0,1.584,1.011,1444200000.0,16400000.0,1427800000.0,1444200000.0,57400000.0,52300000.0,0.0,0.014,0.22,148000000.0,200300000.0,0.35,200300000.0,148000000.0,130500000.0,0.69,0.67,0.69,2174000000.0,,2174000000.0,8659526931.0,15.0,11.509,149000000.0,1.225,1.0,375200000.0,0.656,3417900000.0,17500000.0,1952400000.0,,0.0,0.0,0.0,0.0,2197000000.0,332400000.0,1864600000.0,7258826931.0,27000000.0,-34200000.0,2700000.0,-59900000.0,-26700000.0,-86500000.0,-59500000.0,0.0,174300000.0,-1300000.0,83500000.0,83500000.0,83500000.0,600000.0,2000000.0,0.146,225200000.0,150000000.0,19900000.0,0.319,3.339,22.585,22.416,285700000.0,0.0,59.85,3.213,3.221,306200000.0,3259400000.0,572000000.0,572000000.0,0.0,,,,,2900000.0,173400000.0,1.0,121283658.0,121600000,123900000.0,4.704,972500000.0,0.0,47000000.0,211400000.0,7.998,194100000.0
33,EFX,MRQ,2013-06-30,2013-06-30,2013-06-30,2021-10-21,-379800000.0,4373600000.0,,512600000.0,3861000000.0,,17.325,-17500000.0,104900000.0,104900000.0,198200000.0,92300000.0,1.364,1.075,1505600000.0,76500000.0,1429100000.0,1505600000.0,57100000.0,44200000.0,0.0,0.017,0.22,159800000.0,204000000.0,0.348,204000000.0,159800000.0,142200000.0,0.75,0.73,0.75,2096300000.0,,2096300000.0,8622230976.0,16.0,11.914,119000000.0,0.983,1.0,388700000.0,0.662,3421000000.0,17600000.0,1977500000.0,,0.0,0.0,0.0,0.0,2253600000.0,375800000.0,1877800000.0,7107530976.0,-2700000.0,1400000.0,18400000.0,-115000000.0,-26700000.0,-119000000.0,-16100000.0,0.0,136500000.0,-4100000.0,90500000.0,90500000.0,90500000.0,0.0,1800000.0,0.154,230600000.0,158100000.0,17800000.0,0.293,3.391,22.506,22.407,279300000.0,0.0,58.93,3.22,3.231,318500000.0,3202800000.0,586900000.0,586900000.0,0.0,,,,,-700000.0,186500000.0,1.0,120609723.0,121000000,123600000.0,4.85,952600000.0,0.0,51700000.0,220900000.0,7.873,136800000.0
34,EFX,MRQ,2013-03-31,2013-03-31,2013-03-31,2021-10-21,-368600000.0,4387200000.0,,484800000.0,3902400000.0,,16.751,-18700000.0,107600000.0,107600000.0,195100000.0,103200000.0,1.078,1.161,1622300000.0,176700000.0,1445600000.0,1622300000.0,58900000.0,48100000.0,0.0,0.016,0.22,166000000.0,214100000.0,0.378,214100000.0,166000000.0,148300000.0,0.84,0.82,0.84,2018500000.0,,2018500000.0,8520738167.0,16.0,12.315,47600000.0,0.395,1.0,371400000.0,0.656,3453600000.0,17700000.0,1998600000.0,,0.0,0.0,0.0,0.0,2342700000.0,449700000.0,1893000000.0,6936838167.0,-39200000.0,43700000.0,5900000.0,-106600000.0,-26500000.0,-128400000.0,25000000.0,0.0,66300000.0,-2100000.0,101100000.0,101100000.0,101100000.0,0.0,2100000.0,0.178,222400000.0,149000000.0,28200000.0,0.262,3.437,22.993,22.944,281100000.0,0.0,57.59,3.251,3.253,310400000.0,3139100000.0,566500000.0,566500000.0,0.0,,,,,9800000.0,174500000.0,1.0,120452130.0,120500000,123100000.0,4.701,933600000.0,0.0,47200000.0,220800000.0,7.748,35100000.0
35,EFX,MRQ,2012-12-31,2012-12-31,2012-12-31,2021-10-21,-362000000.0,4520100000.0,,538700000.0,3981400000.0,,16.123,-16700000.0,146800000.0,146800000.0,196500000.0,48200000.0,0.833,1.325,1730700000.0,283300000.0,1447400000.0,1730700000.0,57900000.0,40600000.0,0.0,0.017,0.18,93400000.0,134000000.0,0.251,134000000.0,93400000.0,79100000.0,0.39,0.38,0.39,1933200000.0,,1933200000.0,7173750092.0,15.0,11.089,131300000.0,1.095,1.0,337300000.0,0.632,3532600000.0,14300000.0,1924900000.0,,0.0,0.0,0.0,0.0,2560900000.0,646500000.0,1914400000.0,6472650092.0,-120300000.0,-1009100000.0,27400000.0,761300000.0,-21500000.0,756200000.0,-1025800000.0,0.0,148000000.0,1300000.0,46300000.0,46300000.0,46300000.0,1400000.0,1900000.0,0.087,245100000.0,92200000.0,25100000.0,0.462,3.348,23.788,23.841,283700000.0,0.0,54.12,3.122,3.13,317000000.0,3064600000.0,533800000.0,533800000.0,0.0,,,,,10200000.0,205400000.0,1.0,119598117.0,119900000,122500000.0,4.452,987500000.0,0.0,32800000.0,236700000.0,8.236,-107800000.0
36,EFX,MRQ,2012-09-30,2012-09-30,2012-09-30,2021-10-21,-373000000.0,3605900000.0,,605700000.0,3000200000.0,,15.529,-14800000.0,267200000.0,267200000.0,188400000.0,80100000.0,1.861,0.927,968300000.0,16900000.0,951400000.0,968300000.0,54100000.0,40400000.0,0.0,0.019,0.36,131200000.0,171600000.0,0.33,171600000.0,131200000.0,117600000.0,0.65,0.64,0.65,1858800000.0,,1858800000.0,6368960136.0,12.0,9.37,136200000.0,1.138,1.0,331600000.0,0.638,2557800000.0,13600000.0,1423700000.0,,0.0,0.0,0.0,0.0,1722700000.0,325500000.0,1397200000.0,5583260136.0,84000000.0,-7400000.0,-26400000.0,3500000.0,-21400000.0,-44100000.0,-22200000.0,0.0,151000000.0,-700000.0,77900000.0,77900000.0,77900000.0,-1000000.0,2200000.0,0.15,201100000.0,130500000.0,28600000.0,0.554,3.004,18.598,18.707,286200000.0,0.0,46.58,2.817,2.813,296900000.0,3039900000.0,520000000.0,520000000.0,0.0,,,,,4700000.0,161500000.0,1.0,119863893.0,119700000,122200000.0,4.344,1048100000.0,0.0,39700000.0,228600000.0,8.756,280200000.0
37,EFX,MRQ,2012-06-30,2012-06-30,2012-06-30,2021-10-21,-390900000.0,3521100000.0,,517000000.0,3004100000.0,,15.007,-14300000.0,183100000.0,183100000.0,187200000.0,78800000.0,1.76,0.938,968800000.0,17000000.0,951800000.0,968800000.0,54300000.0,41100000.0,0.0,0.015,0.18,131100000.0,172200000.0,0.335,172200000.0,131100000.0,117400000.0,0.63,0.62,0.63,1805300000.0,,1805300000.0,6459463458.0,13.0,9.67,134700000.0,1.12,1.0,326100000.0,0.635,2562800000.0,13700000.0,1450200000.0,,0.0,0.0,0.0,0.0,1693200000.0,293800000.0,1399400000.0,5609863458.0,50400000.0,-1100000.0,-38400000.0,-16500000.0,-21900000.0,-75100000.0,-15400000.0,0.0,149000000.0,-8100000.0,76400000.0,76400000.0,76400000.0,0.0,2400000.0,0.149,197100000.0,129000000.0,30200000.0,0.286,3.107,19.411,19.498,288700000.0,0.0,46.6,2.873,2.871,293900000.0,2983600000.0,513300000.0,513300000.0,0.0,,,,,2600000.0,156800000.0,1.0,120383336.0,120300000,122800000.0,4.267,958300000.0,0.0,41000000.0,228700000.0,7.966,223200000.0
38,EFX,MRQ,2012-03-31,2012-03-31,2012-03-31,2021-10-21,-373500000.0,3518400000.0,,475100000.0,3043300000.0,,15.021,-20200000.0,132700000.0,132700000.0,187400000.0,73700000.0,1.741,0.94,982300000.0,17000000.0,965300000.0,982300000.0,56800000.0,41300000.0,0.0,0.015,0.18,127800000.0,169100000.0,0.334,169100000.0,127800000.0,114000000.0,0.6,0.58,0.6,1802500000.0,,1802500000.0,6189883031.0,13.0,9.687,28100000.0,0.234,1.0,318500000.0,0.63,2593600000.0,13800000.0,1501500000.0,,0.0,0.0,0.0,0.0,1693800000.0,272900000.0,1420900000.0,5304383031.0,5000000.0,0.0,20600000.0,-30200000.0,-21200000.0,-30700000.0,-20200000.0,0.0,48300000.0,7600000.0,71500000.0,71500000.0,71500000.0,-400000.0,2200000.0,0.141,190200000.0,128300000.0,23100000.0,0.3,2.943,21.467,21.696,291400000.0,0.0,44.26,2.753,2.757,297800000.0,2929100000.0,505900000.0,505900000.0,0.0,,,,,8800000.0,149800000.0,1.0,119845979.0,120000000,122400000.0,4.216,924800000.0,0.0,42500000.0,230000000.0,7.707,202200000.0
39,EFX,MRQ,2011-12-31,2011-12-31,2011-12-31,2021-10-21,-391800000.0,3518700000.0,,456900000.0,3061800000.0,,13.966,-15800000.0,127700000.0,127700000.0,136600000.0,76000000.0,1.252,1.055,1013200000.0,47200000.0,966000000.0,1013200000.0,55800000.0,41100000.0,0.0,0.017,0.16,125700000.0,166800000.0,0.376,166800000.0,125700000.0,111800000.0,0.61,0.6,0.61,1702400000.0,,1702400000.0,5624192080.0,12.0,9.071,133900000.0,1.098,1.0,306500000.0,0.692,2607000000.0,13900000.0,1432300000.0,,0.0,0.0,0.0,0.0,1796600000.0,364900000.0,1431700000.0,4690692080.0,25700000.0,-15200000.0,-56300000.0,-22100000.0,-19400000.0,-97000000.0,-31000000.0,0.0,149700000.0,4000000.0,74400000.0,74400000.0,74400000.0,-2900000.0,1600000.0,0.168,183200000.0,123300000.0,27500000.0,0.262,2.755,20.14,20.283,292900000.0,0.0,38.74,2.478,2.494,284400000.0,2879200000.0,443100000.0,443100000.0,0.0,,,,,6500000.0,146900000.0,1.0,121081365.0,121900000,123700000.0,3.635,911700000.0,0.0,37400000.0,235900000.0,7.479,92000000.0
40,EFX,MRQ,2011-09-30,2011-09-30,2011-09-30,2021-10-21,-321300000.0,3512500000.0,,430200000.0,3082300000.0,,14.5,-15300000.0,102000000.0,102000000.0,186600000.0,69300000.0,1.25,0.979,1035500000.0,67700000.0,967800000.0,1035500000.0,50500000.0,40300000.0,0.0,0.021,0.16,119600000.0,159900000.0,0.326,159900000.0,119600000.0,105900000.0,0.55,0.54,0.55,1766100000.0,,1766100000.0,4635689148.0,11.0,7.681,96700000.0,0.794,1.0,303800000.0,0.619,2616900000.0,13700000.0,1484900000.0,,0.0,0.0,0.0,0.0,1728400000.0,344200000.0,1384200000.0,3762889148.0,-6700000.0,-83000000.0,-43300000.0,49900000.0,-19500000.0,-15000000.0,-98300000.0,0.0,112000000.0,-5400000.0,66700000.0,66700000.0,66700000.0,0.0,2600000.0,0.136,182200000.0,121600000.0,21900000.0,0.291,2.131,17.05,17.078,296000000.0,0.0,30.74,1.948,1.938,275800000.0,2824500000.0,490400000.0,490400000.0,0.0,,,,,5500000.0,141700000.0,1.0,122410187.0,121800000,123300000.0,4.026,895600000.0,0.0,39200000.0,250700000.0,7.353,86000000.0
41,EFX,MRQ,2011-06-30,2011-06-30,2011-06-30,2021-10-21,-295900000.0,3489300000.0,,436500000.0,3052800000.0,,14.53,-17700000.0,108700000.0,108700000.0,188700000.0,37100000.0,1.461,0.945,981500000.0,17600000.0,963900000.0,981500000.0,52600000.0,40800000.0,0.0,0.015,0.16,102400000.0,143200000.0,0.294,143200000.0,102400000.0,88700000.0,0.28,0.28,0.28,1784300000.0,,1784300000.0,5201628036.0,12.0,8.544,106200000.0,0.865,1.0,298400000.0,0.613,2574600000.0,13700000.0,1488800000.0,,0.0,0.0,0.0,0.0,1686700000.0,298700000.0,1388000000.0,4273028036.0,21800000.0,2500000.0,-24100000.0,-38200000.0,-19600000.0,-85500000.0,-15200000.0,0.0,123900000.0,-1400000.0,34500000.0,34500000.0,34500000.0,0.0,2600000.0,0.071,183800000.0,114600000.0,26700000.0,0.571,2.395,18.538,18.567,300900000.0,0.0,34.72,2.231,2.226,273000000.0,2777600000.0,487100000.0,487100000.0,0.0,,,,,7000000.0,142700000.0,1.0,123071084.0,122800000,124600000.0,3.967,914700000.0,0.0,54200000.0,252500000.0,7.449,137800000.0
42,EFX,MRQ,2011-03-31,2011-03-31,2011-03-31,2021-10-21,-331300000.0,3468800000.0,,427200000.0,3041600000.0,,14.256,-26200000.0,86900000.0,86900000.0,192000000.0,59300000.0,1.408,0.971,1015500000.0,40700000.0,974800000.0,1015500000.0,59500000.0,42700000.0,0.0,0.01,0.16,107400000.0,150100000.0,0.318,150100000.0,107400000.0,93600000.0,0.47,0.46,0.47,1750600000.0,,1750600000.0,5648644532.0,12.0,9.031,-3100000.0,-0.025,1.0,280600000.0,0.594,2628400000.0,13800000.0,1465500000.0,,0.0,0.0,0.0,0.0,1699000000.0,303500000.0,1395500000.0,4768444532.0,-32500000.0,-33400000.0,5100000.0,18100000.0,-19600000.0,1600000.0,-59600000.0,0.0,23100000.0,2400000.0,57300000.0,57300000.0,57300000.0,0.0,2000000.0,0.121,171500000.0,109100000.0,22400000.0,0.34,2.724,17.839,17.986,306400000.0,0.0,38.85,2.524,2.525,283500000.0,2763100000.0,472600000.0,472600000.0,0.0,,,,,4200000.0,128800000.0,1.0,122739885.0,122800000,124700000.0,3.849,840400000.0,0.0,36300000.0,250200000.0,6.844,123700000.0
43,EFX,MRQ,2010-12-31,2010-12-31,2010-12-31,2021-10-21,-344500000.0,3437500000.0,,433100000.0,3004400000.0,,13.553,-17400000.0,119400000.0,119400000.0,193300000.0,64000000.0,1.356,1.022,999600000.0,20700000.0,978900000.0,999600000.0,58700000.0,42100000.0,0.0,0.008,0.16,108200000.0,150300000.0,0.312,150300000.0,108200000.0,94400000.0,0.5,0.5,0.5,1691400000.0,,1691400000.0,5284896533.0,12.0,8.49,127800000.0,1.024,1.0,288700000.0,0.599,2604200000.0,13800000.0,1394000000.0,,0.0,0.0,0.0,0.0,1729100000.0,319500000.0,1409600000.0,4393096533.0,3800000.0,-67100000.0,-35600000.0,-1200000.0,-20300000.0,-56600000.0,-84500000.0,0.0,145200000.0,-300000.0,62200000.0,62200000.0,62200000.0,31500000.0,1800000.0,0.129,179000000.0,109700000.0,24600000.0,0.32,2.597,16.472,16.636,298400000.0,0.0,35.6,2.363,2.389,262600000.0,2725700000.0,482000000.0,482000000.0,0.0,,,,,4900000.0,137000000.0,1.0,123401588.0,124800000,126500000.0,3.862,833300000.0,0.0,32200000.0,248100000.0,6.677,113600000.0
44,EFX,MRQ,2010-09-30,2010-09-30,2010-09-30,2021-10-21,-309700000.0,3400000000.0,,437100000.0,2962900000.0,,13.769,-15500000.0,115600000.0,115600000.0,188200000.0,78800000.0,1.432,0.977,1007400000.0,21000000.0,986400000.0,1007400000.0,56500000.0,41400000.0,0.0,0.005,0.04,123800000.0,165200000.0,0.349,165200000.0,123800000.0,109800000.0,0.62,0.61,0.62,1711500000.0,,1711500000.0,4897368464.0,11.0,8.169,53000000.0,0.426,1.0,285600000.0,0.603,2555700000.0,14000000.0,1430800000.0,,0.0,0.0,0.0,0.0,1671600000.0,305300000.0,1366300000.0,3900568464.0,45500000.0,114900000.0,-50200000.0,-68000000.0,-5000000.0,-124400000.0,99400000.0,0.0,68500000.0,2000000.0,76500000.0,76500000.0,76500000.0,-15200000.0,2300000.0,0.161,175400000.0,110200000.0,19700000.0,0.065,2.279,14.736,14.717,300200000.0,0.0,31.2,2.176,2.163,266200000.0,2683500000.0,473800000.0,473800000.0,0.0,,,,,3900000.0,134000000.0,1.0,125018220.0,124300000,125800000.0,3.812,844300000.0,0.0,33300000.0,241800000.0,6.792,131800000.0
45,EFX,MRQ,2010-06-30,2010-06-30,2010-06-30,2021-10-21,-332200000.0,3432100000.0,,473000000.0,2959100000.0,,13.235,-16900000.0,70100000.0,70100000.0,188300000.0,73400000.0,1.279,1.054,1066900000.0,87500000.0,979400000.0,1066900000.0,62900000.0,41800000.0,0.0,0.006,0.04,118100000.0,159900000.0,0.347,159900000.0,118100000.0,104000000.0,0.57,0.56,0.57,1663700000.0,,1663700000.0,4623438444.0,11.0,8.021,84300000.0,0.671,1.0,272400000.0,0.591,2561400000.0,14100000.0,1497800000.0,,0.0,0.0,0.0,0.0,1753200000.0,369700000.0,1383500000.0,3552738444.0,-7000000.0,59000000.0,-54600000.0,-87000000.0,-4900000.0,-148800000.0,42100000.0,0.0,101200000.0,-1500000.0,71300000.0,71300000.0,71300000.0,-13600000.0,2100000.0,0.155,166600000.0,105800000.0,26200000.0,0.07,2.135,14.331,14.244,300900000.0,0.0,28.06,2.037,2.022,260500000.0,2612100000.0,460700000.0,460700000.0,0.0,,,,,6500000.0,126900000.0,1.0,126612204.0,125700000,127300000.0,3.665,870700000.0,0.0,32700000.0,236500000.0,6.927,103300000.0
46,EFX,MRQ,2010-03-31,2010-03-31,2010-03-31,2021-10-21,-330100000.0,3505600000.0,,446800000.0,3058800000.0,,13.048,-50000000.0,77100000.0,77100000.0,190100000.0,58600000.0,1.041,1.118,1147800000.0,157200000.0,990600000.0,1147800000.0,68600000.0,42500000.0,0.0,0.004,0.04,104600000.0,147100000.0,0.332,147100000.0,104600000.0,90400000.0,0.45,0.44,0.45,1647900000.0,,1647900000.0,5594803527.0,14.0,9.948,-12300000.0,-0.097,1.0,252900000.0,0.571,2657500000.0,14200000.0,1489400000.0,,0.0,0.0,0.0,0.0,1842400000.0,429400000.0,1413000000.0,4523803527.0,-26000000.0,-6000000.0,2200000.0,-3600000.0,-5000000.0,-5500000.0,-56000000.0,0.0,37700000.0,-2200000.0,56700000.0,56700000.0,56700000.0,-2700000.0,1900000.0,0.128,148600000.0,104300000.0,26000000.0,0.089,2.745,19.152,19.144,309500000.0,0.0,35.8,2.642,2.64,258500000.0,2545800000.0,443000000.0,443000000.0,0.0,,,,,3000000.0,109500000.0,1.0,126363227.0,126300000,128100000.0,3.508,848100000.0,0.0,33700000.0,248200000.0,6.715,17400000.0
47,EFX,MRQ,2009-12-31,2009-12-31,2009-12-31,2021-10-21,-318700000.0,3550500000.0,,416800000.0,3133700000.0,,12.678,-19500000.0,103100000.0,103100000.0,173900000.0,61900000.0,0.847,1.209,1174100000.0,183200000.0,990900000.0,1174100000.0,69800000.0,41900000.0,0.0,0.005,0.04,85400000.0,127300000.0,0.307,127300000.0,85400000.0,71300000.0,0.48,0.46,0.48,1601200000.0,,1601200000.0,4898102936.0,12.0,8.805,130100000.0,1.03,1.0,241400000.0,0.581,2725700000.0,14100000.0,1403600000.0,,0.0,0.0,0.0,0.0,1935500000.0,492200000.0,1443300000.0,3906702936.0,25400000.0,-195900000.0,-10400000.0,108300000.0,-5100000.0,92800000.0,-217200000.0,0.0,149600000.0,200000.0,60200000.0,60200000.0,60200000.0,-7800000.0,1700000.0,0.145,162600000.0,78800000.0,35900000.0,0.083,2.44,16.702,16.697,319300000.0,0.0,30.89,2.277,2.274,258700000.0,2494200000.0,415300000.0,415300000.0,0.0,,,,,5200000.0,125900000.0,1.0,126471445.0,126300000,127900000.0,3.288,824800000.0,0.0,11100000.0,249300000.0,6.53,-75400000.0
48,EFX,MRQ,2009-09-30,2009-09-30,2009-09-30,2021-10-21,-317700000.0,3326500000.0,,385600000.0,2940900000.0,,12.268,-17200000.0,77700000.0,77700000.0,177500000.0,61400000.0,0.666,1.137,1069100000.0,328700000.0,740400000.0,1069100000.0,59400000.0,39600000.0,0.0,0.005,0.04,102500000.0,142100000.0,0.334,142100000.0,102500000.0,88400000.0,0.47,0.47,0.47,1550700000.0,,1550700000.0,4772935300.0,11.0,8.353,106000000.0,0.839,1.0,247500000.0,0.582,2535400000.0,14100000.0,1203800000.0,,0.0,0.0,0.0,0.0,1763000000.0,578700000.0,1184300000.0,3682535300.0,14100000.0,-3500000.0,1100000.0,-85000000.0,-5000000.0,-90100000.0,-20400000.0,0.0,123200000.0,1400000.0,59700000.0,59700000.0,59700000.0,-4000000.0,1700000.0,0.14,147500000.0,100000000.0,25600000.0,0.085,2.375,15.492,15.583,316100000.0,0.0,29.14,2.266,2.266,251700000.0,2439200000.0,425000000.0,425000000.0,0.0,,,,,3700000.0,111200000.0,1.0,126373895.0,126400000,128000000.0,3.362,791100000.0,0.0,28700000.0,248700000.0,6.259,-193100000.0
49,EFX,MRQ,2009-06-30,2009-06-30,2009-06-30,2021-10-21,-333200000.0,3315800000.0,,370800000.0,2945000000.0,,11.685,-19000000.0,63600000.0,63600000.0,180400000.0,61100000.0,0.603,1.239,1154000000.0,362700000.0,791300000.0,1154000000.0,62300000.0,39100000.0,0.0,0.006,0.04,106800000.0,145900000.0,0.34,145900000.0,106800000.0,92300000.0,0.47,0.47,0.47,1475800000.0,,1475800000.0,4464737806.0,11.0,7.726,82100000.0,0.65,1.0,248700000.0,0.58,2542100000.0,14500000.0,1248800000.0,,0.0,0.0,0.0,0.0,1828300000.0,615300000.0,1213000000.0,3294737806.0,3600000.0,0.0,1400000.0,-77800000.0,-5100000.0,-83300000.0,-18500000.0,0.0,101100000.0,4300000.0,59600000.0,59600000.0,59600000.0,-3200000.0,1500000.0,0.139,146700000.0,102000000.0,31000000.0,0.085,2.233,13.163,13.249,316000000.0,0.0,26.1,1.956,1.957,254400000.0,2384700000.0,429100000.0,429100000.0,0.0,,,,,6000000.0,111100000.0,1.0,126235165.0,126300000,127800000.0,3.397,773700000.0,0.0,32700000.0,226400000.0,6.126,-244500000.0
50,EFX,MRQ,2009-03-31,2009-03-31,2009-03-31,2021-10-21,-383600000.0,3281900000.0,,369400000.0,2912500000.0,,10.805,-15000000.0,60000000.0,60000000.0,187000000.0,56100000.0,0.632,1.398,1230000000.0,323700000.0,906300000.0,1230000000.0,64200000.0,38200000.0,0.0,0.007,0.04,102800000.0,141000000.0,0.316,141000000.0,102800000.0,88500000.0,0.43,0.43,0.43,1363600000.0,,1363600000.0,4253496489.0,10.0,7.127,29500000.0,0.234,1.0,259600000.0,0.581,2521600000.0,14300000.0,1346200000.0,,0.0,0.0,0.0,0.0,1906500000.0,584100000.0,1322400000.0,3092396489.0,1800000.0,0.0,-5700000.0,-16300000.0,-5000000.0,-27700000.0,-14000000.0,0.0,44500000.0,-1000000.0,54400000.0,54400000.0,54400000.0,-1100000.0,1700000.0,0.122,158600000.0,101000000.0,32300000.0,0.093,2.268,11.826,11.927,311200000.0,0.0,24.45,1.76,1.756,263800000.0,2330300000.0,446600000.0,446600000.0,0.0,,,,,3400000.0,122000000.0,1.0,126478384.0,126200000,127400000.0,3.539,760300000.0,0.0,34100000.0,220400000.0,6.025,-214700000.0
51,EFX,MRQ,2008-12-31,2008-12-31,2008-12-31,2021-10-21,-390600000.0,3260300000.0,,353800000.0,2906500000.0,,10.245,-21200000.0,58200000.0,58200000.0,134200000.0,65200000.0,1.113,1.476,1219300000.0,31900000.0,1187400000.0,1219300000.0,65700000.0,38100000.0,0.0,0.006,0.04,104300000.0,142400000.0,0.439,142400000.0,104300000.0,86900000.0,0.5,0.49,0.5,1312400000.0,,1312400000.0,4588786648.0,10.0,7.419,98800000.0,0.771,1.0,190300000.0,0.586,2537300000.0,17400000.0,1566100000.0,,0.0,0.0,0.0,0.0,1936800000.0,318000000.0,1618800000.0,3349686648.0,-10800000.0,-8900000.0,-11200000.0,-78300000.0,-5100000.0,-94700000.0,-30100000.0,0.0,120000000.0,-6000000.0,64000000.0,64000000.0,64000000.0,-24100000.0,1200000.0,0.197,112400000.0,77900000.0,29900000.0,0.08,2.552,12.279,12.451,286300000.0,0.0,26.52,1.847,1.873,253400000.0,2281000000.0,324500000.0,324500000.0,0.0,,,,,900000.0,87500000.0,1.0,126307943.0,128100000,130400000.0,2.533,723000000.0,0.0,22900000.0,215300000.0,5.644,35800000.0
52,EFX,MRQ,2008-09-30,2008-09-30,2008-09-30,2021-10-21,-213700000.0,3450600000.0,,395000000.0,3055600000.0,,11.275,-30900000.0,69000000.0,69000000.0,197000000.0,73800000.0,1.089,1.4,1308100000.0,55200000.0,1252900000.0,1308100000.0,71000000.0,41400000.0,0.0,0.005,0.04,107200000.0,148600000.0,0.307,148600000.0,107200000.0,90300000.0,0.57,0.56,0.57,1437600000.0,,1437600000.0,5686035229.0,12.0,8.984,107600000.0,0.844,1.0,287100000.0,0.593,2612000000.0,16900000.0,1714900000.0,,0.0,0.0,0.0,0.0,2013000000.0,362800000.0,1650200000.0,4418135229.0,-3600000.0,-6800000.0,-62200000.0,-31200000.0,-5100000.0,-99000000.0,-37700000.0,0.0,138500000.0,-5400000.0,72300000.0,72300000.0,72300000.0,0.0,1500000.0,0.149,179900000.0,107200000.0,26500000.0,0.07,3.073,16.095,16.098,291200000.0,0.0,34.45,2.231,2.218,273700000.0,2222100000.0,484100000.0,484100000.0,0.0,,,,,5000000.0,138500000.0,1.0,128247757.0,127500000,129800000.0,3.797,838600000.0,0.0,18000000.0,270700000.0,6.577,32200000.0
53,EFX,MRQ,2008-06-30,2008-06-30,2008-06-30,2021-10-21,-159200000.0,3546600000.0,,433300000.0,3113300000.0,,11.488,-28400000.0,72600000.0,72600000.0,204400000.0,72600000.0,0.998,1.393,1340500000.0,127300000.0,1213200000.0,1340500000.0,78600000.0,38000000.0,0.0,0.005,0.04,126800000.0,164800000.0,0.328,164800000.0,126800000.0,109500000.0,0.55,0.54,0.55,1482000000.0,,1482000000.0,5656601702.0,11.0,8.677,84700000.0,0.657,1.0,297500000.0,0.593,2674600000.0,17300000.0,1705600000.0,,0.0,0.0,0.0,0.0,2064600000.0,434300000.0,1630300000.0,4354501702.0,-12400000.0,-9400000.0,-36200000.0,-45500000.0,-5100000.0,-87700000.0,-37800000.0,0.0,113100000.0,0.0,70800000.0,70800000.0,70800000.0,0.0,1800000.0,0.141,169800000.0,127700000.0,31600000.0,0.073,2.938,16.122,16.32,285300000.0,0.0,33.62,2.19,2.181,305900000.0,2155100000.0,501900000.0,501900000.0,0.0,,,,,5100000.0,131800000.0,1.0,129521169.0,129000000,131500000.0,3.891,872000000.0,0.0,38700000.0,275100000.0,6.76,-1000000.0
54,EFX,MRQ,2008-03-31,2008-03-31,2008-03-31,2021-10-21,-162600000.0,3549900000.0,,445300000.0,3104600000.0,,11.134,-30000000.0,85000000.0,85000000.0,206200000.0,67400000.0,1.353,1.46,1387100000.0,23300000.0,1363800000.0,1387100000.0,73200000.0,37900000.0,0.0,0.005,0.04,124800000.0,162700000.0,0.323,162700000.0,124800000.0,105100000.0,0.51,0.5,0.51,1443000000.0,,1443000000.0,5775857186.0,12.0,9.077,46500000.0,0.359,1.0,296900000.0,0.59,2685200000.0,19700000.0,1837600000.0,,0.0,0.0,0.0,0.0,2106900000.0,329200000.0,1777700000.0,4470157186.0,3400000.0,-6000000.0,-31400000.0,-300000.0,-5200000.0,-37700000.0,-36000000.0,0.0,76500000.0,600000.0,65700000.0,65700000.0,65700000.0,0.0,1700000.0,0.131,170700000.0,126200000.0,30600000.0,0.078,3.098,16.593,16.985,272700000.0,0.0,34.48,2.303,2.302,305100000.0,2089500000.0,503100000.0,503100000.0,0.0,,,,,6800000.0,132800000.0,1.0,129644930.0,129600000,132100000.0,3.882,864700000.0,0.0,39400000.0,301300000.0,6.672,116100000.0
55,EFX,MRQ,2007-12-31,2007-12-31,2007-12-31,2021-10-21,-170500000.0,3523900000.0,,425000000.0,3098900000.0,,10.6,-33200000.0,81600000.0,81600000.0,203900000.0,71800000.0,0.777,1.519,1387300000.0,222100000.0,1165200000.0,1387300000.0,69900000.0,37800000.0,0.0,0.004,0.04,119000000.0,156800000.0,0.319,156800000.0,119000000.0,98200000.0,0.51,0.49,0.51,1399200000.0,,1399200000.0,6115748587.0,13.0,10.013,148500000.0,1.125,1.0,287000000.0,0.585,2694800000.0,20800000.0,1587900000.0,,0.0,0.0,0.0,0.0,2124700000.0,546900000.0,1577800000.0,4793648587.0,-5400000.0,-9000000.0,-108500000.0,-21600000.0,-5300000.0,-144800000.0,-42200000.0,0.0,181700000.0,-100000.0,65700000.0,65700000.0,65700000.0,0.0,6100000.0,0.134,166800000.0,120200000.0,31100000.0,0.078,3.426,17.578,17.565,259500000.0,0.0,36.36,2.601,2.604,295800000.0,2030000000.0,490900000.0,490900000.0,0.0,,,,,3600000.0,129000000.0,1.0,131838520.0,132000000,135100000.0,3.719,829100000.0,0.0,32500000.0,277100000.0,6.281,-121900000.0
56,EFX,MRQ,2007-09-30,2007-09-30,2007-09-30,2021-10-21,-185800000.0,3480700000.0,,444400000.0,3036300000.0,,10.025,-53500000.0,87000000.0,87000000.0,194300000.0,67900000.0,0.943,1.527,1409100000.0,168200000.0,1240900000.0,1409100000.0,67500000.0,38900000.0,0.0,0.004,0.04,128700000.0,167600000.0,0.34,167600000.0,128700000.0,108800000.0,0.49,0.48,0.49,1377500000.0,,1377500000.0,6309816179.0,13.0,10.816,65200000.0,0.475,1.0,298200000.0,0.605,2667200000.0,19900000.0,1664300000.0,,0.0,0.0,0.0,0.0,2103200000.0,471300000.0,1631900000.0,5368216179.0,-177200000.0,-300000.0,-430700000.0,190300000.0,-5400000.0,-244100000.0,-53800000.0,0.0,118700000.0,2000000.0,67900000.0,67900000.0,67900000.0,0.0,0.0,0.138,169000000.0,129200000.0,21800000.0,0.082,3.897,19.875,18.415,239000000.0,0.0,38.12,3.081,3.007,302700000.0,1969700000.0,492500000.0,492500000.0,0.0,,,,,4300000.0,130100000.0,1.0,140824139.0,137400000,140600000.0,3.584,813500000.0,0.0,40900000.0,263900000.0,5.921,-26900000.0
57,EFX,MRQ,2007-06-30,2007-06-30,2007-06-30,2021-10-21,-204200000.0,3613700000.0,,625800000.0,2987900000.0,,12.804,-17200000.0,264200000.0,264200000.0,189900000.0,70100000.0,0.873,1.092,1205800000.0,427200000.0,778600000.0,1205800000.0,72400000.0,29600000.0,0.0,0.004,0.04,119600000.0,149200000.0,0.328,149200000.0,119600000.0,109200000.0,0.52,0.51,0.52,1727200000.0,,1727200000.0,5944743973.0,13.0,10.686,71000000.0,0.526,1.0,264600000.0,0.582,2675000000.0,10400000.0,1163700000.0,,0.0,0.0,0.0,0.0,1886500000.0,716600000.0,1169900000.0,5558443973.0,194600000.0,-290600000.0,-154000000.0,568100000.0,-5000000.0,412800000.0,-307800000.0,0.0,88200000.0,1400000.0,70100000.0,70100000.0,70100000.0,0.0,0.0,0.154,144800000.0,119800000.0,33900000.0,0.077,3.218,19.774,20.191,187700000.0,0.0,44.42,3.381,3.644,296200000.0,1907400000.0,454500000.0,454500000.0,0.0,,,,,5200000.0,115200000.0,1.0,125133813.0,134900000,138600000.0,3.369,938700000.0,0.0,39100000.0,267100000.0,6.958,-90800000.0
58,EFX,MRQ,2007-03-31,2007-03-31,2007-03-31,2021-10-21,-224300000.0,1831900000.0,,372600000.0,1459300000.0,,7.427,-14600000.0,69600000.0,69600000.0,169300000.0,69000000.0,0.658,0.975,455900000.0,307000000.0,148900000.0,455900000.0,67400000.0,21400000.0,0.0,0.004,0.04,115800000.0,137200000.0,0.339,137200000.0,115800000.0,108400000.0,0.55,0.54,0.55,927600000.0,,927600000.0,4987196334.0,11.0,9.272,50300000.0,0.403,1.0,235800000.0,0.582,1180700000.0,7400000.0,471100000.0,,0.0,0.0,0.0,0.0,904300000.0,566400000.0,337900000.0,4551096334.0,1800000.0,-3900000.0,6100000.0,-48000000.0,-5000000.0,-45100000.0,-18500000.0,0.0,64900000.0,500000.0,69000000.0,69000000.0,69000000.0,0.0,0.0,0.17,118800000.0,117000000.0,21400000.0,0.073,4.906,16.219,16.419,162400000.0,0.0,36.45,2.885,2.886,252200000.0,1842500000.0,405100000.0,405100000.0,0.0,,,,,4100000.0,97400000.0,1.0,124858610.0,124900000,127300000.0,3.243,651200000.0,0.0,39400000.0,104900000.0,5.214,-193800000.0
59,EFX,MRQ,2006-12-31,2006-12-31,2006-12-31,2021-10-21,-232200000.0,1790600000.0,,345200000.0,1445400000.0,,6.594,-17900000.0,67800000.0,67800000.0,155600000.0,63100000.0,0.593,1.136,503900000.0,330000000.0,173900000.0,503900000.0,62700000.0,20800000.0,0.0,0.004,0.04,108600000.0,129400000.0,0.332,129400000.0,108600000.0,100700000.0,0.51,0.5,0.51,838100000.0,,838100000.0,5533047958.0,12.0,10.428,100500000.0,0.791,1.0,234400000.0,0.601,1179400000.0,7900000.0,465200000.0,,0.0,0.0,0.0,0.0,952500000.0,582100000.0,370400000.0,5080147958.0,12100000.0,-34800000.0,-45000000.0,-4600000.0,-5000000.0,-53000000.0,-52600000.0,0.0,118400000.0,-700000.0,63100000.0,63100000.0,63100000.0,0.0,0.0,0.162,124500000.0,109900000.0,23500000.0,0.078,6.062,18.507,18.796,161900000.0,0.0,40.6,3.285,3.337,244800000.0,1778600000.0,390000000.0,390000000.0,0.0,,,,,3000000.0,103700000.0,1.0,125126797.0,127100000,129400000.0,3.068,611200000.0,0.0,37600000.0,70800000.0,4.809,-236900000.0
60,EFX,MRQ,2006-09-30,2006-09-30,2006-09-30,2021-10-21,-134000000.0,1894100000.0,,342000000.0,1552100000.0,,7.263,-7600000.0,55700000.0,55700000.0,157900000.0,78900000.0,1.065,1.063,508600000.0,91700000.0,416900000.0,508600000.0,62300000.0,20400000.0,0.0,0.004,0.04,120100000.0,140500000.0,0.356,140500000.0,120100000.0,112200000.0,0.62,0.61,0.62,918100000.0,,918100000.0,5129751398.0,12.0,9.736,91300000.0,0.722,1.0,236700000.0,0.6,1146500000.0,7900000.0,879500000.0,,0.0,0.0,0.0,0.0,976000000.0,321000000.0,655000000.0,4648551398.0,7500000.0,0.0,-58900000.0,-20900000.0,-5000000.0,-84000000.0,-7600000.0,0.0,98900000.0,200000.0,78900000.0,78900000.0,78900000.0,0.0,0.0,0.2,116100000.0,120600000.0,21300000.0,0.065,5.063,16.953,17.154,156600000.0,0.0,36.71,3.063,3.058,248500000.0,1720700000.0,394600000.0,394600000.0,0.0,,,,,5200000.0,95700000.0,1.0,126629022.0,126400000,128400000.0,3.122,747600000.0,0.0,33300000.0,135300000.0,5.915,21000000.0
61,EFX,MRQ,2006-06-30,2006-06-30,2006-06-30,2021-10-21,-138300000.0,1883700000.0,,322500000.0,1561200000.0,,6.969,-15800000.0,48200000.0,48200000.0,161800000.0,69600000.0,1.032,1.11,529400000.0,95600000.0,433800000.0,529400000.0,63900000.0,20500000.0,0.0,0.005,0.04,110300000.0,130800000.0,0.337,130800000.0,110300000.0,102100000.0,0.54,0.53,0.54,892700000.0,,892700000.0,4919973022.0,11.0,9.498,74600000.0,0.582,1.0,225900000.0,0.583,1150300000.0,8200000.0,902000000.0,,0.0,0.0,0.0,0.0,991000000.0,312600000.0,678400000.0,4415173022.0,-8200000.0,0.0,-47900000.0,-31700000.0,-5100000.0,-83500000.0,-15800000.0,0.0,90400000.0,700000.0,69600000.0,69600000.0,69600000.0,0.0,0.0,0.18,129500000.0,96400000.0,16800000.0,0.074,4.946,17.126,17.17,158300000.0,0.0,34.34,2.947,2.936,239000000.0,1647000000.0,387700000.0,387700000.0,0.0,,,,,6600000.0,109000000.0,1.0,128572307.0,128100000,130400000.0,3.027,733400000.0,0.0,32500000.0,129800000.0,5.725,9900000.0
62,EFX,MRQ,2006-03-31,2006-03-31,2006-03-31,2021-10-21,-149000000.0,1879000000.0,,318800000.0,1560200000.0,,6.647,-10700000.0,56400000.0,56400000.0,151100000.0,62900000.0,1.022,1.192,561200000.0,92400000.0,468800000.0,561200000.0,58400000.0,21100000.0,0.0,0.004,0.04,108800000.0,129900000.0,0.347,129900000.0,108800000.0,100900000.0,0.49,0.48,0.49,857400000.0,,857400000.0,5337989277.0,12.0,10.363,53700000.0,0.416,1.0,222900000.0,0.596,1149500000.0,7900000.0,922300000.0,,0.0,0.0,0.0,0.0,1021600000.0,312000000.0,709600000.0,4819389277.0,18900000.0,0.0,-37300000.0,5000000.0,-5200000.0,-34500000.0,-10800000.0,0.0,64400000.0,-200000.0,62900000.0,62900000.0,62900000.0,0.0,0.0,0.168,113700000.0,109200000.0,21900000.0,0.082,5.621,19.216,19.196,136200000.0,0.0,37.24,3.27,3.259,226900000.0,1582700000.0,374000000.0,374000000.0,0.0,,,,,4300000.0,92600000.0,1.0,129414320.0,129000000,131500000.0,2.899,729500000.0,0.0,38000000.0,156500000.0,5.655,6800000.0
63,EFX,MRQ,2005-12-31,2005-12-31,2005-12-31,2021-10-21,-157800000.0,1831500000.0,,280400000.0,1551100000.0,,6.325,-12900000.0,37500000.0,37500000.0,150900000.0,62800000.0,0.952,1.233,556100000.0,92300000.0,463800000.0,556100000.0,49200000.0,21700000.0,0.0,0.004,0.04,104000000.0,125700000.0,0.348,125700000.0,104000000.0,95900000.0,0.49,0.48,0.49,820300000.0,,820300000.0,5503693450.0,13.0,10.823,87200000.0,0.672,1.0,210400000.0,0.582,1149600000.0,8100000.0,906000000.0,,0.0,0.0,0.0,0.0,1011200000.0,294500000.0,716700000.0,4937593450.0,-4000000.0,0.0,-33900000.0,-51300000.0,-5400000.0,-90700000.0,-12900000.0,10100000.0,100100000.0,-500000.0,62800000.0,62800000.0,62800000.0,0.0,0.0,0.174,104400000.0,106000000.0,5900000.0,0.082,6.019,20.031,20.011,156800000.0,0.0,38.02,3.421,3.416,216000000.0,1525100000.0,361300000.0,361300000.0,0.0,,,,,7400000.0,82700000.0,1.0,129868318.0,129700000,132200000.0,2.786,681900000.0,0.0,33100000.0,126100000.0,5.258,-14100000.0
64,EFX,MRQ,2005-09-30,2005-09-30,2005-09-30,2021-10-21,-251300000.0,1713000000.0,,304700000.0,1408300000.0,,5.371,-11200000.0,41500000.0,41500000.0,153000000.0,62500000.0,1.028,1.455,607600000.0,88800000.0,518800000.0,607600000.0,4100000.0,20500000.0,0.0,0.004,0.04,111100000.0,131600000.0,0.351,131600000.0,111100000.0,102500000.0,0.48,0.47,0.48,697700000.0,,697700000.0,5168686819.0,12.0,10.255,94200000.0,0.725,1.0,222300000.0,0.592,1164700000.0,8600000.0,818100000.0,,0.0,0.0,0.0,0.0,1015300000.0,296300000.0,719000000.0,4550786819.0,-3200000.0,-17300000.0,-23300000.0,-52800000.0,-5400000.0,-81300000.0,-28500000.0,0.0,105400000.0,1200000.0,62500000.0,62500000.0,62500000.0,0.0,0.0,0.167,115000000.0,107300000.0,5100000.0,0.083,6.523,18.867,18.886,138000000.0,0.0,34.94,3.228,3.22,224000000.0,1467700000.0,375300000.0,375300000.0,0.0,,,,,7700000.0,94500000.0,1.0,130245759.0,129900000,132500000.0,2.889,548300000.0,14300000.0,40000000.0,78900000.0,4.221,8400000.0
65,EFX,MRQ,2005-06-30,2005-06-30,2005-06-30,2021-10-21,-266700000.0,1671300000.0,,308600000.0,1362700000.0,,4.792,-12300000.0,44700000.0,44700000.0,147800000.0,62600000.0,0.675,1.687,662600000.0,263900000.0,398700000.0,662600000.0,7800000.0,20100000.0,0.0,0.004,0.04,107800000.0,127900000.0,0.352,127900000.0,107800000.0,98000000.0,0.48,0.47,0.48,622000000.0,,622000000.0,5299177116.0,13.0,10.846,78200000.0,0.602,1.0,215600000.0,0.593,1119400000.0,9800000.0,712900000.0,,0.0,0.0,0.0,0.0,1049300000.0,456900000.0,592400000.0,4635677116.0,-8200000.0,-18800000.0,-17800000.0,-53800000.0,-5400000.0,-76700000.0,-21000000.0,0.0,90500000.0,-1000000.0,62600000.0,62600000.0,62600000.0,0.0,0.0,0.172,108900000.0,106700000.0,6500000.0,0.083,7.453,19.99,20.175,136800000.0,0.0,35.71,3.423,3.423,215600000.0,1410600000.0,363400000.0,363400000.0,0.0,,,,,5800000.0,88800000.0,1.0,129814537.0,129800000,132700000.0,2.8,551900000.0,11300000.0,35400000.0,63500000.0,4.252,-148300000.0
66,EFX,MRQ,2005-03-31,2005-03-31,2005-03-31,2021-10-21,-274200000.0,1670600000.0,,331300000.0,1339300000.0,,4.358,-9800000.0,52900000.0,52900000.0,142500000.0,58600000.0,0.637,1.953,716400000.0,317700000.0,398700000.0,716400000.0,8300000.0,19900000.0,0.0,0.004,0.03,103400000.0,123300000.0,0.359,123300000.0,103400000.0,94300000.0,0.45,0.44,0.45,565700000.0,,565700000.0,4739236663.0,11.0,9.316,32000000.0,0.247,1.0,200900000.0,0.585,1101000000.0,9100000.0,713400000.0,,0.0,0.0,0.0,0.0,1104900000.0,519700000.0,585200000.0,4137136663.0,800000.0,-85700000.0,-6200000.0,65200000.0,-4000000.0,55200000.0,-95500000.0,0.0,41800000.0,-700000.0,58600000.0,58600000.0,58600000.0,0.0,0.0,0.171,98900000.0,102000000.0,7000000.0,0.067,7.313,17.06,16.589,137100000.0,0.0,30.69,3.167,3.05,214100000.0,1353400000.0,343400000.0,343400000.0,0.0,,,,,5400000.0,79000000.0,1.0,134804062.0,129800000,132400000.0,2.646,569600000.0,17800000.0,35700000.0,58800000.0,4.388,-188400000.0
67,EFX,MRQ,2004-12-31,2004-12-31,2004-12-31,2021-10-21,-267000000.0,1557200000.0,,299600000.0,1257600000.0,,3.988,-14500000.0,52100000.0,52100000.0,139100000.0,57500000.0,0.656,1.974,654200000.0,255700000.0,398500000.0,654200000.0,33800000.0,18000000.0,0.0,0.004,0.03,103200000.0,121200000.0,0.37,121200000.0,103200000.0,94100000.0,0.44,0.43,0.44,523600000.0,,523600000.0,4454058385.0,11.0,8.976,88900000.0,0.677,1.0,188500000.0,0.575,1028800000.0,9100000.0,673600000.0,,0.0,0.0,0.0,0.0,1033600000.0,456900000.0,576700000.0,3795958385.0,30200000.0,1400000.0,-29400000.0,-27400000.0,-4000000.0,-61700000.0,-14100000.0,0.0,103400000.0,2500000.0,57500000.0,57500000.0,57500000.0,-2300000.0,0.0,0.176,88800000.0,99700000.0,9700000.0,0.068,7.25,16.174,15.698,138300000.0,0.0,28.1,2.982,2.899,195100000.0,1298800000.0,327600000.0,327600000.0,0.0,,,,,3900000.0,73200000.0,1.0,135087487.0,131300000,133500000.0,2.495,528400000.0,13200000.0,36600000.0,38600000.0,4.024,-157300000.0
68,EFX,MRQ,2004-09-30,2004-09-30,2004-09-30,2021-10-21,-291800000.0,1511600000.0,,274500000.0,1237100000.0,,3.529,-12900000.0,22700000.0,22700000.0,134400000.0,53200000.0,0.579,2.277,680800000.0,268400000.0,412400000.0,680800000.0,10600000.0,19000000.0,0.0,0.004,0.03,97200000.0,116200000.0,0.363,116200000.0,97200000.0,88000000.0,0.4,0.4,0.4,461300000.0,,461300000.0,4291923686.0,12.0,9.584,81200000.0,0.621,1.0,185500000.0,0.58,953800000.0,9200000.0,741900000.0,,0.0,0.0,0.0,0.0,1050300000.0,474000000.0,576300000.0,3590923686.0,-1100000.0,-2900000.0,-31100000.0,-41700000.0,-4100000.0,-77300000.0,-15800000.0,0.0,94100000.0,-2400000.0,53200000.0,53200000.0,53200000.0,100000.0,0.0,0.166,89800000.0,95700000.0,7400000.0,0.075,7.784,17.5,16.79,45000000.0,0.0,26.36,2.925,2.807,207400000.0,1245400000.0,319900000.0,319900000.0,0.0,,,,,700000.0,70800000.0,1.0,136226240.0,130700000,132500000.0,2.448,557800000.0,9400000.0,34800000.0,51400000.0,4.268,-199500000.0
69,EFX,MRQ,2004-06-30,2004-06-30,2004-06-30,2021-10-21,-309100000.0,1527000000.0,,287700000.0,1239300000.0,,3.224,-16800000.0,24900000.0,24900000.0,130500000.0,73200000.0,1.115,2.59,725900000.0,67800000.0,658100000.0,725900000.0,10800000.0,20800000.0,0.0,0.004,0.03,127200000.0,148000000.0,0.469,148000000.0,127200000.0,119000000.0,0.56,0.55,0.56,425300000.0,,425300000.0,4178222994.0,12.0,9.364,63700000.0,0.483,1.0,184900000.0,0.586,956900000.0,8200000.0,1013100000.0,,0.0,0.0,0.0,0.0,1101700000.0,258000000.0,843700000.0,3390022994.0,-13200000.0,-9000000.0,-32000000.0,-96900000.0,-4100000.0,-132300000.0,38800000.0,59400000.0,80500000.0,-300000.0,73200000.0,73200000.0,73200000.0,3800000.0,0.0,0.232,92900000.0,92000000.0,13000000.0,0.054,7.971,16.683,15.968,42300000.0,0.0,24.75,2.785,2.682,205800000.0,1196100000.0,315400000.0,315400000.0,0.0,,,,,3700000.0,70300000.0,1.0,136970626.0,131900000,133700000.0,2.391,570100000.0,16000000.0,45800000.0,63300000.0,4.322,29700000.0
70,EFX,MRQ,2004-03-31,2004-03-31,2004-03-31,2021-10-21,-297800000.0,1590600000.0,,307900000.0,1282700000.0,,2.992,-3300000.0,37000000.0,37000000.0,129900000.0,50800000.0,0.86,3.001,825200000.0,165100000.0,660100000.0,825200000.0,11800000.0,20900000.0,0.0,0.003,0.02,89900000.0,110800000.0,0.358,110800000.0,89900000.0,81500000.0,0.39,0.38,0.39,397600000.0,,397600000.0,4345453038.0,14.0,10.743,27700000.0,0.208,1.0,180000000.0,0.581,969100000.0,8400000.0,1051800000.0,,0.0,0.0,0.0,0.0,1193000000.0,357900000.0,835100000.0,3561253038.0,-1900000.0,-6900000.0,-17400000.0,4900000.0,-2800000.0,-17700000.0,-15400000.0,0.0,31000000.0,-1000000.0,50800000.0,50800000.0,50800000.0,1000000.0,0.0,0.164,91600000.0,88400000.0,9200000.0,0.051,8.957,20.717,19.862,44500000.0,0.0,25.82,2.921,2.815,208400000.0,1127000000.0,309900000.0,309900000.0,0.0,,,,,0.0,70100000.0,1.0,137926144.0,132900000,135100000.0,2.332,621500000.0,13500000.0,30700000.0,51600000.0,4.676,-50000000.0
71,EFX,MRQ,2003-12-31,2003-12-31,2003-12-31,2021-10-21,-296100000.0,1553300000.0,,285900000.0,1267400000.0,,2.762,-2800000.0,38100000.0,38100000.0,106000000.0,28000000.0,0.806,3.181,823500000.0,160500000.0,663000000.0,823500000.0,12000000.0,17900000.0,0.0,0.003,0.02,54900000.0,72800000.0,0.258,72800000.0,54900000.0,46400000.0,0.22,0.2,0.22,371500000.0,,371500000.0,4242481110.0,14.0,10.619,97400000.0,0.724,1.0,176300000.0,0.625,1020500000.0,8500000.0,963400000.0,,0.0,0.0,0.0,0.0,1181800000.0,354800000.0,827000000.0,3407381110.0,5700000.0,1400000.0,-26800000.0,-46900000.0,-2900000.0,-79800000.0,-20000000.0,0.0,100200000.0,5000000.0,28000000.0,28000000.0,28000000.0,5500000.0,0.0,0.099,117000000.0,59300000.0,12500000.0,0.091,9.172,20.663,19.919,146600000.0,0.0,24.5,2.814,2.722,185500000.0,1079000000.0,282300000.0,282300000.0,0.0,,,,,8000000.0,68400000.0,1.0,139076780.0,134500000,136700000.0,2.099,532800000.0,14400000.0,18400000.0,19300000.0,3.961,-68900000.0
72,EFX,MRQ,2003-09-30,2003-09-30,2003-09-30,2021-10-21,-315700000.0,1593400000.0,,293300000.0,1300100000.0,,2.578,-3100000.0,33500000.0,33500000.0,129000000.0,51200000.0,1.326,3.596,868600000.0,27100000.0,841500000.0,868600000.0,13100000.0,25200000.0,0.0,0.004,0.02,89400000.0,114600000.0,0.37,114600000.0,89400000.0,80800000.0,0.38,0.38,0.38,346700000.0,,346700000.0,4009668387.0,11.0,9.053,88300000.0,0.657,1.0,180800000.0,0.584,965300000.0,8600000.0,1242000000.0,,0.0,0.0,0.0,0.0,1246700000.0,221200000.0,1025500000.0,3124868387.0,2700000.0,400000.0,-31100000.0,-43100000.0,-2700000.0,-76600000.0,-13100000.0,0.0,91400000.0,300000.0,51200000.0,51200000.0,51200000.0,1600000.0,0.0,0.165,91900000.0,88900000.0,10800000.0,0.053,9.013,16.719,16.255,47900000.0,0.0,22.27,2.589,2.482,200800000.0,1053800000.0,309800000.0,309800000.0,0.0,,,,,0.0,66800000.0,1.0,140317395.0,134500000,136400000.0,2.303,628100000.0,19600000.0,29600000.0,38300000.0,4.67,72100000.0
73,EFX,MRQ,2003-06-30,2003-06-30,2003-06-30,2021-10-21,-317500000.0,1610500000.0,,303800000.0,1306700000.0,,2.415,-4500000.0,30800000.0,30800000.0,137700000.0,41900000.0,1.392,3.943,915600000.0,23700000.0,891900000.0,915600000.0,10600000.0,24100000.0,0.0,0.003,0.02,82200000.0,106300000.0,0.335,106300000.0,82200000.0,71400000.0,0.31,0.31,0.31,325800000.0,,325800000.0,4576900862.0,13.0,10.674,69200000.0,0.513,1.0,179300000.0,0.566,974400000.0,10800000.0,1302600000.0,,0.0,0.0,0.0,0.0,1284700000.0,218300000.0,1066400000.0,3665900862.0,5000000.0,-29300000.0,-800000.0,-26700000.0,-2800000.0,-30700000.0,-39700000.0,0.0,73700000.0,2300000.0,41900000.0,41900000.0,41900000.0,7400000.0,0.0,0.132,94000000.0,85300000.0,12500000.0,0.065,11.252,20.996,20.312,48500000.0,0.0,26.0,3.089,2.955,213400000.0,1005400000.0,317000000.0,317000000.0,0.0,,,,,0.0,69900000.0,1.0,140996187.0,134900000,137000000.0,2.35,636100000.0,21400000.0,29500000.0,31700000.0,4.715,85500000.0
74,EFX,MRQ,2003-03-31,2003-03-31,2003-03-31,2021-10-21,-350400000.0,1555600000.0,,291800000.0,1263800000.0,,1.883,-3800000.0,25800000.0,25800000.0,127000000.0,43800000.0,0.669,5.103,936800000.0,243000000.0,693800000.0,936800000.0,10900000.0,23200000.0,0.0,0.004,0.02,82600000.0,105800000.0,0.351,105800000.0,82600000.0,70900000.0,0.32,0.32,0.32,254900000.0,,254900000.0,3712513778.0,11.0,8.632,24600000.0,0.182,1.0,174600000.0,0.579,938600000.0,11700000.0,1091900000.0,,0.0,0.0,0.0,0.0,1300700000.0,436100000.0,864600000.0,2818513778.0,-4700000.0,-13200000.0,-16700000.0,11100000.0,-2900000.0,-8200000.0,-26000000.0,0.0,28400000.0,700000.0,43800000.0,43800000.0,43800000.0,1300000.0,0.0,0.145,93900000.0,80700000.0,14200000.0,0.062,11.057,15.65,15.144,49700000.0,0.0,19.99,2.477,2.379,212400000.0,966300000.0,301600000.0,301600000.0,0.0,,,,,0.0,70700000.0,1.0,140996187.0,135400000,136800000.0,2.227,617000000.0,20500000.0,27100000.0,29700000.0,4.557,-144300000.0
75,EFX,MRQ,2002-12-31,2002-12-31,2002-12-31,2021-10-21,-359400000.0,1506900000.0,,285600000.0,1221300000.0,,1.623,-4000000.0,30500000.0,30500000.0,94000000.0,50000000.0,0.667,5.819,924500000.0,233900000.0,690600000.0,924500000.0,11700000.0,21600000.0,0.0,0.003,0.02,94600000.0,116200000.0,0.417,116200000.0,94600000.0,83900000.0,0.36,0.36,0.36,221000000.0,,221000000.0,4156919759.0,12.0,9.82,95600000.0,0.702,1.0,184600000.0,0.663,915900000.0,10700000.0,1057100000.0,,0.0,0.0,0.0,0.0,1285900000.0,427900000.0,858000000.0,3292019759.0,-500000.0,-103000000.0,1500000.0,26000000.0,-2800000.0,25000000.0,-123100000.0,-100000.0,99600000.0,500000.0,50000000.0,50000000.0,50000000.0,2200000.0,0.0,0.179,88700000.0,95900000.0,16500000.0,0.056,14.896,18.494,17.664,50600000.0,0.0,23.14,3.006,2.877,200600000.0,925400000.0,278600000.0,278600000.0,0.0,,,,,6600000.0,68200000.0,1.0,142265331.0,136200000,138500000.0,2.046,591000000.0,20900000.0,33900000.0,25900000.0,4.339,-142300000.0
76,EFX,MRQ,2002-09-30,2002-09-30,2002-09-30,2021-10-21,-259300000.0,1528600000.0,,311400000.0,1217200000.0,,1.946,-5200000.0,30100000.0,30100000.0,113200000.0,38900000.0,0.715,4.781,895000000.0,244400000.0,650600000.0,895000000.0,12800000.0,19400000.0,0.0,0.004,0.02,81100000.0,100500000.0,0.347,100500000.0,81100000.0,70700000.0,0.29,0.28,0.29,264400000.0,,264400000.0,3901601796.0,14.0,10.827,52600000.0,0.387,1.0,176500000.0,0.609,856000000.0,10400000.0,1102000000.0,,0.0,0.0,0.0,0.0,1264200000.0,435500000.0,828700000.0,3126001796.0,2000000.0,-93900000.0,-24600000.0,85300000.0,-2800000.0,58100000.0,-112900000.0,0.0,57800000.0,-1800000.0,38900000.0,38900000.0,38900000.0,10800000.0,0.0,0.134,86800000.0,89700000.0,10300000.0,0.069,11.823,22.799,21.314,45700000.0,0.0,21.74,2.846,2.689,214600000.0,878300000.0,289700000.0,289700000.0,0.0,,,,,0.0,66300000.0,1.0,143790331.0,135900000,137600000.0,2.132,672600000.0,25200000.0,31800000.0,94000000.0,4.949,-124100000.0
77,EFX,MRQ,2002-06-30,2002-06-30,2002-06-30,2021-10-21,-224100000.0,1452000000.0,,332500000.0,1119500000.0,,2.068,-2400000.0,28200000.0,28200000.0,104700000.0,47400000.0,0.768,4.125,803800000.0,256400000.0,547400000.0,803800000.0,13900000.0,19400000.0,0.0,0.003,0.02,88200000.0,107600000.0,0.401,107600000.0,88200000.0,78100000.0,0.35,0.34,0.35,283300000.0,,283300000.0,4633378395.0,17.0,12.787,52000000.0,0.38,1.0,163300000.0,0.609,776600000.0,10100000.0,1018100000.0,,0.0,0.0,0.0,0.0,1168700000.0,432900000.0,735800000.0,3909178395.0,-1500000.0,-62600000.0,-15500000.0,37500000.0,-2900000.0,19300000.0,-73600000.0,0.0,54400000.0,-1100000.0,47400000.0,47400000.0,47400000.0,400000.0,0.0,0.177,75700000.0,87600000.0,10900000.0,0.057,13.799,29.17,27.273,45300000.0,0.0,27.0,3.582,3.39,236300000.0,842200000.0,268000000.0,268000000.0,0.0,,,,,0.0,56300000.0,1.0,144784385.0,137000000,139800000.0,1.956,675400000.0,25600000.0,30700000.0,92100000.0,4.93,-100400000.0
78,EFX,MRQ,2002-03-31,2002-03-31,2002-03-31,2021-10-21,-206300000.0,1414900000.0,,337200000.0,1077700000.0,,2.026,-900000.0,29600000.0,29600000.0,104500000.0,41700000.0,1.419,4.119,753800000.0,54400000.0,699400000.0,753800000.0,16300000.0,19300000.0,0.0,0.005,0.02,79700000.0,99000000.0,0.382,99000000.0,79700000.0,69700000.0,0.31,0.3,0.31,276400000.0,,276400000.0,5022429122.0,20.0,14.388,36900000.0,0.271,1.0,154500000.0,0.597,732400000.0,10000000.0,1169100000.0,,0.0,0.0,0.0,0.0,1138500000.0,237600000.0,900900000.0,4300029122.0,-3600000.0,-25600000.0,-7000000.0,-100000.0,-2900000.0,-9800000.0,-31000000.0,0.0,37800000.0,-400000.0,41700000.0,41700000.0,41700000.0,300000.0,0.0,0.161,75200000.0,79300000.0,10100000.0,0.065,15.557,37.033,34.767,49800000.0,0.0,29.9,3.864,3.665,255700000.0,797600000.0,259000000.0,259000000.0,0.0,,,,,0.0,55900000.0,1.0,143813683.0,136400000,139300000.0,1.899,682500000.0,26100000.0,28000000.0,106700000.0,5.004,99600000.0
79,EFX,MRQ,2001-12-31,2001-12-31,2001-12-31,2021-10-21,-197200000.0,1422600000.0,,358000000.0,1064600000.0,,1.774,-3700000.0,33200000.0,33200000.0,78100000.0,9112000.0,1.298,4.842,755600000.0,62000000.0,693600000.0,755600000.0,17200000.0,26300000.0,0.0,0.009,0.02,26960000.0,53260000.0,0.189,53260000.0,26960000.0,16150000.0,0.07,0.06,0.07,243500000.0,,243500000.0,4247112259.0,17.0,11.739,86400000.0,0.63,1.0,203754000.0,0.723,723500000.0,10810000.0,1145600000.0,,0.0,0.0,0.0,0.0,1179100000.0,275900000.0,903200000.0,3498784259.0,6500000.0,2600000.0,-21300000.0,-20700000.0,-2900000.0,-44600000.0,-32400000.0,-25200000.0,90100000.0,-2900000.0,9112000.0,9112000.0,9112000.0,-12000.0,0.0,0.032,177008000.0,26746000.0,13200000.0,0.286,14.369,28.562,26.833,55200000.0,0.0,24.15,3.072,2.901,266200000.0,758800000.0,281854000.0,281854000.0,0.0,,,,,4500000.0,10408000.0,1.0,144877195.0,137241000,139759000.0,2.054,699100000.0,26400000.0,7038000.0,88600000.0,5.094,82100000.0
80,EFX,MRQ,2001-09-30,2001-09-30,2001-09-30,2021-10-21,-197168000.0,1449413000.0,,364379000.0,1085034000.0,,1.919,-4200000.0,26683000.0,26683000.0,113100000.0,35800000.0,1.426,4.497,775011000.0,59084000.0,715927000.0,775011000.0,22247000.0,26900000.0,0.0,0.014,0.02,75600000.0,102500000.0,0.363,102500000.0,75600000.0,63300000.0,0.26,0.26,0.26,263685000.0,,263685000.0,4201209546.0,12.0,9.381,66500000.0,0.484,1.0,169300000.0,0.6,724792000.0,12300000.0,1217454000.0,,0.0,0.0,0.0,0.0,1185728000.0,255495000.0,930233000.0,3151617546.0,-8600000.0,-3800000.0,-700000.0,-310100000.0,-2900000.0,-313400000.0,-6800000.0,0.0,70700000.0,-900000.0,35800000.0,35800000.0,35800000.0,0.0,0.0,0.127,88800000.0,80500000.0,15814000.0,0.077,11.952,17.338,16.343,57145000.0,0.0,21.9,2.757,2.633,284587000.0,755532000.0,282400000.0,282400000.0,0.0,,,,,0.0,61800000.0,1.0,143909477.0,137400000,140200000.0,2.055,724621000.0,16846000.0,27500000.0,92837000.0,5.274,108884000.0
81,EFX,MRQ,2001-06-30,2001-06-30,2001-06-30,2021-10-21,-182119000.0,2021218000.0,,389934000.0,1631284000.0,,3.537,-2300000.0,35339000.0,35339000.0,117900000.0,29500000.0,1.202,3.186,1084931000.0,103374000.0,981557000.0,1084931000.0,24011000.0,26200000.0,0.0,0.01,0.092,68100000.0,94300000.0,0.326,94300000.0,68100000.0,56300000.0,0.22,0.21,0.22,482848000.0,,482848000.0,6241204053.0,17.0,13.252,62000000.0,0.454,1.0,171600000.0,0.593,747629000.0,11800000.0,1998849000.0,,0.0,0.0,0.0,0.0,1538370000.0,324332000.0,1214038000.0,5252072053.0,9900000.0,-10200000.0,11700000.0,44100000.0,-13300000.0,43300000.0,-23500000.0,0.0,64300000.0,-1000000.0,29500000.0,29500000.0,29500000.0,8800000.0,0.0,0.102,95400000.0,76200000.0,20404000.0,0.418,10.877,24.975,23.665,59111000.0,0.0,36.68,5.214,4.971,298134000.0,953554000.0,289500000.0,289500000.0,0.0,,,,,0.0,69200000.0,1.0,143186261.0,136500000,138400000.0,2.121,1273589000.0,24743000.0,26800000.0,87642000.0,9.33,65602000.0
82,EFX,MRQ,2001-03-31,2001-03-31,2001-03-31,2021-10-21,-242191000.0,2028649000.0,,581592000.0,1447057000.0,,2.857,-2800000.0,50158000.0,50158000.0,116500000.0,48100000.0,1.45,4.222,1039290000.0,60233000.0,979057000.0,1039290000.0,28027000.0,26800000.0,0.0,0.012,0.092,84900000.0,111700000.0,0.392,111700000.0,84900000.0,72000000.0,0.35,0.35,0.35,388486000.0,,388486000.0,5431501250.0,14.0,11.171,27200000.0,0.2,1.0,168700000.0,0.592,903919000.0,12900000.0,1712798000.0,,0.0,0.0,0.0,0.0,1640163000.0,401064000.0,1239099000.0,4472736250.0,-34200000.0,-29800000.0,4400000.0,-2900000.0,-13200000.0,-10800000.0,-43800000.0,0.0,30000000.0,-800000.0,48100000.0,48100000.0,48100000.0,-14000000.0,0.0,0.169,98400000.0,70300000.0,118049000.0,0.263,11.513,19.125,18.064,94212000.0,0.0,31.25,4.371,4.153,464580000.0,937339000.0,285200000.0,285200000.0,0.0,,,,,0.0,92000000.0,1.0,143127560.0,136000000,137600000.0,2.097,1124730000.0,23172000.0,23900000.0,116214000.0,8.27,180528000.0
83,EFX,MRQ,2000-12-31,2000-12-31,2000-12-31,2021-10-21,-206100000.0,1893100000.0,,403800000.0,1489300000.0,,2.837,-13227000.0,59600000.0,59600000.0,74455000.0,68377000.0,1.512,3.935,1047600000.0,54200000.0,993400000.0,1047600000.0,32900000.0,25686000.0,0.0,0.013,0.092,113635000.0,139321000.0,0.487,139321000.0,113635000.0,100776000.0,0.51,0.5,0.51,383600000.0,,383600000.0,5157892383.0,13.0,10.351,68023000.0,0.503,1.0,211439000.0,0.74,766400000.0,12859000.0,1847600000.0,,0.0,0.0,0.0,0.0,1509500000.0,267100000.0,1242400000.0,4063253383.0,-32736000.0,104976000.0,14187000.0,-168719000.0,-13100000.0,-166981000.0,77187000.0,-10200000.0,81250000.0,-2767000.0,68377000.0,68377000.0,68377000.0,-26184000.0,0.0,0.239,122453000.0,88986000.0,16800000.0,0.18,10.592,17.821,16.876,66000000.0,0.0,28.69,3.417,3.242,292200000.0,902500000.0,285894000.0,285894000.0,0.0,,,,,5600000.0,16253000.0,1.0,141626120.0,135237000,137380000.0,2.114,1126700000.0,18400000.0,32399000.0,96500000.0,8.331,136700000.0
84,EFX,MRQ,2000-09-30,2000-09-30,2000-09-30,2021-10-21,-196687000.0,2063516000.0,,625694000.0,1437822000.0,,2.287,-6688000.0,123811000.0,123811000.0,24661000.0,64318000.0,1.476,5.727,1218450000.0,73425000.0,1145025000.0,1218450000.0,14498000.0,28500000.0,0.0,0.014,0.092,97147000.0,125647000.0,0.857,125647000.0,97147000.0,85711000.0,0.47,0.48,0.47,306735000.0,,306735000.0,4927889399.0,15.0,12.153,44721000.0,0.333,1.0,122024000.0,0.832,958955000.0,11436000.0,1775192000.0,,0.0,0.0,0.0,0.0,1756781000.0,424008000.0,1332773000.0,3804808399.0,9987000.0,-2125000.0,4101000.0,-16611000.0,-13096000.0,-24770000.0,-24102000.0,0.0,51409000.0,-412000.0,64318000.0,64318000.0,64318000.0,-39633000.0,0.0,0.438,62271000.0,59753000.0,121532000.0,0.196,12.404,17.184,16.427,107779000.0,0.0,26.94,5.534,5.255,408621000.0,847249000.0,146685000.0,146685000.0,0.0,,,,,0.0,62271000.0,1.0,141232680.0,134121000,135540000.0,1.094,1104561000.0,25681000.0,21393000.0,100585000.0,8.236,201686000.0
85,EFX,MRQ,2000-06-30,2000-06-30,2000-06-30,2021-10-21,-181913000.0,2078441000.0,,627746000.0,1450695000.0,,1.979,-527000.0,111736000.0,111736000.0,144860000.0,53078000.0,1.343,6.834,1234817000.0,76581000.0,1158236000.0,1234817000.0,17280000.0,16784000.0,0.0,0.014,0.092,92761000.0,109545000.0,0.359,109545000.0,92761000.0,77630000.0,0.4,0.39,0.4,265323000.0,,265323000.0,4588298428.0,13.0,10.765,123000.0,0.001,1.0,160680000.0,0.526,969651000.0,15131000.0,1764580000.0,,0.0,0.0,0.0,0.0,1813118000.0,467291000.0,1345827000.0,3705300428.0,7403000.0,-252100000.0,1343000.0,245512000.0,-13061000.0,234889000.0,-254789000.0,0.0,650000.0,-2610000.0,53078000.0,53078000.0,53078000.0,-21083000.0,0.0,0.174,89286000.0,71394000.0,154418000.0,0.23,13.965,17.218,16.509,110298000.0,0.0,26.25,3.761,3.573,421796000.0,796028000.0,305540000.0,305540000.0,0.0,,,,,0.0,89286000.0,1.0,141154302.0,134089000,135777000.0,2.279,1108790000.0,26459000.0,24552000.0,88490000.0,8.269,160455000.0
86,EFX,MRQ,2000-03-31,2000-03-31,2000-03-31,2021-10-21,-154164000.0,1836691000.0,,581869000.0,1254822000.0,,1.872,-5558000.0,108542000.0,108542000.0,269224000.0,42227000.0,1.187,6.326,991540000.0,78198000.0,913342000.0,991540000.0,19948000.0,35230000.0,0.0,0.014,0.092,88557000.0,123787000.0,0.274,123787000.0,88557000.0,72183000.0,0.32,0.31,0.32,250706000.0,,250706000.0,4416753666.0,12.0,9.763,53933000.0,0.403,1.0,181857000.0,0.403,790799000.0,16374000.0,1438883000.0,,0.0,0.0,0.0,0.0,1585985000.0,490007000.0,1095978000.0,3571270666.0,-28054000.0,-39951000.0,-2931000.0,-11482000.0,-13043000.0,-26738000.0,-61296000.0,0.0,59491000.0,489000.0,42227000.0,42227000.0,42227000.0,0.0,0.0,0.094,93390000.0,88467000.0,177302000.0,0.287,14.245,16.671,16.083,106059000.0,0.0,25.25,3.182,3.013,390110000.0,756011000.0,451081000.0,451081000.0,0.0,,,,,0.0,93390000.0,1.0,141436462.0,133917000,135150000.0,3.368,1045892000.0,27237000.0,29956000.0,96674000.0,7.81,91862000.0
87,EFX,MRQ,1999-12-31,1999-12-31,1999-12-31,2021-10-21,-161982000.0,1839781000.0,,609433000.0,1230348000.0,,1.568,-6741000.0,136596000.0,136596000.0,-197714000.0,61795000.0,1.207,7.532,1013574000.0,79866000.0,933708000.0,1013574000.0,22547000.0,-3506000.0,0.0,0.015,0.092,50010000.0,46504000.0,-0.216,46504000.0,50010000.0,53376000.0,0.45,0.45,0.45,215625000.0,,215625000.0,4163582399.0,12.0,9.302,-75864000.0,-0.552,1.0,-18041000.0,0.084,770252000.0,-3366000.0,1441712000.0,,0.0,0.0,0.0,0.0,1624156000.0,504795000.0,1119361000.0,3318099399.0,-11292000.0,-29198000.0,-43978000.0,31250000.0,-13083000.0,-24991000.0,-13734000.0,0.0,-69123000.0,1756000.0,61795000.0,61795000.0,61795000.0,-68200000.0,0.0,-0.286,-6482000.0,-11559000.0,177427000.0,0.204,15.388,15.369,14.943,115490000.0,0.0,23.46,3.037,2.952,390682000.0,726827000.0,-215755000.0,-215755000.0,0.0,,,,,2000000.0,-6482000.0,1.0,141436462.0,137500000,139600000.0,-1.569,1069529000.0,28015000.0,-8419000.0,85137000.0,7.778,104638000.0
88,EFX,MRQ,1999-09-30,1999-09-30,1999-09-30,2021-10-21,-172512000.0,1712434000.0,,538697000.0,1173737000.0,,1.443,-4942000.0,137109000.0,137109000.0,252126000.0,58098000.0,1.351,7.647,982592000.0,43604000.0,938988000.0,982592000.0,24970000.0,33111000.0,0.0,0.013,0.09,113278000.0,146389000.0,0.329,146389000.0,113278000.0,98138000.0,0.42,0.42,0.42,198049000.0,,198049000.0,4841109807.0,12.0,9.222,94326000.0,0.687,1.0,192239000.0,0.433,760139000.0,15140000.0,1398916000.0,,0.0,0.0,0.0,0.0,1514385000.0,398862000.0,1115523000.0,4010745807.0,-15234000.0,-1925000.0,-70358000.0,-912000.0,-12915000.0,-83346000.0,-30181000.0,0.0,99268000.0,-975000.0,58098000.0,58098000.0,58098000.0,0.0,0.0,0.131,80070000.0,112169000.0,137973000.0,0.214,20.251,20.191,19.375,108562000.0,0.0,27.9,2.282,2.179,328965000.0,678099000.0,444365000.0,444365000.0,0.0,,,,,0.0,80070000.0,1.0,143754330.0,137268000,139303000.0,3.237,952295000.0,24122000.0,40040000.0,60989000.0,6.937,139835000.0
89,EFX,MRQ,1999-06-30,1999-06-30,1999-06-30,2021-10-21,-160495000.0,1737704000.0,,562322000.0,1175382000.0,,1.627,-9072000.0,152343000.0,152343000.0,256730000.0,52106000.0,1.407,6.732,982707000.0,41118000.0,941589000.0,982707000.0,27445000.0,30320000.0,0.0,0.01,0.09,105420000.0,135740000.0,0.307,135740000.0,105420000.0,90129000.0,0.38,0.37,0.38,224733000.0,,224733000.0,5963462531.0,15.0,11.729,79894000.0,0.578,1.0,185856000.0,0.42,773249000.0,15291000.0,1395109000.0,,0.0,0.0,0.0,0.0,1512971000.0,399710000.0,1113261000.0,5097477531.0,34865000.0,20276000.0,-29888000.0,-448000.0,-12963000.0,-42552000.0,-8746000.0,0.0,88966000.0,-2803000.0,52106000.0,52106000.0,52106000.0,0.0,0.0,0.118,88976000.0,96880000.0,132273000.0,0.237,22.682,26.266,25.207,113892000.0,0.0,35.29,2.932,2.803,331772000.0,632916000.0,442586000.0,442586000.0,0.0,,,,,0.0,88976000.0,1.0,144445382.0,138107000,140528000.0,3.205,964455000.0,24823000.0,38023000.0,56407000.0,6.983,162612000.0
90,EFX,MRQ,1999-03-31,1999-03-31,1999-03-31,2021-10-21,-153639000.0,1732664000.0,,543960000.0,1188704000.0,,1.595,-8845000.0,117478000.0,117478000.0,248758000.0,43901000.0,1.341,6.81,983463000.0,44580000.0,938883000.0,983463000.0,29921000.0,29675000.0,0.0,0.01,0.09,89292000.0,118967000.0,0.282,118967000.0,89292000.0,74157000.0,0.32,0.31,0.32,221851000.0,,221851000.0,5744918319.0,15.0,11.753,60644000.0,0.436,1.0,172746000.0,0.41,782992000.0,15135000.0,1410158000.0,,0.0,0.0,0.0,0.0,1510813000.0,405499000.0,1105314000.0,4918662319.0,26861000.0,-5253000.0,-58976000.0,68010000.0,-13039000.0,-3311000.0,-34139000.0,0.0,69489000.0,-5178000.0,43901000.0,43901000.0,43901000.0,0.0,0.0,0.104,83936000.0,88810000.0,123614000.0,0.281,22.171,25.538,24.572,114984000.0,0.0,33.91,2.912,2.793,349806000.0,593773000.0,421504000.0,421504000.0,0.0,,,,,0.0,83936000.0,1.0,145050496.0,139127000,141656000.0,3.03,949672000.0,25523000.0,30256000.0,70669000.0,6.826,138461000.0
91,EFX,MRQ,1998-12-31,1998-12-31,1998-12-31,2021-10-21,-35063000.0,1828795000.0,,520365000.0,1308430000.0,,2.592,-9895000.0,90617000.0,90617000.0,263324000.0,44537000.0,1.241,3.99,916873000.0,47387000.0,869486000.0,916873000.0,32465000.0,31482000.0,0.0,0.01,0.09,92368000.0,123850000.0,0.276,123850000.0,92368000.0,77640000.0,0.32,0.31,0.32,366466000.0,,366466000.0,5854662322.0,16.0,12.358,80853000.0,0.572,1.0,185682000.0,0.414,893135000.0,14728000.0,1342737000.0,,0.0,0.0,0.0,0.0,1462329000.0,419179000.0,1043150000.0,5041191322.0,4682000.0,5092000.0,-61114000.0,17928000.0,-13190000.0,-55328000.0,-30068000.0,0.0,90748000.0,-670000.0,44537000.0,44537000.0,44537000.0,0.0,0.0,0.099,92854000.0,92828000.0,107346000.0,0.281,13.756,26.062,24.956,119338000.0,0.0,34.19,3.11,2.982,353105000.0,562911000.0,449006000.0,449006000.0,0.0,,,,,8085000.0,92854000.0,1.0,147446368.0,141397000,144403000.0,3.175,935660000.0,26223000.0,33103000.0,59650000.0,6.617,101186000.0
92,EFX,MRQ,1998-09-30,1998-09-30,1998-09-30,2021-10-21,-23821000.0,1830677000.0,,518207000.0,1312470000.0,,2.812,-11253000.0,85935000.0,85935000.0,246509000.0,53529000.0,1.23,3.592,899406000.0,50367000.0,849039000.0,899406000.0,34999000.0,26842000.0,0.0,0.01,0.087,103031000.0,129873000.0,0.305,129873000.0,103031000.0,90312000.0,0.38,0.37,0.38,398665000.0,,398665000.0,5706539094.0,17.0,13.035,81359000.0,0.574,1.0,178905000.0,0.421,918195000.0,12719000.0,1304717000.0,,0.0,0.0,0.0,0.0,1432012000.0,421236000.0,1010776000.0,5281510094.0,-55762000.0,-403054000.0,-31734000.0,330119000.0,-12982000.0,286878000.0,-433352000.0,0.0,92612000.0,-1900000.0,53529000.0,53529000.0,53529000.0,0.0,0.0,0.126,79258000.0,99647000.0,106043000.0,0.229,13.248,28.671,27.454,121371000.0,0.0,35.69,3.432,3.288,330541000.0,531564000.0,425414000.0,425414000.0,0.0,,,,,0.0,79258000.0,1.0,147982911.0,141794000,144863000.0,3.0,912482000.0,34670000.0,36783000.0,24680000.0,6.435,96971000.0
93,EFX,MRQ,1998-06-30,1998-06-30,1998-06-30,2021-10-21,-24880000.0,1426052000.0,,551122000.0,874930000.0,,2.556,-13915000.0,141697000.0,141697000.0,223453000.0,50632000.0,1.567,2.947,566726000.0,10753000.0,555973000.0,566726000.0,37510000.0,23297000.0,0.0,0.01,0.087,92832000.0,116129000.0,0.295,116129000.0,92832000.0,84610000.0,0.36,0.35,0.36,361297000.0,,361297000.0,5727767511.0,18.0,13.913,34628000.0,0.245,1.0,170011000.0,0.432,547908000.0,8222000.0,951398000.0,,0.0,0.0,0.0,0.0,1064755000.0,351775000.0,712980000.0,5369853511.0,65627000.0,-60442000.0,1902000.0,119573000.0,-12946000.0,109052000.0,-92067000.0,0.0,48543000.0,99000.0,50632000.0,50632000.0,50632000.0,0.0,0.0,0.129,77828000.0,92183000.0,121345000.0,0.242,14.863,30.181,29.048,109600000.0,0.0,36.31,3.684,3.521,317131000.0,491017000.0,393464000.0,393464000.0,0.0,,,,,0.0,77828000.0,1.0,147889108.0,141365000,144430000.0,2.783,878144000.0,36187000.0,33978000.0,12186000.0,6.212,199347000.0
94,EFX,MRQ,1998-03-31,1998-03-31,1998-03-31,2021-10-21,-20266000.0,1242929000.0,,434539000.0,808390000.0,,2.302,-9858000.0,76070000.0,76070000.0,201970000.0,44735000.0,1.297,2.81,433984000.0,5781000.0,428203000.0,433984000.0,40244000.0,22204000.0,0.0,0.01,0.087,81715000.0,103919000.0,0.294,103919000.0,81715000.0,74683000.0,0.32,0.31,0.32,326210000.0,,326210000.0,5696884032.0,16.0,13.235,55452000.0,0.391,1.0,151124000.0,0.428,516128000.0,7032000.0,749678000.0,,0.0,0.0,0.0,0.0,916719000.0,335037000.0,581682000.0,5396850032.0,23819000.0,-29937000.0,-58606000.0,81744000.0,-12945000.0,10766000.0,-52186000.0,0.0,65310000.0,-71000.0,44735000.0,44735000.0,44735000.0,0.0,0.0,0.127,70130000.0,80994000.0,91770000.0,0.272,16.544,29.37,28.516,98116000.0,0.0,36.5,3.835,3.676,274672000.0,453331000.0,353094000.0,353094000.0,0.0,,,,,0.0,70130000.0,1.0,147858905.0,141704000,144812000.0,2.492,726801000.0,37704000.0,29948000.0,28788000.0,5.129,99502000.0
95,EFX,MRQ,1997-12-31,1997-12-31,1997-12-31,2021-10-21,-20076000.0,1177104000.0,,400932000.0,776172000.0,,2.422,-9200000.0,52251000.0,52251000.0,199219000.0,35317000.0,1.224,2.369,352285000.0,12984000.0,339301000.0,352285000.0,42848000.0,20861000.0,0.0,0.01,0.087,66998000.0,87859000.0,0.239,87859000.0,66998000.0,61234000.0,0.24,0.24,0.24,349397000.0,,349397000.0,5567212572.0,16.0,13.28,71275000.0,0.494,1.0,167754000.0,0.457,468709000.0,5764000.0,680820000.0,,0.0,0.0,0.0,0.0,827707000.0,327609000.0,500098000.0,5322146572.0,-5820000.0,-40431000.0,-46900000.0,55381000.0,-13097000.0,4782000.0,-72512000.0,0.0,80475000.0,-1165000.0,35317000.0,35317000.0,35317000.0,0.0,0.0,0.096,97894000.0,69860000.0,94682000.0,0.362,15.232,28.966,27.906,94734000.0,0.0,35.44,3.896,3.742,270665000.0,421541000.0,366973000.0,366973000.0,0.0,,,,,0.0,72894000.0,1.0,150173436.0,144233000,147818000.0,2.544,708395000.0,39221000.0,25917000.0,13827000.0,4.911,73323000.0
96,EFX,MRQ,1997-09-30,1997-09-30,1997-09-30,2021-10-21,-9728000.0,,,,,,2.494,-6740000.0,,,200986000.0,47240000.0,,2.109,294952000.0,21408000.0,273544000.0,294952000.0,45737000.0,19539000.0,0.0,0.011,0.087,84226000.0,103765000.0,0.302,103765000.0,84226000.0,78997000.0,0.33,0.32,0.33,359747000.0,,359747000.0,5083446950.0,14.0,11.353,30755000.0,0.213,1.0,143100000.0,0.416,,5229000.0,,,,,,,758542000.0,326002000.0,432540000.0,4743899950.0,-3844000.0,-11354000.0,-25633000.0,-92172000.0,-13203000.0,-130435000.0,-15818000.0,0.0,37495000.0,252000.0,47240000.0,47240000.0,47240000.0,0.0,0.0,0.137,60363000.0,82737000.0,108071000.0,0.264,13.187,23.455,22.457,,0.0,31.44,3.563,3.406,,394361000.0,344086000.0,344086000.0,0.0,,,,,0.0,60363000.0,1.0,150887403.0,144226000,147637000.0,2.386,,,31757000.0,7489000.0,,
97,EFX,MRQ,1997-06-30,1997-06-30,1997-06-30,2021-10-21,-7039000.0,,,,,,3.215,-7618000.0,,,196028000.0,56463000.0,,1.831,389433000.0,6647000.0,382786000.0,389433000.0,48146000.0,19056000.0,0.0,0.009,0.087,115828000.0,134884000.0,0.393,134884000.0,115828000.0,110493000.0,0.39,0.38,0.39,464822000.0,,464822000.0,6001240390.0,16.0,13.757,26871000.0,0.186,1.0,146938000.0,0.428,,5335000.0,,,,,,,851045000.0,312601000.0,538444000.0,5643015390.0,17981000.0,74471000.0,-37147000.0,-18069000.0,-13200000.0,-38549000.0,47516000.0,0.0,34489000.0,141000.0,56463000.0,56463000.0,56463000.0,4727000.0,0.0,0.165,69174000.0,77764000.0,76981000.0,0.223,12.14,28.1,26.755,,0.0,37.19,4.375,4.168,,471790000.0,342966000.0,342966000.0,0.0,,,,,0.0,69174000.0,1.0,151734751.0,144575000,148115000.0,2.372,,,54030000.0,24976000.0,,
98,EFX,MRQ,1997-03-31,1997-03-31,1997-03-31,2021-10-21,-9059000.0,,,,,,3.141,-11029000.0,,,182703000.0,44717000.0,,2.0,408111000.0,76349000.0,331762000.0,408111000.0,40555000.0,17613000.0,0.0,0.012,0.083,75095000.0,92708000.0,0.297,92708000.0,75095000.0,70626000.0,0.31,0.3,0.31,455993000.0,,455993000.0,4437499960.0,14.0,11.733,46597000.0,0.321,1.0,129359000.0,0.415,,4469000.0,,,,,,,912032000.0,384923000.0,527109000.0,4120903960.0,-4226000.0,-57157000.0,-1062000.0,38119000.0,-12530000.0,-4226000.0,-79696000.0,0.0,57626000.0,968000.0,44717000.0,44717000.0,44717000.0,-6176000.0,0.0,0.143,60812000.0,68547000.0,86715000.0,0.268,9.037,22.216,21.188,,0.0,27.12,3.706,3.541,,428527000.0,312062000.0,312062000.0,0.0,,,,,0.0,60812000.0,1.0,151950736.0,145176000,148953000.0,2.15,,,25909000.0,24362000.0,,
99,EFX,MRQ,1996-12-31,1996-12-31,1996-12-31,2021-10-21,-3913000.0,1207518000.0,,345108000.0,862410000.0,,2.92,-3720000.0,48160000.0,48160000.0,184602000.0,53838000.0,1.047,1.842,364505000.0,59563000.0,304942000.0,364505000.0,42964000.0,17429000.0,0.0,0.011,0.083,98966000.0,116395000.0,0.35,116395000.0,98966000.0,93953000.0,0.37,,0.37,424950000.0,,424950000.0,,,,44276000.0,0.304,1.0,147535000.0,0.444,397785000.0,5013000.0,796363000.0,,0.0,0.0,0.0,0.0,782568000.0,329715000.0,452853000.0,4652731536.0,-3517000.0,16935000.0,4524000.0,-58778000.0,-12326000.0,-58657000.0,-1546000.0,0.0,47996000.0,-1281000.0,53838000.0,53838000.0,53838000.0,-6276000.0,0.0,0.162,67079000.0,80456000.0,71801000.0,0.224,10.949,26.195,25.098,86864000.0,0.0,30.62,3.805,3.644,227540000.0,396340000.0,332137000.0,332137000.0,0.0,,,,,0.0,67079000.0,1.0,151950736.0,145518000,,2.282,809733000.0,33016000.0,40115000.0,18321000.0,5.564,15393000.0
100,EFX,MRQ,1996-09-30,1996-09-30,1996-09-30,2021-10-21,,,,,,,,-14415000.0,,,172252000.0,45804000.0,,,,,,,,16912000.0,,0.013,0.083,75317000.0,92229000.0,0.305,92229000.0,75317000.0,71126000.0,0.32,,0.32,,,,,,,40613000.0,0.281,1.0,130460000.0,0.431,,4191000.0,,,,,,,,,,,1848000.0,-27238000.0,-24855000.0,105551000.0,-11997000.0,69662000.0,-54278000.0,0.0,55028000.0,134000.0,45804000.0,45804000.0,45804000.0,-7263000.0,0.0,0.151,63160000.0,67300000.0,,0.259,,,,,0.0,26.38,,,,,302712000.0,302712000.0,0.0,,,,,0.0,63160000.0,1.0,,144752000,,2.091,,,25322000.0,,,
101,EFX,MRQ,1996-06-30,1996-06-30,1996-06-30,2021-10-21,,,,,,,,-10266000.0,,,69944000.0,41130000.0,,,,,,,,14016000.0,,0.012,0.083,62853000.0,76869000.0,0.466,76869000.0,62853000.0,60857000.0,0.28,,0.28,,,,,,,30309000.0,0.208,1.0,94994000.0,0.576,,1996000.0,,,,,,,,,,,5697000.0,-8750000.0,-36570000.0,26694000.0,-12585000.0,-21921000.0,-4835000.0,18356000.0,40575000.0,69000.0,41130000.0,41130000.0,41130000.0,-10981000.0,0.0,0.249,52086000.0,42908000.0,,0.296,,,,,0.0,26.25,,,,,164938000.0,164938000.0,0.0,,,,,0.0,41773000.0,1.0,,145923000,,1.13,,,19727000.0,,,
102,EFX,MRQ,1996-03-31,1996-03-31,1996-03-31,2021-10-21,,,,,,,,-9698000.0,,,270370000.0,36845000.0,,,,,,,,19118000.0,,0.016,0.083,66372000.0,85490000.0,0.202,85490000.0,66372000.0,61133000.0,0.25,,0.25,,,,,,,117732000.0,0.803,1.0,152641000.0,0.361,,5239000.0,,,,,,,,,,,18641000.0,-14975000.0,-22704000.0,-40582000.0,-12796000.0,-75541000.0,-33303000.0,0.0,127430000.0,55000.0,36845000.0,36845000.0,36845000.0,0.0,0.0,0.087,86717000.0,65924000.0,,0.332,,,,,0.0,20.12,,,,,423011000.0,423011000.0,0.0,,,,,0.0,86717000.0,1.0,,146669000,,2.884,,,24288000.0,,,
103,EFX,MRQ,1995-12-31,1995-12-31,1995-12-31,2021-10-21,-13777000.0,1053695000.0,,366676000.0,687019000.0,,2.335,,26136000.0,26136000.0,,,1.463,1.981,323049000.0,20384000.0,302665000.0,323049000.0,0.0,,0.0,0.015,0.083,,,,,,,,,,353422000.0,,353422000.0,,,,,,1.0,,,428399000.0,,671589000.0,,0.0,0.0,0.0,0.0,700273000.0,250620000.0,449653000.0,,,,,,,,,,,,,,,,,,,,62194000.0,,,,21.816,87848000.0,,21.38,,2.928,258335000.0,269986000.0,,,,,,,,,,1.0,,151357000,,,625296000.0,30594000.0,,0.0,4.131,116056000.0
0,EFX,MRT,2021-09-30,2021-09-30,2021-09-30,2021-10-21,-255700000.0,11083300000.0,9926200000.0,2890300000.0,8193000000.0,0.482,29.034,-444700000.0,2025500000.0,2025500000.0,1936100000.0,716000000.0,1.532,2.127,5470000000.0,500600000.0,4969400000.0,5470000000.0,108100000.0,459000000.0,0.0,0.006,1.56,1060100000.0,1519100000.0,0.317,1519100000.0,1060100000.0,916100000.0,5.83,5.76,5.83,3539200000.0,3371525000.0,3539200000.0,34299502737.0,32.0,22.579,802000000.0,6.579,1.0,2853100000.0,0.596,6535800000.0,144000000.0,6105100000.0,4829250000.0,0.0,0.0,0.0,0.0,7528200000.0,1886900000.0,5641300000.0,30876002737.0,489900000.0,-1107400000.0,-24700000.0,1082100000.0,-190000000.0,787900000.0,-1552100000.0,0.0,1246700000.0,7400000.0,709500000.0,709500000.0,709500000.0,0.0,6500000.0,0.148,1797800000.0,1055300000.0,192500000.0,0.268,8.724,43.518,43.468,1252900000.0,0.0,253.42,6.447,6.45,694600000.0,4677400000.0,4789200000.0,4789200000.0,0.0,0.071,0.21,0.22,0.221,55600000.0,1348000000.0,1.0,121837277.0,121900000,123700000.0,39.288,4547500000.0,0.0,206600000.0,372600000.0,37.305,1003400000.0
1,EFX,MRT,2021-06-30,2021-06-30,2021-06-30,2021-10-21,-156800000.0,9340300000.0,9467825000.0,1329500000.0,8010800000.0,0.49,28.411,-464000000.0,458100000.0,458100000.0,1880300000.0,738700000.0,0.709,1.688,3881600000.0,600700000.0,3280900000.0,3881600000.0,110200000.0,443600000.0,0.0,0.007,1.56,1103600000.0,1547200000.0,0.334,1547200000.0,1103600000.0,957200000.0,6.03,5.96,6.03,3460500000.0,3218975000.0,3460500000.0,32762772002.0,30.0,21.176,751300000.0,6.168,1.0,2754300000.0,0.594,6402200000.0,146400000.0,4486400000.0,4362575000.0,0.0,0.0,0.0,0.0,5841700000.0,1875200000.0,3966500000.0,29148972002.0,-889300000.0,-873400000.0,-26000000.0,-502200000.0,-189900000.0,-785800000.0,-1337400000.0,0.0,1215300000.0,18600000.0,732600000.0,732600000.0,732600000.0,0.0,6100000.0,0.158,1767800000.0,986500000.0,171300000.0,0.259,8.423,39.788,39.72,1215600000.0,0.0,239.51,6.289,6.294,694000000.0,4505700000.0,4634600000.0,4634600000.0,0.0,0.077,0.228,0.253,0.238,56900000.0,1333800000.0,1.0,121702526.0,121800000,123500000.0,38.051,2938100000.0,0.0,224600000.0,378300000.0,24.122,-545700000.0
2,EFX,MRT,2021-03-31,2021-03-31,2021-03-31,2021-10-21,-161300000.0,9669400000.0,9340950000.0,1665000000.0,8004400000.0,0.469,27.241,-446300000.0,765900000.0,765900000.0,1806600000.0,623200000.0,0.711,1.902,4379700000.0,1100600000.0,3279100000.0,4379700000.0,117100000.0,421700000.0,0.0,0.009,1.56,957200000.0,1378900000.0,0.315,1378900000.0,957200000.0,809100000.0,5.09,5.04,5.09,3318000000.0,3027375000.0,3318000000.0,24753275293.0,26.0,17.951,612500000.0,5.029,1.0,2576000000.0,0.588,6450000000.0,148100000.0,4491500000.0,4434575000.0,0.0,0.0,0.0,0.0,6312400000.0,2341700000.0,3970700000.0,22059475293.0,396000000.0,-883800000.0,-2500000.0,863500000.0,-189700000.0,629500000.0,-1330100000.0,0.0,1058800000.0,37800000.0,617700000.0,617700000.0,617700000.0,0.0,5500000.0,0.141,1728700000.0,847300000.0,173000000.0,0.306,6.648,35.712,35.585,1174800000.0,0.0,181.13,5.033,5.034,708800000.0,4342000000.0,4382600000.0,4382600000.0,0.0,0.066,0.204,0.216,0.218,56600000.0,1315300000.0,1.0,121788082.0,121800000,123200000.0,35.982,3219400000.0,0.0,191400000.0,380700000.0,26.432,-676700000.0
3,EFX,MRT,2020-12-31,2020-12-31,2020-12-31,2021-10-21,-171400000.0,9611800000.0,8829300000.0,2478300000.0,7133500000.0,0.467,26.077,-421300000.0,1684600000.0,1684600000.0,1737400000.0,526200000.0,0.998,2.02,4378400000.0,1101100000.0,3277300000.0,4378400000.0,108300000.0,399300000.0,0.0,0.008,1.56,820700000.0,1220000000.0,0.296,1220000000.0,820700000.0,679100000.0,4.28,4.24,4.28,3168400000.0,2794500000.0,3168400000.0,26299427442.0,32.0,21.557,524900000.0,4.32,1.0,2390100000.0,0.579,5588500000.0,141600000.0,4234000000.0,4402850000.0,0.0,0.0,0.0,0.0,6401500000.0,2483100000.0,3918400000.0,23457627442.0,1283300000.0,-71400000.0,41700000.0,987800000.0,-189500000.0,810800000.0,-492700000.0,0.0,946200000.0,19000000.0,520100000.0,520100000.0,520100000.0,0.0,6100000.0,0.126,1713500000.0,676600000.0,159100000.0,0.364,7.404,45.102,45.056,1139400000.0,0.0,192.84,5.683,5.677,630600000.0,4185400000.0,4127500000.0,4127500000.0,0.0,0.059,0.186,0.186,0.199,54700000.0,1322500000.0,1.0,121642955.0,121500000,122800000.0,33.971,4023300000.0,0.0,159000000.0,332300000.0,33.114,-4800000.0
4,EFX,MRT,2020-09-30,2020-09-30,2020-09-30,2021-10-21,-628500000.0,9249800000.0,8403600000.0,2311600000.0,6938200000.0,0.466,24.107,-403400000.0,1535600000.0,1535600000.0,1639400000.0,474000000.0,0.967,2.145,4377400000.0,1102100000.0,3275300000.0,4377400000.0,103500000.0,383700000.0,0.0,0.01,1.56,763600000.0,1147300000.0,0.293,1147300000.0,763600000.0,629500000.0,3.87,3.84,3.87,2929000000.0,2647050000.0,2929000000.0,22085074846.0,29.0,19.25,476300000.0,3.92,1.0,2275400000.0,0.581,5462200000.0,134100000.0,4238400000.0,4365200000.0,0.0,0.0,0.0,0.0,6283000000.0,2391000000.0,3892000000.0,19056674846.0,1368100000.0,-109500000.0,36900000.0,1163200000.0,-189400000.0,996800000.0,-512900000.0,0.0,879700000.0,4500000.0,469500000.0,469500000.0,469500000.0,0.0,4500000.0,0.12,1721200000.0,554200000.0,159500000.0,0.403,6.506,40.589,40.543,1070600000.0,0.0,156.9,4.868,4.87,605900000.0,4423100000.0,3914800000.0,3914800000.0,0.0,0.056,0.177,0.175,0.195,53000000.0,1344900000.0,1.0,121457456.0,121500000,123000000.0,32.221,3787600000.0,0.0,160000000.0,339900000.0,31.174,-79400000.0
5,EFX,MRT,2020-06-30,2020-06-30,2020-06-30,2021-10-21,-681700000.0,8832800000.0,7948825000.0,2104900000.0,6727900000.0,0.468,22.192,-383900000.0,1347400000.0,1347400000.0,1580700000.0,327200000.0,1.271,2.264,4375800000.0,503700000.0,3872100000.0,4375800000.0,98600000.0,366300000.0,0.0,0.009,1.56,544000000.0,910300000.0,0.245,910300000.0,544000000.0,419300000.0,2.66,2.64,2.66,2694100000.0,2543750000.0,2694100000.0,24001977348.0,44.0,26.367,-36100000.0,-0.297,1.0,2141500000.0,0.575,5430400000.0,124700000.0,4774400000.0,4206600000.0,0.0,0.0,0.0,0.0,6098500000.0,1656400000.0,4442100000.0,20863677348.0,1211600000.0,-96200000.0,39100000.0,1503500000.0,-189100000.0,1344400000.0,-480100000.0,0.0,347800000.0,-500000.0,322100000.0,322100000.0,322100000.0,0.0,5100000.0,0.087,1670100000.0,471400000.0,149400000.0,0.586,7.744,64.774,64.617,1017200000.0,0.0,171.88,5.605,5.606,592500000.0,4248000000.0,3722200000.0,3722200000.0,0.0,0.041,0.127,0.129,0.146,51600000.0,1310400000.0,1.0,121385137.0,121400000,122700000.0,30.661,3402400000.0,0.0,97200000.0,287900000.0,28.026,448500000.0
6,EFX,MRT,2020-03-31,2020-03-31,2020-03-31,2021-10-21,-918900000.0,7622800000.0,7609000000.0,1149000000.0,6473800000.0,0.476,19.674,-372800000.0,369900000.0,369900000.0,1548300000.0,295100000.0,1.005,2.176,3508200000.0,3100000.0,3505100000.0,3508200000.0,111100000.0,352400000.0,0.0,0.013,1.56,494300000.0,846700000.0,0.234,846700000.0,494300000.0,378600000.0,2.38,2.37,2.38,2386500000.0,2506075000.0,2386500000.0,17462906993.0,35.0,20.625,-59200000.0,-0.488,1.0,2071100000.0,0.572,5252700000.0,115700000.0,4364600000.0,3818975000.0,0.0,0.0,0.0,0.0,5193000000.0,1143800000.0,4049200000.0,14481606993.0,236700000.0,-296200000.0,37100000.0,775300000.0,-188900000.0,610500000.0,-669000000.0,0.0,313600000.0,-18400000.0,288700000.0,288700000.0,288700000.0,0.0,6400000.0,0.08,1652700000.0,418400000.0,170900000.0,0.655,6.068,50.161,50.189,962100000.0,0.0,119.45,4.001,4.003,605500000.0,4196900000.0,3619400000.0,3619400000.0,0.0,0.038,0.115,0.129,0.137,50400000.0,1307300000.0,1.0,121235722.0,121300000,122600000.0,29.838,2370100000.0,0.0,89900000.0,263400000.0,19.539,5200000.0
7,EFX,MRT,2019-12-31,2019-12-31,2019-12-31,2021-10-21,-354400000.0,7909000000.0,7537225000.0,1209400000.0,6699600000.0,0.465,21.328,-399600000.0,401300000.0,401300000.0,1521700000.0,-378100000.0,0.89,2.05,3382600000.0,3100000.0,3379500000.0,3382600000.0,104000000.0,337300000.0,0.0,0.011,1.56,-308100000.0,29200000.0,0.008,29200000.0,-308100000.0,-419800000.0,-3.18,-3.15,-3.18,2578600000.0,2549875000.0,2578600000.0,20005403766.0,-65.0,685.117,-85800000.0,-0.71,1.0,1985900000.0,0.566,5447800000.0,111700000.0,4083400000.0,3492200000.0,0.0,0.0,0.0,0.0,5286100000.0,1359100000.0,3927000000.0,16966203766.0,177700000.0,-297900000.0,22300000.0,741400000.0,-188700000.0,557900000.0,-697500000.0,0.0,313800000.0,3500000.0,-384100000.0,-384100000.0,-384100000.0,0.0,6000000.0,-0.11,2321300000.0,-335400000.0,148300000.0,-0.491,6.58,-44.171,-44.063,947600000.0,0.0,140.12,4.837,4.83,532100000.0,3854600000.0,3507600000.0,3507600000.0,0.0,-0.051,-0.151,-0.088,-0.088,49700000.0,1990200000.0,1.0,121083384.0,120900000,122000000.0,29.012,2461200000.0,0.0,-35700000.0,248000000.0,20.357,-149700000.0
8,EFX,MRT,2019-09-30,2019-09-30,2019-09-30,2021-10-21,-717500000.0,7430700000.0,7348275000.0,853000000.0,6577700000.0,0.468,20.792,-419500000.0,167500000.0,167500000.0,1511200000.0,-366100000.0,0.572,1.936,3206700000.0,372000000.0,2834700000.0,3206700000.0,97900000.0,329400000.0,0.0,0.011,1.56,-314600000.0,14800000.0,0.004,14800000.0,-314600000.0,-423400000.0,-3.08,-3.06,-3.08,2515800000.0,2682175000.0,2515800000.0,19734598560.0,-63.0,1333.419,-171600000.0,-1.418,1.0,1925900000.0,0.56,5374100000.0,108800000.0,3604000000.0,3325000000.0,0.0,0.0,0.0,0.0,4871600000.0,1491800000.0,3379800000.0,17004798560.0,-85900000.0,-282300000.0,15800000.0,568500000.0,-188500000.0,371400000.0,-701800000.0,0.0,247900000.0,-3400000.0,-371600000.0,-371600000.0,-371600000.0,0.0,5500000.0,-0.108,2262300000.0,-336400000.0,135400000.0,-0.506,6.759,-45.761,-45.672,904500000.0,0.0,140.67,4.947,4.952,516600000.0,4170400000.0,3437100000.0,3437100000.0,0.0,-0.051,-0.139,-0.095,-0.092,50300000.0,1939000000.0,1.0,120884329.0,121000000,122300000.0,28.406,2056600000.0,0.0,-51800000.0,250300000.0,16.997,-638800000.0
9,EFX,MRT,2019-06-30,2019-06-30,2019-06-30,2021-10-21,-640000000.0,7473500000.0,7274100000.0,813800000.0,6659700000.0,0.467,21.055,-411700000.0,135800000.0,135800000.0,1513400000.0,-409000000.0,0.543,1.921,2865600000.0,32300000.0,2833300000.0,2865600000.0,97100000.0,321500000.0,0.0,0.012,1.56,-373500000.0,-52000000.0,-0.015,-52000000.0,-373500000.0,-481000000.0,-3.43,-3.4,-3.43,2543400000.0,2849350000.0,2543400000.0,18933635867.0,-51.0,-364.108,153700000.0,1.272,1.0,1882200000.0,0.554,5481500000.0,107500000.0,3223900000.0,3268600000.0,0.0,0.0,0.0,0.0,4885600000.0,1497900000.0,3387700000.0,16340235867.0,-191600000.0,-374300000.0,12200000.0,227400000.0,-188200000.0,23800000.0,-780400000.0,0.0,565400000.0,-400000.0,-414300000.0,-414300000.0,-414300000.0,0.0,5300000.0,-0.122,2276100000.0,-393900000.0,156900000.0,-0.455,6.425,-39.441,-39.429,872500000.0,0.0,135.24,4.812,4.811,502600000.0,4135500000.0,3395600000.0,3395600000.0,0.0,-0.057,-0.145,-0.114,-0.11,51600000.0,1961000000.0,1.0,120823986.0,120800000,122000000.0,28.109,1992000000.0,0.0,-66700000.0,249900000.0,16.49,-684100000.0
10,EFX,MRT,2019-03-31,2019-03-31,2019-03-31,2021-10-21,-585900000.0,7335700000.0,7184950000.0,864700000.0,6471000000.0,0.472,21.224,-380500000.0,133200000.0,133200000.0,1485100000.0,-331200000.0,0.568,1.844,2726600000.0,69700000.0,2656900000.0,2726600000.0,107800000.0,316100000.0,0.0,0.013,1.56,-294100000.0,22000000.0,0.006,22000000.0,-294100000.0,-400400000.0,-2.78,-2.76,-2.78,2561700000.0,3019150000.0,2561700000.0,16714836728.0,-57.0,759.765,203100000.0,1.683,1.0,1907400000.0,0.562,5348600000.0,106300000.0,3057500000.0,3302300000.0,0.0,0.0,0.0,0.0,4724800000.0,1523000000.0,3201800000.0,14302936728.0,-116100000.0,-181100000.0,11500000.0,94000000.0,-188100000.0,-132600000.0,-556000000.0,0.0,583600000.0,-11100000.0,-336300000.0,-336300000.0,-336300000.0,0.0,5100000.0,-0.099,2221500000.0,-314100000.0,170700000.0,-0.561,5.583,-42.53,-42.626,818100000.0,0.0,118.5,4.216,4.216,514000000.0,4115400000.0,3392500000.0,3392500000.0,0.0,-0.047,-0.111,-0.089,-0.087,47800000.0,1911700000.0,1.0,120699888.0,120700000,121600000.0,28.107,1987100000.0,0.0,-64100000.0,229300000.0,16.463,-658300000.0
11,EFX,MRT,2018-12-31,2018-12-31,2018-12-31,2021-10-21,-626300000.0,7153200000.0,7150050000.0,902300000.0,6250900000.0,0.477,25.812,-321900000.0,223600000.0,223600000.0,1440400000.0,317000000.0,1.091,1.286,2635500000.0,4900000.0,2630600000.0,2635500000.0,98000000.0,315900000.0,0.0,0.017,1.56,467400000.0,783300000.0,0.23,783300000.0,467400000.0,363900000.0,2.58,2.56,2.58,3107800000.0,3197400000.0,3107800000.0,13608256921.0,29.0,17.373,350300000.0,2.909,1.0,1971700000.0,0.578,5323700000.0,103500000.0,3414600000.0,3163050000.0,0.0,0.0,0.0,0.0,3997500000.0,826800000.0,3170700000.0,11229156921.0,-112800000.0,-145200000.0,11800000.0,-72500000.0,-187900000.0,-311000000.0,-461500000.0,0.0,672200000.0,-12500000.0,310500000.0,310500000.0,310500000.0,0.0,6500000.0,0.091,1523700000.0,448000000.0,175700000.0,0.605,3.613,36.165,36.097,764800000.0,0.0,93.13,3.291,3.286,469100000.0,4717800000.0,3412100000.0,3412100000.0,0.0,0.043,0.097,0.148,0.137,42500000.0,1213300000.0,1.0,120575077.0,120400000,121400000.0,28.34,1829500000.0,0.0,53400000.0,316200000.0,15.195,75500000.0
12,EFX,MRT,2018-09-30,2018-09-30,2018-09-30,2021-10-21,-561400000.0,7134000000.0,7170100000.0,887500000.0,6246500000.0,0.476,26.427,-268800000.0,253400000.0,253400000.0,1387000000.0,454000000.0,1.193,1.222,2632500000.0,3100000.0,2629400000.0,2632500000.0,104900000.0,309500000.0,0.0,0.012,1.56,595600000.0,905100000.0,0.265,905100000.0,595600000.0,496000000.0,3.72,3.68,3.72,3184500000.0,3214050000.0,3184500000.0,18027216776.0,30.0,19.917,445900000.0,3.7,1.0,2028300000.0,0.594,5390500000.0,99600000.0,3378400000.0,2909850000.0,0.0,0.0,0.0,0.0,3892500000.0,744200000.0,3148300000.0,15722216776.0,-62000000.0,-185300000.0,11700000.0,-76800000.0,-187500000.0,-316900000.0,-448500000.0,0.0,714700000.0,-11300000.0,446400000.0,446400000.0,446400000.0,0.0,7600000.0,0.131,1433900000.0,594400000.0,139600000.0,0.419,4.937,35.22,35.099,695200000.0,0.0,130.57,4.603,4.607,467900000.0,4740100000.0,3415300000.0,3415300000.0,0.0,0.062,0.139,0.205,0.174,36500000.0,1129000000.0,1.0,120412168.0,120500000,121600000.0,28.343,1743500000.0,0.0,49600000.0,298600000.0,14.469,143300000.0
13,EFX,MRT,2018-06-30,2018-06-30,2018-06-30,2021-10-21,-522000000.0,7116900000.0,7165525000.0,948800000.0,6168100000.0,0.477,26.788,-237000000.0,327400000.0,327400000.0,1307600000.0,514900000.0,1.4,1.191,2632400000.0,4000000.0,2628400000.0,2632400000.0,101500000.0,304900000.0,0.0,0.012,1.56,684600000.0,989500000.0,0.29,989500000.0,684600000.0,590300000.0,4.2,4.15,4.2,3222600000.0,3193025000.0,3222600000.0,17427586414.0,25.0,17.613,604700000.0,5.027,1.0,2108300000.0,0.617,5385600000.0,94300000.0,3358700000.0,2720325000.0,0.0,0.0,0.0,0.0,3837200000.0,677600000.0,3159600000.0,15048786414.0,-76500000.0,-161000000.0,-65200000.0,-201900000.0,-187400000.0,-513000000.0,-398000000.0,0.0,841700000.0,-7200000.0,504300000.0,504300000.0,504300000.0,0.0,10600000.0,0.148,1423300000.0,685000000.0,121400000.0,0.371,4.67,29.841,29.788,636500000.0,0.0,125.11,4.406,4.406,473500000.0,4748300000.0,3415900000.0,3415900000.0,0.0,0.07,0.158,0.252,0.2,33700000.0,1121900000.0,1.0,120284441.0,120300000,121400000.0,28.395,1731300000.0,0.0,86000000.0,293200000.0,14.392,271200000.0
14,EFX,MRT,2018-03-31,2018-03-31,2018-03-31,2021-10-21,-366800000.0,7196100000.0,7150875000.0,917400000.0,6278700000.0,0.475,27.244,-224100000.0,249300000.0,249300000.0,1252700000.0,536400000.0,0.596,1.178,2628100000.0,888500000.0,1739600000.0,2628100000.0,110700000.0,297800000.0,0.0,0.013,1.56,755100000.0,1052900000.0,0.31,1052900000.0,755100000.0,662600000.0,4.37,4.32,4.37,3274700000.0,3142625000.0,3274700000.0,16519693360.0,22.0,15.69,607800000.0,5.057,1.0,2143000000.0,0.631,5535500000.0,92500000.0,2500500000.0,2558600000.0,0.0,0.0,0.0,0.0,3859200000.0,1538900000.0,2320300000.0,14151793360.0,126100000.0,-146500000.0,-65100000.0,-43600000.0,-187400000.0,-338700000.0,-370600000.0,0.0,831900000.0,3500000.0,524900000.0,524900000.0,524900000.0,0.0,11500000.0,0.155,1385700000.0,757300000.0,106700000.0,0.357,4.322,26.961,26.959,590900000.0,0.0,117.81,4.168,4.17,487500000.0,4653100000.0,3395700000.0,3395700000.0,0.0,0.073,0.167,0.295,0.222,32400000.0,1091000000.0,1.0,120123872.0,120200000,121300000.0,28.25,1660600000.0,0.0,137700000.0,304900000.0,13.815,-621500000.0
15,EFX,MRT,2017-12-31,2017-12-31,2017-12-31,2021-10-21,-412000000.0,7233400000.0,7049100000.0,998400000.0,6235000000.0,0.477,26.431,-218200000.0,336400000.0,336400000.0,1210700000.0,598000000.0,0.597,1.258,2704300000.0,965300000.0,1739000000.0,2704300000.0,108400000.0,290900000.0,0.0,0.013,1.56,828700000.0,1119600000.0,0.333,1119600000.0,828700000.0,735900000.0,4.89,4.83,4.89,3174400000.0,3045975000.0,3174400000.0,16550860018.0,20.0,14.783,597800000.0,4.978,1.0,2151500000.0,0.64,5526000000.0,92800000.0,2401800000.0,2600750000.0,0.0,0.0,0.0,0.0,3994400000.0,1673500000.0,2320900000.0,14159760018.0,207100000.0,-139900000.0,-57900000.0,29600000.0,-187400000.0,-263700000.0,-349500000.0,0.0,816000000.0,4300000.0,587300000.0,587300000.0,587300000.0,0.0,10700000.0,0.175,1319800000.0,831700000.0,110300000.0,0.319,4.461,24.11,24.115,567000000.0,0.0,117.92,4.211,4.212,444800000.0,4600600000.0,3362200000.0,3362200000.0,0.0,0.083,0.193,0.319,0.246,38300000.0,1032000000.0,1.0,120079376.0,120100000,121500000.0,27.995,1707400000.0,0.0,148600000.0,305100000.0,14.216,-675100000.0
16,EFX,MRT,2017-09-30,2017-09-30,2017-09-30,2021-10-21,-311800000.0,7115700000.0,6906750000.0,899300000.0,6216400000.0,0.481,25.815,-200000000.0,315400000.0,315400000.0,1178100000.0,548300000.0,0.673,1.274,2706500000.0,667800000.0,2038700000.0,2706500000.0,117400000.0,290000000.0,0.0,0.014,1.5,841000000.0,1131000000.0,0.34,1131000000.0,841000000.0,746700000.0,4.48,4.43,4.48,3100400000.0,2918050000.0,3100400000.0,15186682229.0,18.0,13.428,687500000.0,5.724,1.0,2146800000.0,0.646,5550200000.0,94300000.0,2620300000.0,2638900000.0,0.0,0.0,0.0,0.0,3950000000.0,1336300000.0,2613700000.0,12758282229.0,203900000.0,-76500000.0,-53600000.0,-145000000.0,-180200000.0,-415200000.0,-267900000.0,0.0,887500000.0,-500000.0,538000000.0,538000000.0,538000000.0,0.0,10300000.0,0.162,1296500000.0,850300000.0,82500000.0,0.335,4.115,23.714,23.658,528700000.0,0.0,105.99,3.837,3.829,458300000.0,4424700000.0,3324900000.0,3324900000.0,0.0,0.078,0.184,0.319,0.253,35200000.0,1011400000.0,1.0,120372509.0,120100000,121400000.0,27.684,1565500000.0,0.0,208700000.0,303500000.0,13.035,-437000000.0
17,EFX,MRT,2017-06-30,2017-06-30,2017-06-30,2021-10-21,-405500000.0,7058300000.0,6829475000.0,1000700000.0,6057600000.0,0.482,25.112,-190600000.0,403900000.0,403900000.0,1168800000.0,582700000.0,0.745,1.316,2832300000.0,794200000.0,2038100000.0,2832300000.0,104700000.0,287500000.0,0.0,0.01,1.44,900200000.0,1187700000.0,0.361,1187700000.0,900200000.0,803000000.0,4.79,4.73,4.79,3021000000.0,2829475000.0,3021000000.0,19065504869.0,21.0,16.052,663000000.0,5.511,1.0,2125400000.0,0.645,5431500000.0,97200000.0,2711800000.0,2650725000.0,0.0,0.0,0.0,0.0,3976900000.0,1343400000.0,2633500000.0,16519504869.0,307100000.0,-73400000.0,28800000.0,-121900000.0,-172900000.0,-294600000.0,-255400000.0,0.0,853600000.0,3500000.0,574500000.0,574500000.0,574500000.0,0.0,8200000.0,0.174,1217700000.0,907700000.0,66500000.0,0.301,5.468,28.755,28.689,498100000.0,0.0,137.42,5.015,5.018,462400000.0,4376300000.0,3294200000.0,3294200000.0,0.0,0.084,0.203,0.34,0.273,24300000.0,934400000.0,1.0,120211795.0,120300000,121900000.0,27.383,1626800000.0,0.0,228500000.0,325400000.0,13.523,-342700000.0
18,EFX,MRT,2017-03-31,2017-03-31,2017-03-31,2021-10-21,-414400000.0,6789000000.0,6725100000.0,705200000.0,6083800000.0,0.483,24.067,-183600000.0,123200000.0,123200000.0,1160900000.0,548100000.0,0.587,1.328,2669200000.0,631800000.0,2037400000.0,2669200000.0,113500000.0,284000000.0,0.0,0.01,1.38,858000000.0,1142000000.0,0.352,1142000000.0,858000000.0,761800000.0,4.52,4.45,4.52,2888100000.0,2709600000.0,2888100000.0,18931700408.0,22.0,16.578,635000000.0,5.292,1.0,2087900000.0,0.643,5464600000.0,96200000.0,2669100000.0,2737000000.0,0.0,0.0,0.0,0.0,3836800000.0,1201300000.0,2635500000.0,16388800408.0,26400000.0,-71100000.0,36800000.0,-402200000.0,-165300000.0,-549400000.0,-246100000.0,0.0,818600000.0,3300000.0,540000000.0,540000000.0,540000000.0,0.0,8100000.0,0.166,1220400000.0,867500000.0,79600000.0,0.305,5.675,30.35,30.252,479000000.0,0.0,136.74,5.045,5.051,459700000.0,4255900000.0,3248800000.0,3248800000.0,0.0,0.08,0.199,0.313,0.264,14500000.0,939400000.0,1.0,119853740.0,120000000,121900000.0,27.073,1324400000.0,0.0,221800000.0,330300000.0,11.037,-496100000.0
19,EFX,MRT,2016-12-31,2016-12-31,2016-12-31,2021-10-21,-528900000.0,6664000000.0,6711075000.0,672900000.0,5991100000.0,0.469,22.319,-173500000.0,129300000.0,129300000.0,1113400000.0,495100000.0,0.534,1.481,2672200000.0,585400000.0,2086800000.0,2672200000.0,110700000.0,268700000.0,0.0,0.011,1.32,814000000.0,1082700000.0,0.344,1082700000.0,814000000.0,721900000.0,4.1,4.04,4.1,2662700000.0,2609400000.0,2662700000.0,16890879563.0,21.0,15.601,649500000.0,5.444,1.0,2031500000.0,0.646,5392900000.0,92100000.0,2554400000.0,2666450000.0,0.0,0.0,0.0,0.0,3942700000.0,1259600000.0,2683100000.0,14159379563.0,36000000.0,-1791600000.0,31500000.0,1291500000.0,-157600000.0,1160300000.0,-1975900000.0,0.0,823000000.0,28600000.0,488800000.0,488800000.0,488800000.0,0.0,6300000.0,0.155,1206400000.0,825100000.0,81000000.0,0.322,5.318,28.968,28.837,466900000.0,0.0,118.23,4.502,4.485,433300000.0,4153200000.0,3144900000.0,3144900000.0,0.0,0.073,0.187,0.305,0.259,1200000.0,941000000.0,1.0,119761309.0,119300000,121100000.0,26.361,1271100000.0,0.0,233100000.0,325400000.0,10.655,-586700000.0
20,EFX,MRT,2016-09-30,2016-09-30,2016-09-30,2021-10-21,-363300000.0,6806600000.0,6170450000.0,661800000.0,6144800000.0,0.488,22.98,-183600000.0,111500000.0,111500000.0,1052100000.0,483300000.0,0.51,1.464,2843000000.0,706700000.0,2136300000.0,2843000000.0,112200000.0,245000000.0,0.0,0.01,1.28,791300000.0,1036300000.0,0.344,1036300000.0,791300000.0,707600000.0,4.0,3.94,4.0,2746100000.0,2521450000.0,2746100000.0,18909549653.0,24.0,18.247,592900000.0,4.962,1.0,1957900000.0,0.65,5572800000.0,83700000.0,2667600000.0,2402475000.0,0.0,0.0,0.0,0.0,4019200000.0,1297700000.0,2721500000.0,16060149653.0,3000000.0,-1792400000.0,35200000.0,1326400000.0,-152500000.0,1184700000.0,-1986800000.0,0.0,776500000.0,28600000.0,477700000.0,477700000.0,477700000.0,0.0,5600000.0,0.159,1167000000.0,790900000.0,46000000.0,0.32,5.848,33.62,33.645,443300000.0,0.0,134.58,5.336,5.343,436400000.0,4081900000.0,3010000000.0,3010000000.0,0.0,0.077,0.189,0.329,0.263,-1100000.0,923600000.0,1.0,119335337.0,119500000,121300000.0,25.188,1233800000.0,0.0,229900000.0,358200000.0,10.325,-635900000.0
21,EFX,MRT,2016-06-30,2016-06-30,2016-06-30,2021-10-21,-447800000.0,6640800000.0,5604150000.0,627200000.0,6013600000.0,0.513,21.321,-173800000.0,96800000.0,96800000.0,990600000.0,468100000.0,0.652,1.596,2946200000.0,447500000.0,2498700000.0,2946200000.0,98600000.0,223900000.0,0.0,0.01,1.24,765800000.0,989700000.0,0.344,989700000.0,765800000.0,690600000.0,3.89,3.83,3.89,2541500000.0,2391900000.0,2541500000.0,18253785659.0,24.0,18.444,604200000.0,5.069,1.0,1882700000.0,0.655,5471400000.0,75200000.0,3056900000.0,2120425000.0,0.0,0.0,0.0,0.0,4057400000.0,961900000.0,3095500000.0,15281385659.0,12600000.0,-1724900000.0,18800000.0,1281500000.0,-147400000.0,1128300000.0,-1909500000.0,0.0,778000000.0,15800000.0,462800000.0,462800000.0,462800000.0,0.0,5300000.0,0.161,1129600000.0,753100000.0,43400000.0,0.319,6.013,33.019,33.008,418200000.0,0.0,128.4,5.318,5.327,418000000.0,3988300000.0,2873300000.0,2873300000.0,0.0,0.083,0.193,0.361,0.267,3200000.0,907400000.0,1.0,119013907.0,119200000,121100000.0,24.105,1169400000.0,0.0,227800000.0,365900000.0,9.81,-334700000.0
22,EFX,MRT,2016-03-31,2016-03-31,2016-03-31,2021-10-21,-384000000.0,6732900000.0,5090325000.0,630100000.0,6102800000.0,0.538,20.937,-164800000.0,96800000.0,96800000.0,925600000.0,447600000.0,0.364,1.689,3069200000.0,1185400000.0,1883800000.0,3069200000.0,108000000.0,206500000.0,0.0,0.01,1.2,716100000.0,922600000.0,0.337,922600000.0,716100000.0,648300000.0,3.73,3.67,3.73,2487300000.0,2298425000.0,2487300000.0,14668873314.0,20.0,15.899,609500000.0,5.13,1.0,1814500000.0,0.662,5589000000.0,67800000.0,2386900000.0,1757900000.0,0.0,0.0,0.0,0.0,4200100000.0,1729400000.0,2470700000.0,13566973314.0,1800000.0,-1724900000.0,-79300000.0,1357000000.0,-142300000.0,1111000000.0,-1900500000.0,0.0,774300000.0,17000000.0,442900000.0,442900000.0,442900000.0,0.0,4700000.0,0.162,1098600000.0,715900000.0,55900000.0,0.322,5.454,30.632,30.641,397400000.0,0.0,114.29,4.951,4.955,424700000.0,3896200000.0,2740100000.0,2740100000.0,0.0,0.087,0.193,0.407,0.261,9600000.0,894500000.0,1.0,118706565.0,118800000,120800000.0,23.065,1143900000.0,0.0,205400000.0,364400000.0,9.629,-1099300000.0
23,EFX,MRT,2015-12-31,2015-12-31,2015-12-31,2021-10-21,-484800000.0,4501500000.0,4555850000.0,561600000.0,3939900000.0,0.585,19.468,-146200000.0,93300000.0,93300000.0,887400000.0,434800000.0,0.93,0.931,1187700000.0,49300000.0,1138400000.0,1187700000.0,96800000.0,200000000.0,0.0,0.01,1.16,694700000.0,894700000.0,0.336,894700000.0,694700000.0,630900000.0,3.61,3.55,3.61,2310900000.0,2213425000.0,2310900000.0,14418829688.0,21.0,16.116,622900000.0,5.248,1.0,1776200000.0,0.667,3493600000.0,63800000.0,1498500000.0,1568025000.0,0.0,0.0,0.0,0.0,2151100000.0,603800000.0,1547300000.0,13194629688.0,-35000000.0,-1600000.0,-161900000.0,-335900000.0,-137800000.0,-639000000.0,-147800000.0,0.0,769100000.0,-17300000.0,429100000.0,429100000.0,429100000.0,0.0,5700000.0,0.161,1082300000.0,693900000.0,40600000.0,0.321,5.71,30.75,30.85,366800000.0,0.0,111.37,4.954,4.963,349800000.0,3834400000.0,2663600000.0,2663600000.0,0.0,0.094,0.194,0.443,0.261,8400000.0,884300000.0,1.0,118475619.0,118700000,120900000.0,22.44,1007900000.0,0.0,201800000.0,205500000.0,8.491,-42200000.0
24,EFX,MRT,2015-09-30,2015-09-30,2015-09-30,2021-10-21,-477100000.0,4541400000.0,4595725000.0,582100000.0,3959300000.0,0.571,18.817,-116100000.0,108500000.0,108500000.0,877000000.0,420600000.0,0.843,1.021,1332700000.0,186800000.0,1145900000.0,1332700000.0,79700000.0,201400000.0,0.0,0.012,1.12,679800000.0,881200000.0,0.336,881200000.0,679800000.0,614900000.0,3.49,3.43,3.49,2227900000.0,2185725000.0,2227900000.0,12887683115.0,19.0,14.625,623500000.0,5.266,1.0,1744900000.0,0.666,3535500000.0,64900000.0,1539400000.0,1588350000.0,0.0,0.0,0.0,0.0,2273900000.0,690700000.0,1583200000.0,11490983115.0,-6500000.0,-8900000.0,-275300000.0,-220800000.0,-133300000.0,-607700000.0,-125000000.0,0.0,739600000.0,-13400000.0,415200000.0,415200000.0,415200000.0,0.0,5400000.0,0.158,1062700000.0,682200000.0,43400000.0,0.321,5.158,27.676,27.845,339000000.0,0.0,97.18,4.383,4.388,357700000.0,3758500000.0,2621900000.0,2621900000.0,0.0,0.09,0.19,0.428,0.259,13400000.0,863800000.0,1.0,118244321.0,118400000,120600000.0,22.144,1005900000.0,0.0,199700000.0,219900000.0,8.496,-108600000.0
25,EFX,MRT,2015-06-30,2015-06-30,2015-06-30,2021-10-21,-448200000.0,4585500000.0,4637150000.0,591200000.0,3994300000.0,0.554,18.277,-103900000.0,84200000.0,84200000.0,861500000.0,395300000.0,0.754,1.097,1480900000.0,335100000.0,1145800000.0,1480900000.0,74100000.0,203100000.0,0.0,0.011,1.08,648100000.0,851200000.0,0.331,851200000.0,648100000.0,581900000.0,3.26,3.2,3.26,2167600000.0,2212250000.0,2167600000.0,12982640697.0,20.0,15.252,577300000.0,4.868,1.0,1706400000.0,0.665,3590900000.0,66200000.0,1606800000.0,1620725000.0,0.0,0.0,0.0,0.0,2378900000.0,784500000.0,1594400000.0,11554340697.0,-7500000.0,-10700000.0,-378000000.0,-71700000.0,-129000000.0,-562000000.0,-114600000.0,0.0,681200000.0,-12100000.0,390000000.0,390000000.0,390000000.0,0.0,5300000.0,0.152,1044800000.0,661600000.0,35800000.0,0.331,5.33,29.627,29.782,315600000.0,0.0,97.09,4.5,4.484,368200000.0,3676100000.0,2567900000.0,2567900000.0,0.0,0.084,0.176,0.4,0.252,18600000.0,844400000.0,1.0,119006496.0,118600000,120900000.0,21.652,994600000.0,0.0,191900000.0,226400000.0,8.386,-193300000.0
26,EFX,MRT,2015-03-31,2015-03-31,2015-03-31,2021-10-21,-469800000.0,4595000000.0,4682350000.0,585000000.0,4010000000.0,0.535,17.984,-89500000.0,95000000.0,95000000.0,853000000.0,377300000.0,0.74,1.12,1523300000.0,377500000.0,1145800000.0,1523300000.0,76000000.0,203600000.0,0.0,0.011,1.04,641200000.0,844800000.0,0.337,844800000.0,641200000.0,573800000.0,3.08,3.03,3.08,2147300000.0,2271150000.0,2147300000.0,12510077794.0,20.0,14.808,557800000.0,4.672,1.0,1650700000.0,0.659,3605100000.0,67400000.0,1627400000.0,1643550000.0,0.0,0.0,0.0,0.0,2405300000.0,790800000.0,1614500000.0,11112277794.0,-6400000.0,-11200000.0,-329900000.0,-106300000.0,-125200000.0,-541900000.0,-100700000.0,0.0,647300000.0,-11100000.0,371800000.0,371800000.0,371800000.0,0.0,5500000.0,0.149,1010200000.0,640500000.0,42100000.0,0.338,5.175,29.888,30.195,304000000.0,0.0,93.0,4.438,4.435,362700000.0,3600100000.0,2503700000.0,2503700000.0,0.0,0.079,0.164,0.39,0.256,17900000.0,809200000.0,1.0,119486858.0,119400000,121700000.0,20.969,989900000.0,0.0,202000000.0,244100000.0,8.291,-205800000.0
27,EFX,MRT,2014-12-31,2014-12-31,2014-12-31,2021-10-21,-435400000.0,4661000000.0,4721125000.0,590500000.0,4070500000.0,0.516,18.153,-86400000.0,128300000.0,128300000.0,844700000.0,374000000.0,0.717,1.103,1526100000.0,380400000.0,1145700000.0,1526100000.0,73400000.0,204200000.0,0.0,0.012,1.0,636200000.0,840400000.0,0.345,840400000.0,636200000.0,567600000.0,3.03,2.97,3.03,2200100000.0,2323125000.0,2200100000.0,11191432681.0,18.0,13.317,529800000.0,4.371,1.0,1591700000.0,0.653,3655900000.0,68600000.0,1579800000.0,1661250000.0,0.0,0.0,0.0,0.0,2426400000.0,823100000.0,1603300000.0,9751832681.0,-107600000.0,-342900000.0,-261900000.0,89900000.0,-121200000.0,-283400000.0,-429300000.0,0.0,616200000.0,-11100000.0,367400000.0,367400000.0,367400000.0,0.0,6600000.0,0.151,953500000.0,638200000.0,20300000.0,0.33,4.432,26.543,26.69,300600000.0,0.0,80.87,4.003,4.023,337200000.0,3554800000.0,2436400000.0,2436400000.0,0.0,0.078,0.158,0.383,0.261,20400000.0,751700000.0,1.0,120586530.0,121200000,123500000.0,20.102,1005100000.0,0.0,200200000.0,228300000.0,8.293,-232600000.0
28,EFX,MRT,2014-09-30,2014-09-30,2014-09-30,2021-10-21,-333900000.0,4707100000.0,4690850000.0,550400000.0,4156700000.0,0.51,19.273,-85700000.0,115000000.0,115000000.0,827300000.0,354100000.0,0.718,1.001,1554600000.0,408900000.0,1145700000.0,1554600000.0,67000000.0,198900000.0,0.0,0.016,1.19,605900000.0,804800000.0,0.337,804800000.0,605900000.0,536700000.0,2.84,2.79,2.84,2334000000.0,2348275000.0,2334000000.0,10565332113.0,17.0,13.128,519600000.0,4.291,1.0,1563000000.0,0.654,3711700000.0,69200000.0,1668900000.0,1671225000.0,0.0,0.0,0.0,0.0,2336100000.0,766100000.0,1570000000.0,9101632113.0,-16900000.0,-399500000.0,-148000000.0,115700000.0,-118100000.0,-125900000.0,-485200000.0,0.0,605300000.0,-11100000.0,346100000.0,346100000.0,346100000.0,-19000000.0,8000000.0,0.145,935900000.0,627100000.0,35100000.0,0.419,3.9,26.298,26.317,297900000.0,0.0,74.74,3.808,3.787,324000000.0,3486900000.0,2390300000.0,2390300000.0,0.0,0.074,0.147,0.363,0.253,22700000.0,738100000.0,1.0,121777256.0,121100000,123500000.0,19.738,995400000.0,0.0,190600000.0,293700000.0,8.22,-215700000.0
29,EFX,MRT,2014-06-30,2014-06-30,2014-06-30,2021-10-21,-299500000.0,4766300000.0,4611675000.0,554200000.0,4212100000.0,0.509,19.698,-84800000.0,91700000.0,91700000.0,813100000.0,345200000.0,0.729,0.968,1555400000.0,409800000.0,1145600000.0,1555400000.0,68000000.0,199900000.0,0.0,0.016,1.16,598700000.0,798600000.0,0.34,798600000.0,598700000.0,529100000.0,2.76,2.71,2.76,2403200000.0,2308275000.0,2403200000.0,10384628635.0,17.0,13.004,506000000.0,4.148,1.0,1535800000.0,0.654,3772100000.0,69600000.0,1698100000.0,1742100000.0,0.0,0.0,0.0,0.0,2325100000.0,759800000.0,1565300000.0,8852028635.0,-13200000.0,-434800000.0,-37300000.0,54900000.0,-114700000.0,-75200000.0,-519600000.0,0.0,590800000.0,-9200000.0,336900000.0,336900000.0,336900000.0,-18400000.0,8300000.0,0.143,912400000.0,623400000.0,40900000.0,0.42,3.683,26.275,26.283,292300000.0,0.0,72.54,3.769,3.768,345300000.0,3424400000.0,2348900000.0,2348900000.0,0.0,0.073,0.146,0.344,0.255,17700000.0,713700000.0,1.0,122029620.0,122000000,124300000.0,19.253,994200000.0,0.0,192200000.0,290500000.0,8.149,-205600000.0
30,EFX,MRT,2014-03-31,2014-03-31,2014-03-31,2021-10-21,-316600000.0,4750100000.0,4513500000.0,524500000.0,4225600000.0,0.514,19.305,-83100000.0,101400000.0,101400000.0,799000000.0,343000000.0,0.66,1.0,1634000000.0,488400000.0,1145600000.0,1634000000.0,66600000.0,193100000.0,0.0,0.017,1.13,592300000.0,785400000.0,0.338,785400000.0,592300000.0,522500000.0,2.75,2.69,2.75,2355200000.0,2231550000.0,2355200000.0,9508530658.0,16.0,12.107,491400000.0,4.028,1.0,1522900000.0,0.656,3789900000.0,69800000.0,1698200000.0,1811950000.0,0.0,0.0,0.0,0.0,2354600000.0,794600000.0,1560000000.0,8302430658.0,-6200000.0,-432900000.0,19500000.0,16900000.0,-110900000.0,-49800000.0,-516000000.0,0.0,574500000.0,-14900000.0,334600000.0,334600000.0,334600000.0,-18400000.0,8400000.0,0.144,908800000.0,614100000.0,27500000.0,0.411,3.525,24.813,24.738,291000000.0,0.0,68.03,3.576,3.575,337200000.0,3362300000.0,2321900000.0,2321900000.0,0.0,0.074,0.15,0.327,0.255,14500000.0,716700000.0,1.0,122040727.0,122000000,124400000.0,19.032,960200000.0,0.0,187900000.0,287200000.0,7.87,-270100000.0
31,EFX,MRT,2013-12-31,2013-12-31,2013-12-31,2021-10-21,-312600000.0,4539900000.0,4422775000.0,648400000.0,3891500000.0,0.521,18.983,-83300000.0,235900000.0,235900000.0,787300000.0,359900000.0,0.979,0.956,1442000000.0,296500000.0,1145500000.0,1442000000.0,61800000.0,190300000.0,0.0,0.016,1.1,610900000.0,801200000.0,0.348,801200000.0,610900000.0,540700000.0,2.9,2.84,2.9,2300700000.0,2147375000.0,2300700000.0,9719552093.0,16.0,12.131,485700000.0,4.007,1.0,1516600000.0,0.658,3463800000.0,70200000.0,1619700000.0,1887050000.0,0.0,0.0,0.0,0.0,2198900000.0,662500000.0,1536400000.0,8407252093.0,89100000.0,-53000000.0,35900000.0,-283100000.0,-106700000.0,-333100000.0,-136300000.0,0.0,569000000.0,-10500000.0,351800000.0,351800000.0,351800000.0,-18400000.0,8100000.0,0.153,905400000.0,611200000.0,19900000.0,0.379,3.654,23.898,23.824,288900000.0,0.0,69.09,3.649,3.635,309700000.0,3309200000.0,2303900000.0,2303900000.0,0.0,0.08,0.164,0.324,0.265,17600000.0,715800000.0,1.0,121685513.0,121200000,123700000.0,19.009,1076100000.0,0.0,188900000.0,263700000.0,8.879,-14100000.0
32,EFX,MRT,2013-09-30,2013-09-30,2013-09-30,2021-10-21,-370700000.0,4390400000.0,4417825000.0,526500000.0,3863900000.0,0.511,17.878,-78200000.0,131900000.0,131900000.0,786600000.0,329200000.0,1.584,1.011,1444200000.0,16400000.0,1427800000.0,1444200000.0,57400000.0,185200000.0,0.0,0.014,0.84,567200000.0,752400000.0,0.333,752400000.0,567200000.0,500100000.0,2.67,2.6,2.67,2174000000.0,2055500000.0,2174000000.0,8659526931.0,15.0,11.509,446900000.0,3.675,1.0,1472600000.0,0.652,3417900000.0,67100000.0,1952400000.0,1963350000.0,0.0,0.0,0.0,0.0,2197000000.0,332400000.0,1864600000.0,7258826931.0,-135200000.0,-998200000.0,54400000.0,479800000.0,-101400000.0,422300000.0,-1076400000.0,0.0,525100000.0,-6200000.0,321400000.0,321400000.0,321400000.0,2000000.0,7800000.0,0.142,923300000.0,549300000.0,19900000.0,0.315,3.339,22.585,22.416,285700000.0,0.0,59.85,3.213,3.221,306200000.0,3259400000.0,2259200000.0,2259200000.0,0.0,0.073,0.156,0.289,0.251,22200000.0,739800000.0,1.0,121283658.0,121600000,123900000.0,18.579,972500000.0,0.0,178700000.0,211400000.0,7.998,194100000.0
33,EFX,MRT,2013-06-30,2013-06-30,2013-06-30,2021-10-21,-379800000.0,4373600000.0,4221700000.0,512600000.0,3861000000.0,0.523,17.325,-67700000.0,104900000.0,104900000.0,778200000.0,323800000.0,1.364,1.075,1505600000.0,76500000.0,1429100000.0,1505600000.0,57100000.0,173300000.0,0.0,0.017,0.98,550400000.0,723700000.0,0.328,723700000.0,550400000.0,487200000.0,2.63,2.57,2.63,2096300000.0,1976700000.0,2096300000.0,8622230976.0,16.0,11.914,434100000.0,3.588,1.0,1429000000.0,0.647,3421000000.0,63200000.0,1977500000.0,1831175000.0,0.0,0.0,0.0,0.0,2253600000.0,375800000.0,1877800000.0,7107530976.0,-78200000.0,-971400000.0,25300000.0,543200000.0,-96100000.0,464700000.0,-1039100000.0,0.0,501800000.0,-5600000.0,315800000.0,315800000.0,315800000.0,400000.0,8000000.0,0.143,899200000.0,529800000.0,17800000.0,0.373,3.391,22.506,22.407,279300000.0,0.0,58.93,3.22,3.231,318500000.0,3202800000.0,2207200000.0,2207200000.0,0.0,0.075,0.16,0.301,0.249,24000000.0,727900000.0,1.0,120609723.0,121000000,123600000.0,18.241,952600000.0,0.0,171400000.0,220900000.0,7.873,136800000.0
34,EFX,MRT,2013-03-31,2013-03-31,2013-03-31,2021-10-21,-368600000.0,4387200000.0,4008575000.0,484800000.0,3902400000.0,0.532,16.751,-64500000.0,107600000.0,107600000.0,767200000.0,310300000.0,1.078,1.161,1622300000.0,176700000.0,1445600000.0,1622300000.0,58900000.0,170200000.0,0.0,0.016,0.94,521700000.0,691900000.0,0.324,691900000.0,521700000.0,462400000.0,2.51,2.46,2.51,2018500000.0,1903950000.0,2018500000.0,8520738167.0,16.0,12.315,449800000.0,3.733,1.0,1366400000.0,0.64,3453600000.0,59300000.0,1998600000.0,1699350000.0,0.0,0.0,0.0,0.0,2342700000.0,449700000.0,1893000000.0,6936838167.0,-25100000.0,-973900000.0,-31500000.0,641700000.0,-91300000.0,508600000.0,-1038400000.0,0.0,514300000.0,-9600000.0,301700000.0,301700000.0,301700000.0,400000.0,8600000.0,0.141,865700000.0,500700000.0,28200000.0,0.375,3.437,22.993,22.944,281100000.0,0.0,57.59,3.251,3.253,310400000.0,3139100000.0,2133600000.0,2133600000.0,0.0,0.075,0.158,0.307,0.245,27300000.0,698200000.0,1.0,120452130.0,120500000,123100000.0,17.706,933600000.0,0.0,160700000.0,220800000.0,7.748,35100000.0
35,EFX,MRT,2012-12-31,2012-12-31,2012-12-31,2021-10-21,-362000000.0,4520100000.0,3791375000.0,538700000.0,3981400000.0,0.547,16.123,-66000000.0,146800000.0,146800000.0,759500000.0,280800000.0,0.833,1.325,1730700000.0,283300000.0,1447400000.0,1730700000.0,57900000.0,163400000.0,0.0,0.017,0.9,483500000.0,646900000.0,0.312,646900000.0,483500000.0,428100000.0,2.27,2.22,2.27,1933200000.0,1849950000.0,1933200000.0,7173750092.0,15.0,11.089,430300000.0,3.589,1.0,1313500000.0,0.634,3532600000.0,55400000.0,1924900000.0,1575075000.0,0.0,0.0,0.0,0.0,2560900000.0,646500000.0,1914400000.0,6472650092.0,19100000.0,-1017600000.0,-16800000.0,718100000.0,-86000000.0,606300000.0,-1083600000.0,0.0,496300000.0,100000.0,272100000.0,272100000.0,272100000.0,0.0,8700000.0,0.131,833500000.0,480000000.0,25100000.0,0.396,3.348,23.788,23.841,283700000.0,0.0,54.12,3.122,3.13,317000000.0,3064600000.0,2073000000.0,2073000000.0,0.0,0.072,0.147,0.307,0.233,26300000.0,673500000.0,1.0,119598117.0,119900000,122500000.0,17.289,987500000.0,0.0,156000000.0,236700000.0,8.236,-107800000.0
36,EFX,MRT,2012-09-30,2012-09-30,2012-09-30,2021-10-21,-373000000.0,3605900000.0,3541025000.0,605700000.0,3000200000.0,0.56,15.529,-65100000.0,267200000.0,267200000.0,699600000.0,308600000.0,1.861,0.927,968300000.0,16900000.0,951400000.0,968300000.0,54100000.0,163900000.0,0.0,0.019,0.88,515800000.0,679700000.0,0.343,679700000.0,515800000.0,460800000.0,2.49,2.44,2.49,1858800000.0,1792250000.0,1858800000.0,6368960136.0,12.0,9.37,432900000.0,3.617,1.0,1282700000.0,0.647,2557800000.0,55000000.0,1423700000.0,1451925000.0,0.0,0.0,0.0,0.0,1722700000.0,325500000.0,1397200000.0,5583260136.0,165100000.0,-23700000.0,-100500000.0,-65300000.0,-83900000.0,-246900000.0,-88800000.0,0.0,498000000.0,2800000.0,300200000.0,300200000.0,300200000.0,-4300000.0,8400000.0,0.151,771600000.0,511100000.0,28600000.0,0.353,3.004,18.598,18.707,286200000.0,0.0,46.58,2.817,2.813,296900000.0,3039900000.0,1982300000.0,1982300000.0,0.0,0.085,0.167,0.355,0.26,22600000.0,615000000.0,1.0,119863893.0,119700000,122200000.0,16.561,1048100000.0,0.0,160600000.0,228600000.0,8.756,280200000.0
37,EFX,MRT,2012-06-30,2012-06-30,2012-06-30,2021-10-21,-390900000.0,3521100000.0,3517675000.0,517000000.0,3004100000.0,0.555,15.007,-65600000.0,183100000.0,183100000.0,697800000.0,297800000.0,1.76,0.938,968800000.0,17000000.0,951800000.0,968800000.0,54300000.0,163800000.0,0.0,0.015,0.68,504200000.0,668000000.0,0.342,668000000.0,504200000.0,449100000.0,2.39,2.34,2.39,1805300000.0,1769075000.0,1805300000.0,6459463458.0,13.0,9.67,393400000.0,3.27,1.0,1254900000.0,0.643,2562800000.0,55100000.0,1450200000.0,1467225000.0,0.0,0.0,0.0,0.0,1693200000.0,293800000.0,1399400000.0,5609863458.0,74400000.0,-99300000.0,-117400000.0,-18900000.0,-82000000.0,-217800000.0,-164900000.0,0.0,459000000.0,-1900000.0,289000000.0,289000000.0,289000000.0,-3300000.0,8800000.0,0.148,752700000.0,502200000.0,30200000.0,0.285,3.107,19.411,19.498,288700000.0,0.0,46.6,2.873,2.871,293900000.0,2983600000.0,1952700000.0,1952700000.0,0.0,0.082,0.163,0.344,0.258,23400000.0,595200000.0,1.0,120383336.0,120300000,122800000.0,16.232,958300000.0,0.0,160100000.0,228700000.0,7.966,223200000.0
38,EFX,MRT,2012-03-31,2012-03-31,2012-03-31,2021-10-21,-373500000.0,3518400000.0,3509725000.0,475100000.0,3043300000.0,0.549,15.021,-69000000.0,132700000.0,132700000.0,699300000.0,256100000.0,1.741,0.94,982300000.0,17000000.0,965300000.0,982300000.0,56800000.0,163500000.0,0.0,0.015,0.66,475500000.0,639000000.0,0.332,639000000.0,475500000.0,420400000.0,2.04,2.0,2.04,1802500000.0,1763825000.0,1802500000.0,6189883031.0,13.0,9.687,364900000.0,3.041,1.0,1227200000.0,0.637,2593600000.0,55100000.0,1501500000.0,1476875000.0,0.0,0.0,0.0,0.0,1693800000.0,272900000.0,1420900000.0,5304383031.0,45800000.0,-95700000.0,-103100000.0,-40600000.0,-79700000.0,-228200000.0,-164700000.0,0.0,433900000.0,4800000.0,247100000.0,247100000.0,247100000.0,-3300000.0,9000000.0,0.128,739400000.0,487800000.0,23100000.0,0.324,2.943,21.467,21.696,291400000.0,0.0,44.26,2.753,2.757,297800000.0,2929100000.0,1926500000.0,1926500000.0,0.0,0.07,0.14,0.322,0.247,27800000.0,581100000.0,1.0,119845979.0,120000000,122400000.0,16.054,924800000.0,0.0,173300000.0,230000000.0,7.707,202200000.0
39,EFX,MRT,2011-12-31,2011-12-31,2011-12-31,2021-10-21,-391800000.0,3518700000.0,3497325000.0,456900000.0,3061800000.0,0.541,13.966,-75000000.0,127700000.0,127700000.0,703900000.0,241700000.0,1.252,1.055,1013200000.0,47200000.0,966000000.0,1013200000.0,55800000.0,164900000.0,0.0,0.017,0.64,455100000.0,620000000.0,0.327,620000000.0,455100000.0,400000000.0,1.91,1.88,1.91,1702400000.0,1750850000.0,1702400000.0,5624192080.0,12.0,9.071,333700000.0,2.737,1.0,1189300000.0,0.628,2607000000.0,55100000.0,1432300000.0,1467875000.0,0.0,0.0,0.0,0.0,1796600000.0,364900000.0,1431700000.0,4690692080.0,8300000.0,-129100000.0,-118600000.0,7700000.0,-78100000.0,-195900000.0,-204100000.0,0.0,408700000.0,-400000.0,232900000.0,232900000.0,232900000.0,-2900000.0,8800000.0,0.123,720700000.0,468600000.0,27500000.0,0.335,2.755,20.14,20.283,292900000.0,0.0,38.74,2.478,2.494,284400000.0,2879200000.0,1893200000.0,1893200000.0,0.0,0.067,0.133,0.31,0.24,23200000.0,560100000.0,1.0,121081365.0,121900000,123700000.0,15.531,911700000.0,0.0,167100000.0,235900000.0,7.479,92000000.0
40,EFX,MRT,2011-09-30,2011-09-30,2011-09-30,2021-10-21,-321300000.0,3512500000.0,3477025000.0,430200000.0,3082300000.0,0.556,14.5,-76600000.0,102000000.0,102000000.0,760600000.0,229700000.0,1.25,0.979,1035500000.0,67700000.0,967800000.0,1035500000.0,50500000.0,165900000.0,0.0,0.021,0.64,437600000.0,603500000.0,0.312,603500000.0,437600000.0,382600000.0,1.8,1.78,1.8,1766100000.0,1748100000.0,1766100000.0,4635689148.0,11.0,7.681,327600000.0,2.69,1.0,1171500000.0,0.606,2616900000.0,55000000.0,1484900000.0,1458300000.0,0.0,0.0,0.0,0.0,1728400000.0,344200000.0,1384200000.0,3762889148.0,-13600000.0,-181000000.0,-97900000.0,28600000.0,-79000000.0,-155500000.0,-257600000.0,0.0,404200000.0,-4700000.0,220700000.0,220700000.0,220700000.0,31500000.0,9000000.0,0.114,716500000.0,455000000.0,21900000.0,0.356,2.131,17.05,17.078,296000000.0,0.0,30.74,1.948,1.938,275800000.0,2824500000.0,1932100000.0,1932100000.0,0.0,0.063,0.126,0.3,0.226,21600000.0,550200000.0,1.0,122410187.0,121800000,123300000.0,15.863,895600000.0,0.0,161900000.0,250700000.0,7.353,86000000.0
41,EFX,MRT,2011-06-30,2011-06-30,2011-06-30,2021-10-21,-295900000.0,3489300000.0,3448900000.0,436500000.0,3052800000.0,0.555,14.53,-76800000.0,108700000.0,108700000.0,762200000.0,239200000.0,1.461,0.945,981500000.0,17600000.0,963900000.0,981500000.0,52600000.0,167000000.0,0.0,0.015,0.52,441800000.0,608800000.0,0.318,608800000.0,441800000.0,386500000.0,1.87,1.85,1.87,1784300000.0,1734450000.0,1784300000.0,5201628036.0,12.0,8.544,283900000.0,2.312,1.0,1153300000.0,0.602,2574600000.0,55300000.0,1488800000.0,1444775000.0,0.0,0.0,0.0,0.0,1686700000.0,298700000.0,1388000000.0,4273028036.0,38600000.0,16900000.0,-104800000.0,-89300000.0,-64500000.0,-264900000.0,-59900000.0,0.0,360700000.0,2700000.0,230500000.0,230500000.0,230500000.0,16300000.0,8700000.0,0.12,709700000.0,443600000.0,26700000.0,0.278,2.395,18.538,18.567,300900000.0,0.0,34.72,2.231,2.226,273000000.0,2777600000.0,1915500000.0,1915500000.0,0.0,0.067,0.133,0.306,0.231,20000000.0,542500000.0,1.0,123071084.0,122800000,124600000.0,15.599,914700000.0,0.0,156000000.0,252500000.0,7.449,137800000.0
42,EFX,MRT,2011-03-31,2011-03-31,2011-03-31,2021-10-21,-331300000.0,3468800000.0,3434600000.0,427200000.0,3041600000.0,0.55,14.256,-76000000.0,86900000.0,86900000.0,761800000.0,275500000.0,1.408,0.971,1015500000.0,40700000.0,974800000.0,1015500000.0,59500000.0,168000000.0,0.0,0.01,0.4,457500000.0,625500000.0,0.331,625500000.0,457500000.0,401800000.0,2.16,2.13,2.16,1750600000.0,1704300000.0,1750600000.0,5648644532.0,12.0,9.031,262000000.0,2.134,1.0,1127300000.0,0.597,2628400000.0,55700000.0,1465500000.0,1447025000.0,0.0,0.0,0.0,0.0,1699000000.0,303500000.0,1395500000.0,4768444532.0,9800000.0,73400000.0,-135300000.0,-138100000.0,-49800000.0,-328200000.0,-2600000.0,0.0,338000000.0,2600000.0,267300000.0,267300000.0,267300000.0,2700000.0,8200000.0,0.141,692500000.0,434800000.0,22400000.0,0.185,2.724,17.839,17.986,306400000.0,0.0,38.85,2.524,2.525,283500000.0,2763100000.0,1889100000.0,1889100000.0,0.0,0.078,0.157,0.316,0.242,19500000.0,526700000.0,1.0,122739885.0,122800000,124700000.0,15.384,840400000.0,0.0,134500000.0,250200000.0,6.844,123700000.0
43,EFX,MRT,2010-12-31,2010-12-31,2010-12-31,2021-10-21,-344500000.0,3437500000.0,3443800000.0,433100000.0,3004400000.0,0.54,13.553,-99800000.0,119400000.0,119400000.0,759900000.0,274800000.0,1.356,1.022,999600000.0,20700000.0,978900000.0,999600000.0,58700000.0,167800000.0,0.0,0.008,0.28,454700000.0,622500000.0,0.335,622500000.0,454700000.0,398600000.0,2.14,2.11,2.14,1691400000.0,1678625000.0,1691400000.0,5284896533.0,12.0,8.49,252800000.0,2.026,1.0,1099600000.0,0.591,2604200000.0,56100000.0,1394000000.0,1453000000.0,0.0,0.0,0.0,0.0,1729100000.0,319500000.0,1409600000.0,4393096533.0,16300000.0,100800000.0,-138200000.0,-159800000.0,-35200000.0,-335300000.0,1000000.0,0.0,352600000.0,-2000000.0,266700000.0,266700000.0,266700000.0,0.0,8100000.0,0.143,669600000.0,430000000.0,24600000.0,0.131,2.597,16.472,16.636,298400000.0,0.0,35.6,2.363,2.389,262600000.0,2725700000.0,1859500000.0,1859500000.0,0.0,0.077,0.159,0.313,0.245,18300000.0,507400000.0,1.0,123401588.0,124800000,126500000.0,14.9,833300000.0,0.0,131900000.0,248100000.0,6.677,113600000.0
44,EFX,MRT,2010-09-30,2010-09-30,2010-09-30,2021-10-21,-309700000.0,3400000000.0,3472050000.0,437100000.0,2962900000.0,0.516,13.769,-101900000.0,115600000.0,115600000.0,740500000.0,272700000.0,1.432,0.977,1007400000.0,21000000.0,986400000.0,1007400000.0,56500000.0,167600000.0,0.0,0.005,0.16,431900000.0,599500000.0,0.334,599500000.0,431900000.0,375500000.0,2.12,2.07,2.12,1711500000.0,1656075000.0,1711500000.0,4897368464.0,11.0,8.169,255100000.0,2.052,1.0,1052300000.0,0.587,2555700000.0,56400000.0,1430800000.0,1455400000.0,0.0,0.0,0.0,0.0,1671600000.0,305300000.0,1366300000.0,3900568464.0,37900000.0,-28000000.0,-113000000.0,-50300000.0,-20000000.0,-185900000.0,-131700000.0,0.0,357000000.0,-1500000.0,264700000.0,264700000.0,264700000.0,-39300000.0,8000000.0,0.148,653200000.0,399100000.0,19700000.0,0.075,2.279,14.736,14.717,300200000.0,0.0,31.2,2.176,2.163,266200000.0,2683500000.0,1792800000.0,1792800000.0,0.0,0.076,0.16,0.297,0.241,18600000.0,496300000.0,1.0,125018220.0,124300000,125800000.0,14.423,844300000.0,0.0,110800000.0,241800000.0,6.792,131800000.0
45,EFX,MRT,2010-06-30,2010-06-30,2010-06-30,2021-10-21,-332200000.0,3432100000.0,3453675000.0,473000000.0,2959100000.0,0.505,13.235,-103600000.0,70100000.0,70100000.0,729800000.0,255300000.0,1.279,1.054,1066900000.0,87500000.0,979400000.0,1066900000.0,62900000.0,165800000.0,0.0,0.006,0.16,410600000.0,576400000.0,0.331,576400000.0,410600000.0,354100000.0,1.97,1.93,1.97,1663700000.0,1615875000.0,1663700000.0,4623438444.0,11.0,8.021,308100000.0,2.451,1.0,1014200000.0,0.582,2561400000.0,56500000.0,1497800000.0,1398650000.0,0.0,0.0,0.0,0.0,1753200000.0,369700000.0,1383500000.0,3552738444.0,6500000.0,-146400000.0,-61700000.0,-67300000.0,-20000000.0,-151600000.0,-251500000.0,0.0,411700000.0,-2100000.0,247900000.0,247900000.0,247900000.0,-28100000.0,7400000.0,0.142,625300000.0,388900000.0,26200000.0,0.081,2.135,14.331,14.244,300900000.0,0.0,28.06,2.037,2.022,260500000.0,2612100000.0,1744000000.0,1744000000.0,0.0,0.072,0.153,0.294,0.235,18400000.0,473500000.0,1.0,126612204.0,125700000,127300000.0,13.874,870700000.0,0.0,106200000.0,236500000.0,6.927,103300000.0
46,EFX,MRT,2010-03-31,2010-03-31,2010-03-31,2021-10-21,-330100000.0,3505600000.0,3424600000.0,446800000.0,3058800000.0,0.5,13.048,-105700000.0,77100000.0,77100000.0,721900000.0,243000000.0,1.041,1.118,1147800000.0,157200000.0,990600000.0,1147800000.0,68600000.0,163100000.0,0.0,0.004,0.16,399300000.0,562400000.0,0.328,562400000.0,399300000.0,342400000.0,1.87,1.84,1.87,1647900000.0,1568900000.0,1647900000.0,5594803527.0,14.0,9.948,305900000.0,2.422,1.0,990500000.0,0.578,2657500000.0,56900000.0,1489400000.0,1336400000.0,0.0,0.0,0.0,0.0,1842400000.0,429400000.0,1413000000.0,4523803527.0,17100000.0,-205400000.0,-5700000.0,-58100000.0,-20200000.0,-86100000.0,-312100000.0,0.0,411600000.0,3700000.0,236200000.0,236200000.0,236200000.0,-17700000.0,6800000.0,0.138,605400000.0,385100000.0,26000000.0,0.086,2.745,19.152,19.144,309500000.0,0.0,35.8,2.642,2.64,258500000.0,2545800000.0,1712400000.0,1712400000.0,0.0,0.069,0.151,0.299,0.233,17900000.0,457700000.0,1.0,126363227.0,126300000,128100000.0,13.558,848100000.0,0.0,106200000.0,248200000.0,6.715,17400000.0
47,EFX,MRT,2009-12-31,2009-12-31,2009-12-31,2021-10-21,-318700000.0,3550500000.0,3368675000.0,416800000.0,3133700000.0,0.509,12.678,-70700000.0,103100000.0,103100000.0,718800000.0,240500000.0,0.847,1.209,1174100000.0,183200000.0,990900000.0,1174100000.0,69800000.0,158800000.0,0.0,0.005,0.16,397500000.0,556300000.0,0.324,556300000.0,397500000.0,340500000.0,1.85,1.83,1.85,1601200000.0,1497825000.0,1601200000.0,4898102936.0,12.0,8.805,347700000.0,2.753,1.0,997200000.0,0.581,2725700000.0,57000000.0,1403600000.0,1300600000.0,0.0,0.0,0.0,0.0,1935500000.0,492200000.0,1443300000.0,3906702936.0,44900000.0,-199400000.0,-13600000.0,-70800000.0,-20200000.0,-108300000.0,-270100000.0,0.0,418400000.0,4900000.0,233900000.0,233900000.0,233900000.0,-16100000.0,6600000.0,0.136,615400000.0,381800000.0,35900000.0,0.086,2.44,16.702,16.697,319300000.0,0.0,30.89,2.277,2.274,258700000.0,2494200000.0,1716000000.0,1716000000.0,0.0,0.069,0.156,0.306,0.232,18300000.0,470200000.0,1.0,126471445.0,126300000,127900000.0,13.587,824800000.0,0.0,106600000.0,249300000.0,6.53,-75400000.0
48,EFX,MRT,2009-09-30,2009-09-30,2009-09-30,2021-10-21,-317700000.0,3326500000.0,3296125000.0,385600000.0,2940900000.0,0.493,12.268,-72400000.0,77700000.0,77700000.0,679100000.0,243800000.0,0.666,1.137,1069100000.0,328700000.0,740400000.0,1069100000.0,59400000.0,155000000.0,0.0,0.005,0.16,416400000.0,571400000.0,0.352,571400000.0,416400000.0,356100000.0,1.87,1.86,1.87,1550700000.0,1425625000.0,1550700000.0,4772935300.0,11.0,8.353,316400000.0,2.503,1.0,946100000.0,0.582,2535400000.0,60300000.0,1203800000.0,1341225000.0,0.0,0.0,0.0,0.0,1763000000.0,578700000.0,1184300000.0,3682535300.0,8700000.0,-12400000.0,-14400000.0,-257400000.0,-20200000.0,-295800000.0,-83000000.0,0.0,388800000.0,-1300000.0,237700000.0,237700000.0,237700000.0,-32400000.0,6100000.0,0.146,565200000.0,380900000.0,25600000.0,0.086,2.375,15.492,15.583,316100000.0,0.0,29.14,2.266,2.266,251700000.0,2439200000.0,1625200000.0,1625200000.0,0.0,0.072,0.167,0.31,0.256,14000000.0,431800000.0,1.0,126373895.0,126400000,128000000.0,12.858,791100000.0,0.0,118400000.0,248700000.0,6.259,-193100000.0
49,EFX,MRT,2009-06-30,2009-06-30,2009-06-30,2021-10-21,-333200000.0,3315800000.0,3327150000.0,370800000.0,2945000000.0,0.506,11.685,-86100000.0,63600000.0,63600000.0,698600000.0,256200000.0,0.603,1.239,1154000000.0,362700000.0,791300000.0,1154000000.0,62300000.0,156800000.0,0.0,0.006,0.16,421100000.0,577900000.0,0.343,577900000.0,421100000.0,358000000.0,1.97,1.95,1.97,1475800000.0,1397350000.0,1475800000.0,4464737806.0,11.0,7.726,318000000.0,2.518,1.0,985700000.0,0.585,2542100000.0,63100000.0,1248800000.0,1469000000.0,0.0,0.0,0.0,0.0,1828300000.0,615300000.0,1213000000.0,3294737806.0,-9000000.0,-15700000.0,-77700000.0,-203600000.0,-20300000.0,-304700000.0,-100300000.0,0.0,404100000.0,-8100000.0,250300000.0,250300000.0,250300000.0,-28400000.0,5900000.0,0.149,597600000.0,388100000.0,31000000.0,0.081,2.233,13.163,13.249,316000000.0,0.0,26.1,1.956,1.957,254400000.0,2384700000.0,1684300000.0,1684300000.0,0.0,0.075,0.179,0.287,0.25,15300000.0,459100000.0,1.0,126235165.0,126300000,127800000.0,13.336,773700000.0,0.0,107700000.0,226400000.0,6.126,-244500000.0
50,EFX,MRT,2009-03-31,2009-03-31,2009-03-31,2021-10-21,-383600000.0,3281900000.0,3384850000.0,369400000.0,2912500000.0,0.519,10.805,-95500000.0,60000000.0,60000000.0,722600000.0,267700000.0,0.632,1.398,1230000000.0,323700000.0,906300000.0,1230000000.0,64200000.0,155700000.0,0.0,0.007,0.16,441100000.0,596800000.0,0.34,596800000.0,441100000.0,375200000.0,2.05,2.02,2.05,1363600000.0,1398900000.0,1363600000.0,4253496489.0,10.0,7.127,320600000.0,2.54,1.0,1034500000.0,0.589,2521600000.0,65900000.0,1346200000.0,1583200000.0,0.0,0.0,0.0,0.0,1906500000.0,584100000.0,1322400000.0,3092396489.0,-25000000.0,-25100000.0,-115300000.0,-171300000.0,-20300000.0,-309100000.0,-119600000.0,0.0,416100000.0,-12400000.0,261500000.0,261500000.0,261500000.0,-25200000.0,6200000.0,0.149,620700000.0,413800000.0,32300000.0,0.078,2.268,11.826,11.927,311200000.0,0.0,24.45,1.76,1.756,263800000.0,2330300000.0,1757100000.0,1757100000.0,0.0,0.077,0.187,0.279,0.251,14400000.0,479800000.0,1.0,126478384.0,126200000,127400000.0,13.923,760300000.0,0.0,113700000.0,220400000.0,6.025,-214700000.0
51,EFX,MRT,2008-12-31,2008-12-31,2008-12-31,2021-10-21,-390600000.0,3260300000.0,3451850000.0,353800000.0,2906500000.0,0.525,10.245,-110500000.0,58200000.0,58200000.0,741800000.0,279000000.0,1.113,1.476,1219300000.0,31900000.0,1187400000.0,1219300000.0,65700000.0,155400000.0,0.0,0.006,0.16,463100000.0,618500000.0,0.341,618500000.0,463100000.0,391800000.0,2.13,2.09,2.13,1312400000.0,1418750000.0,1312400000.0,4588786648.0,10.0,7.419,337600000.0,2.635,1.0,1071800000.0,0.591,2537300000.0,71300000.0,1566100000.0,1706050000.0,0.0,0.0,0.0,0.0,1936800000.0,318000000.0,1618800000.0,3349686648.0,-23400000.0,-31100000.0,-141000000.0,-155300000.0,-20500000.0,-319100000.0,-141600000.0,0.0,448100000.0,-10800000.0,272800000.0,272800000.0,272800000.0,-24100000.0,6200000.0,0.15,632800000.0,439000000.0,29900000.0,0.075,2.552,12.279,12.451,286300000.0,0.0,26.52,1.847,1.873,253400000.0,2281000000.0,1813600000.0,1813600000.0,0.0,0.079,0.192,0.271,0.255,17800000.0,490600000.0,1.0,126307943.0,128100000,130400000.0,14.158,723000000.0,0.0,119000000.0,215300000.0,5.644,35800000.0
52,EFX,MRT,2008-09-30,2008-09-30,2008-09-30,2021-10-21,-213700000.0,3450600000.0,3517750000.0,395000000.0,3055600000.0,0.563,11.275,-122500000.0,69000000.0,69000000.0,811500000.0,285600000.0,1.089,1.4,1308100000.0,55200000.0,1252900000.0,1308100000.0,71000000.0,155100000.0,0.0,0.005,0.16,477800000.0,632900000.0,0.32,632900000.0,477800000.0,403100000.0,2.14,2.09,2.14,1437600000.0,1440450000.0,1437600000.0,5686035229.0,12.0,8.984,387300000.0,3.038,1.0,1168500000.0,0.59,2612000000.0,74700000.0,1714900000.0,1711500000.0,0.0,0.0,0.0,0.0,2013000000.0,362800000.0,1650200000.0,4418135229.0,-18000000.0,-31200000.0,-238300000.0,-98600000.0,-20700000.0,-369200000.0,-153700000.0,0.0,509800000.0,-4900000.0,274500000.0,274500000.0,274500000.0,0.0,11100000.0,0.139,687200000.0,481300000.0,26500000.0,0.075,3.073,16.095,16.098,291200000.0,0.0,34.45,2.231,2.218,273700000.0,2222100000.0,1980000000.0,1980000000.0,0.0,0.078,0.191,0.279,0.241,20500000.0,532100000.0,1.0,128247757.0,127500000,129800000.0,15.529,838600000.0,0.0,128600000.0,270700000.0,6.577,32200000.0
53,EFX,MRT,2008-06-30,2008-06-30,2008-06-30,2021-10-21,-159200000.0,3546600000.0,3525275000.0,433300000.0,3113300000.0,0.564,11.488,-145100000.0,72600000.0,72600000.0,808800000.0,279700000.0,0.998,1.393,1340500000.0,127300000.0,1213200000.0,1340500000.0,78600000.0,152600000.0,0.0,0.005,0.16,499300000.0,651900000.0,0.328,651900000.0,499300000.0,421600000.0,2.06,2.01,2.06,1482000000.0,1425425000.0,1482000000.0,5656601702.0,11.0,8.677,344900000.0,2.674,1.0,1179600000.0,0.593,2674600000.0,77700000.0,1705600000.0,1698850000.0,0.0,0.0,0.0,0.0,2064600000.0,434300000.0,1630300000.0,4354501702.0,-191600000.0,-24700000.0,-606800000.0,122900000.0,-21000000.0,-514300000.0,-169800000.0,0.0,490000000.0,2500000.0,270100000.0,270100000.0,270100000.0,0.0,9600000.0,0.136,676300000.0,503300000.0,31600000.0,0.078,2.938,16.122,16.32,285300000.0,0.0,33.62,2.19,2.181,305900000.0,2155100000.0,1988400000.0,1988400000.0,0.0,0.077,0.189,0.294,0.251,19800000.0,523700000.0,1.0,129521169.0,129000000,131500000.0,15.414,872000000.0,0.0,151500000.0,275100000.0,6.76,-1000000.0
54,EFX,MRT,2008-03-31,2008-03-31,2008-03-31,2021-10-21,-162600000.0,3549900000.0,3542050000.0,445300000.0,3104600000.0,0.548,11.134,-133900000.0,85000000.0,85000000.0,794300000.0,277200000.0,1.353,1.46,1387100000.0,23300000.0,1363800000.0,1387100000.0,73200000.0,144200000.0,0.0,0.005,0.16,492100000.0,636300000.0,0.328,636300000.0,492100000.0,421300000.0,2.03,1.98,2.03,1443000000.0,1486725000.0,1443000000.0,5775857186.0,12.0,9.077,331200000.0,2.556,1.0,1146700000.0,0.591,2685200000.0,70800000.0,1837600000.0,1563375000.0,0.0,0.0,0.0,0.0,2106900000.0,329200000.0,1777700000.0,4470157186.0,15400000.0,-305900000.0,-724600000.0,736500000.0,-20900000.0,-13800000.0,-439800000.0,0.0,465100000.0,3900000.0,269400000.0,269400000.0,269400000.0,0.0,7800000.0,0.139,651300000.0,495400000.0,30600000.0,0.079,3.098,16.593,16.985,272700000.0,0.0,34.48,2.303,2.302,305100000.0,2089500000.0,1941000000.0,1941000000.0,0.0,0.076,0.181,0.315,0.254,19900000.0,507100000.0,1.0,129644930.0,129600000,132100000.0,14.977,864700000.0,0.0,151900000.0,301300000.0,6.672,116100000.0
55,EFX,MRT,2007-12-31,2007-12-31,2007-12-31,2021-10-21,-170500000.0,3523900000.0,3112550000.0,425000000.0,3098900000.0,0.592,10.6,-118500000.0,81600000.0,81600000.0,757400000.0,278800000.0,0.777,1.519,1387300000.0,222100000.0,1165200000.0,1387300000.0,69900000.0,127700000.0,0.0,0.004,0.16,483100000.0,610800000.0,0.331,610800000.0,483100000.0,424600000.0,2.07,2.02,2.07,1399200000.0,1357875000.0,1399200000.0,6115748587.0,13.0,10.013,335000000.0,2.538,1.0,1085600000.0,0.589,2694800000.0,58500000.0,1587900000.0,1221750000.0,0.0,0.0,0.0,0.0,2124700000.0,546900000.0,1577800000.0,4793648587.0,13800000.0,-303800000.0,-687100000.0,688800000.0,-20700000.0,-21200000.0,-422300000.0,0.0,453500000.0,3800000.0,272700000.0,272700000.0,272700000.0,0.0,6100000.0,0.148,599400000.0,486200000.0,31100000.0,0.077,3.426,17.578,17.565,259500000.0,0.0,36.36,2.601,2.604,295800000.0,2030000000.0,1843000000.0,1843000000.0,0.0,0.088,0.201,0.395,0.262,17200000.0,471700000.0,1.0,131838520.0,132000000,135100000.0,13.962,829100000.0,0.0,151900000.0,277100000.0,6.281,-121900000.0
56,EFX,MRT,2007-09-30,2007-09-30,2007-09-30,2021-10-21,-185800000.0,3480700000.0,2679225000.0,444400000.0,3036300000.0,0.65,10.025,-103200000.0,87000000.0,87000000.0,709100000.0,270100000.0,0.943,1.527,1409100000.0,168200000.0,1240900000.0,1409100000.0,67500000.0,110700000.0,0.0,0.004,0.16,472700000.0,583400000.0,0.335,583400000.0,472700000.0,427100000.0,2.07,2.03,2.07,1377500000.0,1217600000.0,1377500000.0,6309816179.0,13.0,10.816,287000000.0,2.089,1.0,1033000000.0,0.593,2667200000.0,45600000.0,1664300000.0,941075000.0,0.0,0.0,0.0,0.0,2103200000.0,471300000.0,1631900000.0,5368216179.0,31300000.0,-329600000.0,-623600000.0,705800000.0,-20400000.0,70600000.0,-432700000.0,0.0,390200000.0,3200000.0,270100000.0,270100000.0,270100000.0,0.0,0.0,0.155,557100000.0,475900000.0,21800000.0,0.077,3.897,19.875,18.415,239000000.0,0.0,38.12,3.081,3.007,302700000.0,1969700000.0,1742100000.0,1742100000.0,0.0,0.101,0.222,0.502,0.271,16600000.0,446400000.0,1.0,140824139.0,137400000,140600000.0,12.679,813500000.0,0.0,157000000.0,263900000.0,5.921,-26900000.0
57,EFX,MRT,2007-06-30,2007-06-30,2007-06-30,2021-10-21,-204200000.0,3613700000.0,2282575000.0,625800000.0,2987900000.0,0.72,12.804,-57300000.0,264200000.0,264200000.0,672700000.0,281100000.0,0.873,1.092,1205800000.0,427200000.0,778600000.0,1205800000.0,72400000.0,92200000.0,0.0,0.004,0.16,464100000.0,556300000.0,0.338,556300000.0,464100000.0,430500000.0,2.2,2.16,2.2,1727200000.0,1102750000.0,1727200000.0,5944743973.0,13.0,10.686,313100000.0,2.321,1.0,971500000.0,0.591,2675000000.0,33600000.0,1163700000.0,744875000.0,0.0,0.0,0.0,0.0,1886500000.0,716600000.0,1169900000.0,5558443973.0,216000000.0,-329300000.0,-251800000.0,494600000.0,-20000000.0,230700000.0,-386500000.0,0.0,370400000.0,1400000.0,281100000.0,281100000.0,281100000.0,0.0,0.0,0.171,504200000.0,467300000.0,33900000.0,0.073,3.218,19.774,20.191,187700000.0,0.0,44.42,3.381,3.644,296200000.0,1907400000.0,1644200000.0,1644200000.0,0.0,0.123,0.255,0.623,0.282,17500000.0,412000000.0,1.0,125133813.0,134900000,138600000.0,12.188,938700000.0,0.0,149400000.0,267100000.0,6.958,-90800000.0
58,EFX,MRT,2007-03-31,2007-03-31,2007-03-31,2021-10-21,-224300000.0,1831900000.0,1850075000.0,372600000.0,1459300000.0,0.853,7.427,-55900000.0,69600000.0,69600000.0,644600000.0,280600000.0,0.658,0.975,455900000.0,307000000.0,148900000.0,455900000.0,67400000.0,83100000.0,0.0,0.004,0.16,454800000.0,537900000.0,0.341,537900000.0,454800000.0,423400000.0,2.22,2.18,2.22,927600000.0,894125000.0,927600000.0,4987196334.0,11.0,9.272,316700000.0,2.536,1.0,932800000.0,0.591,1180700000.0,31400000.0,471100000.0,679450000.0,0.0,0.0,0.0,0.0,904300000.0,566400000.0,337900000.0,4551096334.0,13200000.0,-38700000.0,-145700000.0,-105200000.0,-20100000.0,-265600000.0,-94500000.0,0.0,372600000.0,700000.0,280600000.0,280600000.0,280600000.0,0.0,0.0,0.178,488900000.0,443900000.0,21400000.0,0.072,4.906,16.219,16.419,162400000.0,0.0,36.45,2.885,2.886,252200000.0,1842500000.0,1577400000.0,1577400000.0,0.0,0.152,0.314,0.669,0.288,18900000.0,405800000.0,1.0,124858610.0,124900000,127300000.0,12.629,651200000.0,0.0,142800000.0,104900000.0,5.214,-193800000.0
59,EFX,MRT,2006-12-31,2006-12-31,2006-12-31,2021-10-21,-232200000.0,1790600000.0,1861850000.0,345200000.0,1445400000.0,0.831,6.594,-52000000.0,67800000.0,67800000.0,626400000.0,274500000.0,0.593,1.136,503900000.0,330000000.0,173900000.0,503900000.0,62700000.0,82800000.0,0.0,0.004,0.16,447800000.0,530600000.0,0.343,530600000.0,447800000.0,415900000.0,2.16,2.12,2.16,838100000.0,876575000.0,838100000.0,5533047958.0,12.0,10.428,320100000.0,2.518,1.0,919900000.0,0.595,1179400000.0,31900000.0,465200000.0,792250000.0,0.0,0.0,0.0,0.0,952500000.0,582100000.0,370400000.0,5080147958.0,30300000.0,-34800000.0,-189100000.0,-52200000.0,-20300000.0,-255000000.0,-86800000.0,0.0,372100000.0,0.0,274500000.0,274500000.0,274500000.0,0.0,0.0,0.178,483800000.0,436100000.0,23500000.0,0.074,6.062,18.507,18.796,161900000.0,0.0,40.6,3.285,3.337,244800000.0,1778600000.0,1546300000.0,1546300000.0,0.0,0.147,0.313,0.565,0.29,19100000.0,401000000.0,1.0,125126797.0,127100000,129400000.0,12.166,611200000.0,0.0,141400000.0,70800000.0,4.809,-236900000.0
60,EFX,MRT,2006-09-30,2006-09-30,2006-09-30,2021-10-21,-134000000.0,1894100000.0,1872075000.0,342000000.0,1552100000.0,0.811,7.263,-47000000.0,55700000.0,55700000.0,621700000.0,274200000.0,1.065,1.063,508600000.0,91700000.0,416900000.0,508600000.0,62300000.0,83700000.0,0.0,0.004,0.16,443200000.0,526900000.0,0.347,526900000.0,443200000.0,411100000.0,2.14,2.1,2.14,918100000.0,872125000.0,918100000.0,5129751398.0,12.0,9.736,306800000.0,2.427,1.0,895900000.0,0.59,1146500000.0,32100000.0,879500000.0,902450000.0,0.0,0.0,0.0,0.0,976000000.0,321000000.0,655000000.0,4648551398.0,14200000.0,0.0,-178000000.0,-98900000.0,-20700000.0,-292700000.0,-47100000.0,10100000.0,353800000.0,200000.0,274200000.0,274200000.0,274200000.0,0.0,0.0,0.181,463700000.0,432200000.0,21300000.0,0.075,5.063,16.953,17.154,156600000.0,0.0,36.71,3.063,3.058,248500000.0,1720700000.0,1517600000.0,1517600000.0,0.0,0.146,0.314,0.491,0.292,23500000.0,380000000.0,1.0,126629022.0,126400000,128400000.0,12.006,747600000.0,0.0,136900000.0,135300000.0,5.915,21000000.0
61,EFX,MRT,2006-06-30,2006-06-30,2006-06-30,2021-10-21,-138300000.0,1883700000.0,1826800000.0,322500000.0,1561200000.0,0.82,6.969,-50600000.0,48200000.0,48200000.0,616800000.0,257800000.0,1.032,1.11,529400000.0,95600000.0,433800000.0,529400000.0,63900000.0,83800000.0,0.0,0.005,0.16,434200000.0,518000000.0,0.346,518000000.0,434200000.0,401400000.0,2.0,1.96,2.0,892700000.0,817025000.0,892700000.0,4919973022.0,11.0,9.498,309700000.0,2.418,1.0,881500000.0,0.588,1150300000.0,32800000.0,902000000.0,887100000.0,0.0,0.0,0.0,0.0,991000000.0,312600000.0,678400000.0,4415173022.0,3500000.0,-17300000.0,-142400000.0,-130800000.0,-21100000.0,-290000000.0,-68000000.0,10100000.0,360300000.0,1200000.0,257800000.0,257800000.0,257800000.0,0.0,0.0,0.172,462600000.0,418900000.0,16800000.0,0.08,4.946,17.126,17.17,158300000.0,0.0,34.34,2.947,2.936,239000000.0,1647000000.0,1498300000.0,1498300000.0,0.0,0.141,0.316,0.489,0.29,26000000.0,378800000.0,1.0,128572307.0,128100000,130400000.0,11.696,733400000.0,0.0,143600000.0,129800000.0,5.725,9900000.0
62,EFX,MRT,2006-03-31,2006-03-31,2006-03-31,2021-10-21,-149000000.0,1879000000.0,1773700000.0,318800000.0,1560200000.0,0.831,6.647,-47100000.0,56400000.0,56400000.0,602800000.0,250800000.0,1.022,1.192,561200000.0,92400000.0,468800000.0,561200000.0,58400000.0,83400000.0,0.0,0.004,0.16,431700000.0,515100000.0,0.349,515100000.0,431700000.0,397300000.0,1.94,1.9,1.94,857400000.0,749350000.0,857400000.0,5337989277.0,12.0,10.363,313300000.0,2.429,1.0,871200000.0,0.591,1149500000.0,34400000.0,922300000.0,839825000.0,0.0,0.0,0.0,0.0,1021600000.0,312000000.0,709600000.0,4819389277.0,3500000.0,-36100000.0,-112300000.0,-152900000.0,-21400000.0,-283200000.0,-73200000.0,10100000.0,360400000.0,-500000.0,250800000.0,250800000.0,250800000.0,0.0,0.0,0.17,442000000.0,429200000.0,21900000.0,0.082,5.621,19.216,19.196,136200000.0,0.0,37.24,3.27,3.259,226900000.0,1582700000.0,1474000000.0,1474000000.0,0.0,0.141,0.335,0.514,0.293,25200000.0,358600000.0,1.0,129414320.0,129000000,131500000.0,11.426,729500000.0,0.0,146500000.0,156500000.0,5.655,6800000.0
63,EFX,MRT,2005-12-31,2005-12-31,2005-12-31,2021-10-21,-157800000.0,1831500000.0,1721600000.0,280400000.0,1551100000.0,0.838,6.325,-46200000.0,37500000.0,37500000.0,594200000.0,246500000.0,0.952,1.233,556100000.0,92300000.0,463800000.0,556100000.0,49200000.0,82200000.0,0.0,0.004,0.15,426300000.0,508500000.0,0.352,508500000.0,426300000.0,390700000.0,1.9,1.86,1.9,820300000.0,676425000.0,820300000.0,5503693450.0,13.0,10.823,291600000.0,2.248,1.0,849200000.0,0.588,1149600000.0,35600000.0,906000000.0,787600000.0,0.0,0.0,0.0,0.0,1011200000.0,294500000.0,716700000.0,4937593450.0,-14600000.0,-121800000.0,-81200000.0,-92700000.0,-20200000.0,-193500000.0,-157900000.0,10100000.0,337800000.0,-1000000.0,246500000.0,246500000.0,246500000.0,0.0,0.0,0.171,427200000.0,422000000.0,5900000.0,0.079,6.019,20.031,20.011,156800000.0,0.0,38.02,3.421,3.416,216000000.0,1525100000.0,1443400000.0,1443400000.0,0.0,0.143,0.364,0.541,0.295,26300000.0,345000000.0,1.0,129868318.0,129700000,132200000.0,11.129,681900000.0,0.0,144200000.0,126100000.0,5.258,-14100000.0
64,EFX,MRT,2005-09-30,2005-09-30,2005-09-30,2021-10-21,-251300000.0,1713000000.0,1653025000.0,304700000.0,1408300000.0,0.853,5.371,-47800000.0,41500000.0,41500000.0,582400000.0,241200000.0,1.028,1.455,607600000.0,88800000.0,518800000.0,607600000.0,4100000.0,78500000.0,0.0,0.004,0.14,425500000.0,504000000.0,0.358,504000000.0,425500000.0,388900000.0,1.85,1.81,1.85,697700000.0,602250000.0,697700000.0,5168686819.0,12.0,10.255,293300000.0,2.258,1.0,827300000.0,0.587,1164700000.0,36600000.0,818100000.0,729500000.0,0.0,0.0,0.0,0.0,1015300000.0,296300000.0,719000000.0,4550786819.0,19600000.0,-120400000.0,-76700000.0,-68800000.0,-18800000.0,-164500000.0,-159100000.0,0.0,341100000.0,2000000.0,241200000.0,241200000.0,241200000.0,-2300000.0,0.0,0.171,411600000.0,415700000.0,5100000.0,0.076,6.523,18.867,18.886,138000000.0,0.0,34.94,3.228,3.22,224000000.0,1467700000.0,1409700000.0,1409700000.0,0.0,0.146,0.4,0.583,0.302,22800000.0,335500000.0,1.0,130245759.0,129900000,132500000.0,10.852,548300000.0,14300000.0,147700000.0,78900000.0,4.221,8400000.0
65,EFX,MRT,2005-06-30,2005-06-30,2005-06-30,2021-10-21,-266700000.0,1671300000.0,1602675000.0,308600000.0,1362700000.0,0.845,4.792,-49500000.0,44700000.0,44700000.0,563800000.0,231900000.0,0.675,1.687,662600000.0,263900000.0,398700000.0,662600000.0,7800000.0,77000000.0,0.0,0.004,0.13,411600000.0,488600000.0,0.361,488600000.0,411600000.0,374400000.0,1.77,1.74,1.77,622000000.0,543150000.0,622000000.0,5299177116.0,13.0,10.846,280300000.0,2.159,1.0,790500000.0,0.584,1119400000.0,37200000.0,712900000.0,710450000.0,0.0,0.0,0.0,0.0,1049300000.0,456900000.0,592400000.0,4635677116.0,21700000.0,-106000000.0,-84500000.0,-57700000.0,-17500000.0,-160500000.0,-146400000.0,0.0,329800000.0,-1600000.0,231900000.0,231900000.0,231900000.0,-2200000.0,0.0,0.171,386400000.0,404100000.0,6500000.0,0.073,7.453,19.99,20.175,136800000.0,0.0,35.71,3.423,3.423,215600000.0,1410600000.0,1354300000.0,1354300000.0,0.0,0.145,0.427,0.579,0.304,15800000.0,311800000.0,1.0,129814537.0,129800000,132700000.0,10.434,551900000.0,11300000.0,142500000.0,63500000.0,4.252,-148300000.0
66,EFX,MRT,2005-03-31,2005-03-31,2005-03-31,2021-10-21,-274200000.0,1670600000.0,1566600000.0,331300000.0,1339300000.0,0.834,4.358,-54000000.0,52900000.0,52900000.0,546500000.0,242500000.0,0.637,1.953,716400000.0,317700000.0,398700000.0,716400000.0,8300000.0,77700000.0,0.0,0.004,0.12,431000000.0,508700000.0,0.389,508700000.0,431000000.0,395400000.0,1.85,1.82,1.85,565700000.0,493975000.0,565700000.0,4739236663.0,11.0,9.316,265800000.0,2.048,1.0,759800000.0,0.582,1101000000.0,35600000.0,713400000.0,785500000.0,0.0,0.0,0.0,0.0,1104900000.0,519700000.0,585200000.0,4137136663.0,16700000.0,-96200000.0,-98700000.0,-100800000.0,-16200000.0,-216100000.0,-86600000.0,59400000.0,319800000.0,-900000.0,242500000.0,242500000.0,242500000.0,1600000.0,0.0,0.186,370400000.0,389400000.0,7000000.0,0.065,7.313,17.06,16.589,137100000.0,0.0,30.69,3.167,3.05,214100000.0,1353400000.0,1306300000.0,1306300000.0,0.0,0.155,0.491,0.549,0.33,13700000.0,293300000.0,1.0,134804062.0,129800000,132400000.0,10.064,569600000.0,17800000.0,152900000.0,58800000.0,4.388,-188400000.0
67,EFX,MRT,2004-12-31,2004-12-31,2004-12-31,2021-10-21,-267000000.0,1557200000.0,1546600000.0,299600000.0,1257600000.0,0.823,3.988,-47500000.0,52100000.0,52100000.0,533900000.0,234700000.0,0.656,1.974,654200000.0,255700000.0,398500000.0,654200000.0,33800000.0,78700000.0,0.0,0.004,0.11,417500000.0,496200000.0,0.39,496200000.0,417500000.0,382600000.0,1.79,1.76,1.79,523600000.0,451950000.0,523600000.0,4454058385.0,11.0,8.976,261500000.0,1.992,1.0,738900000.0,0.581,1028800000.0,34900000.0,673600000.0,870100000.0,0.0,0.0,0.0,0.0,1033600000.0,456900000.0,576700000.0,3795958385.0,14000000.0,-17400000.0,-109900000.0,-161100000.0,-15000000.0,-289000000.0,-6500000.0,59400000.0,309000000.0,-1200000.0,234700000.0,234700000.0,234700000.0,2600000.0,0.0,0.184,363100000.0,375800000.0,9700000.0,0.061,7.25,16.174,15.698,138300000.0,0.0,28.1,2.982,2.899,195100000.0,1298800000.0,1272800000.0,1272800000.0,0.0,0.152,0.519,0.48,0.328,8300000.0,284400000.0,1.0,135087487.0,131300000,133500000.0,9.694,528400000.0,13200000.0,147900000.0,38600000.0,4.024,-157300000.0
68,EFX,MRT,2004-09-30,2004-09-30,2004-09-30,2021-10-21,-291800000.0,1511600000.0,1545625000.0,274500000.0,1237100000.0,0.794,3.529,-35800000.0,22700000.0,22700000.0,500800000.0,205200000.0,0.579,2.277,680800000.0,268400000.0,412400000.0,680800000.0,10600000.0,78600000.0,0.0,0.004,0.1,369200000.0,447800000.0,0.365,447800000.0,369200000.0,334900000.0,1.57,1.53,1.57,461300000.0,413925000.0,461300000.0,4291923686.0,12.0,9.584,270000000.0,2.066,1.0,726700000.0,0.592,953800000.0,34300000.0,741900000.0,942550000.0,0.0,0.0,0.0,0.0,1050300000.0,474000000.0,576300000.0,3590923686.0,-10500000.0,-17400000.0,-107300000.0,-180600000.0,-13900000.0,-307100000.0,-12400000.0,59400000.0,305800000.0,1300000.0,205200000.0,205200000.0,205200000.0,10400000.0,0.0,0.167,391300000.0,335400000.0,7400000.0,0.064,7.784,17.5,16.79,45000000.0,0.0,26.36,2.925,2.807,207400000.0,1245400000.0,1227500000.0,1227500000.0,0.0,0.133,0.496,0.392,0.301,12400000.0,279600000.0,1.0,136226240.0,130700000,132500000.0,9.392,557800000.0,9400000.0,129700000.0,51400000.0,4.268,-199500000.0
69,EFX,MRT,2004-06-30,2004-06-30,2004-06-30,2021-10-21,-309100000.0,1527000000.0,1566075000.0,287700000.0,1239300000.0,0.777,3.224,-26000000.0,24900000.0,24900000.0,495400000.0,203200000.0,1.115,2.59,725900000.0,67800000.0,658100000.0,725900000.0,10800000.0,84800000.0,0.0,0.004,0.09,361400000.0,446200000.0,0.367,446200000.0,361400000.0,327700000.0,1.55,1.51,1.55,425300000.0,385275000.0,425300000.0,4178222994.0,12.0,9.364,277100000.0,2.101,1.0,722000000.0,0.593,956900000.0,33700000.0,1013100000.0,1067575000.0,0.0,0.0,0.0,0.0,1101700000.0,258000000.0,843700000.0,3390022994.0,-6700000.0,-14100000.0,-107300000.0,-182000000.0,-12500000.0,-306400000.0,-9700000.0,59400000.0,303100000.0,4000000.0,203200000.0,203200000.0,203200000.0,11900000.0,0.0,0.167,393400000.0,328600000.0,13000000.0,0.058,7.971,16.683,15.968,42300000.0,0.0,24.75,2.785,2.682,205800000.0,1196100000.0,1217400000.0,1217400000.0,0.0,0.13,0.527,0.339,0.297,11700000.0,275600000.0,1.0,136970626.0,131900000,133700000.0,9.23,570100000.0,16000000.0,124500000.0,63300000.0,4.322,29700000.0
70,EFX,MRT,2004-03-31,2004-03-31,2004-03-31,2021-10-21,-297800000.0,1590600000.0,1586950000.0,307900000.0,1282700000.0,0.768,2.992,-13700000.0,37000000.0,37000000.0,502600000.0,171900000.0,0.86,3.001,825200000.0,165100000.0,660100000.0,825200000.0,11800000.0,88100000.0,0.0,0.003,0.08,316400000.0,404500000.0,0.332,404500000.0,316400000.0,280100000.0,1.3,1.27,1.3,397600000.0,360400000.0,397600000.0,4345453038.0,14.0,10.743,282600000.0,2.126,1.0,716400000.0,0.588,969100000.0,36300000.0,1051800000.0,1139950000.0,0.0,0.0,0.0,0.0,1193000000.0,357900000.0,835100000.0,3561253038.0,11500000.0,-34400000.0,-76100000.0,-111800000.0,-11200000.0,-204800000.0,-88200000.0,0.0,296300000.0,6600000.0,171900000.0,171900000.0,171900000.0,15500000.0,0.0,0.141,394500000.0,321900000.0,9200000.0,0.062,8.957,20.717,19.862,44500000.0,0.0,25.82,2.921,2.815,208400000.0,1127000000.0,1219000000.0,1219000000.0,0.0,0.108,0.477,0.278,0.26,8000000.0,275200000.0,1.0,137926144.0,132900000,135100000.0,9.172,621500000.0,13500000.0,108200000.0,51600000.0,4.676,-50000000.0
71,EFX,MRT,2003-12-31,2003-12-31,2003-12-31,2021-10-21,-296100000.0,1553300000.0,1578200000.0,285900000.0,1267400000.0,0.767,2.762,-14200000.0,38100000.0,38100000.0,499700000.0,164900000.0,0.806,3.181,823500000.0,160500000.0,663000000.0,823500000.0,12000000.0,90400000.0,0.0,0.003,0.08,309100000.0,399500000.0,0.33,399500000.0,309100000.0,269500000.0,1.23,1.21,1.23,371500000.0,324725000.0,371500000.0,4242481110.0,14.0,10.619,279500000.0,2.078,1.0,711000000.0,0.587,1020500000.0,39600000.0,963400000.0,1149975000.0,0.0,0.0,0.0,0.0,1181800000.0,354800000.0,827000000.0,3407381110.0,8700000.0,-40700000.0,-75400000.0,-105600000.0,-11300000.0,-195300000.0,-98800000.0,0.0,293700000.0,8300000.0,164900000.0,164900000.0,164900000.0,15800000.0,0.0,0.136,396800000.0,314200000.0,12500000.0,0.065,9.172,20.663,19.919,146600000.0,0.0,24.5,2.814,2.722,185500000.0,1079000000.0,1210700000.0,1210700000.0,0.0,0.104,0.508,0.269,0.255,8000000.0,275800000.0,1.0,139076780.0,134500000,136700000.0,9.001,532800000.0,14400000.0,104600000.0,19300000.0,3.961,-68900000.0
72,EFX,MRT,2003-09-30,2003-09-30,2003-09-30,2021-10-21,-315700000.0,1593400000.0,1566600000.0,293300000.0,1300100000.0,0.77,2.578,-15400000.0,33500000.0,33500000.0,487700000.0,186900000.0,1.326,3.596,868600000.0,27100000.0,841500000.0,868600000.0,13100000.0,94100000.0,0.0,0.004,0.08,348800000.0,442900000.0,0.367,442900000.0,348800000.0,307000000.0,1.37,1.37,1.37,346700000.0,287100000.0,346700000.0,4009668387.0,11.0,9.053,277700000.0,2.065,1.0,719300000.0,0.596,965300000.0,41800000.0,1242000000.0,1173400000.0,0.0,0.0,0.0,0.0,1246700000.0,221200000.0,1025500000.0,3124868387.0,2500000.0,-145100000.0,-47100000.0,-32700000.0,-11200000.0,-90500000.0,-201900000.0,-100000.0,293100000.0,3800000.0,186900000.0,186900000.0,186900000.0,12500000.0,0.0,0.155,368500000.0,350800000.0,10800000.0,0.058,9.013,16.719,16.255,47900000.0,0.0,22.27,2.589,2.482,200800000.0,1053800000.0,1207000000.0,1207000000.0,0.0,0.119,0.651,0.297,0.289,6600000.0,275600000.0,1.0,140317395.0,134500000,136400000.0,8.974,628100000.0,19600000.0,120100000.0,38300000.0,4.67,72100000.0
73,EFX,MRT,2003-06-30,2003-06-30,2003-06-30,2021-10-21,-317500000.0,1610500000.0,1550400000.0,303800000.0,1306700000.0,0.766,2.415,-17500000.0,30800000.0,30800000.0,471900000.0,174600000.0,1.392,3.943,915600000.0,23700000.0,891900000.0,915600000.0,10600000.0,88300000.0,0.0,0.003,0.08,340500000.0,428800000.0,0.361,428800000.0,340500000.0,296900000.0,1.28,1.27,1.28,325800000.0,266525000.0,325800000.0,4576900862.0,13.0,10.674,242000000.0,1.794,1.0,715000000.0,0.602,974400000.0,43600000.0,1302600000.0,1138400000.0,0.0,0.0,0.0,0.0,1284700000.0,218300000.0,1066400000.0,3665900862.0,1800000.0,-239400000.0,-40600000.0,95700000.0,-11300000.0,44200000.0,-301700000.0,-100000.0,259500000.0,1700000.0,174600000.0,174600000.0,174600000.0,21700000.0,0.0,0.147,363400000.0,351600000.0,12500000.0,0.062,11.252,20.996,20.312,48500000.0,0.0,26.0,3.089,2.955,213400000.0,1005400000.0,1186900000.0,1186900000.0,0.0,0.113,0.655,0.299,0.287,6600000.0,275100000.0,1.0,140996187.0,134900000,137000000.0,8.798,636100000.0,21400000.0,122300000.0,31700000.0,4.715,85500000.0
74,EFX,MRT,2003-03-31,2003-03-31,2003-03-31,2021-10-21,-350400000.0,1555600000.0,1510775000.0,291800000.0,1263800000.0,0.753,1.883,-15400000.0,25800000.0,25800000.0,438900000.0,180100000.0,0.669,5.103,936800000.0,243000000.0,693800000.0,936800000.0,10900000.0,83600000.0,0.0,0.004,0.08,346500000.0,430100000.0,0.378,430100000.0,346500000.0,303600000.0,1.32,1.3,1.32,254900000.0,255900000.0,254900000.0,3712513778.0,11.0,8.632,224800000.0,1.66,1.0,699000000.0,0.614,938600000.0,42900000.0,1091900000.0,1067275000.0,0.0,0.0,0.0,0.0,1300700000.0,436100000.0,864600000.0,2818513778.0,-4700000.0,-272700000.0,-55300000.0,159900000.0,-11400000.0,94200000.0,-335600000.0,-100000.0,240200000.0,-1700000.0,180100000.0,180100000.0,180100000.0,14700000.0,0.0,0.158,345100000.0,353900000.0,14200000.0,0.061,11.057,15.65,15.144,49700000.0,0.0,19.99,2.477,2.379,212400000.0,966300000.0,1137900000.0,1137900000.0,0.0,0.119,0.704,0.325,0.305,6600000.0,261500000.0,1.0,140996187.0,135400000,136800000.0,8.404,617000000.0,20500000.0,123500000.0,29700000.0,4.557,-144300000.0
75,EFX,MRT,2002-12-31,2002-12-31,2002-12-31,2021-10-21,-359400000.0,1506900000.0,1475600000.0,285600000.0,1221300000.0,0.742,1.623,-12500000.0,30500000.0,30500000.0,416400000.0,178000000.0,0.667,5.819,924500000.0,233900000.0,690600000.0,924500000.0,11700000.0,79700000.0,0.0,0.003,0.08,343600000.0,423300000.0,0.386,423300000.0,343600000.0,302400000.0,1.31,1.28,1.31,221000000.0,261275000.0,221000000.0,4156919759.0,12.0,9.82,237100000.0,1.741,1.0,678900000.0,0.62,915900000.0,41200000.0,1057100000.0,1086575000.0,0.0,0.0,0.0,0.0,1285900000.0,427900000.0,858000000.0,3292019759.0,-3600000.0,-285100000.0,-45600000.0,148700000.0,-11400000.0,92600000.0,-340600000.0,-100000.0,249600000.0,-2800000.0,178000000.0,178000000.0,178000000.0,13700000.0,0.0,0.163,326400000.0,352500000.0,16500000.0,0.061,14.896,18.494,17.664,50600000.0,0.0,23.14,3.006,2.877,200600000.0,925400000.0,1095300000.0,1095300000.0,0.0,0.121,0.681,0.316,0.314,6600000.0,246700000.0,1.0,142265331.0,136200000,138500000.0,8.042,591000000.0,20900000.0,124400000.0,25900000.0,4.339,-142300000.0
76,EFX,MRT,2002-09-30,2002-09-30,2002-09-30,2021-10-21,-259300000.0,1528600000.0,1454525000.0,311400000.0,1217200000.0,0.755,1.946,-12200000.0,30100000.0,30100000.0,400500000.0,137112000.0,0.715,4.781,895000000.0,244400000.0,650600000.0,895000000.0,12800000.0,84400000.0,0.0,0.004,0.08,275960000.0,360360000.0,0.328,360360000.0,275960000.0,234650000.0,1.02,0.98,1.02,264400000.0,266900000.0,264400000.0,3901601796.0,14.0,10.827,227900000.0,1.677,1.0,698054000.0,0.635,856000000.0,41310000.0,1102000000.0,1108700000.0,0.0,0.0,0.0,0.0,1264200000.0,435500000.0,828700000.0,3126001796.0,3400000.0,-179500000.0,-68400000.0,102000000.0,-11500000.0,23000000.0,-249900000.0,-25200000.0,240100000.0,-6200000.0,137112000.0,137112000.0,137112000.0,11488000.0,0.0,0.125,414708000.0,283346000.0,10300000.0,0.078,11.823,22.799,21.314,45700000.0,0.0,21.74,2.846,2.689,214600000.0,878300000.0,1098554000.0,1098554000.0,0.0,0.094,0.514,0.249,0.251,4500000.0,188908000.0,1.0,143790331.0,135900000,137600000.0,8.084,672600000.0,25200000.0,97538000.0,94000000.0,4.949,-124100000.0
77,EFX,MRT,2002-06-30,2002-06-30,2002-06-30,2021-10-21,-224100000.0,1452000000.0,1434728250.0,332500000.0,1119500000.0,0.761,2.068,-11200000.0,28200000.0,28200000.0,400400000.0,134012000.0,0.768,4.125,803800000.0,256400000.0,547400000.0,803800000.0,13900000.0,91900000.0,0.0,0.003,0.08,270460000.0,362360000.0,0.332,362360000.0,270460000.0,227250000.0,0.99,0.96,0.99,283300000.0,266721250.0,283300000.0,4633378395.0,17.0,12.787,241800000.0,1.765,1.0,690854000.0,0.633,776600000.0,43210000.0,1018100000.0,1137563500.0,0.0,0.0,0.0,0.0,1168700000.0,432900000.0,735800000.0,3909178395.0,-7200000.0,-89400000.0,-44500000.0,-293400000.0,-11600000.0,-348500000.0,-143800000.0,-25200000.0,253000000.0,-5300000.0,134012000.0,134012000.0,134012000.0,688000.0,0.0,0.123,416708000.0,274146000.0,10900000.0,0.081,13.799,29.17,27.273,45300000.0,0.0,27.0,3.582,3.39,236300000.0,842200000.0,1091254000.0,1091254000.0,0.0,0.093,0.502,0.238,0.248,4500000.0,184408000.0,1.0,144784385.0,137000000,139800000.0,7.965,675400000.0,25600000.0,93238000.0,92100000.0,4.93,-100400000.0
78,EFX,MRT,2002-03-31,2002-03-31,2002-03-31,2021-10-21,-206300000.0,1414900000.0,1577032750.0,337200000.0,1077700000.0,0.706,2.026,-11100000.0,29600000.0,29600000.0,413600000.0,116112000.0,1.419,4.119,753800000.0,54400000.0,699400000.0,753800000.0,16300000.0,98700000.0,0.0,0.005,0.152,250360000.0,349060000.0,0.314,349060000.0,250360000.0,205450000.0,0.86,0.83,0.86,276400000.0,316608250.0,276400000.0,5022429122.0,20.0,14.388,251800000.0,1.846,1.0,699154000.0,0.628,732400000.0,44910000.0,1169100000.0,1382750750.0,0.0,0.0,0.0,0.0,1138500000.0,237600000.0,900900000.0,4300029122.0,4200000.0,-37000000.0,-17300000.0,-286800000.0,-22000000.0,-324500000.0,-93700000.0,-25200000.0,262900000.0,-5200000.0,116112000.0,116112000.0,116112000.0,9088000.0,0.0,0.104,436408000.0,262746000.0,10100000.0,0.177,15.557,37.033,34.767,49800000.0,0.0,29.9,3.864,3.665,255700000.0,797600000.0,1112754000.0,1112754000.0,0.0,0.074,0.367,0.181,0.225,4500000.0,197308000.0,1.0,143813683.0,136400000,139300000.0,8.158,682500000.0,26100000.0,89338000.0,106700000.0,5.004,99600000.0
79,EFX,MRT,2001-12-31,2001-12-31,2001-12-31,2021-10-21,-197200000.0,1422600000.0,1730470000.0,358000000.0,1064600000.0,0.658,1.78,-13000000.0,33200000.0,33200000.0,451000000.0,122500000.0,1.298,4.842,755600000.0,62000000.0,693600000.0,755600000.0,17200000.0,106200000.0,0.0,0.009,0.225,255600000.0,361800000.0,0.318,361800000.0,255600000.0,207800000.0,0.9,0.88,0.9,243500000.0,344629750.0,243500000.0,4247112259.0,17.0,11.739,242100000.0,1.77,1.0,688000000.0,0.604,723500000.0,47800000.0,1145600000.0,1518675250.0,0.0,0.0,0.0,0.0,1179100000.0,275900000.0,903200000.0,3498784259.0,-26400000.0,-41200000.0,-5900000.0,-289600000.0,-32300000.0,-325500000.0,-106500000.0,-25200000.0,255100000.0,-5600000.0,122500000.0,122500000.0,122500000.0,-5200000.0,0.0,0.108,434200000.0,253800000.0,13200000.0,0.25,14.369,28.562,26.833,55200000.0,0.0,24.15,3.072,2.901,266200000.0,758800000.0,1139000000.0,1139000000.0,0.0,0.071,0.355,0.168,0.224,4500000.0,267600000.0,1.0,144877195.0,136800000,139000000.0,8.326,699100000.0,26400000.0,85300000.0,88600000.0,5.11,82100000.0
80,EFX,MRT,2001-09-30,2001-09-30,2001-09-30,2021-10-21,-197168000.0,1449413000.0,1848095000.0,364379000.0,1085034000.0,0.618,1.919,-22527000.0,26683000.0,26683000.0,421955000.0,181777000.0,1.426,4.497,775011000.0,59084000.0,715927000.0,775011000.0,22247000.0,105586000.0,0.0,0.014,0.297,342235000.0,447821000.0,0.392,447821000.0,342235000.0,292376000.0,1.34,1.32,1.34,263685000.0,379654750.0,263685000.0,4201209546.0,12.0,9.381,223723000.0,1.628,1.0,721039000.0,0.631,724792000.0,49859000.0,1217454000.0,1694175250.0,0.0,0.0,0.0,0.0,1185728000.0,255495000.0,930233000.0,3151617546.0,-65636000.0,61176000.0,29587000.0,-437619000.0,-42500000.0,-447881000.0,3087000.0,-10200000.0,246250000.0,-5467000.0,181777000.0,181777000.0,181777000.0,-31384000.0,0.0,0.159,405053000.0,315986000.0,15814000.0,0.222,11.952,17.338,16.343,57145000.0,0.0,21.9,2.757,2.633,284587000.0,755532000.0,1142994000.0,1142994000.0,0.0,0.098,0.479,0.202,0.299,5600000.0,239253000.0,1.0,143909477.0,137400000,140200000.0,8.319,724621000.0,16846000.0,110599000.0,92837000.0,5.274,108884000.0
81,EFX,MRT,2001-06-30,2001-06-30,2001-06-30,2021-10-21,-182119000.0,2021218000.0,2001620750.0,389934000.0,1631284000.0,0.503,3.537,-25015000.0,35339000.0,35339000.0,333516000.0,210295000.0,1.202,3.186,1084931000.0,103374000.0,981557000.0,1084931000.0,24011000.0,107186000.0,0.0,0.01,0.37,363782000.0,470968000.0,0.468,470968000.0,363782000.0,314787000.0,1.55,1.54,1.55,482848000.0,390417250.0,482848000.0,6241204053.0,17.0,13.252,201944000.0,1.479,1.0,673763000.0,0.669,747629000.0,48995000.0,1998849000.0,1833609750.0,0.0,0.0,0.0,0.0,1538370000.0,324332000.0,1214038000.0,5252072053.0,-47049000.0,62851000.0,34388000.0,-144130000.0,-52696000.0,-159251000.0,-14215000.0,-10200000.0,226959000.0,-4979000.0,210295000.0,210295000.0,210295000.0,-71017000.0,0.0,0.209,378524000.0,295239000.0,20404000.0,0.239,10.877,24.975,23.665,59111000.0,0.0,36.68,5.214,4.971,298134000.0,953554000.0,1007279000.0,1007279000.0,0.0,0.105,0.539,0.198,0.361,5600000.0,239724000.0,1.0,143186261.0,136500000,138400000.0,7.379,1273589000.0,24743000.0,104492000.0,87642000.0,9.33,65602000.0
82,EFX,MRT,2001-03-31,2001-03-31,2001-03-31,2021-10-21,-242191000.0,2028649000.0,2015926500.0,581592000.0,1447057000.0,0.508,2.857,-23242000.0,50158000.0,50158000.0,360476000.0,233873000.0,1.45,4.222,1039290000.0,60233000.0,979057000.0,1039290000.0,28027000.0,97770000.0,0.0,0.012,0.37,388443000.0,486213000.0,0.475,486213000.0,388443000.0,336117000.0,1.73,1.72,1.73,388486000.0,336036000.0,388486000.0,5431501250.0,14.0,11.171,140067000.0,1.03,1.0,662843000.0,0.648,903919000.0,52326000.0,1712798000.0,1775042500.0,0.0,0.0,0.0,0.0,1640163000.0,401064000.0,1239099000.0,4472736250.0,-49546000.0,-179049000.0,24031000.0,57282000.0,-52457000.0,32338000.0,-245504000.0,-10200000.0,163309000.0,-6589000.0,233873000.0,233873000.0,233873000.0,-100900000.0,0.0,0.229,372410000.0,290433000.0,118049000.0,0.214,11.513,19.125,18.064,94212000.0,0.0,31.25,4.371,4.153,464580000.0,937339000.0,1023319000.0,1023319000.0,0.0,0.116,0.696,0.219,0.38,5600000.0,259810000.0,1.0,143127560.0,136000000,137600000.0,7.524,1124730000.0,23172000.0,102244000.0,116214000.0,8.27,180528000.0
83,EFX,MRT,2000-12-31,2000-12-31,2000-12-31,2021-10-21,-206100000.0,1893100000.0,1967937000.0,403800000.0,1489300000.0,0.604,2.854,-26000000.0,59600000.0,59600000.0,513200000.0,228000000.0,1.512,3.935,1047600000.0,54200000.0,993400000.0,1047600000.0,32900000.0,106200000.0,0.0,0.013,0.37,392100000.0,498300000.0,0.419,498300000.0,392100000.0,336300000.0,1.7,1.68,1.7,383600000.0,301591000.0,383600000.0,5157892383.0,13.0,10.351,166800000.0,1.241,1.0,676000000.0,0.568,766400000.0,55800000.0,1847600000.0,1706563750.0,0.0,0.0,0.0,0.0,1509500000.0,267100000.0,1242400000.0,4063253383.0,-43400000.0,-189200000.0,16700000.0,48700000.0,-52300000.0,16400000.0,-263000000.0,-10200000.0,192800000.0,-5300000.0,228000000.0,228000000.0,228000000.0,-86900000.0,0.0,0.192,367400000.0,308600000.0,16800000.0,0.218,10.592,17.821,16.876,66000000.0,0.0,28.69,3.417,3.242,292200000.0,902500000.0,1189200000.0,1189200000.0,0.0,0.116,0.756,0.23,0.33,5600000.0,261200000.0,1.0,141626120.0,134400000,136000000.0,8.848,1126700000.0,18400000.0,108300000.0,96500000.0,8.383,136700000.0
84,EFX,MRT,2000-09-30,2000-09-30,2000-09-30,2021-10-21,-196687000.0,2063516000.0,1954607250.0,625694000.0,1437822000.0,0.352,2.287,-19514000.0,123811000.0,123811000.0,241031000.0,221418000.0,1.476,5.727,1218450000.0,73425000.0,1145025000.0,1218450000.0,14498000.0,77008000.0,0.0,0.014,0.37,328475000.0,405483000.0,0.59,405483000.0,328475000.0,288900000.0,1.64,1.63,1.64,306735000.0,259597250.0,306735000.0,4927889399.0,15.0,12.153,22913000.0,0.171,1.0,446520000.0,0.649,958955000.0,39575000.0,1775192000.0,1605091750.0,0.0,0.0,0.0,0.0,1756781000.0,424008000.0,1332773000.0,3804808399.0,-21956000.0,-323374000.0,-41465000.0,248669000.0,-52283000.0,158390000.0,-353921000.0,0.0,42427000.0,-777000.0,221418000.0,221418000.0,221418000.0,-128916000.0,0.0,0.322,238465000.0,208055000.0,121532000.0,0.226,12.404,17.184,16.427,107779000.0,0.0,26.94,5.534,5.255,408621000.0,847249000.0,687551000.0,687551000.0,0.0,0.113,0.853,0.205,0.478,2000000.0,238465000.0,1.0,141232680.0,134121000,135540000.0,5.126,1104561000.0,25681000.0,67482000.0,100585000.0,8.236,201686000.0
85,EFX,MRT,2000-06-30,2000-06-30,2000-06-30,2021-10-21,-181913000.0,2078441000.0,1866836750.0,627746000.0,1450695000.0,0.528,1.979,-17768000.0,111736000.0,111736000.0,468496000.0,215198000.0,1.343,6.834,1234817000.0,76581000.0,1158236000.0,1234817000.0,17280000.0,81619000.0,0.0,0.014,0.367,344606000.0,426225000.0,0.433,426225000.0,344606000.0,301327000.0,1.59,1.57,1.59,265323000.0,232425750.0,265323000.0,4588298428.0,13.0,10.765,72518000.0,0.541,1.0,516735000.0,0.524,969651000.0,43279000.0,1764580000.0,1511022750.0,0.0,0.0,0.0,0.0,1813118000.0,467291000.0,1345827000.0,3705300428.0,-47177000.0,-323174000.0,-115924000.0,264368000.0,-52102000.0,99814000.0,-360000000.0,0.0,90286000.0,-1340000.0,215198000.0,215198000.0,215198000.0,-89283000.0,0.0,0.218,256264000.0,260471000.0,154418000.0,0.231,13.965,17.218,16.509,110298000.0,0.0,26.25,3.761,3.573,421796000.0,796028000.0,985231000.0,985231000.0,0.0,0.115,0.926,0.228,0.35,2000000.0,256264000.0,1.0,141154302.0,134089000,135777000.0,7.348,1108790000.0,26459000.0,86129000.0,88490000.0,8.269,160455000.0
86,EFX,MRT,2000-03-31,2000-03-31,2000-03-31,2021-10-21,-154164000.0,1836691000.0,1781652500.0,581869000.0,1254822000.0,0.63,1.872,-26313000.0,108542000.0,108542000.0,580366000.0,214226000.0,1.187,6.326,991540000.0,78198000.0,913342000.0,991540000.0,19948000.0,95155000.0,0.0,0.014,0.365,357265000.0,452420000.0,0.403,452420000.0,357265000.0,313826000.0,1.57,1.55,1.57,250706000.0,222278250.0,250706000.0,4416753666.0,12.0,9.763,152289000.0,1.137,1.0,541911000.0,0.483,790799000.0,43439000.0,1438883000.0,1418655000.0,0.0,0.0,0.0,0.0,1585985000.0,490007000.0,1095978000.0,3571270666.0,-19715000.0,-50798000.0,-147155000.0,18408000.0,-52004000.0,-177627000.0,-113957000.0,0.0,178602000.0,-1533000.0,214226000.0,214226000.0,214226000.0,-68200000.0,0.0,0.191,255954000.0,285957000.0,177302000.0,0.232,14.245,16.671,16.083,106059000.0,0.0,25.25,3.182,3.013,390110000.0,756011000.0,1122277000.0,1122277000.0,0.0,0.12,0.964,0.252,0.318,2000000.0,255954000.0,1.0,141436462.0,133917000,135150000.0,8.38,1045892000.0,27237000.0,99600000.0,96674000.0,7.81,91862000.0
87,EFX,MRT,1999-12-31,1999-12-31,1999-12-31,2021-10-21,-161982000.0,1839781000.0,1755645750.0,609433000.0,1230348000.0,0.622,1.568,-29600000.0,136596000.0,136596000.0,559900000.0,215900000.0,1.207,7.532,1013574000.0,79866000.0,933708000.0,1013574000.0,22547000.0,89600000.0,0.0,0.015,0.362,358000000.0,447600000.0,0.41,447600000.0,358000000.0,315800000.0,1.57,1.55,1.57,215625000.0,215064500.0,215625000.0,4163582399.0,12.0,9.302,159000000.0,1.156,1.0,532800000.0,0.488,770252000.0,42200000.0,1441712000.0,1411473750.0,0.0,0.0,0.0,0.0,1624156000.0,504795000.0,1119361000.0,3318099399.0,35200000.0,-16100000.0,-203200000.0,97900000.0,-52000000.0,-154200000.0,-86800000.0,0.0,188600000.0,-7200000.0,215900000.0,215900000.0,215900000.0,-68200000.0,0.0,0.198,246500000.0,286300000.0,177427000.0,0.231,15.388,15.369,14.943,115490000.0,0.0,23.46,3.037,2.952,390682000.0,726827000.0,1092700000.0,1092700000.0,0.0,0.123,1.004,0.254,0.328,2000000.0,246500000.0,1.0,141436462.0,137500000,139600000.0,7.947,1069529000.0,28015000.0,99900000.0,85137000.0,7.778,104638000.0
88,EFX,MRT,1999-09-30,1999-09-30,1999-09-30,2021-10-21,-172512000.0,1712434000.0,1752899250.0,538697000.0,1173737000.0,1.003,1.443,-32754000.0,137109000.0,137109000.0,1020938000.0,198642000.0,1.351,7.647,982592000.0,43604000.0,938988000.0,982592000.0,24970000.0,124588000.0,0.0,0.013,0.36,400358000.0,524946000.0,0.299,524946000.0,400358000.0,340064000.0,1.44,1.41,1.44,198049000.0,252774750.0,198049000.0,4841109807.0,12.0,9.222,315717000.0,2.3,1.0,736523000.0,0.419,760139000.0,60294000.0,1398916000.0,1386730000.0,0.0,0.0,0.0,0.0,1514385000.0,398862000.0,1115523000.0,4010745807.0,51174000.0,18190000.0,-220336000.0,84578000.0,-52107000.0,-184537000.0,-103134000.0,0.0,348471000.0,-9626000.0,198642000.0,198642000.0,198642000.0,0.0,0.0,0.113,345836000.0,390687000.0,137973000.0,0.25,20.251,20.191,19.375,108562000.0,0.0,27.9,2.282,2.179,328965000.0,678099000.0,1757461000.0,1757461000.0,0.0,0.113,0.786,0.289,0.228,8085000.0,345836000.0,1.0,143754330.0,137268000,139303000.0,12.803,952295000.0,24122000.0,141422000.0,60989000.0,6.937,139835000.0
89,EFX,MRT,1999-06-30,1999-06-30,1999-06-30,2021-10-21,-160495000.0,1737704000.0,1782460000.0,562322000.0,1175382000.0,0.975,1.627,-39065000.0,152343000.0,152343000.0,1015321000.0,194073000.0,1.407,6.732,982707000.0,41118000.0,941589000.0,982707000.0,27445000.0,118319000.0,0.0,0.01,0.358,390111000.0,508430000.0,0.292,508430000.0,390111000.0,332238000.0,1.4,1.36,1.4,224733000.0,302928750.0,224733000.0,5963462531.0,15.0,11.729,302750000.0,2.192,1.0,723189000.0,0.416,773249000.0,57873000.0,1395109000.0,1363180250.0,0.0,0.0,0.0,0.0,1512971000.0,399710000.0,1113261000.0,5097477531.0,10646000.0,-382939000.0,-181712000.0,415609000.0,-52174000.0,185687000.0,-506305000.0,0.0,341815000.0,-10551000.0,194073000.0,194073000.0,194073000.0,0.0,0.0,0.112,345024000.0,378165000.0,132273000.0,0.256,22.682,26.266,25.207,113892000.0,0.0,35.29,2.932,2.803,331772000.0,632916000.0,1738510000.0,1738510000.0,0.0,0.109,0.641,0.286,0.224,8085000.0,345024000.0,1.0,144445382.0,138107000,140528000.0,12.588,964455000.0,24823000.0,138165000.0,56407000.0,6.983,162612000.0
90,EFX,MRT,1999-03-31,1999-03-31,1999-03-31,2021-10-21,-153639000.0,1732664000.0,1704547000.0,543960000.0,1188704000.0,0.991,1.595,-43908000.0,117478000.0,117478000.0,982044000.0,192599000.0,1.341,6.81,983463000.0,44580000.0,938883000.0,983463000.0,29921000.0,111296000.0,0.0,0.01,0.355,377523000.0,488819000.0,0.289,488819000.0,377523000.0,326719000.0,1.38,1.34,1.38,221851000.0,337069750.0,221851000.0,5744918319.0,15.0,11.753,257484000.0,1.851,1.0,707344000.0,0.419,782992000.0,50804000.0,1410158000.0,1252252500.0,0.0,0.0,0.0,0.0,1510813000.0,405499000.0,1105314000.0,4918662319.0,41408000.0,-463657000.0,-149922000.0,535630000.0,-52157000.0,337291000.0,-589626000.0,0.0,301392000.0,-7649000.0,192599000.0,192599000.0,192599000.0,0.0,0.0,0.114,333876000.0,373468000.0,123614000.0,0.257,22.171,25.538,24.572,114984000.0,0.0,33.91,2.912,2.793,349806000.0,593773000.0,1689388000.0,1689388000.0,0.0,0.113,0.571,0.301,0.223,8085000.0,333876000.0,1.0,145050496.0,139127000,141656000.0,12.143,949672000.0,25523000.0,134120000.0,70669000.0,6.826,138461000.0
91,EFX,MRT,1998-12-31,1998-12-31,1998-12-31,2021-10-21,-35063000.0,1828795000.0,1582113250.0,520365000.0,1308430000.0,1.025,2.592,-44921000.0,90617000.0,90617000.0,943833000.0,193433000.0,1.241,3.99,916873000.0,47387000.0,869486000.0,916873000.0,32465000.0,103825000.0,0.0,0.01,0.353,369946000.0,473771000.0,0.292,473771000.0,369946000.0,327245000.0,1.37,1.34,1.37,366466000.0,363159500.0,366466000.0,5854662322.0,16.0,12.358,252292000.0,1.784,1.0,677145000.0,0.418,893135000.0,42701000.0,1342737000.0,1087132500.0,0.0,0.0,0.0,0.0,1462329000.0,419179000.0,1043150000.0,5041191322.0,38366000.0,-488341000.0,-149552000.0,549364000.0,-52063000.0,351368000.0,-607673000.0,0.0,297213000.0,-2542000.0,193433000.0,193433000.0,193433000.0,0.0,0.0,0.119,311493000.0,365652000.0,107346000.0,0.258,13.756,26.062,24.956,119338000.0,0.0,34.19,3.11,2.982,353105000.0,562911000.0,1620978000.0,1620978000.0,0.0,0.122,0.533,0.34,0.228,8085000.0,311493000.0,1.0,147446368.0,141397000,144403000.0,11.464,935660000.0,26223000.0,133812000.0,59650000.0,6.617,101186000.0
92,EFX,MRT,1998-09-30,1998-09-30,1998-09-30,2021-10-21,-23821000.0,1830677000.0,1419190500.0,518207000.0,1312470000.0,1.084,2.812,-44226000.0,85935000.0,85935000.0,871151000.0,184213000.0,1.23,3.592,899406000.0,50367000.0,849039000.0,899406000.0,34999000.0,93204000.0,0.0,0.01,0.35,344576000.0,437780000.0,0.284,437780000.0,344576000.0,310839000.0,1.3,1.27,1.3,398665000.0,358892250.0,398665000.0,5706539094.0,17.0,13.035,242714000.0,1.712,1.0,667794000.0,0.434,918195000.0,33737000.0,1304717000.0,921653250.0,0.0,0.0,0.0,0.0,1432012000.0,421236000.0,1010776000.0,5281510094.0,27864000.0,-533864000.0,-135338000.0,586817000.0,-51970000.0,411478000.0,-650117000.0,0.0,286940000.0,-3037000.0,184213000.0,184213000.0,184213000.0,0.0,0.0,0.12,325110000.0,342684000.0,106043000.0,0.269,13.248,28.671,27.454,121371000.0,0.0,35.69,3.432,3.288,330541000.0,531564000.0,1538945000.0,1538945000.0,0.0,0.13,0.513,0.374,0.224,0.0,300110000.0,1.0,147982911.0,141794000,144863000.0,10.853,912482000.0,34670000.0,126626000.0,24680000.0,6.435,96971000.0
93,EFX,MRT,1998-06-30,1998-06-30,1998-06-30,2021-10-21,-24880000.0,1426052000.0,,551122000.0,874930000.0,,2.556,-39713000.0,141697000.0,141697000.0,825628000.0,177924000.0,1.567,2.947,566726000.0,10753000.0,555973000.0,566726000.0,37510000.0,85901000.0,0.0,0.01,0.35,325771000.0,411672000.0,0.282,411672000.0,325771000.0,299524000.0,1.25,1.22,1.25,361297000.0,349162750.0,361297000.0,5727767511.0,18.0,13.913,192110000.0,1.359,1.0,631989000.0,0.434,547908000.0,26247000.0,951398000.0,,0.0,0.0,0.0,0.0,1064755000.0,351775000.0,712980000.0,5369853511.0,79782000.0,-142164000.0,-129237000.0,164526000.0,-52191000.0,-5835000.0,-232583000.0,0.0,231823000.0,-885000.0,177924000.0,177924000.0,177924000.0,0.0,0.0,0.122,306215000.0,325774000.0,121345000.0,0.28,14.863,30.181,29.048,109600000.0,0.0,36.31,3.684,3.521,317131000.0,491017000.0,1457617000.0,1457617000.0,0.0,,0.51,,0.223,0.0,281215000.0,1.0,147889108.0,141365000,144430000.0,10.311,878144000.0,36187000.0,121600000.0,12186000.0,6.212,199347000.0
94,EFX,MRT,1998-03-31,1998-03-31,1998-03-31,2021-10-21,-20266000.0,1242929000.0,,434539000.0,808390000.0,,2.302,-33416000.0,76070000.0,76070000.0,798203000.0,183755000.0,1.297,2.81,433984000.0,5781000.0,428203000.0,433984000.0,40244000.0,81660000.0,0.0,0.01,0.35,348767000.0,430427000.0,0.306,430427000.0,348767000.0,325407000.0,1.28,1.25,1.28,326210000.0,375044000.0,326210000.0,5696884032.0,16.0,13.235,184353000.0,1.301,1.0,608916000.0,0.433,516128000.0,23360000.0,749678000.0,,0.0,0.0,0.0,0.0,916719000.0,335037000.0,581682000.0,5396850032.0,32136000.0,-7251000.0,-168286000.0,26884000.0,-52445000.0,-153436000.0,-93000000.0,0.0,217769000.0,-843000.0,183755000.0,183755000.0,183755000.0,4727000.0,0.0,0.131,297561000.0,311355000.0,91770000.0,0.273,16.544,29.37,28.516,98116000.0,0.0,36.5,3.835,3.676,274672000.0,453331000.0,1407119000.0,1407119000.0,0.0,,0.49,,0.248,0.0,272561000.0,1.0,147858905.0,141704000,144812000.0,9.93,726801000.0,37704000.0,141652000.0,28788000.0,5.129,99502000.0
95,EFX,MRT,1997-12-31,1997-12-31,1997-12-31,2021-10-21,-20076000.0,1177104000.0,1192311000.0,400932000.0,776172000.0,1.146,2.422,-34587000.0,52251000.0,52251000.0,778936000.0,183737000.0,1.224,2.369,352285000.0,12984000.0,339301000.0,352285000.0,42848000.0,77069000.0,0.0,0.01,0.345,342147000.0,419216000.0,0.307,419216000.0,342147000.0,321350000.0,1.27,1.24,1.27,349397000.0,407489750.0,349397000.0,5567212572.0,16.0,13.28,175498000.0,1.217,1.0,587151000.0,0.43,468709000.0,20797000.0,680820000.0,738591500.0,0.0,0.0,0.0,0.0,827707000.0,327609000.0,500098000.0,5322146572.0,4091000.0,-34471000.0,-110742000.0,-16741000.0,-52030000.0,-168428000.0,-120510000.0,0.0,210085000.0,196000.0,183737000.0,183737000.0,183737000.0,-1449000.0,0.0,0.134,288243000.0,298908000.0,94682000.0,0.272,15.232,28.966,27.906,94734000.0,0.0,35.44,3.896,3.742,270665000.0,421541000.0,1366087000.0,1366087000.0,0.0,0.154,0.451,0.463,0.25,0.0,263243000.0,1.0,150173436.0,144233000,147818000.0,9.471,708395000.0,39221000.0,137613000.0,13827000.0,4.911,73323000.0
96,EFX,MRT,1997-09-30,1997-09-30,1997-09-30,2021-10-21,-9728000.0,,,,,,2.494,-29107000.0,,,764319000.0,202258000.0,,2.109,294952000.0,21408000.0,273544000.0,294952000.0,45737000.0,73637000.0,0.0,0.011,0.34,374115000.0,447752000.0,0.336,447752000.0,374115000.0,354069000.0,1.4,,1.4,359747000.0,426378000.0,359747000.0,5083446950.0,14.0,11.353,148499000.0,1.03,1.0,566932000.0,0.426,,20046000.0,,,,,,,758542000.0,326002000.0,432540000.0,4743899950.0,6394000.0,22895000.0,-59318000.0,-130900000.0,-51259000.0,-231867000.0,-49544000.0,0.0,177606000.0,80000.0,202258000.0,202258000.0,202258000.0,-7725000.0,0.0,0.152,257428000.0,309504000.0,108071000.0,0.243,13.187,23.455,22.457,,0.0,31.44,3.563,3.406,,394361000.0,1331251000.0,1331251000.0,0.0,,0.474,,0.281,0.0,257428000.0,1.0,150887403.0,144226000,,9.23,,,151811000.0,7489000.0,,
97,EFX,MRT,1997-06-30,1997-06-30,1997-06-30,2021-10-21,-7039000.0,,,,,,3.215,-36782000.0,,,735585000.0,200822000.0,,1.831,389433000.0,6647000.0,382786000.0,389433000.0,48146000.0,71010000.0,0.0,0.009,0.335,365206000.0,436216000.0,0.338,436216000.0,365206000.0,346198000.0,1.39,,1.39,464822000.0,,464822000.0,6001240390.0,16.0,13.757,158357000.0,1.095,1.0,554292000.0,0.43,,19008000.0,,,,,,,851045000.0,312601000.0,538444000.0,5643015390.0,12086000.0,7011000.0,-58540000.0,66823000.0,-50053000.0,-31770000.0,-88004000.0,0.0,195139000.0,-38000.0,200822000.0,200822000.0,200822000.0,-14988000.0,0.0,0.156,260225000.0,294067000.0,76981000.0,0.241,12.14,28.1,26.755,,0.0,37.19,4.375,4.168,,471790000.0,1289877000.0,1289877000.0,0.0,,,,0.283,0.0,260225000.0,1.0,151734751.0,144575000,,8.922,,,145376000.0,24976000.0,,
98,EFX,MRT,1997-03-31,1997-03-31,1997-03-31,2021-10-21,-9059000.0,,,,,,3.141,-39430000.0,,,609501000.0,185489000.0,,2.0,408111000.0,76349000.0,331762000.0,408111000.0,40555000.0,65970000.0,0.0,0.012,0.33,312231000.0,378201000.0,0.34,378201000.0,312231000.0,296562000.0,1.28,,1.28,455993000.0,,455993000.0,4437499960.0,14.0,11.733,161795000.0,1.114,1.0,502348000.0,0.452,,15669000.0,,,,,,,912032000.0,384923000.0,527109000.0,4120903960.0,-198000.0,-76210000.0,-57963000.0,111586000.0,-49438000.0,-15142000.0,-140355000.0,18356000.0,201225000.0,-110000.0,185489000.0,185489000.0,185489000.0,-30696000.0,0.0,0.167,243137000.0,259211000.0,86715000.0,0.258,9.037,22.216,21.188,,0.0,27.12,3.706,3.541,,428527000.0,1111849000.0,1111849000.0,0.0,,,,0.281,0.0,232824000.0,1.0,151950736.0,145176000,,7.659,,,111073000.0,24362000.0,,
99,EFX,MRT,1996-12-31,1996-12-31,1996-12-31,2021-10-21,-3913000.0,1207518000.0,1130606500.0,345108000.0,862410000.0,1.082,2.92,-38099000.0,48160000.0,48160000.0,697168000.0,177617000.0,1.047,1.842,364505000.0,59563000.0,304942000.0,364505000.0,42964000.0,67475000.0,0.0,0.011,0.33,303508000.0,370983000.0,0.303,370983000.0,303508000.0,287069000.0,1.22,1.19,1.22,424950000.0,389186000.0,424950000.0,,,,232930000.0,1.601,1.0,525630000.0,0.43,397785000.0,16439000.0,796363000.0,733976000.0,0.0,0.0,0.0,0.0,782568000.0,329715000.0,452853000.0,4652731536.0,22669000.0,-34028000.0,-79605000.0,32885000.0,-49704000.0,-86457000.0,-93962000.0,18356000.0,271029000.0,-1023000.0,177617000.0,177617000.0,177617000.0,-24520000.0,0.0,0.145,269042000.0,256588000.0,71801000.0,0.27,10.949,26.195,25.098,86864000.0,0.0,30.62,3.805,3.644,227540000.0,396340000.0,1222798000.0,1222798000.0,0.0,0.157,0.456,0.414,0.248,0.0,258729000.0,1.0,151950736.0,145518000,149207000.0,8.403,809733000.0,33016000.0,109452000.0,18321000.0,5.564,15393000.0
100,EFX,MRT,1996-09-30,1996-09-30,1996-09-30,2021-10-21,,,,,,,,,,,,,,,,,,,,,,0.013,0.33,,,,,,,,,,,,,,,,,,1.0,,,,,,,,,,,,,,,,,,,,,,,,,,,,,,,,,,,,,,,,26.38,,,,,,,,,,,,,,1.0,,144752000,,,,,,,,
101,EFX,MRT,1996-06-30,1996-06-30,1996-06-30,2021-10-21,,,,,,,,,,,,,,,,,,,,,,0.012,0.325,,,,,,,,,,,,,,,,,,1.0,,,,,,,,,,,,,,,,,,,,,,,,,,,,,,,,,,,,,,,,26.25,,,,,,,,,,,,,,1.0,,145923000,,,,,,,,
102,EFX,MRT,1996-03-31,1996-03-31,1996-03-31,2021-10-21,,,,,,,,,,,,,,,,,,,,,,0.016,0.32,,,,,,,,,,,,,,,,,,1.0,,,,,,,,,,,,,,,,,,,,,,,,,,,,,,,,,,,,,,,,20.12,,,,,,,,,,,,,,1.0,,146669000,,,,,,,,
103,EFX,MRT,1995-12-31,1995-12-31,1995-12-31,2021-10-21,-13777000.0,1053695000.0,,366676000.0,687019000.0,,2.335,-26333000.0,26136000.0,26136000.0,651304000.0,147650000.0,1.463,1.981,323049000.0,20384000.0,302665000.0,323049000.0,0.0,63724000.0,0.0,0.015,0.315,253347000.0,317071000.0,0.287,317071000.0,253347000.0,238005000.0,0.98,0.96,0.98,353422000.0,,353422000.0,,,,113375000.0,0.749,1.0,454005000.0,0.411,428399000.0,15342000.0,671589000.0,,0.0,0.0,0.0,0.0,700273000.0,250620000.0,449653000.0,,-51641000.0,-21236000.0,-116072000.0,26677000.0,-50223000.0,-51641000.0,-69681000.0,0.0,139708000.0,1041000.0,147650000.0,147650000.0,147650000.0,-14865000.0,0.0,0.134,222858000.0,231147000.0,62194000.0,0.321,,,21.816,87848000.0,0.0,21.38,,2.928,258335000.0,269986000.0,1105309000.0,1105309000.0,0.0,,,,0.229,0.0,232101000.0,1.0,,151357000,154375000.0,7.303,625296000.0,30594000.0,90355000.0,0.0,4.131,116056000.0
104,EFX,MRT,1994-12-31,1994-12-31,1994-12-31,2021-10-21,,,,,,,,36906000.0,,,905307000.0,120346000.0,,,,,,,,66496000.0,,0.023,0.302,223101000.0,289597000.0,0.204,289597000.0,223101000.0,207477000.0,0.81,,0.81,,,,,,,199511000.0,1.343,1.0,516689000.0,0.363,,15624000.0,,,,,,,,,,,-6195000.0,-159831000.0,-46199000.0,59852000.0,-47161000.0,-29653000.0,-135088000.0,0.0,162605000.0,-4059000.0,120346000.0,120346000.0,120346000.0,0.0,0.0,0.085,302582000.0,214107000.0,,0.373,,,16.284,,0.0,13.19,,1.378,,,1421996000.0,1421996000.0,0.0,,,,0.157,0.0,302582000.0,1.0,,148608000,,9.569,,,87131000.0,,,
