None,ticker,dimension,calendardate,datekey,reportperiod,lastupdated,accoci,assets,assetsavg,assetsc,assetsnc,assetturnover,bvps,capex,cashneq,cashnequsd,cor,consolinc,currentratio,de,debt,debtc,debtnc,debtusd,deferredrev,depamor,deposits,divyield,dps,ebit,ebitda,ebitdamargin,ebitdausd,ebitusd,ebt,eps,epsdil,epsusd,equity,equityavg,equityusd,ev,evebit,evebitda,fcf,fcfps,fxusd,gp,grossmargin,intangibles,intexp,invcap,invcapavg,inventory,investments,investmentsc,investmentsnc,liabilities,liabilitiesc,liabilitiesnc,marketcap,ncf,ncfbus,ncfcommon,ncfdebt,ncfdiv,ncff,ncfi,ncfinv,ncfo,ncfx,netinc,netinccmn,netinccmnusd,netincdis,netincnci,netmargin,opex,opinc,payables,payoutratio,pb,pe,pe1,ppnenet,prefdivis,price,ps,ps1,receivables,retearn,revenue,revenueusd,rnd,roa,roe,roic,ros,sbcomp,sgna,sharefactor,sharesbas,shareswa,shareswadil,sps,tangibles,taxassets,taxexp,taxliabilities,tbvps,workingcapital
0,WCG,MRY,2018-12-31,2018-12-31,2018-12-31,2019-10-30,-8900000.0,11764700000.0,11007250000,6832400000.0,4932300000.0,1.855,90.661,-153500000.0,3888600000.0,3888600000.0,17276700000.0,439800000.0,1.362,1.775,2126400000.0,0.0,2126400000.0,2126400000.0,1400000.0,179700000.0,0.0,0.0,0.0,780300000.0,960000000.0,0.047,960000000.0,780300000.0,692800000.0,9.4,9.29,9.4,4240000000.0,3394175000,4240000000.0,9386579880.0,12.0,9.778,125500000.0,2.683,1.0,3137400000.0,0.154,3223900000.0,87500000.0,1763000000.0,257050000,0.0,1643300000.0,830100000.0,813200000.0,7524700000.0,5015600000.0,2509100000.0,11802579880.0,-546400000.0,-2142900000.0,1318900000.0,935300000.0,0.0,1742600000.0,-2568000000.0,-271600000.0,279000000.0,0.0,439800000.0,439800000.0,439800000.0,0.0,0.0,0.022,1701000000.0,1436400000.0,4320900000.0,0.0,2.784,26.836,25.116,428200000.0,0.0,236.09,0.578,0.541,1871300000.0,2267300000.0,20414100000.0,20414100000.0,0.0,0.04,0.13,3.036,0.038,70800000.0,1701000000.0,1.0,49991867.0,46767626.0,47354536.0,436.501,8540800000.0,0.0,253000000.0,134200000.0,182.622,1816800000.0
1,WCG,MRY,2017-12-31,2017-12-31,2017-12-31,2019-10-30,-2700000.0,8364600000.0,8587200000,5819200000.0,2545400000.0,1.981,54.34,-128400000.0,4409600000.0,4409600000.0,14744800000.0,373700000.0,1.31,2.461,1182400000.0,0.0,1182400000.0,1182400000.0,65900000.0,120400000.0,0.0,0.0,0.0,530100000.0,650500000.0,0.038,650500000.0,530100000.0,461600000.0,8.4,8.31,8.4,2416700000.0,2241525000,2416700000.0,5256430127.0,10.0,8.081,921600000.0,20.722,1.0,2262400000.0,0.133,1028600000.0,68500000.0,-334400000.0,-523000000,0.0,1235700000.0,469500000.0,766200000.0,5947900000.0,4443200000.0,1504700000.0,8953730127.0,141700000.0,-728300000.0,-15200000.0,156100000.0,0.0,828200000.0,-1736500000.0,-879800000.0,1050000000.0,0.0,373700000.0,373700000.0,373700000.0,0.0,0.0,0.022,1484700000.0,777700000.0,3301400000.0,0.0,3.705,23.96,23.942,319500000.0,0.0,201.11,0.526,0.526,815900000.0,1827500000.0,17007200000.0,17007200000.0,0.0,0.044,0.167,-1.014,0.031,59800000.0,1484700000.0,1.0,44521556.0,44474016.0,44967061.0,382.408,7336000000.0,0.0,87900000.0,93400000.0,164.95,1376000000.0
2,WCG,MRY,2016-12-31,2016-12-31,2016-12-31,2019-10-30,-1000000.0,6152800000.0,5890125000,5119600000.0,1033200000.0,2.417,45.201,-105300000.0,3961400000.0,3961400000.0,12089400000.0,242100000.0,1.675,2.076,997600000.0,0.0,997600000.0,997600000.0,3300000.0,87600000.0,0.0,0.0,0.0,588600000.0,676200000.0,0.047,676200000.0,588600000.0,529500000.0,5.47,5.43,5.47,2000100000.0,1894125000,2000100000.0,3190667031.0,5.0,4.719,643000000.0,14.531,1.0,2147700000.0,0.151,466600000.0,59100000.0,-333400000.0,496200000,0.0,415800000.0,124200000.0,291600000.0,4152700000.0,3055800000.0,1096900000.0,6071667031.0,1642500000.0,-68900000.0,-7000000.0,-203100000.0,0.0,833100000.0,61100000.0,235300000.0,748300000.0,0.0,242100000.0,242100000.0,242100000.0,0.0,0.0,0.017,1133100000.0,1014600000.0,2662200000.0,0.0,3.036,25.079,25.06,274500000.0,0.0,137.08,0.426,0.426,815700000.0,1453800000.0,14237100000.0,14237100000.0,0.0,0.041,0.128,1.186,0.041,35500000.0,1133100000.0,1.0,44292873.0,44248778.0,44619589.0,321.751,5686200000.0,0.0,287400000.0,63400000.0,128.505,2063800000.0
3,WCG,MRY,2015-12-31,2015-12-31,2015-12-31,2019-10-30,-2200000.0,5145800000.0,4944475000,4229600000.0,916200000.0,2.809,39.228,-137000000.0,2407000000.0,2407000000.0,11978500000.0,118600000.0,1.733,1.977,1199100000.0,299500000.0,899600000.0,1199100000.0,27700000.0,72600000.0,0.0,0.0,0.0,390300000.0,462900000.0,0.033,462900000.0,390300000.0,336100000.0,2.69,2.67,2.69,1728300000.0,1680175000,1728300000.0,3239058307.0,8.0,6.997,575600000.0,13.065,1.0,1911700000.0,0.138,343200000.0,54200000.0,1153600000.0,1942175000,0.0,532200000.0,204400000.0,327800000.0,3417500000.0,2441100000.0,976400000.0,3449458307.0,1093500000.0,-17200000.0,-7000000.0,308900000.0,0.0,505100000.0,-124200000.0,30000000.0,712600000.0,0.0,118600000.0,118600000.0,118600000.0,0.0,0.0,0.009,1132900000.0,778800000.0,2113900000.0,0.0,1.996,29.085,29.074,244800000.0,0.0,78.21,0.248,0.248,1434000000.0,1211700000.0,13890200000.0,13890200000.0,0.0,0.024,0.071,0.201,0.028,20200000.0,1132900000.0,1.0,44105080.0,44057579.0,44391032.0,315.274,4802600000.0,50600000.0,217500000.0,52600000.0,109.007,1788500000.0
4,WCG,MRY,2014-12-31,2014-12-31,2014-12-31,2019-10-30,-600000.0,4495000000.0,4259125000,3526300000.0,968700000.0,3.043,36.383,-74800000.0,1313500000.0,1313500000.0,11455200000.0,63700000.0,1.822,1.817,900000000.0,0.0,900000000.0,900000000.0,86900000.0,59900000.0,0.0,0.0,0.0,217200000.0,277100000.0,0.021,277100000.0,217200000.0,177800000.0,1.45,1.44,1.45,1595900000.0,1574875000,1595900000.0,2952394439.0,14.0,10.655,224500000.0,5.118,1.0,1504700000.0,0.116,364200000.0,39400000.0,1781600000.0,1363300000,0.0,580400000.0,172800000.0,407600000.0,2899100000.0,1935700000.0,963400000.0,3602894439.0,-169000000.0,48000000.0,-3100000.0,298600000.0,0.0,-392700000.0,-75600000.0,-48800000.0,299300000.0,0.0,63700000.0,63700000.0,63700000.0,0.0,0.0,0.005,1018800000.0,485900000.0,1846900000.0,0.0,2.258,56.56,56.593,187100000.0,0.0,82.06,0.278,0.278,1832400000.0,1093100000.0,12959900000.0,12959900000.0,0.0,0.015,0.04,0.159,0.017,15700000.0,1018800000.0,1.0,43905611.0,43864367.0,44163601.0,295.454,4130800000.0,37100000.0,114100000.0,50300000.0,94.172,1590600000.0
5,WCG,MRY,2013-12-31,2013-12-31,2013-12-31,2019-10-30,-1300000.0,3450700000.0,3164844750,2692700000.0,758000000.0,3.011,34.865,-62000000.0,1482500000.0,1482500000.0,8258600000.0,175300000.0,2.177,1.273,600000000.0,0.0,600000000.0,600000000.0,200000.0,44100000.0,0.0,0.0,0.0,290200000.0,334300000.0,0.035,334300000.0,290200000.0,278300000.0,4.03,3.98,4.03,1517900000.0,1436585750,1517900000.0,2023573032.0,7.0,6.053,116900000.0,2.685,1.0,1269300000.0,0.133,303300000.0,11900000.0,1027800000.0,650692750,0.0,477600000.0,314700000.0,162900000.0,1932800000.0,1237100000.0,695700000.0,3077636032.0,382000000.0,-174100000.0,6200000.0,449800000.0,0.0,493600000.0,-290500000.0,-54400000.0,178900000.0,0.0,175300000.0,175300000.0,175300000.0,0.0,0.0,0.018,976300000.0,293000000.0,1083300000.0,0.0,2.028,17.556,17.474,147400000.0,0.0,70.42,0.323,0.322,749700000.0,1029400000.0,9527900000.0,9527900000.0,0.0,0.055,0.122,0.446,0.03,8900000.0,856500000.0,1.0,43704005.0,43535927.0,44000563.0,218.851,3147400000.0,30800000.0,103000000.0,55400000.0,72.294,1455600000.0
6,WCG,MRY,2012-12-31,2012-12-31,2012-12-31,2019-10-30,-800000.0,2675500000.0,2649836750,2100700000.0,574800000.0,2.796,30.695,-61300000.0,1100500000.0,1100500000.0,6303900000.0,184700000.0,1.887,1.022,135000000.0,15000000.0,120000000.0,135000000.0,100000.0,31600000.0,0.0,0.0,0.0,300500000.0,332100000.0,0.045,332100000.0,300500000.0,296400000.0,4.29,4.22,4.29,1323100000.0,1252303250,1323100000.0,1179866933.0,4.0,3.553,-92000000.0,-2.134,1.0,1105100000.0,0.149,276800000.0,4100000.0,319800000.0,268464750,0.0,384400000.0,220300000.0,164100000.0,1352400000.0,1113400000.0,239000000.0,2103456933.0,-224600000.0,-126600000.0,2900000.0,-14100000.0,0.0,28900000.0,-222800000.0,-34900000.0,-30700000.0,0.0,184700000.0,184700000.0,184700000.0,0.0,0.0,0.025,804600000.0,300500000.0,945400000.0,0.0,1.59,11.389,11.35,131500000.0,0.0,48.69,0.284,0.283,640800000.0,854100000.0,7409000000.0,7409000000.0,0.0,0.07,0.147,1.119,0.041,11100000.0,690800000.0,1.0,43201005.0,43104216.0,43826285.0,171.886,2398700000.0,42800000.0,111700000.0,42100000.0,55.649,987300000.0
7,WCG,MRY,2011-12-31,2011-12-31,2011-12-31,2019-10-30,-1761000.0,2488111000.0,2454902000,2119894000.0,368217000.0,2.488,26.084,-49600000.0,1325098000.0,1325098000.0,4948000000.0,264200000.0,1.887,1.228,146250000.0,11250000.0,135000000.0,146250000.0,164000.0,26400000.0,0.0,0.0,0.0,424900000.0,451300000.0,0.074,451300000.0,424900000.0,418400000.0,6.17,6.1,6.17,1116846000.0,983804000,1116846000.0,719066050.0,2.0,1.593,112400000.0,2.625,1.0,1158800000.0,0.19,121027000.0,6500000.0,65096000.0,-171781500,0.0,342251000.0,198569000.0,143682000.0,1371265000.0,1123140000.0,248125000.0,2246728050.0,-34500000.0,0.0,2600000.0,39300000.0,0.0,-84900000.0,-111600000.0,-62000000.0,162000000.0,0.0,264200000.0,264200000.0,264200000.0,0.0,0.0,0.043,744700000.0,414100000.0,997614000.0,0.0,2.012,8.504,8.509,98238000.0,0.0,52.5,0.368,0.368,490187000.0,669358000.0,6106800000.0,6106800000.0,0.0,0.108,0.269,-2.473,0.07,16700000.0,642100000.0,1.0,42794820.0,42817466.0,43328756.0,142.624,2367084000.0,42987000.0,154200000.0,1026000.0,55.283,996754000.0
8,WCG,MRY,2010-12-31,2010-12-31,2010-12-31,2019-10-30,-2309000.0,2247293000.0,2068446000,1815171000.0,432122000.0,2.63,19.64,-27516000.0,1359548000.0,1359548000.0,4594537000.0,-53400000.0,1.531,1.701,0.0,0.0,0.0,0.0,67383000.0,23946000.0,0.0,0.0,0.0,-72620000.0,-48674000.0,-0.009,-48674000.0,-72620000.0,-72849000.0,-1.26,-1.26,-1.26,832046000.0,818393000,832046000.0,194466588.0,-3.0,-3.995,195541000.0,4.616,1.0,845688000.0,0.155,122559000.0,229000.0,-420515000.0,-223552500,0.0,279288000.0,108788000.0,170500000.0,1415247000.0,1185701000.0,229546000.0,1285481588.0,201417000.0,0.0,-4794000.0,-1011000.0,0.0,38864000.0,-60504000.0,-32988000.0,223057000.0,0.0,-53400000.0,-53400000.0,-53400000.0,0.0,0.0,-0.01,918308000.0,-72620000.0,797879000.0,0.0,1.545,-24.073,-23.984,76825000.0,0.0,30.22,0.236,0.235,160978000.0,405112000.0,5440225000.0,5440225000.0,0.0,-0.026,-0.065,0.325,-0.013,14801000.0,837988000.0,1.0,42537445.0,42365061.0,42365061.0,128.413,2124734000.0,129705000.0,-19449000.0,0.0,50.153,629470000.0
9,WCG,MRY,2009-12-31,2009-12-31,2009-12-31,2019-10-30,-3119000.0,2118447000.0,2129536500,1717465000.0,400982000.0,3.23,20.816,-16078000.0,1158131000.0,1158131000.0,5862457000.0,39871000.0,1.455,1.405,0.0,0.0,0.0,0.0,90496000.0,23336000.0,0.0,0.0,0.0,96107000.0,119443000.0,0.017,119443000.0,96107000.0,93020000.0,0.95,0.95,0.95,880900000.0,834068500,880900000.0,384425757.0,4.0,3.218,41847000.0,0.989,1.0,1015707000.0,0.148,124092000.0,3087000.0,-343846000.0,-297820750,0.0,244982000.0,62722000.0,182260000.0,1237547000.0,1180070000.0,57477000.0,1555643757.0,-23791000.0,0.0,-1246000.0,-152800000.0,0.0,-145355000.0,63639000.0,79717000.0,57925000.0,0.0,39871000.0,39871000.0,39871000.0,0.0,0.0,0.006,919600000.0,96107000.0,845932000.0,0.0,1.766,39.017,38.695,61785000.0,0.0,36.76,0.226,0.226,363659000.0,458512000.0,6878164000.0,6878164000.0,0.0,0.019,0.048,-0.323,0.014,44149000.0,805238000.0,1.0,42318927.0,42318927.0,,162.532,1994355000.0,58528000.0,53149000.0,4888000.0,47.127,537395000.0
10,WCG,MRY,2008-12-31,2008-12-31,2008-12-31,2019-10-30,-3761000.0,2203461000.0,2249794000,1704570000.0,498891000.0,2.899,19.322,-19559000.0,1181922000.0,1181922000.0,5530216000.0,-36833000.0,1.249,1.734,152741000.0,152741000.0,0.0,152741000.0,81197000.0,21324000.0,0.0,0.0,0.0,-41830000.0,-20506000.0,-0.003,-20506000.0,-41830000.0,-53170000.0,-0.89,-0.89,-0.89,805829000.0,820374000,805829000.0,-781807300.0,19.0,38.126,276868000.0,6.639,1.0,991691000.0,0.152,125624000.0,11340000.0,-315900000.0,-378176500,0.0,324423000.0,70112000.0,254311000.0,1397632000.0,1364556000.0,33076000.0,536339700.0,173513000.0,0.0,-1681000.0,-2000000.0,0.0,-31777000.0,-91137000.0,14964000.0,296427000.0,0.0,-36833000.0,-36833000.0,-36833000.0,0.0,0.0,-0.006,1033521000.0,-41830000.0,779417000.0,0.0,0.666,-14.561,-14.449,66588000.0,0.0,12.86,0.082,0.082,302892000.0,418641000.0,6521907000.0,6521907000.0,0.0,-0.016,-0.045,0.111,-0.006,34928000.0,844929000.0,1.0,41706042.0,41706042.0,,156.378,2077837000.0,43417000.0,-16337000.0,12187000.0,49.821,340014000.0
11,WCG,MRY,2007-12-31,2007-12-31,2007-12-31,2019-10-30,-32000.0,2082731000.0,2180006750,1690942000.0,391789000.0,2.473,19.371,-22892000.0,1008409000.0,1008409000.0,4213384000.0,216236000.0,1.407,1.578,154581000.0,154581000.0,0.0,154581000.0,19838000.0,18757000.0,0.0,0.0,0.0,392003000.0,410760000.0,0.076,410760000.0,392003000.0,377968000.0,5.31,5.16,5.31,807891000.0,697063250,807891000.0,450606241.0,1.0,1.097,254709000.0,6.107,1.0,1177408000.0,0.218,205756000.0,14035000.0,-178849000.0,-417207750,0.0,343117000.0,253881000.0,89236000.0,1274840000.0,1201996000.0,72844000.0,1768753241.0,43867000.0,0.0,12834000.0,-1600000.0,0.0,-47529000.0,-186205000.0,-163313000.0,277601000.0,0.0,216236000.0,216236000.0,216236000.0,0.0,0.0,0.04,785405000.0,392003000.0,665138000.0,0.0,2.189,8.18,7.987,66560000.0,0.0,42.41,0.328,0.328,309977000.0,455474000.0,5390792000.0,5390792000.0,0.0,0.099,0.31,-0.94,0.073,-4371000.0,766648000.0,1.0,41706042.0,41706042.0,,129.257,1876975000.0,6429000.0,161732000.0,5985000.0,45.005,488946000.0
12,WCG,MRY,2006-12-31,2006-12-31,2006-12-31,2019-10-30,61000.0,1664298000.0,1547480000,1339491000.0,324807000.0,2.35,13.186,-31741000.0,964542000.0,964542000.0,2907290000.0,121229000.0,1.435,2.099,155621000.0,1600000.0,154021000.0,155621000.0,3313000.0,17170000.0,0.0,0.0,0.0,215106000.0,232276000.0,0.064,232276000.0,215106000.0,201019000.0,3.08,2.98,3.08,537059000.0,473864250,537059000.0,2173349192.0,10.0,9.357,475988000.0,11.687,1.0,728672000.0,0.2,208325000.0,14087000.0,-286192000.0,-223090750,0.0,179804000.0,126422000.0,53382000.0,1127239000.0,933244000.0,193995000.0,2806276192.0,542776000.0,-7976000.0,30273000.0,-25600000.0,0.0,123094000.0,-88053000.0,-48336000.0,507729000.0,0.0,121229000.0,121229000.0,121229000.0,0.0,0.0,0.033,513566000.0,215106000.0,617098000.0,0.0,5.225,23.149,22.37,61258000.0,0.0,68.9,0.772,0.772,141463000.0,239238000.0,3635962000.0,3635962000.0,0.0,0.078,0.256,-0.964,0.059,13669000.0,496396000.0,1.0,40729698.0,40729698.0,,89.271,1455973000.0,19901000.0,79790000.0,34726000.0,35.747,406247000.0
13,WCG,MRY,2005-12-31,2005-12-31,2005-12-31,2019-10-30,22000.0,896343000.0,872541500,612105000.0,284238000.0,2.138,9.191,-28943000.0,421766000.0,421766000.0,1505388000.0,47368000.0,1.708,1.486,182061000.0,26600000.0,155461000.0,182061000.0,12606000.0,9204000.0,0.0,0.0,0.0,91260000.0,100464000.0,0.054,100464000.0,91260000.0,77698000.0,1.26,1.21,1.26,360550000.0,342337500,360550000.0,1348791037.0,15.0,13.426,52504000.0,1.338,1.0,359955000.0,0.193,207447000.0,13562000.0,90722000.0,148746500,0.0,131468000.0,94160000.0,37308000.0,535793000.0,358469000.0,177324000.0,1602454037.0,24139000.0,-5931000.0,3622000.0,-1600000.0,0.0,2022000.0,-59330000.0,-24456000.0,81447000.0,0.0,47368000.0,47368000.0,47368000.0,0.0,0.0,0.025,268695000.0,91260000.0,264871000.0,0.0,4.444,33.83,32.421,37057000.0,0.0,40.85,0.859,0.859,47567000.0,118009000.0,1865343000.0,1865343000.0,0.0,0.054,0.138,0.614,0.049,5959000.0,259491000.0,1.0,39227761.0,39227761.0,,47.552,688896000.0,31984000.0,30330000.0,17837000.0,17.561,253636000.0
14,WCG,MRY,2004-12-31,2004-12-31,2004-12-31,2019-10-30,-3000.0,803386000.0,637658750,552758000.0,250628000.0,2.168,8.142,-8679000.0,397627000.0,397627000.0,1123740000.0,42447000.0,1.828,1.662,183501000.0,1600000.0,181901000.0,183501000.0,63449000.0,7715000.0,0.0,0.0,0.0,79518000.0,87233000.0,0.063,87233000.0,79518000.0,69353000.0,1.46,1.34,1.46,301828000.0,192174750,301828000.0,1123181425.0,14.0,12.876,40083000.0,1.081,1.0,258490000.0,0.187,206289000.0,10165000.0,80654000.0,65860000,0.0,106988000.0,75515000.0,31473000.0,501558000.0,302317000.0,199241000.0,1204745425.0,160306000.0,-36542000.0,157548000.0,50367000.0,0.0,208010000.0,-96466000.0,-51245000.0,48762000.0,0.0,42447000.0,42447000.0,42447000.0,0.0,0.0,0.031,178972000.0,79518000.0,213775000.0,0.0,3.991,28.382,22.26,12587000.0,0.0,32.5,0.872,0.872,52170000.0,70641000.0,1382230000.0,1382230000.0,0.0,0.067,0.221,1.207,0.058,2044000.0,171257000.0,1.0,37069090.0,37069090.0,,37.288,597097000.0,21327000.0,26906000.0,14818000.0,16.108,250441000.0
15,WCG,MRY,2003-12-31,2003-12-31,2003-12-31,2019-10-30,1000.0,497107000.0,453305500,299590000.0,197517000.0,2.307,,-3042000.0,237321000.0,237321000.0,861053000.0,23537000.0,0.986,3.992,135755000.0,48170000.0,87585000.0,135755000.0,76248000.0,8159000.0,0.0,,0.0,44667000.0,52826000.0,0.051,52826000.0,44667000.0,34495000.0,0.66,0.6,0.66,99577000.0,87247000,99577000.0,,,,119756000.0,,1.0,184929000.0,0.177,171128000.0,10172000.0,-79527000.0,-21241000,0.0,55170000.0,33778000.0,21392000.0,397530000.0,303940000.0,93590000.0,,90537000.0,0.0,0.0,-14348000.0,0.0,-13948000.0,-18313000.0,-15271000.0,122798000.0,0.0,17540000.0,17540000.0,17540000.0,0.0,5997000.0,0.017,134265000.0,50664000.0,178127000.0,0.0,,,,4717000.0,0.0,,,,12792000.0,28194000.0,1045982000.0,1045982000.0,0.0,0.039,0.201,-2.103,0.043,746000.0,126106000.0,1.0,,,,,325979000.0,12036000.0,16955000.0,5366000.0,,-4350000.0
0,WCG,MRQ,2019-09-30,2019-09-30,2019-09-30,2019-10-30,13000000.0,13861700000.0,,7400500000.0,6461200000.0,,96.522,-50200000.0,2885000000.0,2885000000.0,6154600000.0,241000000.0,1.156,1.854,2029100000.0,0.0,2029100000.0,2029100000.0,48700000.0,59900000.0,0.0,0.0,0.0,343100000.0,403000000.0,0.056,403000000.0,343100000.0,313700000.0,4.79,4.74,4.79,4856400000.0,,4856400000.0,11842380996.0,12.0,9.775,350900000.0,6.974,1.0,985600000.0,0.138,3122100000.0,29400000.0,3479700000.0,,0.0,3142300000.0,1082000000.0,2060300000.0,9005300000.0,6404000000.0,2601300000.0,13039380996.0,-472200000.0,0.0,-2400000.0,-50000000.0,0.0,-53500000.0,-819800000.0,-769600000.0,401100000.0,0.0,241000000.0,241000000.0,241000000.0,0.0,0.0,0.034,662900000.0,322700000.0,5555300000.0,0.0,2.685,20.661,20.834,477300000.0,0.0,259.17,0.483,0.483,2180000000.0,2842500000.0,7140200000.0,7140200000.0,0.0,,,,,17100000.0,567400000.0,1.0,50312077.0,50313901.0,50846402.0,141.913,10739600000.0,0.0,72700000.0,105800000.0,213.452,996500000.0
1,WCG,MRQ,2019-06-30,2019-06-30,2019-06-30,2019-10-30,15600000.0,13205500000.0,,7266700000.0,5938800000.0,,91.504,-69400000.0,3275200000.0,3275200000.0,6150300000.0,182800000.0,1.225,1.869,2078200000.0,0.0,2078200000.0,2078200000.0,32700000.0,68100000.0,0.0,0.0,0.0,274900000.0,343000000.0,0.049,343000000.0,274900000.0,243800000.0,3.63,3.6,3.63,4603300000.0,,4603300000.0,12957692234.0,15.0,11.85,467100000.0,9.285,1.0,859800000.0,0.123,3173600000.0,31100000.0,2904600000.0,,0.0,2468500000.0,929300000.0,1539200000.0,8602200000.0,5930300000.0,2671900000.0,14339992234.0,-168700000.0,-8600000.0,-400000.0,-50000000.0,0.0,-183800000.0,-521400000.0,-443400000.0,536500000.0,0.0,182800000.0,182800000.0,182800000.0,0.0,0.0,0.026,586600000.0,273200000.0,5063800000.0,0.0,3.115,27.54,27.437,472300000.0,0.0,285.07,0.576,0.576,2047000000.0,2601500000.0,7010100000.0,7010100000.0,0.0,,,,,19000000.0,486800000.0,1.0,50303407.0,50307031.0,50811807.0,139.346,10031900000.0,0.0,61000000.0,139700000.0,199.413,1336400000.0
2,WCG,MRQ,2019-03-31,2019-03-31,2019-03-31,2019-10-30,4900000.0,13205900000.0,,7780700000.0,5425200000.0,,87.648,-38100000.0,3509600000.0,3509600000.0,5943500000.0,151400000.0,1.28,2.007,2127300000.0,0.0,2127300000.0,2127300000.0,16900000.0,69600000.0,0.0,0.0,0.0,214400000.0,284000000.0,0.042,284000000.0,214400000.0,184900000.0,3.02,2.98,3.02,4391200000.0,,4391200000.0,11723875181.0,14.0,11.36,-68100000.0,-1.359,1.0,818700000.0,0.121,3192400000.0,29500000.0,2553900000.0,,0.0,2026200000.0,968600000.0,1057600000.0,8814700000.0,6077300000.0,2737400000.0,13486075181.0,-382300000.0,0.0,-36800000.0,0.0,0.0,135200000.0,-487500000.0,-449400000.0,-30000000.0,0.0,151400000.0,151400000.0,151400000.0,0.0,0.0,0.022,605100000.0,213600000.0,5008600000.0,0.0,3.071,27.551,26.576,424900000.0,0.0,269.75,0.599,0.6,2449200000.0,2418700000.0,6762200000.0,6762200000.0,0.0,,,,,22800000.0,503800000.0,1.0,49994718.0,50100509.0,50842304.0,134.973,10013500000.0,0.0,33500000.0,149000000.0,199.868,1703400000.0
3,WCG,MRQ,2018-12-31,2018-12-31,2018-12-31,2019-10-30,-8900000.0,11764700000.0,,6832400000.0,4932300000.0,,84.813,-66000000.0,3888600000.0,3888600000.0,5220200000.0,55900000.0,1.362,1.775,2126400000.0,0.0,2126400000.0,2126400000.0,1400000.0,62600000.0,0.0,0.0,0.0,118900000.0,181500000.0,0.03,181500000.0,118900000.0,89200000.0,1.0,1.0,1.0,4240000000.0,,4240000000.0,9386579880.0,12.0,9.778,15000000.0,0.3,1.0,850600000.0,0.14,3223900000.0,29700000.0,1763000000.0,,0.0,1643300000.0,830100000.0,813200000.0,7524700000.0,5015600000.0,2509100000.0,11802579880.0,-656000000.0,-107200000.0,-100000.0,0.0,0.0,-792000000.0,55000000.0,228200000.0,81000000.0,0.0,55900000.0,55900000.0,55900000.0,0.0,0.0,0.009,75700000.0,774900000.0,4320900000.0,0.0,2.784,26.836,25.116,428200000.0,0.0,236.09,0.578,0.541,1871300000.0,2267300000.0,6070800000.0,6070800000.0,0.0,,,,,19300000.0,534000000.0,1.0,49991867.0,49992092.0,50555296.0,121.435,8540800000.0,0.0,33300000.0,134200000.0,170.843,1816800000.0
4,WCG,MRQ,2018-09-30,2018-09-30,2018-09-30,2019-10-30,-11400000.0,12458500000.0,,7682200000.0,4776300000.0,,87.239,-35000000.0,4541400000.0,4541400000.0,4228500000.0,130600000.0,1.324,1.993,2125400000.0,0.0,2125400000.0,2125400000.0,20800000.0,46200000.0,0.0,0.0,0.0,238800000.0,285000000.0,0.056,285000000.0,238800000.0,215200000.0,2.74,2.7,2.74,4162400000.0,,4162400000.0,10203492488.0,15.0,12.147,-613600000.0,-12.86,1.0,829600000.0,0.164,3080100000.0,23600000.0,1158000000.0,,0.0,1878800000.0,1034400000.0,844400000.0,8296100000.0,5804400000.0,2491700000.0,14347492488.0,-786800000.0,-2035700000.0,1339300000.0,935300000.0,0.0,2048600000.0,-2256800000.0,-186100000.0,-578600000.0,0.0,130600000.0,130600000.0,130600000.0,0.0,0.0,0.026,597400000.0,232200000.0,4214400000.0,0.0,3.447,32.271,32.803,384100000.0,0.0,320.49,0.768,0.818,1732300000.0,2211400000.0,5058100000.0,5058100000.0,0.0,,,,,21400000.0,433200000.0,1.0,44767364.0,47712712.0,48384427.0,106.012,9378400000.0,0.0,84600000.0,117200000.0,196.56,1877800000.0
5,WCG,MRQ,2018-06-30,2018-06-30,2018-06-30,2019-10-30,-10600000.0,10134400000.0,,7603000000.0,2531400000.0,,59.694,-28300000.0,5327800000.0,5327800000.0,3866000000.0,151600000.0,1.272,2.793,1183800000.0,0.0,1183800000.0,1183800000.0,580000000.0,34500000.0,0.0,0.0,0.0,247000000.0,281500000.0,0.061,281500000.0,247000000.0,229900000.0,3.39,3.35,3.39,2671900000.0,,2671900000.0,7165959653.0,10.0,8.545,302600000.0,6.761,1.0,773000000.0,0.167,1024000000.0,17100000.0,-1010900000.0,,0.0,1515500000.0,793500000.0,722000000.0,7462500000.0,5977300000.0,1485200000.0,11020359653.0,273900000.0,0.0,-100000.0,0.0,0.0,68600000.0,-125600000.0,-97300000.0,330900000.0,0.0,151600000.0,151600000.0,151600000.0,0.0,0.0,0.033,522000000.0,251000000.0,3401800000.0,0.0,4.125,22.694,22.612,331100000.0,0.0,246.24,0.611,0.611,1239400000.0,2080800000.0,4639000000.0,4639000000.0,0.0,,,,,18000000.0,377900000.0,1.0,44754547.0,44759808.0,45282294.0,103.642,9110400000.0,0.0,78300000.0,56100000.0,203.54,1625700000.0
6,WCG,MRQ,2018-03-31,2018-03-31,2018-03-31,2019-10-30,-10600000.0,9671400000.0,,7177200000.0,2494200000.0,,56.1,-24200000.0,5037400000.0,5037400000.0,3962000000.0,101700000.0,1.264,2.865,1183000000.0,0.0,1183000000.0,1183000000.0,592900000.0,36400000.0,0.0,0.0,0.0,175600000.0,212000000.0,0.046,212000000.0,175600000.0,158500000.0,2.28,2.25,2.28,2502400000.0,,2502400000.0,5605979508.0,10.0,7.795,421500000.0,9.449,1.0,684200000.0,0.147,1019100000.0,17100000.0,-881900000.0,,0.0,1434400000.0,708600000.0,725800000.0,7169000000.0,5679800000.0,1489200000.0,8622179508.0,622500000.0,0.0,-20200000.0,0.0,0.0,417400000.0,-240600000.0,-216400000.0,445700000.0,0.0,101700000.0,101700000.0,101700000.0,0.0,0.0,0.022,505900000.0,178300000.0,3148600000.0,0.0,3.446,21.128,21.116,317100000.0,0.0,193.63,0.487,0.488,1129500000.0,1929200000.0,4646200000.0,4646200000.0,0.0,,,,,12100000.0,355900000.0,1.0,44529151.0,44605892.0,45196127.0,104.161,8652300000.0,0.0,56800000.0,71500000.0,193.972,1497400000.0
7,WCG,MRQ,2017-12-31,2017-12-31,2017-12-31,2019-10-30,-2700000.0,8364600000.0,,5819200000.0,2545400000.0,,54.281,-35800000.0,4409600000.0,4409600000.0,3806500000.0,60700000.0,1.31,2.461,1182400000.0,0.0,1182400000.0,1182400000.0,65900000.0,35800000.0,0.0,0.0,0.0,25700000.0,61500000.0,0.014,61500000.0,25700000.0,8600000.0,1.36,1.34,1.36,2416700000.0,,2416700000.0,5256430127.0,10.0,8.081,-231300000.0,-5.195,1.0,538600000.0,0.124,1028600000.0,17100000.0,-334400000.0,,0.0,1235700000.0,469500000.0,766200000.0,5947900000.0,4443200000.0,1504700000.0,8953730127.0,-678500000.0,200000.0,-1600000.0,0.0,0.0,-305700000.0,-177300000.0,-141700000.0,-195500000.0,0.0,60700000.0,60700000.0,60700000.0,0.0,0.0,0.014,269300000.0,269300000.0,3301400000.0,0.0,3.705,23.96,23.942,319500000.0,0.0,201.11,0.526,0.526,815900000.0,1827500000.0,4345100000.0,4345100000.0,0.0,,,,,27000000.0,444500000.0,1.0,44521556.0,44521776.0,45138496.0,97.595,7336000000.0,0.0,-52100000.0,93400000.0,164.773,1376000000.0
8,WCG,MRQ,2017-09-30,2017-09-30,2017-09-30,2019-10-30,100000.0,9128500000.0,,6761400000.0,2367100000.0,,52.425,-38200000.0,4878900000.0,4878900000.0,3740700000.0,171600000.0,1.278,2.912,1181600000.0,0.0,1181600000.0,1181600000.0,576400000.0,31400000.0,0.0,0.0,0.0,252200000.0,283600000.0,0.064,283600000.0,252200000.0,235100000.0,3.86,3.82,3.86,2333400000.0,,2333400000.0,4793411601.0,8.0,6.782,872400000.0,19.6,1.0,662200000.0,0.15,1026600000.0,17100000.0,-884400000.0,,0.0,1308500000.0,504600000.0,803900000.0,6795100000.0,5289000000.0,1506100000.0,7643911601.0,847900000.0,-10600000.0,0.0,0.0,0.0,166100000.0,-228800000.0,-180000000.0,910600000.0,0.0,171600000.0,171600000.0,171600000.0,0.0,0.0,0.039,433200000.0,229000000.0,3070900000.0,0.0,3.276,21.358,21.308,316400000.0,0.0,171.74,0.472,0.472,1059200000.0,1766800000.0,4402900000.0,4402900000.0,0.0,,,,,9300000.0,372300000.0,1.0,44508627.0,44509692.0,44969033.0,98.92,8101900000.0,0.0,63500000.0,157100000.0,182.026,1472400000.0
9,WCG,MRQ,2017-06-30,2017-06-30,2017-06-30,2019-10-30,-100000.0,8513100000.0,,6346900000.0,2166200000.0,,48.368,-30600000.0,4031300000.0,4031300000.0,3719000000.0,74100000.0,1.315,2.955,1180800000.0,0.0,1180800000.0,1180800000.0,539600000.0,29300000.0,0.0,0.0,0.0,132800000.0,162100000.0,0.038,162100000.0,132800000.0,114700000.0,1.67,1.65,1.67,2152300000.0,,2152300000.0,4458793590.0,9.0,7.273,-57600000.0,-1.294,1.0,586000000.0,0.136,1036000000.0,18100000.0,-200100000.0,,0.0,1129500000.0,511900000.0,617600000.0,6360800000.0,4826700000.0,1534100000.0,7989093590.0,-1578300000.0,-717900000.0,-200000.0,-926100000.0,0.0,-650200000.0,-901100000.0,-152600000.0,-27000000.0,0.0,74100000.0,74100000.0,74100000.0,0.0,0.0,0.017,426000000.0,160000000.0,2940900000.0,0.0,3.712,31.342,31.228,291100000.0,0.0,179.56,0.52,0.52,1543200000.0,1595200000.0,4305000000.0,4305000000.0,0.0,,,,,13900000.0,365500000.0,1.0,44492613.0,44498610.0,44934051.0,96.745,7477100000.0,0.0,40600000.0,96800000.0,168.03,1520200000.0
10,WCG,MRQ,2017-03-31,2017-03-31,2017-03-31,2019-10-30,-900000.0,8342600000.0,,7268500000.0,1074100000.0,,46.515,-23800000.0,5610400000.0,5610400000.0,3478600000.0,67300000.0,1.45,3.043,2080100000.0,900000000.0,1180100000.0,2080100000.0,432900000.0,23900000.0,0.0,0.0,0.0,119400000.0,143300000.0,0.036,143300000.0,119400000.0,103200000.0,1.52,1.5,1.52,2063700000.0,,2063700000.0,3247723971.0,5.0,4.68,338100000.0,7.621,1.0,475600000.0,0.12,472400000.0,16200000.0,-673100000.0,,0.0,722200000.0,394800000.0,327400000.0,6278900000.0,5013000000.0,1265900000.0,6211523971.0,1550600000.0,0.0,-13400000.0,1082200000.0,0.0,1618000000.0,-429300000.0,-405500000.0,361900000.0,0.0,67300000.0,67300000.0,67300000.0,0.0,0.0,0.017,356200000.0,119400000.0,2621300000.0,0.0,3.01,22.87,22.873,273900000.0,0.0,140.21,0.424,0.425,998600000.0,1521100000.0,3954200000.0,3954200000.0,0.0,,,,,9600000.0,302400000.0,1.0,44301576.0,44365987.0,44826663.0,89.127,7870200000.0,0.0,35900000.0,47200000.0,177.393,2255500000.0
11,WCG,MRQ,2016-12-31,2016-12-31,2016-12-31,2019-10-30,-1000000.0,6152800000.0,,5119600000.0,1033200000.0,,45.156,-43800000.0,3961400000.0,3961400000.0,2998400000.0,44900000.0,1.675,2.076,997600000.0,0.0,997600000.0,997600000.0,3300000.0,22700000.0,0.0,0.0,0.0,95100000.0,117800000.0,0.033,117800000.0,95100000.0,81000000.0,1.01,1.0,1.01,2000100000.0,,2000100000.0,3190667031.0,5.0,4.719,-375800000.0,-8.484,1.0,519800000.0,0.148,466600000.0,14100000.0,-333400000.0,,0.0,415800000.0,124200000.0,291600000.0,4152700000.0,3055800000.0,1096900000.0,6071667031.0,171100000.0,-45100000.0,-100000.0,0.0,0.0,388200000.0,114900000.0,203800000.0,-332000000.0,0.0,44900000.0,44900000.0,44900000.0,0.0,0.0,0.013,-1300000.0,521100000.0,2662200000.0,0.0,3.036,25.079,25.06,274500000.0,0.0,137.08,0.426,0.426,815700000.0,1453800000.0,3518200000.0,3518200000.0,0.0,,,,,11300000.0,317700000.0,1.0,44292873.0,44293109.0,44795203.0,79.43,5686200000.0,0.0,36100000.0,63400000.0,128.377,2063800000.0
12,WCG,MRQ,2016-09-30,2016-09-30,2016-09-30,2019-10-30,0.0,6525500000.0,,5614700000.0,910800000.0,,43.882,-23900000.0,3878400000.0,3878400000.0,3040200000.0,68600000.0,1.591,2.359,997400000.0,0.0,997400000.0,997400000.0,400200000.0,22400000.0,0.0,0.0,0.0,167500000.0,189900000.0,0.053,189900000.0,167500000.0,152900000.0,1.55,1.54,1.55,1942900000.0,,1942900000.0,3756464123.0,7.0,5.968,1116600000.0,25.219,1.0,543800000.0,0.152,366600000.0,14600000.0,-251800000.0,,0.0,497700000.0,203000000.0,294700000.0,4582600000.0,3529700000.0,1052900000.0,5183364123.0,1354300000.0,-2700000.0,-1300000.0,-100000000.0,0.0,238500000.0,-24700000.0,1900000.0,1140500000.0,0.0,68600000.0,68600000.0,68600000.0,0.0,0.0,0.019,376300000.0,167500000.0,2416200000.0,0.0,2.668,24.659,24.651,249100000.0,0.0,117.09,0.365,0.365,1277900000.0,,3584000000.0,3584000000.0,0.0,,,,,9200000.0,268500000.0,1.0,44268205.0,44276035.0,44639442.0,80.947,6158900000.0,0.0,84300000.0,101000000.0,139.102,2085000000.0
13,WCG,MRQ,2016-06-30,2016-06-30,2016-06-30,2019-10-30,0.0,5562400000.0,,4634800000.0,927600000.0,,42.168,-20800000.0,2524100000.0,2524100000.0,2988900000.0,90800000.0,1.842,1.98,1097200000.0,0.0,1097200000.0,1097200000.0,3700000.0,21700000.0,0.0,0.0,0.0,221300000.0,243000000.0,0.068,243000000.0,221300000.0,206700000.0,2.05,2.04,2.05,1866400000.0,,1866400000.0,3452900476.0,7.0,5.979,30400000.0,0.687,1.0,605500000.0,0.168,372100000.0,14600000.0,1247300000.0,,0.0,500300000.0,188800000.0,311500000.0,3696000000.0,2516100000.0,1179900000.0,4747400476.0,132500000.0,-21100000.0,-100000.0,0.0,0.0,118800000.0,-37500000.0,4400000.0,51200000.0,0.0,90800000.0,90800000.0,90800000.0,0.0,0.0,0.025,384200000.0,221300000.0,2242500000.0,0.0,2.544,26.671,26.62,243600000.0,0.0,107.28,0.337,0.337,1625800000.0,,3594400000.0,3594400000.0,0.0,,,,,8500000.0,278000000.0,1.0,44252428.0,44260767.0,44549955.0,81.21,5190300000.0,0.0,115900000.0,100500000.0,117.266,2118700000.0
14,WCG,MRQ,2016-03-31,2016-03-31,2016-03-31,2019-10-30,0.0,5319800000.0,,4410500000.0,909300000.0,,40.011,-16800000.0,2391600000.0,2391600000.0,3061900000.0,37800000.0,1.867,2.01,1097100000.0,0.0,1097100000.0,1097100000.0,10700000.0,20800000.0,0.0,0.0,0.0,104700000.0,125500000.0,0.035,125500000.0,104700000.0,88900000.0,0.86,0.85,0.86,1767100000.0,,1767100000.0,2897516319.0,7.0,5.729,-128200000.0,-2.903,1.0,478600000.0,0.135,340700000.0,15800000.0,1322700000.0,,0.0,505700000.0,182400000.0,323300000.0,3552700000.0,2361900000.0,1190800000.0,4092416319.0,-15400000.0,0.0,-5500000.0,-103100000.0,0.0,87600000.0,8400000.0,25200000.0,-111400000.0,0.0,37800000.0,37800000.0,37800000.0,0.0,0.0,0.011,373900000.0,104700000.0,2123100000.0,0.0,2.316,29.463,29.444,244900000.0,0.0,92.75,0.293,0.293,1522300000.0,,3540500000.0,3540500000.0,0.0,,,,,6500000.0,268900000.0,1.0,44123087.0,44165200.0,44493755.0,80.165,4979100000.0,17400000.0,51100000.0,68000000.0,112.738,2048600000.0
15,WCG,MRQ,2015-12-31,2015-12-31,2015-12-31,2019-10-30,-2200000.0,5145800000.0,,4229600000.0,916200000.0,,39.182,-42400000.0,2407000000.0,2407000000.0,3001800000.0,13000000.0,1.733,1.977,1199100000.0,299500000.0,899600000.0,1199100000.0,27700000.0,19500000.0,0.0,0.0,0.0,51500000.0,71000000.0,0.02,71000000.0,51500000.0,36300000.0,0.29,0.29,0.29,1728300000.0,,1728300000.0,3239058307.0,8.0,6.997,432300000.0,9.801,1.0,495000000.0,0.142,343200000.0,15200000.0,1153600000.0,,0.0,532200000.0,204400000.0,327800000.0,3417500000.0,2441100000.0,976400000.0,3449458307.0,983900000.0,0.0,0.0,0.0,0.0,530000000.0,-20800000.0,21600000.0,474700000.0,0.0,13000000.0,13000000.0,13000000.0,0.0,0.0,0.004,340900000.0,154100000.0,2113900000.0,0.0,1.996,29.085,29.074,244800000.0,0.0,78.21,0.248,0.248,1434000000.0,1211700000.0,3496800000.0,3496800000.0,0.0,,,,,6700000.0,340900000.0,1.0,44105080.0,44109557.0,44477504.0,79.275,4802600000.0,50600000.0,23300000.0,52600000.0,108.879,1788500000.0
16,WCG,MRQ,2015-09-30,2015-09-30,2015-09-30,2019-10-30,0.0,4940700000.0,,4011000000.0,929700000.0,,38.771,-31000000.0,1423100000.0,1423100000.0,2947400000.0,36400000.0,1.813,1.891,1212700000.0,300000000.0,912700000.0,1212700000.0,15400000.0,18200000.0,0.0,0.0,0.0,119800000.0,138000000.0,0.04,138000000.0,119800000.0,104700000.0,0.83,0.82,0.83,1709200000.0,,1709200000.0,3672089133.0,9.0,7.762,281600000.0,6.388,1.0,493600000.0,0.143,345800000.0,15100000.0,2171600000.0,,0.0,559800000.0,226800000.0,333000000.0,3231500000.0,2212900000.0,1018600000.0,3798289133.0,83600000.0,0.0,-1100000.0,0.0,0.0,-202400000.0,-26600000.0,4400000.0,312600000.0,0.0,36400000.0,36400000.0,36400000.0,0.0,0.0,0.011,279600000.0,214000000.0,1530000000.0,0.0,2.222,33.495,33.403,240100000.0,0.0,86.18,0.275,0.275,2095200000.0,,3441000000.0,3441000000.0,0.0,,,,,4800000.0,279600000.0,1.0,44073905.0,44084004.0,44424305.0,78.056,4594900000.0,45400000.0,68300000.0,80900000.0,104.231,1798100000.0
17,WCG,MRQ,2015-06-30,2015-06-30,2015-06-30,2019-10-30,0.0,5020800000.0,,4074300000.0,946500000.0,,37.887,-27800000.0,1339500000.0,1339500000.0,2977100000.0,51700000.0,1.994,2.008,1213300000.0,0.0,1213300000.0,1213300000.0,7800000.0,18100000.0,0.0,0.0,0.0,153200000.0,171300000.0,0.049,171300000.0,153200000.0,140700000.0,1.17,1.17,1.17,1669100000.0,,1669100000.0,3463184981.0,10.0,8.232,-2600000.0,-0.059,1.0,505400000.0,0.145,358600000.0,12500000.0,2493200000.0,,0.0,575500000.0,220800000.0,354700000.0,3351700000.0,2042800000.0,1308900000.0,3736084981.0,166600000.0,-17200000.0,-700000.0,308900000.0,0.0,178100000.0,-36700000.0,8300000.0,25200000.0,0.0,51700000.0,51700000.0,51700000.0,0.0,0.0,0.015,352200000.0,153200000.0,1476700000.0,0.0,2.238,38.796,38.735,220900000.0,0.0,84.83,0.271,0.271,2263600000.0,,3482500000.0,3482500000.0,0.0,,,,,5800000.0,255500000.0,1.0,44042025.0,44054778.0,44358313.0,79.049,4662200000.0,32200000.0,89000000.0,95500000.0,105.827,2031500000.0
18,WCG,MRQ,2015-03-31,2015-03-31,2015-03-31,2019-10-30,0.0,4670600000.0,,3710700000.0,959900000.0,,36.699,-35800000.0,1172900000.0,1172900000.0,3052200000.0,17500000.0,1.779,1.894,900000000.0,0.0,900000000.0,900000000.0,5000000.0,16800000.0,0.0,0.0,0.0,65700000.0,82500000.0,0.024,82500000.0,65700000.0,54400000.0,0.4,0.39,0.4,1614100000.0,,1614100000.0,3606221419.0,17.0,13.346,-135700000.0,-3.085,1.0,417700000.0,0.12,361400000.0,11300000.0,1950300000.0,,0.0,585100000.0,207100000.0,378000000.0,3056500000.0,2086000000.0,970500000.0,4019721419.0,-140600000.0,0.0,-5200000.0,0.0,0.0,-600000.0,-40100000.0,-4300000.0,-99900000.0,0.0,17500000.0,17500000.0,17500000.0,0.0,0.0,0.005,352000000.0,65700000.0,1517000000.0,0.0,2.49,108.348,107.6,211300000.0,0.0,91.46,0.299,0.299,2011800000.0,,3469900000.0,3469900000.0,0.0,,,,,2900000.0,256900000.0,1.0,43950595.0,43981977.0,44304006.0,78.894,4309200000.0,28200000.0,36900000.0,53000000.0,97.976,1624700000.0
19,WCG,MRQ,2014-12-31,2014-12-31,2014-12-31,2019-10-30,-600000.0,4495000000.0,,3526300000.0,968700000.0,,36.351,-28400000.0,1313500000.0,1313500000.0,2994400000.0,7800000.0,1.822,1.817,900000000.0,0.0,900000000.0,900000000.0,86900000.0,15900000.0,0.0,0.0,0.0,65400000.0,81300000.0,0.024,81300000.0,65400000.0,54000000.0,0.18,0.17,0.18,1595900000.0,,1595900000.0,2952394439.0,14.0,10.655,91500000.0,2.084,1.0,420400000.0,0.123,364200000.0,11400000.0,1781600000.0,,0.0,580400000.0,172800000.0,407600000.0,2899100000.0,1935700000.0,963400000.0,3602894439.0,-237000000.0,-69000000.0,-900000.0,1100000.0,0.0,-236300000.0,-120600000.0,-23200000.0,119900000.0,0.0,7800000.0,7800000.0,7800000.0,0.0,0.0,0.002,54700000.0,365700000.0,1846900000.0,0.0,2.258,56.56,56.593,187100000.0,0.0,82.06,0.278,0.278,1832400000.0,1093100000.0,3414800000.0,3414800000.0,0.0,,,,,6800000.0,283100000.0,1.0,43905611.0,43902191.0,44222269.0,77.782,4130800000.0,37100000.0,46200000.0,50300000.0,94.091,1590600000.0
20,WCG,MRQ,2014-09-30,2014-09-30,2014-09-30,2019-10-30,0.0,4455700000.0,,3550200000.0,905500000.0,,36.05,-18500000.0,1550500000.0,1550500000.0,2996600000.0,19300000.0,1.855,1.816,900000000.0,0.0,900000000.0,900000000.0,4700000.0,14400000.0,0.0,0.0,0.0,71200000.0,85600000.0,0.025,85600000.0,71200000.0,61700000.0,0.44,0.44,0.44,1582100000.0,,1582100000.0,2133859638.0,9.0,7.471,407500000.0,9.285,1.0,410900000.0,0.121,367300000.0,9500000.0,1523800000.0,,0.0,557500000.0,192000000.0,365500000.0,2873600000.0,1914100000.0,959500000.0,2648059638.0,436300000.0,-20200000.0,0.0,298200000.0,0.0,11100000.0,-800000.0,37900000.0,426000000.0,0.0,19300000.0,19300000.0,19300000.0,0.0,0.0,0.006,331900000.0,79000000.0,1551900000.0,0.0,1.674,26.802,26.699,162200000.0,0.0,60.34,0.221,0.221,1542300000.0,,3407500000.0,3407500000.0,0.0,,,,,3000000.0,261500000.0,1.0,43885642.0,43885779.0,44186034.0,77.645,4088400000.0,43200000.0,42400000.0,45400000.0,93.16,1636100000.0
21,WCG,MRQ,2014-06-30,2014-06-30,2014-06-30,2019-10-30,0.0,4149500000.0,,3240800000.0,908700000.0,,35.557,-14700000.0,1114200000.0,1114200000.0,2834300000.0,-7500000.0,1.667,1.66,600000000.0,0.0,600000000.0,600000000.0,12200000.0,15000000.0,0.0,0.0,0.0,5800000.0,20800000.0,0.007,20800000.0,5800000.0,-3500000.0,-0.17,-0.17,-0.17,1559800000.0,,1559800000.0,2217088926.0,8.0,6.931,-247400000.0,-5.64,1.0,317600000.0,0.101,343400000.0,9300000.0,1347500000.0,,0.0,595700000.0,222400000.0,373300000.0,2589700000.0,1944400000.0,645300000.0,3275388926.0,-544100000.0,-27000000.0,-200000.0,-300000.0,0.0,-194900000.0,-116500000.0,-74800000.0,-232700000.0,0.0,-7500000.0,-7500000.0,-7500000.0,0.0,0.0,-0.002,322900000.0,-5300000.0,1440400000.0,0.0,2.1,22.825,22.693,154800000.0,0.0,74.66,0.296,0.296,1630300000.0,,3151900000.0,3151900000.0,0.0,,,,,4900000.0,228900000.0,1.0,43870733.0,43867449.0,43867449.0,71.851,3806100000.0,59500000.0,4000000.0,40100000.0,86.764,1296400000.0
22,WCG,MRQ,2014-03-31,2014-03-31,2014-03-31,2019-10-30,0.0,3936300000.0,,3175200000.0,761100000.0,,35.654,-13200000.0,1658300000.0,1658300000.0,2629900000.0,44100000.0,1.856,1.521,600000000.0,0.0,600000000.0,600000000.0,4000000.0,14600000.0,0.0,0.0,0.0,74800000.0,89400000.0,0.03,89400000.0,74800000.0,65600000.0,1.01,1.0,1.01,1561700000.0,,1561700000.0,1897935679.0,6.0,4.878,-27100000.0,-0.619,1.0,355800000.0,0.119,366700000.0,9200000.0,800300000.0,,0.0,520000000.0,288700000.0,231300000.0,2374600000.0,1711000000.0,663600000.0,2780435679.0,175800000.0,164200000.0,-2000000.0,-400000.0,0.0,27400000.0,162300000.0,11300000.0,-13900000.0,0.0,44100000.0,44100000.0,44100000.0,0.0,0.0,0.015,309300000.0,46500000.0,1202800000.0,0.0,1.78,14.05,13.991,152500000.0,0.0,63.52,0.271,0.271,989000000.0,,2985700000.0,2985700000.0,0.0,,,,,1000000.0,245300000.0,1.0,43772602.0,43802047.0,44123791.0,68.163,3569600000.0,29500000.0,21500000.0,63000000.0,81.494,1464200000.0
23,WCG,MRQ,2013-12-31,2013-12-31,2013-12-31,2019-10-30,-1300000.0,3450700000.0,,2692700000.0,758000000.0,,34.71,-13100000.0,1482500000.0,1482500000.0,2110700000.0,42900000.0,2.177,1.273,600000000.0,0.0,600000000.0,600000000.0,200000.0,12300000.0,0.0,0.0,0.0,77500000.0,89800000.0,0.037,89800000.0,77500000.0,71500000.0,0.98,0.97,0.98,1517900000.0,,1517900000.0,2023573032.0,7.0,6.053,-63900000.0,-1.461,1.0,328000000.0,0.134,303300000.0,6000000.0,1027800000.0,,0.0,477600000.0,314700000.0,162900000.0,1932800000.0,1237100000.0,695700000.0,3077636032.0,91900000.0,-133600000.0,1700000.0,250800000.0,0.0,279900000.0,-137200000.0,9500000.0,-50800000.0,0.0,42900000.0,42900000.0,42900000.0,0.0,0.0,0.018,247700000.0,80300000.0,1083300000.0,0.0,2.028,17.556,17.474,147400000.0,0.0,70.42,0.323,0.322,749700000.0,1029400000.0,2438700000.0,2438700000.0,0.0,,,,,-500000.0,218900000.0,1.0,43704005.0,43731434.0,44084914.0,55.765,3147400000.0,30800000.0,28600000.0,55400000.0,71.971,1455600000.0
24,WCG,MRQ,2013-09-30,2013-09-30,2013-09-30,2019-10-30,0.0,3180552000.0,,2559221000.0,621331000.0,,33.814,-18000000.0,1390563000.0,1390563000.0,2144700000.0,64000000.0,1.941,1.157,336500000.0,39875000.0,296625000.0,336500000.0,178000.0,11000000.0,0.0,0.0,0.0,108900000.0,119900000.0,0.048,119900000.0,108900000.0,106800000.0,1.47,1.45,1.47,1474603000.0,,1474603000.0,2188223404.0,8.0,6.598,260300000.0,5.969,1.0,355700000.0,0.142,305101000.0,2100000.0,502834000.0,,0.0,486907000.0,317587000.0,169320000.0,1705949000.0,1318554000.0,387395000.0,3037272404.0,195500000.0,0.0,2300000.0,-9800000.0,0.0,-73500000.0,-9300000.0,8700000.0,278300000.0,0.0,64000000.0,64000000.0,64000000.0,0.0,0.0,0.026,246800000.0,108900000.0,1116488000.0,0.0,2.06,16.768,16.684,144273000.0,0.0,69.74,0.335,0.335,714419000.0,,2500400000.0,2500400000.0,0.0,,,,,5000000.0,218800000.0,1.0,43551368.0,43608626.0,44037922.0,57.337,2875451000.0,25058000.0,42800000.0,77748000.0,65.938,1240667000.0
25,WCG,MRQ,2013-06-30,2013-06-30,2013-06-30,2019-10-30,0.0,3029725000.0,,2392253000.0,637472000.0,,32.26,-15000000.0,1195049000.0,1195049000.0,2015900000.0,46900000.0,1.95,1.16,346000000.0,38000000.0,308000000.0,346000000.0,162000.0,10700000.0,0.0,0.0,0.0,79300000.0,90000000.0,0.039,90000000.0,79300000.0,77200000.0,1.08,1.07,1.08,1402623000.0,,1402623000.0,1391566763.0,6.0,4.912,-94700000.0,-2.178,1.0,316200000.0,0.136,306935000.0,2100000.0,646952000.0,,0.0,495642000.0,311390000.0,184252000.0,1627102000.0,1226789000.0,400313000.0,2414350763.0,-183100000.0,-1300000.0,900000.0,-9900000.0,0.0,-20800000.0,-82600000.0,-66300000.0,-79700000.0,0.0,46900000.0,46900000.0,46900000.0,0.0,0.0,0.02,236900000.0,79300000.0,1040112000.0,0.0,1.721,15.534,15.431,143389000.0,0.0,55.55,0.288,0.288,765040000.0,,2332100000.0,2332100000.0,0.0,,,,,2800000.0,205400000.0,1.0,43462660.0,43478267.0,43926957.0,53.638,2722790000.0,22971000.0,30300000.0,51941000.0,62.624,1165464000.0
26,WCG,MRQ,2013-03-31,2013-03-31,2013-03-31,2019-10-30,0.0,2998402000.0,,2387193000.0,611209000.0,,31.188,-15900000.0,1378284000.0,1378284000.0,1987300000.0,21500000.0,1.926,1.219,355500000.0,38000000.0,317500000.0,355500000.0,171000.0,10100000.0,0.0,0.0,0.0,24500000.0,34600000.0,0.015,34600000.0,24500000.0,22900000.0,0.5,0.49,0.5,1351217000.0,,1351217000.0,1539282451.0,6.0,5.513,15200000.0,0.351,1.0,269300000.0,0.119,310951000.0,1600000.0,425185000.0,,0.0,428275000.0,270888000.0,157387000.0,1647185000.0,1239482000.0,407703000.0,2504777451.0,277700000.0,-39200000.0,1300000.0,218700000.0,0.0,308000000.0,-61400000.0,-6300000.0,31100000.0,0.0,21500000.0,21500000.0,21500000.0,0.0,0.0,0.01,244800000.0,24500000.0,1053748000.0,0.0,1.854,16.163,16.1,139705000.0,0.0,57.96,0.318,0.319,596135000.0,,2256600000.0,2256600000.0,0.0,,,,,1600000.0,213400000.0,1.0,43215622.0,43325381.0,43952459.0,52.085,2687451000.0,47496000.0,1400000.0,49100000.0,62.029,1147711000.0
27,WCG,MRQ,2012-12-31,2012-12-31,2012-12-31,2019-10-30,-800000.0,2675500000.0,,2100700000.0,574800000.0,,30.623,-13635000.0,1100500000.0,1100500000.0,1686489000.0,48739000.0,1.887,1.022,135000000.0,15000000.0,120000000.0,135000000.0,100000.0,8896000.0,0.0,0.0,0.0,78253000.0,87149000.0,0.044,87149000.0,78253000.0,77316000.0,1.13,1.11,1.13,1323100000.0,,1323100000.0,1179866933.0,4.0,3.553,90059000.0,2.084,1.0,301608000.0,0.152,276800000.0,937000.0,319800000.0,,0.0,384400000.0,220300000.0,164100000.0,1352400000.0,1113400000.0,239000000.0,2103456933.0,38158000.0,-126600000.0,17000.0,-4477000.0,0.0,89196000.0,-154732000.0,-14497000.0,103694000.0,0.0,48739000.0,48739000.0,48739000.0,0.0,0.0,0.025,223355000.0,78253000.0,945400000.0,0.0,1.59,11.389,11.35,131500000.0,0.0,48.69,0.284,0.283,640800000.0,854100000.0,1988097000.0,1988097000.0,0.0,,,,,1232000.0,193307000.0,1.0,43201005.0,43206525.0,43948868.0,46.014,2398700000.0,42800000.0,28577000.0,42100000.0,55.517,987300000.0
28,WCG,MRQ,2012-09-30,2012-09-30,2012-09-30,2019-10-30,0.0,2543787000.0,,2143193000.0,400594000.0,,29.509,-13073000.0,1062340000.0,1062340000.0,1549456000.0,38287000.0,2.046,0.998,138750000.0,15000000.0,123750000.0,138750000.0,141000.0,8193000.0,0.0,0.0,0.0,63368000.0,71561000.0,0.039,71561000.0,63368000.0,62352000.0,0.89,0.87,0.89,1273300000.0,,1273300000.0,1429352197.0,4.0,3.721,46117000.0,1.069,1.0,268939000.0,0.148,119637000.0,1016000.0,452969000.0,,0.0,364400000.0,209798000.0,154602000.0,1270487000.0,1047591000.0,222896000.0,2437098197.0,-87906000.0,0.0,-1579000.0,-4958000.0,0.0,-174982000.0,27886000.0,40959000.0,59190000.0,0.0,38287000.0,38287000.0,38287000.0,0.0,0.0,0.021,205571000.0,63368000.0,903056000.0,0.0,1.914,11.029,11.002,123875000.0,0.0,56.55,0.347,0.348,735454000.0,,1818395000.0,1818395000.0,0.0,,,,,2955000.0,176797000.0,1.0,43096343.0,43149455.0,43844223.0,42.142,2424150000.0,67857000.0,24065000.0,22573000.0,56.18,1095602000.0
29,WCG,MRQ,2012-06-30,2012-06-30,2012-06-30,2019-10-30,-969000.0,2690950000.0,,2296733000.0,394217000.0,,28.578,-19161000.0,1150246000.0,1150246000.0,1546164000.0,46442000.0,1.85,1.185,142500000.0,15000000.0,127500000.0,142500000.0,240704000.0,7541000.0,0.0,0.0,0.0,78371000.0,85912000.0,0.047,85912000.0,78371000.0,77374000.0,1.08,1.06,1.08,1231497000.0,,1231497000.0,983147623.0,2.0,2.125,-221036000.0,-5.129,1.0,265011000.0,0.146,119990000.0,997000.0,321427000.0,,0.0,404869000.0,250618000.0,154251000.0,1459453000.0,1241787000.0,217666000.0,2283647623.0,-294629000.0,0.0,-60000.0,-2198000.0,0.0,-50110000.0,-42644000.0,-23483000.0,-201875000.0,0.0,46442000.0,46442000.0,46442000.0,0.0,0.0,0.026,186640000.0,78371000.0,869462000.0,0.0,1.854,8.428,8.399,117746000.0,0.0,53.0,0.338,0.339,791050000.0,767032000.0,1811175000.0,1811175000.0,0.0,,,,,3063000.0,159008000.0,1.0,43087691.0,43092737.0,43775312.0,42.03,2570960000.0,57428000.0,30932000.0,15404000.0,59.661,1054946000.0
30,WCG,MRQ,2012-03-31,2012-03-31,2012-03-31,2019-10-30,-1523000.0,2689110000.0,,2312084000.0,377026000.0,,27.512,-15431000.0,1444875000.0,1444875000.0,1521791000.0,51232000.0,1.795,1.276,144375000.0,13125000.0,131250000.0,144375000.0,207132000.0,6970000.0,0.0,0.0,0.0,80508000.0,87478000.0,0.049,87478000.0,80508000.0,79358000.0,1.19,1.18,1.19,1181316000.0,,1181316000.0,1901180026.0,4.0,3.824,-7140000.0,-0.166,1.0,269542000.0,0.15,120673000.0,1150000.0,-20337000.0,,0.0,380508000.0,231638000.0,148870000.0,1507794000.0,1288274000.0,219520000.0,3080028026.0,119777000.0,0.0,4522000.0,-2467000.0,0.0,164796000.0,-53310000.0,-37879000.0,8291000.0,0.0,51232000.0,51232000.0,51232000.0,0.0,0.0,0.029,189034000.0,80508000.0,933668000.0,0.0,2.607,10.473,10.478,105129000.0,0.0,71.88,0.48,0.48,424630000.0,720590000.0,1791333000.0,1791333000.0,0.0,,,,,3850000.0,161688000.0,1.0,42849583.0,42938284.0,43461607.0,41.719,2568437000.0,46465000.0,28126000.0,43997000.0,59.817,1023810000.0
31,WCG,MRQ,2011-12-31,2011-12-31,2011-12-31,2019-10-30,-1761000.0,2488111000.0,,2119894000.0,368217000.0,,25.975,-18827000.0,1325098000.0,1325098000.0,1267855000.0,85015000.0,1.887,1.228,146250000.0,11250000.0,135000000.0,146250000.0,164000.0,6576000.0,0.0,0.0,0.0,132583000.0,139159000.0,0.087,139159000.0,132583000.0,129906000.0,1.98,1.96,1.98,1116846000.0,,1116846000.0,719066050.0,2.0,1.593,-175840000.0,-4.09,1.0,332209000.0,0.208,121027000.0,2677000.0,65096000.0,,0.0,342251000.0,198569000.0,143682000.0,1371265000.0,1123140000.0,248125000.0,2246728050.0,-462685000.0,0.0,1514000.0,-104566000.0,0.0,-306427000.0,755000.0,19582000.0,-157013000.0,0.0,85015000.0,85015000.0,85015000.0,0.0,0.0,0.053,210426000.0,121783000.0,997614000.0,0.0,2.012,8.504,8.509,98238000.0,0.0,52.5,0.368,0.368,490187000.0,669358000.0,1600064000.0,1600064000.0,0.0,,,,,6058000.0,183488000.0,1.0,42794820.0,42997436.0,43457117.0,37.213,2367084000.0,42987000.0,44891000.0,1026000.0,55.052,996754000.0
32,WCG,MRQ,2011-09-30,2011-09-30,2011-09-30,2019-10-30,-1827000.0,2819325000.0,,2410086000.0,409239000.0,,23.894,-13587000.0,1787733000.0,1787733000.0,1214822000.0,88255000.0,1.683,1.751,260071000.0,9375000.0,250696000.0,260071000.0,275757000.0,6454000.0,0.0,0.0,0.0,143624000.0,150078000.0,0.097,150078000.0,143624000.0,139976000.0,2.06,2.03,2.06,1024757000.0,,1024757000.0,366600423.0,1.0,1.035,336720000.0,7.851,1.0,329537000.0,0.213,121410000.0,3648000.0,-262107000.0,,0.0,361655000.0,217033000.0,144622000.0,1794568000.0,1432360000.0,362208000.0,1622595423.0,531738000.0,0.0,-2649000.0,145043000.0,0.0,194764000.0,-13333000.0,254000.0,350307000.0,0.0,88255000.0,88255000.0,88255000.0,0.0,0.0,0.057,185913000.0,143624000.0,840613000.0,0.0,1.583,7.903,7.896,87005000.0,0.0,37.98,0.277,0.278,223826000.0,584296000.0,1544359000.0,1544359000.0,0.0,,,,,1904000.0,160591000.0,1.0,42722365.0,42887381.0,43424414.0,36.01,2697915000.0,92701000.0,51721000.0,28222000.0,62.907,977726000.0
33,WCG,MRQ,2011-06-30,2011-06-30,2011-06-30,2019-10-30,-1795000.0,2262963000.0,,1846181000.0,416782000.0,,21.893,-8471000.0,1255995000.0,1255995000.0,1202006000.0,69600000.0,1.665,1.418,0.0,0.0,0.0,0.0,66194000.0,6895000.0,0.0,0.0,0.0,113573000.0,120468000.0,0.081,120468000.0,113573000.0,113475000.0,1.63,1.61,1.63,935959000.0,,935959000.0,955157765.0,4.0,3.367,4177000.0,0.098,1.0,285629000.0,0.192,121793000.0,98000.0,-223495000.0,,0.0,361959000.0,201589000.0,160370000.0,1327004000.0,1108670000.0,218334000.0,2188075765.0,23077000.0,0.0,3445000.0,-781000.0,0.0,-10937000.0,21366000.0,29837000.0,12648000.0,0.0,69600000.0,69600000.0,69600000.0,0.0,0.0,0.047,172056000.0,113573000.0,818386000.0,0.0,2.338,13.677,13.673,78247000.0,0.0,51.41,0.383,0.385,209826000.0,496042000.0,1487635000.0,1487635000.0,0.0,,,,,3889000.0,147055000.0,1.0,42561287.0,42752235.0,43293926.0,34.797,2141170000.0,94444000.0,43875000.0,20708000.0,50.083,737511000.0
34,WCG,MRQ,2011-03-31,2011-03-31,2011-03-31,2019-10-30,-2024000.0,2249209000.0,,1802610000.0,446599000.0,,20.122,-8715000.0,1232918000.0,1232918000.0,1263317000.0,21330000.0,1.553,1.623,0.0,0.0,0.0,0.0,84532000.0,6475000.0,0.0,0.0,0.0,35120000.0,41595000.0,0.028,41595000.0,35120000.0,35043000.0,0.5,0.5,0.5,857654000.0,,857654000.0,423746961.0,-9.0,-17.862,-52657000.0,-1.235,1.0,211425000.0,0.143,122176000.0,77000.0,-266620000.0,,0.0,391423000.0,201894000.0,189529000.0,1391555000.0,1160735000.0,230820000.0,1783294961.0,-126630000.0,0.0,290000.0,-396000.0,0.0,37700000.0,-120388000.0,-111673000.0,-43942000.0,0.0,21330000.0,21330000.0,21330000.0,0.0,0.0,0.014,176305000.0,35120000.0,850432000.0,0.0,2.079,-46.334,-45.598,75980000.0,0.0,41.95,0.321,0.322,190182000.0,426442000.0,1474742000.0,1474742000.0,0.0,,,,,4849000.0,150966000.0,1.0,42510011.0,42621908.0,43040529.0,34.601,2127033000.0,114989000.0,13713000.0,0.0,49.905,641875000.0
35,WCG,MRQ,2010-12-31,2010-12-31,2010-12-31,2019-10-30,-2309000.0,2247293000.0,,1815171000.0,432122000.0,,19.64,-11324000.0,1359548000.0,1359548000.0,1158667000.0,26137000.0,1.531,1.701,0.0,0.0,0.0,0.0,67383000.0,6176000.0,0.0,0.0,0.0,36014000.0,42190000.0,0.031,42190000.0,36014000.0,35945000.0,0.62,0.62,0.62,832046000.0,,832046000.0,194466588.0,-3.0,-3.995,283717000.0,6.697,1.0,196783000.0,0.145,122559000.0,69000.0,-420515000.0,,0.0,279288000.0,108788000.0,170500000.0,1415247000.0,1185701000.0,229546000.0,1285481588.0,268533000.0,0.0,-1465000.0,-76000.0,0.0,20539000.0,-47047000.0,-35723000.0,295041000.0,0.0,26137000.0,26137000.0,26137000.0,0.0,0.0,0.019,160769000.0,36014000.0,797879000.0,0.0,1.545,-24.073,-23.984,76825000.0,0.0,30.22,0.236,0.235,160978000.0,405112000.0,1355450000.0,1355450000.0,0.0,,,,,6146000.0,136297000.0,1.0,42537445.0,42365061.0,,31.995,2124734000.0,129705000.0,9808000.0,0.0,50.153,629470000.0
36,WCG,MRQ,2010-09-30,2010-09-30,2010-09-30,2019-10-30,-1893000.0,2143131000.0,,1706728000.0,436403000.0,,18.872,-9320000.0,1091015000.0,1091015000.0,1147107000.0,42916000.0,1.541,1.672,0.0,0.0,0.0,0.0,65992000.0,6123000.0,0.0,0.0,0.0,73281000.0,79404000.0,0.057,79404000.0,73281000.0,73164000.0,1.01,1.0,1.01,802036000.0,,802036000.0,250466612.0,-3.0,-3.8,163310000.0,3.843,1.0,241066000.0,0.174,122942000.0,117000.0,-178595000.0,,0.0,244241000.0,72709000.0,171532000.0,1341095000.0,1107769000.0,233326000.0,1230730612.0,110751000.0,0.0,-1027000.0,-797000.0,0.0,-27788000.0,-34091000.0,-24771000.0,172630000.0,0.0,42916000.0,42916000.0,42916000.0,0.0,0.0,0.031,167785000.0,73281000.0,754980000.0,0.0,1.535,-17.994,-17.767,68534000.0,0.0,28.96,0.216,0.216,365260000.0,378975000.0,1388173000.0,1388173000.0,0.0,,,,,6176000.0,142712000.0,1.0,42497604.0,42497604.0,,32.665,2020189000.0,125915000.0,30248000.0,18362000.0,47.537,598959000.0
37,WCG,MRQ,2010-06-30,2010-06-30,2010-06-30,2019-10-30,-2089000.0,1965801000.0,,1511022000.0,454779000.0,,17.831,-2637000.0,980264000.0,980264000.0,1122791000.0,-128871000.0,1.593,1.601,0.0,0.0,0.0,0.0,114000.0,5891000.0,0.0,0.0,0.0,-192803000.0,-186912000.0,-0.139,-186912000.0,-192803000.0,-192836000.0,-3.05,-3.05,-3.05,755884000.0,,755884000.0,-20982613.0,0.0,0.224,-76707000.0,-1.81,1.0,217858000.0,0.163,123325000.0,33000.0,-86246000.0,,0.0,219149000.0,45018000.0,174131000.0,1209917000.0,948458000.0,261459000.0,1006354387.0,-47073000.0,0.0,-42000.0,-80000.0,0.0,14412000.0,12585000.0,15222000.0,-74070000.0,0.0,-128871000.0,-128871000.0,-128871000.0,0.0,0.0,-0.096,410661000.0,-192803000.0,704164000.0,0.0,1.331,-12.176,-12.112,65299000.0,0.0,23.74,0.168,0.168,345657000.0,336059000.0,1340649000.0,1340649000.0,0.0,,,,,1337000.0,395386000.0,1.0,42390665.0,42390665.0,,31.626,1842476000.0,115401000.0,-63965000.0,8204000.0,43.464,562564000.0
38,WCG,MRQ,2010-03-31,2010-03-31,2010-03-31,2019-10-30,-2968000.0,1917559000.0,,1525408000.0,392151000.0,,20.867,-4235000.0,1027337000.0,1027337000.0,1165972000.0,6418000.0,1.564,1.17,0.0,0.0,0.0,0.0,143000.0,5756000.0,0.0,0.0,0.0,10888000.0,16644000.0,0.012,16644000.0,10888000.0,10878000.0,0.15,0.15,0.15,883606000.0,,883606000.0,103723448.0,1.0,0.626,-174779000.0,-4.128,1.0,189981000.0,0.14,123709000.0,10000.0,-208854000.0,,0.0,232944000.0,56818000.0,176126000.0,1033953000.0,975367000.0,58586000.0,1261854448.0,-130794000.0,0.0,-2260000.0,-58000.0,0.0,31701000.0,8049000.0,12284000.0,-170544000.0,0.0,6418000.0,6418000.0,6418000.0,0.0,0.0,0.005,179093000.0,10888000.0,756449000.0,0.0,1.428,15.163,15.051,67077000.0,0.0,29.8,0.196,0.196,305859000.0,464930000.0,1355953000.0,1355953000.0,0.0,,,,,1142000.0,163593000.0,1.0,42344109.0,42344109.0,,32.022,1793850000.0,42854000.0,4460000.0,0.0,42.364,550041000.0
39,WCG,MRQ,2009-12-31,2009-12-31,2009-12-31,2019-10-30,-3119000.0,2118447000.0,,1717465000.0,400982000.0,,20.816,-6170000.0,1158131000.0,1158131000.0,1385247000.0,11139000.0,1.455,1.405,0.0,0.0,0.0,0.0,90496000.0,5789000.0,0.0,0.0,0.0,19168000.0,24957000.0,0.015,24957000.0,19168000.0,19168000.0,0.26,0.27,0.26,880900000.0,,880900000.0,384425757.0,4.0,3.218,-17787000.0,-0.42,1.0,238733000.0,0.147,124092000.0,0.0,-343846000.0,,0.0,244982000.0,62722000.0,182260000.0,1237547000.0,1180070000.0,57477000.0,1555643757.0,-13087000.0,0.0,-1664000.0,0.0,0.0,7368000.0,-8838000.0,-2668000.0,-11617000.0,0.0,11139000.0,11139000.0,11139000.0,0.0,0.0,0.007,219565000.0,19168000.0,845932000.0,0.0,1.766,39.017,38.695,61785000.0,0.0,36.76,0.226,0.226,363659000.0,458512000.0,1623980000.0,1623980000.0,0.0,,,,,14373000.0,122750000.0,1.0,42318927.0,42318927.0,,38.375,1994355000.0,58528000.0,8029000.0,4888000.0,47.127,537395000.0
40,WCG,MRQ,2009-09-30,2009-09-30,2009-09-30,2019-10-30,-2056000.0,2104793000.0,,1693554000.0,411239000.0,,20.347,-1710000.0,1171218000.0,1171218000.0,1420193000.0,28660000.0,1.44,1.45,0.0,0.0,0.0,0.0,20708000.0,5851000.0,0.0,0.0,0.0,45936000.0,51787000.0,0.031,51787000.0,45936000.0,45932000.0,0.68,0.68,0.68,858954000.0,,858954000.0,99901883.0,3.0,1.591,217828000.0,5.16,1.0,247452000.0,0.148,124475000.0,4000.0,-367378000.0,,0.0,243978000.0,59356000.0,184622000.0,1245839000.0,1176478000.0,69361000.0,1040586883.0,230533000.0,0.0,190000.0,-400000.0,0.0,-48633000.0,59628000.0,61338000.0,219538000.0,0.0,28660000.0,28660000.0,28660000.0,0.0,0.0,0.017,201516000.0,45936000.0,891541000.0,0.0,1.211,-441.488,-352.143,60098000.0,0.0,24.65,0.152,0.152,333195000.0,447373000.0,1667645000.0,1667645000.0,0.0,,,,,10534000.0,195665000.0,1.0,42214478.0,42214478.0,,39.504,1980318000.0,36701000.0,17272000.0,6737000.0,46.911,517076000.0
41,WCG,MRQ,2009-06-30,2009-06-30,2009-06-30,2019-10-30,-3147000.0,2093357000.0,,1633365000.0,459992000.0,,19.471,-3057000.0,940685000.0,940685000.0,1504019000.0,37005000.0,1.355,1.546,0.0,0.0,0.0,0.0,19331000.0,5957000.0,0.0,0.0,0.0,66220000.0,72177000.0,0.04,72177000.0,66220000.0,65203000.0,0.89,0.88,0.89,822119000.0,,822119000.0,-201516975.0,4.0,8.356,-47299000.0,-1.12,1.0,287259000.0,0.16,124858000.0,1017000.0,-177360000.0,,0.0,303992000.0,73956000.0,230036000.0,1271238000.0,1205174000.0,66064000.0,780682025.0,-193895000.0,0.0,1660000.0,-152000000.0,0.0,-145046000.0,-4607000.0,-1550000.0,-44242000.0,0.0,37005000.0,37005000.0,37005000.0,0.0,0.0,0.021,221039000.0,66220000.0,892559000.0,0.0,0.95,-15.872,-15.538,63856000.0,0.0,18.49,0.114,0.114,475464000.0,418713000.0,1791278000.0,1791278000.0,0.0,,,,,9630000.0,215082000.0,1.0,42221851.0,42221851.0,,42.425,1968499000.0,51577000.0,28198000.0,49065000.0,46.623,428191000.0
42,WCG,MRQ,2009-03-31,2009-03-31,2009-03-31,2019-10-30,-6536000.0,2201549000.0,,1737531000.0,464018000.0,,18.333,-5141000.0,1134580000.0,1134580000.0,1552998000.0,-36933000.0,1.244,1.843,152381000.0,152381000.0,0.0,152381000.0,18643000.0,5739000.0,0.0,0.0,0.0,-35217000.0,-29478000.0,-0.016,-29478000.0,-35217000.0,-37283000.0,-0.89,-0.89,-0.89,774301000.0,,774301000.0,-554044979.0,7.0,8.995,-110895000.0,-2.626,1.0,242263000.0,0.135,125241000.0,2066000.0,-302699000.0,,0.0,299051000.0,73778000.0,225273000.0,1427248000.0,1396808000.0,30440000.0,475136021.0,-47342000.0,0.0,-1432000.0,-400000.0,0.0,40956000.0,17456000.0,22597000.0,-105754000.0,0.0,-36933000.0,-36933000.0,-36933000.0,0.0,0.0,-0.021,277480000.0,-35217000.0,925172000.0,0.0,0.614,-6.328,-6.215,66373000.0,0.0,11.25,0.071,0.071,380669000.0,381708000.0,1795261000.0,1795261000.0,0.0,,,,,9612000.0,271741000.0,1.0,42234313.0,42234313.0,,42.507,2076308000.0,43735000.0,-350000.0,13047000.0,49.162,340723000.0
43,WCG,MRQ,2008-12-31,2008-12-31,2008-12-31,2019-10-30,-3761000.0,2203461000.0,,1704570000.0,498891000.0,,19.322,-6147000.0,1181922000.0,1181922000.0,1311962000.0,-31089000.0,1.249,1.734,152741000.0,152741000.0,0.0,152741000.0,81197000.0,5560000.0,0.0,0.0,0.0,-37254000.0,-31694000.0,-0.02,-31694000.0,-37254000.0,-39424000.0,-0.75,-0.75,-0.75,805829000.0,,805829000.0,-781807300.0,19.0,38.126,120271000.0,2.884,1.0,290174000.0,0.181,125624000.0,2170000.0,-315900000.0,,0.0,324423000.0,70112000.0,254311000.0,1397632000.0,1364556000.0,33076000.0,536339700.0,5639000.0,0.0,-320000.0,-800000.0,0.0,-38472000.0,-82307000.0,10382000.0,126418000.0,0.0,-31089000.0,-31089000.0,-31089000.0,0.0,0.0,-0.019,327428000.0,-37254000.0,779417000.0,0.0,0.666,-14.561,-14.449,66588000.0,0.0,12.86,0.082,0.082,302892000.0,418641000.0,1602136000.0,1602136000.0,0.0,,,,,8781000.0,154599000.0,1.0,41706042.0,41706042.0,,38.415,2077837000.0,43417000.0,-8335000.0,12187000.0,49.821,340014000.0
44,WCG,MRQ,2008-09-30,2008-09-30,2008-09-30,2019-10-30,-5383000.0,2240535000.0,,1673240000.0,567295000.0,,19.803,-5856000.0,1176283000.0,1176283000.0,1443742000.0,-18169000.0,1.258,1.713,153501000.0,153501000.0,0.0,153501000.0,513000.0,5386000.0,0.0,0.0,0.0,-40506000.0,-35120000.0,-0.021,-35120000.0,-40506000.0,-43468000.0,-0.44,-0.44,-0.44,825906000.0,,825906000.0,183270512.0,2.0,1.657,-14798000.0,-0.355,1.0,193690000.0,0.118,204346000.0,2962000.0,-316420000.0,,0.0,333184000.0,77290000.0,255894000.0,1414629000.0,1329827000.0,84802000.0,1501417512.0,-150215000.0,0.0,-951000.0,0.0,0.0,-83413000.0,-57860000.0,-52004000.0,-8942000.0,0.0,-18169000.0,-18169000.0,-18169000.0,0.0,0.0,-0.011,234196000.0,-40506000.0,796506000.0,0.0,1.818,28.068,27.692,65618000.0,0.0,36.0,0.238,0.238,240265000.0,449730000.0,1637432000.0,1637432000.0,0.0,,,,,11058000.0,228811000.0,1.0,41706042.0,41706042.0,,39.261,2036189000.0,55054000.0,-25299000.0,37770000.0,48.822,343413000.0
45,WCG,MRQ,2008-06-30,2008-06-30,2008-06-30,2019-10-30,-3835000.0,2338581000.0,,1831767000.0,506814000.0,,20.063,-3680000.0,1326498000.0,1326498000.0,1376940000.0,11105000.0,1.278,1.795,153461000.0,153461000.0,0.0,153461000.0,76956000.0,5227000.0,0.0,0.0,0.0,29468000.0,34695000.0,0.021,34695000.0,29468000.0,26564000.0,0.27,0.26,0.27,836752000.0,,836752000.0,189526418.0,1.0,0.601,108492000.0,2.601,1.0,268478000.0,0.163,204776000.0,2904000.0,-472474000.0,,0.0,282728000.0,74060000.0,208668000.0,1501829000.0,1433242000.0,68587000.0,1507673418.0,92252000.0,0.0,1120000.0,-400000.0,0.0,-11601000.0,-8319000.0,-4639000.0,112172000.0,0.0,11105000.0,11105000.0,11105000.0,0.0,0.0,0.007,239010000.0,29468000.0,756634000.0,0.0,1.802,9.984,9.823,64717000.0,0.0,36.15,0.25,0.25,262262000.0,467899000.0,1645418000.0,1645418000.0,0.0,,,,,7482000.0,233783000.0,1.0,41706042.0,41706042.0,,39.453,2133805000.0,36537000.0,15459000.0,45382000.0,51.163,398525000.0
46,WCG,MRQ,2008-03-31,2008-03-31,2008-03-31,2019-10-30,-2311000.0,2216599000.0,,1710906000.0,505693000.0,,19.494,-3876000.0,1234246000.0,1234246000.0,1397572000.0,1320000.0,1.278,1.726,153821000.0,153821000.0,0.0,153821000.0,2069000.0,5151000.0,0.0,0.0,0.0,6462000.0,11613000.0,0.007,11613000.0,6462000.0,3158000.0,0.03,0.03,0.03,813009000.0,,813009000.0,306303336.0,1.0,0.813,62903000.0,1.508,1.0,239349000.0,0.146,205233000.0,3304000.0,-407912000.0,,0.0,279613000.0,70488000.0,209125000.0,1403590000.0,1338853000.0,64737000.0,1624450336.0,225837000.0,0.0,-1530000.0,-800000.0,0.0,101709000.0,57349000.0,61225000.0,66779000.0,0.0,1320000.0,1320000.0,1320000.0,0.0,0.0,0.001,232887000.0,6462000.0,729111000.0,0.0,1.998,8.341,8.183,65808000.0,0.0,38.95,0.284,0.284,234247000.0,456794000.0,1636921000.0,1636921000.0,0.0,,,,,7607000.0,227736000.0,1.0,41706042.0,41706042.0,,39.249,2011366000.0,27027000.0,1838000.0,50785000.0,48.227,372053000.0
47,WCG,MRQ,2007-12-31,2007-12-31,2007-12-31,2019-10-30,-32000.0,2082731000.0,,1690942000.0,391789000.0,,19.371,-9104000.0,1008409000.0,1008409000.0,1076385000.0,59237000.0,1.407,1.578,154581000.0,154581000.0,0.0,154581000.0,19838000.0,5015000.0,0.0,0.0,0.0,94405000.0,99420000.0,0.071,99420000.0,94405000.0,90687000.0,1.44,1.42,1.44,807891000.0,,807891000.0,450606241.0,1.0,1.097,-99039000.0,-2.375,1.0,322607000.0,0.231,205756000.0,3718000.0,-178849000.0,,0.0,343117000.0,253881000.0,89236000.0,1274840000.0,1201996000.0,72844000.0,1768753241.0,-195003000.0,0.0,65000.0,-400000.0,0.0,-125670000.0,20602000.0,29706000.0,-89935000.0,0.0,59237000.0,59237000.0,59237000.0,0.0,0.0,0.042,228202000.0,94405000.0,665138000.0,0.0,2.189,8.18,7.987,66560000.0,0.0,42.41,0.328,0.328,309977000.0,455474000.0,1398992000.0,1398992000.0,0.0,,,,,432000.0,223187000.0,1.0,41706042.0,41706042.0,,33.544,1876975000.0,6429000.0,31450000.0,5985000.0,45.005,488946000.0
48,WCG,MRQ,2007-09-30,2007-09-30,2007-09-30,2019-10-30,174000.0,2215426000.0,,1796106000.0,419320000.0,,17.919,-4536000.0,1203412000.0,1203412000.0,972880000.0,79346000.0,1.557,1.964,154541000.0,1600000.0,152941000.0,154541000.0,37354000.0,4924000.0,0.0,0.0,0.0,164476000.0,169400000.0,0.125,169400000.0,164476000.0,161058000.0,1.94,1.88,1.94,747350000.0,,747350000.0,3078921008.0,8.0,7.665,-3990000.0,-0.096,1.0,385546000.0,0.284,206313000.0,3418000.0,-193166000.0,,0.0,372823000.0,286255000.0,86568000.0,1468076000.0,1153408000.0,314668000.0,4397068008.0,-271636000.0,0.0,3153000.0,-400000.0,0.0,-135064000.0,-137118000.0,-132582000.0,546000.0,0.0,79346000.0,79346000.0,79346000.0,0.0,0.0,0.058,221070000.0,164476000.0,696778000.0,0.0,5.884,21.295,20.632,63295000.0,0.0,105.43,0.872,0.872,165445000.0,396236000.0,1358426000.0,1358426000.0,0.0,,,,,1438000.0,216146000.0,1.0,41706042.0,41706042.0,,32.571,2009113000.0,41735000.0,81712000.0,99105000.0,48.173,642698000.0
49,WCG,MRQ,2007-06-30,2007-06-30,2007-06-30,2019-10-30,28000.0,2297434000.0,,1951157000.0,346277000.0,,15.846,-4183000.0,1475048000.0,1475048000.0,1068847000.0,54850000.0,1.351,2.506,154901000.0,1600000.0,153301000.0,154901000.0,257822000.0,4252000.0,0.0,0.0,0.0,92254000.0,96506000.0,0.073,96506000.0,92254000.0,88815000.0,1.35,1.31,1.35,655344000.0,,655344000.0,2553627380.0,9.0,8.3,147259000.0,3.561,1.0,258205000.0,0.195,206921000.0,3439000.0,-674216000.0,,0.0,240241000.0,166264000.0,73977000.0,1642090000.0,1444582000.0,197508000.0,3743275380.0,130139000.0,0.0,4549000.0,-400000.0,0.0,11039000.0,-32342000.0,-28159000.0,151442000.0,0.0,54850000.0,54850000.0,54850000.0,0.0,0.0,0.041,165951000.0,92254000.0,712084000.0,0.0,5.712,22.423,21.705,63096000.0,0.0,90.51,0.81,0.81,168391000.0,316890000.0,1327052000.0,1327052000.0,0.0,,,,,-4743000.0,161699000.0,1.0,41357589.0,41357589.0,,32.087,2090513000.0,41396000.0,33965000.0,37011000.0,50.547,506575000.0
50,WCG,MRQ,2007-03-31,2007-03-31,2007-03-31,2019-10-30,67000.0,2124436000.0,,1791882000.0,332554000.0,,14.109,-5069000.0,1344909000.0,1344909000.0,1095272000.0,22803000.0,1.328,2.678,155261000.0,1600000.0,153661000.0,155261000.0,232055000.0,4566000.0,0.0,0.0,0.0,40867000.0,45433000.0,0.035,45433000.0,40867000.0,37407000.0,0.57,0.55,0.57,577668000.0,,577668000.0,2681591999.0,12.0,10.768,210479000.0,5.141,1.0,211049000.0,0.162,207602000.0,3460000.0,-622600000.0,,0.0,212082000.0,151143000.0,60939000.0,1546768000.0,1349786000.0,196982000.0,3490512999.0,380367000.0,0.0,5067000.0,-400000.0,0.0,202166000.0,-37347000.0,-32278000.0,215548000.0,0.0,22803000.0,22803000.0,22803000.0,0.0,0.0,0.017,170182000.0,40867000.0,645555000.0,0.0,6.042,26.696,25.912,62484000.0,0.0,85.25,0.843,0.843,169217000.0,262038000.0,1306321000.0,1306321000.0,0.0,,,,,-1498000.0,165616000.0,1.0,40944434.0,40944434.0,,31.905,1916834000.0,37433000.0,14604000.0,34149000.0,46.815,442096000.0
51,WCG,MRQ,2006-12-31,2006-12-31,2006-12-31,2019-10-30,61000.0,1664298000.0,,1339491000.0,324807000.0,,13.186,-27848000.0,964542000.0,964542000.0,790704000.0,49489000.0,1.435,2.099,155621000.0,1600000.0,154021000.0,155621000.0,3313000.0,4429000.0,0.0,0.0,0.0,85922000.0,90351000.0,0.086,90351000.0,85922000.0,82517000.0,1.25,1.21,1.25,537059000.0,,537059000.0,2173349192.0,10.0,9.357,145622000.0,3.575,1.0,258181000.0,0.246,208325000.0,3405000.0,-286192000.0,,0.0,179804000.0,126422000.0,53382000.0,1127239000.0,933244000.0,193995000.0,2806276192.0,175634000.0,-105836000.0,2910000.0,-400000.0,0.0,7380000.0,-5222000.0,128462000.0,173470000.0,0.0,49489000.0,49489000.0,49489000.0,0.0,0.0,0.047,172259000.0,85922000.0,617098000.0,0.0,5.225,23.149,22.37,61258000.0,0.0,68.9,0.772,0.772,141463000.0,239238000.0,1048885000.0,1048885000.0,0.0,,,,,-1065000.0,167830000.0,1.0,40729698.0,40729698.0,,25.752,1455973000.0,19901000.0,33028000.0,34726000.0,35.747,406247000.0
52,WCG,MRQ,2006-09-30,2006-09-30,2006-09-30,2019-10-30,67000.0,1459654000.0,,1142999000.0,316655000.0,,12.255,17630000.0,788908000.0,788908000.0,735608000.0,39796000.0,1.478,1.933,155981000.0,1600000.0,154381000.0,155981000.0,10618000.0,6397000.0,0.0,0.0,0.0,68979000.0,75376000.0,0.08,75376000.0,68979000.0,65355000.0,1.0,0.97,1.0,497724000.0,,497724000.0,1647096870.0,12.0,10.409,72106000.0,1.775,1.0,200902000.0,0.215,205589000.0,3624000.0,-152094000.0,,0.0,184119000.0,131125000.0,52994000.0,961930000.0,773232000.0,188698000.0,2299914870.0,-45251000.0,97860000.0,2499000.0,-24400000.0,0.0,-135240000.0,35513000.0,-80921000.0,54476000.0,0.0,39796000.0,39796000.0,39796000.0,0.0,0.0,0.042,131923000.0,68979000.0,554562000.0,0.0,4.621,29.479,28.601,56028000.0,0.0,56.63,0.746,0.746,137327000.0,211596000.0,936510000.0,936510000.0,0.0,,,,,4319000.0,125526000.0,1.0,40613012.0,40613012.0,,23.059,1254065000.0,17377000.0,25559000.0,35855000.0,30.878,369767000.0
53,WCG,MRQ,2006-06-30,2006-06-30,2006-06-30,2019-10-30,0.0,1603336000.0,,1292979000.0,310357000.0,,11.04,-9858000.0,834159000.0,834159000.0,707609000.0,18660000.0,1.324,2.591,181341000.0,26600000.0,154741000.0,181341000.0,161921000.0,3254000.0,0.0,0.0,0.0,34628000.0,37882000.0,0.045,37882000.0,34628000.0,30954000.0,0.47,0.46,0.47,446485000.0,,446485000.0,1375627703.0,13.0,11.907,45338000.0,1.121,1.0,143068000.0,0.168,206100000.0,3674000.0,-232002000.0,,0.0,227345000.0,178842000.0,48503000.0,1156851000.0,976420000.0,180431000.0,1983656703.0,44429000.0,0.0,4323000.0,-400000.0,0.0,27976000.0,-38743000.0,-27941000.0,55196000.0,0.0,18660000.0,18660000.0,18660000.0,0.0,0.0,0.022,108440000.0,34628000.0,478812000.0,0.0,4.443,36.385,34.787,53545000.0,0.0,49.05,0.75,0.75,203547000.0,168315000.0,850677000.0,850677000.0,0.0,,,,,4665000.0,105186000.0,1.0,40441523.0,40441523.0,,21.035,1397236000.0,27355000.0,12294000.0,31581000.0,34.55,316559000.0
54,WCG,MRQ,2006-03-31,2006-03-31,2006-03-31,2019-10-30,0.0,1462632000.0,,1156462000.0,306170000.0,,10.486,-11568000.0,789730000.0,789730000.0,673369000.0,13285000.0,1.329,2.531,181701000.0,26600000.0,155101000.0,181701000.0,205990000.0,3090000.0,0.0,0.0,0.0,25578000.0,28668000.0,0.036,28668000.0,25578000.0,22194000.0,0.34,0.33,0.34,414189000.0,,414189000.0,1555132105.0,16.0,14.612,212922000.0,5.391,1.0,126522000.0,0.158,206302000.0,3384000.0,-222075000.0,,0.0,199404000.0,147755000.0,51649000.0,1048443000.0,870376000.0,178067000.0,1794837105.0,367964000.0,0.0,20541000.0,-400000.0,0.0,222978000.0,-79504000.0,-67936000.0,224490000.0,0.0,13285000.0,13285000.0,13285000.0,0.0,0.0,0.017,100944000.0,25578000.0,353157000.0,0.0,4.333,35.887,34.424,44206000.0,0.0,45.44,0.799,0.799,154464000.0,146138000.0,799891000.0,799891000.0,0.0,,,,,4723000.0,97854000.0,1.0,39499056.0,39499056.0,,20.251,1256330000.0,37971000.0,8909000.0,42557000.0,31.807,286086000.0
55,WCG,MRQ,2005-12-31,2005-12-31,2005-12-31,2019-10-30,22000.0,896343000.0,,612105000.0,284238000.0,,9.191,-9414000.0,421766000.0,421766000.0,398547000.0,6279000.0,1.708,1.486,182061000.0,26600000.0,155461000.0,182061000.0,12606000.0,2828000.0,0.0,0.0,0.0,13480000.0,16308000.0,0.033,16308000.0,13480000.0,10319000.0,0.17,0.16,0.17,360550000.0,,360550000.0,1348791037.0,15.0,13.426,-100143000.0,-2.553,1.0,98784000.0,0.199,207447000.0,3161000.0,90722000.0,,0.0,131468000.0,94160000.0,37308000.0,535793000.0,358469000.0,177324000.0,1602454037.0,-14318000.0,-5931000.0,2671000.0,-400000.0,0.0,2271000.0,74140000.0,83554000.0,-90729000.0,0.0,6279000.0,6279000.0,6279000.0,0.0,0.0,0.013,85304000.0,13480000.0,264871000.0,0.0,4.444,33.83,32.421,37057000.0,0.0,40.85,0.859,0.859,47567000.0,118009000.0,497331000.0,497331000.0,0.0,,,,,3261000.0,82476000.0,1.0,39227761.0,39227761.0,,12.678,688896000.0,31984000.0,4040000.0,17837000.0,17.561,253636000.0
56,WCG,MRQ,2005-09-30,2005-09-30,2005-09-30,2019-10-30,17000.0,971747000.0,,696882000.0,274865000.0,,9.019,-8033000.0,436084000.0,436084000.0,396111000.0,16295000.0,1.667,1.751,182421000.0,1600000.0,180821000.0,182421000.0,138252000.0,2286000.0,0.0,0.0,0.0,30384000.0,32670000.0,0.066,32670000.0,30384000.0,26754000.0,0.43,0.41,0.43,353208000.0,,353208000.0,1380264850.0,14.0,12.838,184913000.0,4.722,1.0,99344000.0,0.201,208633000.0,3630000.0,91391000.0,,0.0,214998000.0,178403000.0,36595000.0,618539000.0,418060000.0,200479000.0,1450978850.0,182589000.0,0.0,179000.0,-400000.0,0.0,-221000.0,-10136000.0,-1103000.0,192946000.0,0.0,16295000.0,16295000.0,16295000.0,0.0,0.0,0.033,68960000.0,30384000.0,274900000.0,0.0,4.108,27.911,26.848,29526000.0,0.0,37.05,0.828,0.828,56167000.0,118533000.0,495455000.0,495455000.0,0.0,,,,,1527000.0,66674000.0,1.0,39162722.0,39162722.0,,12.651,763114000.0,19195000.0,10459000.0,19418000.0,19.486,278822000.0
57,WCG,MRQ,2005-06-30,2005-06-30,2005-06-30,2019-10-30,15000.0,788727000.0,,521625000.0,267102000.0,,8.645,-9398000.0,253495000.0,253495000.0,365804000.0,14154000.0,2.053,1.353,182781000.0,1600000.0,181181000.0,182781000.0,233000.0,2048000.0,0.0,0.0,0.0,26731000.0,28779000.0,0.063,28779000.0,26731000.0,23165000.0,0.38,0.36,0.38,335204000.0,,335204000.0,1219267558.0,12.0,11.44,-73472000.0,-1.895,1.0,87872000.0,0.194,208753000.0,3566000.0,255205000.0,,0.0,213895000.0,178090000.0,35805000.0,453523000.0,254055000.0,199468000.0,1376871558.0,-87250000.0,0.0,200000.0,-400000.0,0.0,-200000.0,-22976000.0,-8647000.0,-64074000.0,0.0,14154000.0,14154000.0,14154000.0,0.0,0.0,0.031,61141000.0,26731000.0,252222000.0,0.0,4.108,26.235,24.832,22408000.0,0.0,35.51,0.844,0.844,64241000.0,102237000.0,453676000.0,453676000.0,0.0,,,,,452000.0,59093000.0,1.0,38774192.0,38774192.0,,11.7,579974000.0,21661000.0,9011000.0,16665000.0,14.958,267570000.0
58,WCG,MRQ,2005-03-31,2005-03-31,2005-03-31,2019-10-30,4000.0,833349000.0,,582660000.0,250689000.0,,8.296,-2098000.0,340745000.0,340745000.0,344926000.0,10640000.0,1.861,1.601,183141000.0,1600000.0,181541000.0,183141000.0,64453000.0,2042000.0,0.0,0.0,0.0,20665000.0,22707000.0,0.054,22707000.0,20665000.0,17460000.0,0.29,0.27,0.29,320388000.0,,320388000.0,962222569.0,11.0,10.158,41206000.0,1.067,1.0,73955000.0,0.177,204988000.0,3205000.0,157668000.0,,0.0,205248000.0,173746000.0,31502000.0,512961000.0,313089000.0,199872000.0,1176348569.0,-56882000.0,0.0,572000.0,-400000.0,0.0,172000.0,-100358000.0,-98260000.0,43304000.0,0.0,10640000.0,10640000.0,10640000.0,0.0,0.0,0.025,53290000.0,20665000.0,241405000.0,0.0,3.672,25.761,23.252,13943000.0,0.0,30.46,0.785,0.785,44534000.0,88084000.0,418881000.0,418881000.0,0.0,,,,,719000.0,51248000.0,1.0,38619454.0,38619454.0,,10.846,628361000.0,18123000.0,6820000.0,21219000.0,16.271,269571000.0
59,WCG,MRQ,2004-12-31,2004-12-31,2004-12-31,2019-10-30,-3000.0,803386000.0,,552758000.0,250628000.0,,8.142,-4208000.0,397627000.0,397627000.0,311784000.0,10896000.0,1.828,1.662,183501000.0,1600000.0,181901000.0,183501000.0,63449000.0,2114000.0,0.0,0.0,0.0,21240000.0,23354000.0,0.061,23354000.0,21240000.0,18101000.0,0.28,0.27,0.28,301828000.0,,301828000.0,1123181425.0,14.0,12.876,19111000.0,0.516,1.0,72535000.0,0.189,206289000.0,3139000.0,80654000.0,,0.0,106988000.0,75515000.0,31473000.0,501558000.0,302317000.0,199241000.0,1204745425.0,132202000.0,0.0,45253000.0,-400000.0,0.0,44853000.0,64030000.0,68238000.0,23319000.0,0.0,10896000.0,10896000.0,10896000.0,0.0,0.0,0.028,51295000.0,21240000.0,213775000.0,0.0,3.991,28.382,22.26,12587000.0,0.0,32.5,0.872,0.872,52170000.0,70641000.0,384319000.0,384319000.0,0.0,,,,,331000.0,49181000.0,1.0,37069090.0,37069090.0,,10.368,597097000.0,21327000.0,7205000.0,14818000.0,16.108,250441000.0
60,WCG,MRQ,2004-09-30,2004-09-30,2004-09-30,2019-10-30,-6000.0,729486000.0,,483105000.0,246381000.0,,6.622,-3197000.0,265425000.0,265425000.0,296737000.0,16793000.0,1.642,1.972,183861000.0,1600000.0,182261000.0,183861000.0,66693000.0,1916000.0,0.0,0.0,0.0,29827000.0,31743000.0,0.085,31743000.0,29827000.0,26912000.0,0.48,0.45,0.48,245462000.0,,245462000.0,674661256.0,10.0,9.321,50829000.0,1.371,1.0,77907000.0,0.208,207769000.0,2915000.0,145952000.0,,0.0,175223000.0,144820000.0,30403000.0,484024000.0,294201000.0,189823000.0,702459256.0,50165000.0,0.0,112295000.0,-3641000.0,0.0,108654000.0,-112515000.0,-109318000.0,54026000.0,0.0,16793000.0,16793000.0,16793000.0,0.0,0.0,0.045,48080000.0,29827000.0,211207000.0,0.0,2.862,21.46,,7841000.0,0.0,18.95,0.55,0.55,50312000.0,59745000.0,374644000.0,374644000.0,0.0,,,,,391000.0,46164000.0,1.0,37069090.0,37069090.0,,10.107,521717000.0,15397000.0,10119000.0,20829000.0,14.074,188904000.0
61,WCG,MRQ,2004-06-30,2004-06-30,2004-06-30,2019-10-30,-1000.0,545423000.0,,308563000.0,236860000.0,,3.166,-500000.0,215260000.0,215260000.0,263784000.0,8936000.0,1.299,3.712,187462000.0,1594000.0,185868000.0,187462000.0,26861000.0,2026000.0,0.0,,0.0,14899000.0,16925000.0,0.053,16925000.0,14899000.0,13053000.0,0.26,0.23,0.26,115750000.0,,115750000.0,,,,-4926000.0,-0.135,1.0,57647000.0,0.179,204538000.0,1846000.0,75511000.0,,0.0,39056000.0,39056000.0,0.0,429673000.0,237576000.0,192097000.0,,16461000.0,-36542000.0,0.0,57999000.0,0.0,58094000.0,-37207000.0,-165000.0,-4426000.0,0.0,7335000.0,7335000.0,7335000.0,0.0,1601000.0,0.023,41147000.0,16500000.0,209121000.0,0.0,,,,5175000.0,0.0,,,,31219000.0,42952000.0,321431000.0,321431000.0,0.0,,,,,1062000.0,39121000.0,1.0,36561314.0,36561314.0,,8.792,340885000.0,12768000.0,5718000.0,4806000.0,9.324,70987000.0
62,WCG,MRQ,2004-03-31,2004-03-31,2004-03-31,2019-10-30,1000.0,472340000.0,,270827000.0,201513000.0,,,-774000.0,199098000.0,199098000.0,251435000.0,5822000.0,0.988,3.47,132442000.0,44672000.0,87770000.0,132442000.0,52033000.0,1659000.0,0.0,,0.0,10380000.0,12039000.0,0.04,12039000.0,10380000.0,8115000.0,0.15,0.13,0.15,105659000.0,,105659000.0,,,,-24931000.0,,1.0,50401000.0,0.167,170223000.0,2265000.0,-38677000.0,,0.0,38930000.0,38930000.0,0.0,366681000.0,274138000.0,92543000.0,,-38522000.0,0.0,0.0,-3591000.0,0.0,-3591000.0,-10774000.0,-10000000.0,-24157000.0,0.0,4251000.0,4251000.0,4251000.0,0.0,1571000.0,0.014,38450000.0,11951000.0,173558000.0,0.0,,,,4752000.0,0.0,,,,16723000.0,34016000.0,301836000.0,301836000.0,0.0,,,,,260000.0,36791000.0,1.0,,,,,302117000.0,11977000.0,3864000.0,8130000.0,,-3311000.0
63,WCG,MRQ,2003-12-31,2003-12-31,2003-12-31,2019-10-30,1000.0,497107000.0,,299590000.0,197517000.0,,,-350000.0,237321000.0,237321000.0,227501000.0,5914000.0,0.986,3.992,135755000.0,48170000.0,87585000.0,135755000.0,76248000.0,1865000.0,0.0,,0.0,9809000.0,11674000.0,0.042,11674000.0,9809000.0,6088000.0,,,,99577000.0,,99577000.0,,,,99383000.0,,1.0,52220000.0,0.187,171128000.0,3721000.0,-79527000.0,,0.0,55170000.0,33778000.0,21392000.0,397530000.0,303940000.0,93590000.0,,95746000.0,0.0,0.0,-256000.0,0.0,-342000.0,-3645000.0,-3295000.0,99733000.0,0.0,4354000.0,4354000.0,4354000.0,0.0,1560000.0,0.016,40851000.0,11369000.0,178127000.0,,,,,4717000.0,0.0,,,,12792000.0,28194000.0,279721000.0,279721000.0,0.0,,,,,746000.0,38986000.0,1.0,,,,,325979000.0,12036000.0,1734000.0,5366000.0,,-4350000.0
64,WCG,MRQ,2003-09-30,2003-09-30,2003-09-30,2019-10-30,,,,,,,,-1043000.0,,,211421000.0,7687000.0,,,,,,,,1798000.0,,,0.0,16269000.0,18067000.0,0.069,18067000.0,16269000.0,14202000.0,,,,,,,,,,10528000.0,,1.0,49126000.0,0.189,,2067000.0,,,,,,,,,,,5177000.0,0.0,0.0,-7440000.0,0.0,-7054000.0,660000.0,1703000.0,11571000.0,0.0,6176000.0,6176000.0,6176000.0,0.0,1511000.0,0.024,31346000.0,17780000.0,,,,,,,0.0,,,,,,260547000.0,260547000.0,0.0,,,,,0.0,29548000.0,1.0,,,,,,,8026000.0,,,
65,WCG,MRQ,2003-06-30,2003-06-30,2003-06-30,2019-10-30,,,,,,,,-382000.0,,,208114000.0,6508000.0,,,,,,,,1764000.0,,,0.0,12548000.0,14312000.0,0.056,14312000.0,12548000.0,9743000.0,0.19,0.18,0.19,,,,,,,11295000.0,,1.0,46043000.0,0.181,,2805000.0,,,,,,,,,,,-10038000.0,0.0,0.0,-21932000.0,0.0,-21832000.0,117000.0,499000.0,11677000.0,0.0,5030000.0,5030000.0,5030000.0,0.0,1478000.0,0.02,32017000.0,14026000.0,,0.0,,,,,0.0,,,,,,254157000.0,254157000.0,0.0,,,,,0.0,30253000.0,1.0,,,,,,,4713000.0,,,
66,WCG,MRQ,2003-03-31,2003-03-31,2003-03-31,2019-10-30,,,,,,,,-1267000.0,,,214017000.0,3428000.0,,,,,,,,2732000.0,,,0.0,6041000.0,8773000.0,0.035,8773000.0,6041000.0,4462000.0,0.07,0.07,0.07,,,,,,,-1450000.0,,1.0,37540000.0,0.149,,1579000.0,,,,,,,,,,,-348000.0,0.0,0.0,15280000.0,0.0,15280000.0,-15445000.0,-14178000.0,-183000.0,0.0,1980000.0,1980000.0,1980000.0,0.0,1448000.0,0.008,30051000.0,7489000.0,,0.0,,,,,0.0,,,,,,251557000.0,251557000.0,0.0,,,,,0.0,30051000.0,1.0,,,,,,,2482000.0,,,
67,WCG,MRQ,2002-12-31,2002-12-31,2002-12-31,2019-10-30,33000.0,409504000.0,,250374000.0,159130000.0,,,,146989000.0,146989000.0,,,1.011,4.466,156295000.0,71460000.0,84835000.0,156295000.0,23664000.0,,0.0,,0.0,,,,,,,,,,74917000.0,,74917000.0,,,,,,1.0,,,134035000.0,,37045000.0,,0.0,69010000.0,69010000.0,0.0,334587000.0,247730000.0,86857000.0,,,,,,,,,,,,,,,,,,,,143351000.0,,,,,4207000.0,,,,,23088000.0,4657000.0,,,,,,,,,,1.0,,,,,275469000.0,8897000.0,,9775000.0,,2644000.0
0,WCG,MRT,2019-09-30,2019-09-30,2019-09-30,2019-10-30,13000000.0,13861700000.0,13009450000.0,7400500000.0,6461200000.0,2.074,96.522,-223700000.0,2885000000.0,2885000000.0,23468600000.0,631100000.0,1.156,1.854,2029100000.0,0.0,2029100000.0,2029100000.0,48700000.0,260200000.0,0.0,0.0,0.0,951300000.0,1211500000.0,0.045,1211500000.0,951300000.0,831600000.0,12.44,12.32,12.44,4856400000.0,4522725000.0,4856400000.0,11842380996.0,12.0,9.775,764900000.0,15.203,1.0,3514700000.0,0.13,3122100000.0,119700000.0,3479700000.0,2675300000.0,0.0,3142300000.0,1082000000.0,2060300000.0,9005300000.0,6404000000.0,2601300000.0,13039380996.0,-1679200000.0,-115800000.0,-39700000.0,-100000000.0,0.0,-894100000.0,-1773700000.0,-1434200000.0,988600000.0,0.0,631100000.0,631100000.0,631100000.0,0.0,0.0,0.023,1930300000.0,1584400000.0,5555300000.0,0.0,2.685,20.661,20.834,477300000.0,0.0,259.17,0.483,0.483,2180000000.0,2842500000.0,26983300000.0,26983300000.0,0.0,0.049,0.14,0.356,0.035,78200000.0,2092000000.0,1.0,50312077.0,50313901.0,50846402.0,536.299,10739600000.0,0.0,200500000.0,105800000.0,213.452,996500000.0
1,WCG,MRT,2019-06-30,2019-06-30,2019-06-30,2019-10-30,15600000.0,13205500000.0,12658650000.0,7266700000.0,5938800000.0,1.967,91.504,-208500000.0,3275200000.0,3275200000.0,21542500000.0,520700000.0,1.225,1.869,2078200000.0,0.0,2078200000.0,2078200000.0,32700000.0,246500000.0,0.0,0.0,0.0,847000000.0,1093500000.0,0.044,1093500000.0,847000000.0,733100000.0,10.39,10.28,10.39,4603300000.0,4349225000.0,4603300000.0,12957692234.0,15.0,11.85,-199600000.0,-3.968,1.0,3358700000.0,0.135,3173600000.0,113900000.0,2904600000.0,2094875000.0,0.0,2468500000.0,929300000.0,1539200000.0,8602200000.0,5930300000.0,2671900000.0,14339992234.0,-1993800000.0,-2151500000.0,1302000000.0,885300000.0,0.0,1208000000.0,-3210700000.0,-850700000.0,8900000.0,0.0,520700000.0,520700000.0,520700000.0,0.0,0.0,0.021,1864800000.0,1493900000.0,5063800000.0,0.0,3.115,27.54,27.437,472300000.0,0.0,285.07,0.576,0.576,2047000000.0,2601500000.0,24901200000.0,24901200000.0,0.0,0.041,0.12,0.404,0.034,82500000.0,1957800000.0,1.0,50303407.0,50307031.0,50811807.0,494.984,10031900000.0,0.0,212400000.0,139700000.0,199.413,1336400000.0
2,WCG,MRT,2019-03-31,2019-03-31,2019-03-31,2019-10-30,4900000.0,13205900000.0,11890875000.0,7780700000.0,5425200000.0,1.895,87.648,-167400000.0,3509600000.0,3509600000.0,19258200000.0,489500000.0,1.28,2.007,2127300000.0,0.0,2127300000.0,2127300000.0,16900000.0,212900000.0,0.0,0.0,0.0,819100000.0,1032000000.0,0.046,1032000000.0,819100000.0,719200000.0,10.15,10.03,10.15,4391200000.0,3866375000.0,4391200000.0,11723875181.0,14.0,11.36,-364100000.0,-7.267,1.0,3271900000.0,0.145,3192400000.0,99900000.0,2553900000.0,1116000000.0,0.0,2026200000.0,968600000.0,1057600000.0,8814700000.0,6077300000.0,2737400000.0,13486075181.0,-1551200000.0,-2142900000.0,1302300000.0,935300000.0,0.0,1460400000.0,-2814900000.0,-504600000.0,-196700000.0,0.0,489500000.0,489500000.0,489500000.0,0.0,0.0,0.022,1800200000.0,1471700000.0,5008600000.0,0.0,3.071,27.551,26.576,424900000.0,0.0,269.75,0.599,0.6,2449200000.0,2418700000.0,22530100000.0,22530100000.0,0.0,0.041,0.127,0.734,0.036,81500000.0,1848900000.0,1.0,49994718.0,50100509.0,50842304.0,449.698,10013500000.0,0.0,229700000.0,149000000.0,199.868,1703400000.0
3,WCG,MRT,2018-12-31,2018-12-31,2018-12-31,2019-10-30,-8900000.0,11764700000.0,11007250000.0,6832400000.0,4932300000.0,1.855,90.661,-153500000.0,3888600000.0,3888600000.0,17276700000.0,439800000.0,1.362,1.775,2126400000.0,0.0,2126400000.0,2126400000.0,1400000.0,179700000.0,0.0,0.0,0.0,780300000.0,960000000.0,0.047,960000000.0,780300000.0,692800000.0,9.4,9.29,9.4,4240000000.0,3394175000.0,4240000000.0,9386579880.0,12.0,9.778,125500000.0,2.683,1.0,3137400000.0,0.154,3223900000.0,87500000.0,1763000000.0,257050000.0,0.0,1643300000.0,830100000.0,813200000.0,7524700000.0,5015600000.0,2509100000.0,11802579880.0,-546400000.0,-2142900000.0,1318900000.0,935300000.0,0.0,1742600000.0,-2568000000.0,-271600000.0,279000000.0,0.0,439800000.0,439800000.0,439800000.0,0.0,0.0,0.022,1701000000.0,1436400000.0,4320900000.0,0.0,2.784,26.836,25.116,428200000.0,0.0,236.09,0.578,0.541,1871300000.0,2267300000.0,20414100000.0,20414100000.0,0.0,0.04,0.13,3.036,0.038,70800000.0,1701000000.0,1.0,49991867.0,46767626.0,47354536.0,436.501,8540800000.0,0.0,253000000.0,134200000.0,182.622,1816800000.0
4,WCG,MRT,2018-09-30,2018-09-30,2018-09-30,2019-10-30,-11400000.0,12458500000.0,10157225000.0,7682200000.0,4776300000.0,1.84,87.239,-123300000.0,4541400000.0,4541400000.0,15863000000.0,444600000.0,1.324,1.993,2125400000.0,0.0,2125400000.0,2125400000.0,20800000.0,152900000.0,0.0,0.0,0.0,687100000.0,840000000.0,0.045,840000000.0,687100000.0,612200000.0,9.77,9.64,9.77,4162400000.0,2938350000.0,4162400000.0,10203492488.0,15.0,12.147,-120800000.0,-2.532,1.0,2825400000.0,0.151,3080100000.0,74900000.0,1158000000.0,-267300000.0,0.0,1878800000.0,1034400000.0,844400000.0,8296100000.0,5804400000.0,2491700000.0,14347492488.0,-568900000.0,-2035500000.0,1317400000.0,935300000.0,0.0,2228900000.0,-2800300000.0,-641500000.0,2500000.0,0.0,444600000.0,444600000.0,444600000.0,0.0,0.0,0.024,1894600000.0,930800000.0,4214400000.0,0.0,3.447,32.271,32.803,384100000.0,0.0,320.49,0.768,0.818,1732300000.0,2211400000.0,18688400000.0,18688400000.0,0.0,0.044,0.151,-2.571,0.037,78500000.0,1611500000.0,1.0,44767364.0,47712712.0,48384427.0,391.686,9378400000.0,0.0,167600000.0,117200000.0,196.56,1877800000.0
5,WCG,MRT,2018-06-30,2018-06-30,2018-06-30,2019-10-30,-10600000.0,10134400000.0,9324725000.0,7603000000.0,2531400000.0,1.934,59.694,-126500000.0,5327800000.0,5327800000.0,15375200000.0,485600000.0,1.272,2.793,1183800000.0,0.0,1183800000.0,1183800000.0,580000000.0,138100000.0,0.0,0.0,0.0,700500000.0,838600000.0,0.047,838600000.0,700500000.0,632100000.0,10.89,10.76,10.89,2671900000.0,2481100000.0,2671900000.0,7165959653.0,10.0,8.545,1365200000.0,30.501,1.0,2658000000.0,0.147,1024000000.0,68400000.0,-1010900000.0,-777900000.0,0.0,1515500000.0,793500000.0,722000000.0,7462500000.0,5977300000.0,1485200000.0,11020359653.0,1065800000.0,-10400000.0,-21900000.0,0.0,0.0,346400000.0,-772300000.0,-635400000.0,1491700000.0,0.0,485600000.0,485600000.0,485600000.0,0.0,0.0,0.027,1730400000.0,927600000.0,3401800000.0,0.0,4.125,22.694,22.612,331100000.0,0.0,246.24,0.611,0.611,1239400000.0,2080800000.0,18033200000.0,18033200000.0,0.0,0.052,0.196,-0.901,0.039,66400000.0,1550600000.0,1.0,44754547.0,44759808.0,45282294.0,402.888,9110400000.0,0.0,146500000.0,56100000.0,203.54,1625700000.0
6,WCG,MRT,2018-03-31,2018-03-31,2018-03-31,2019-10-30,-10600000.0,9671400000.0,8919400000.0,7177200000.0,2494200000.0,1.984,56.1,-128800000.0,5037400000.0,5037400000.0,15228200000.0,408100000.0,1.264,2.865,1183000000.0,0.0,1183000000.0,1183000000.0,592900000.0,132900000.0,0.0,0.0,0.0,586300000.0,719200000.0,0.041,719200000.0,586300000.0,516900000.0,9.17,9.06,9.17,2502400000.0,2351200000.0,2502400000.0,5605979508.0,10.0,7.795,1005000000.0,22.531,1.0,2471000000.0,0.14,1019100000.0,69400000.0,-881900000.0,-575200000.0,0.0,1434400000.0,708600000.0,725800000.0,7169000000.0,5679800000.0,1489200000.0,8622179508.0,-786400000.0,-728300000.0,-22000000.0,-926100000.0,0.0,-372400000.0,-1547800000.0,-690700000.0,1133800000.0,0.0,408100000.0,408100000.0,408100000.0,0.0,0.0,0.023,1634400000.0,836600000.0,3148600000.0,0.0,3.446,21.128,21.116,317100000.0,0.0,193.63,0.487,0.488,1129500000.0,1929200000.0,17699200000.0,17699200000.0,0.0,0.046,0.174,-1.019,0.033,62300000.0,1538200000.0,1.0,44529151.0,44605892.0,45196127.0,396.791,8652300000.0,0.0,108800000.0,71500000.0,193.972,1497400000.0
7,WCG,MRT,2017-12-31,2017-12-31,2017-12-31,2019-10-30,-2700000.0,8364600000.0,8587200000.0,5819200000.0,2545400000.0,1.981,54.34,-128400000.0,4409600000.0,4409600000.0,14744800000.0,373700000.0,1.31,2.461,1182400000.0,0.0,1182400000.0,1182400000.0,65900000.0,120400000.0,0.0,0.0,0.0,530100000.0,650500000.0,0.038,650500000.0,530100000.0,461600000.0,8.4,8.31,8.4,2416700000.0,2241525000.0,2416700000.0,5256430127.0,10.0,8.081,921600000.0,20.722,1.0,2262400000.0,0.133,1028600000.0,68500000.0,-334400000.0,-523000000.0,0.0,1235700000.0,469500000.0,766200000.0,5947900000.0,4443200000.0,1504700000.0,8953730127.0,141700000.0,-728300000.0,-15200000.0,156100000.0,0.0,828200000.0,-1736500000.0,-879800000.0,1050000000.0,0.0,373700000.0,373700000.0,373700000.0,0.0,0.0,0.022,1484700000.0,777700000.0,3301400000.0,0.0,3.705,23.96,23.942,319500000.0,0.0,201.11,0.526,0.526,815900000.0,1827500000.0,17007200000.0,17007200000.0,0.0,0.044,0.167,-1.014,0.031,59800000.0,1484700000.0,1.0,44521556.0,44474016.0,44967061.0,382.408,7336000000.0,0.0,87900000.0,93400000.0,164.95,1376000000.0
8,WCG,MRT,2017-09-30,2017-09-30,2017-09-30,2019-10-30,100000.0,9128500000.0,8034250000.0,6761400000.0,2367100000.0,2.014,52.425,-136400000.0,4878900000.0,4878900000.0,13936700000.0,357900000.0,1.278,2.912,1181600000.0,0.0,1181600000.0,1181600000.0,576400000.0,107300000.0,0.0,0.0,0.0,599500000.0,706800000.0,0.044,706800000.0,599500000.0,534000000.0,8.06,7.97,8.06,2333400000.0,2137375000.0,2333400000.0,4793411601.0,8.0,6.782,777100000.0,17.459,1.0,2243600000.0,0.139,1026600000.0,65500000.0,-884400000.0,-522750000.0,0.0,1308500000.0,504600000.0,803900000.0,6795100000.0,5289000000.0,1506100000.0,7643911601.0,991300000.0,-773600000.0,-13700000.0,156100000.0,0.0,1522100000.0,-1444300000.0,-534300000.0,913500000.0,0.0,357900000.0,357900000.0,357900000.0,0.0,0.0,0.022,1214100000.0,1029500000.0,3070900000.0,0.0,3.276,21.358,21.308,316400000.0,0.0,171.74,0.472,0.472,1059200000.0,1766800000.0,16180300000.0,16180300000.0,0.0,0.045,0.167,-1.147,0.037,44100000.0,1357900000.0,1.0,44508627.0,44509692.0,44969033.0,363.523,8101900000.0,0.0,176100000.0,157100000.0,182.026,1472400000.0
9,WCG,MRT,2017-06-30,2017-06-30,2017-06-30,2019-10-30,-100000.0,8513100000.0,7383500000.0,6346900000.0,2166200000.0,2.081,48.368,-122100000.0,4031300000.0,4031300000.0,13236200000.0,254900000.0,1.315,2.955,1180800000.0,0.0,1180800000.0,1180800000.0,539600000.0,98300000.0,0.0,0.0,0.0,514800000.0,613100000.0,0.04,613100000.0,514800000.0,451800000.0,5.75,5.69,5.75,2152300000.0,2039750000.0,2152300000.0,4458793590.0,9.0,7.273,1021300000.0,22.951,1.0,2125200000.0,0.138,1036000000.0,63000000.0,-200100000.0,-364600000.0,0.0,1129500000.0,511900000.0,617600000.0,6360800000.0,4826700000.0,1534100000.0,7989093590.0,1497700000.0,-765700000.0,-15000000.0,56100000.0,0.0,1594500000.0,-1240200000.0,-352400000.0,1143400000.0,0.0,254900000.0,254900000.0,254900000.0,0.0,0.0,0.017,1157200000.0,968000000.0,2940900000.0,0.0,3.712,31.342,31.228,291100000.0,0.0,179.56,0.52,0.52,1543200000.0,1595200000.0,15361400000.0,15361400000.0,0.0,0.035,0.125,-1.412,0.034,44000000.0,1254100000.0,1.0,44492613.0,44498610.0,44934051.0,345.211,7477100000.0,0.0,196900000.0,96800000.0,168.03,1520200000.0
10,WCG,MRT,2017-03-31,2017-03-31,2017-03-31,2019-10-30,-900000.0,8342600000.0,6645825000.0,7268500000.0,1074100000.0,2.205,46.515,-112300000.0,5610400000.0,5610400000.0,12506100000.0,271600000.0,1.45,3.043,2080100000.0,900000000.0,1180100000.0,2080100000.0,432900000.0,90700000.0,0.0,0.0,0.0,603300000.0,694000000.0,0.047,694000000.0,603300000.0,543800000.0,6.13,6.08,6.13,2063700000.0,1968275000.0,2063700000.0,3247723971.0,5.0,4.68,1109300000.0,25.003,1.0,2144700000.0,0.146,472400000.0,59500000.0,-673100000.0,-2750000.0,0.0,722200000.0,394800000.0,327400000.0,6278900000.0,5013000000.0,1265900000.0,6211523971.0,3208500000.0,-68900000.0,-14900000.0,982200000.0,0.0,2363500000.0,-376600000.0,-195400000.0,1221600000.0,0.0,271600000.0,271600000.0,271600000.0,0.0,0.0,0.019,1115400000.0,1029300000.0,2621300000.0,0.0,3.01,22.87,22.873,273900000.0,0.0,140.21,0.424,0.425,998600000.0,1521100000.0,14650800000.0,14650800000.0,0.0,0.041,0.138,-219.382,0.041,38600000.0,1166600000.0,1.0,44301576.0,44365987.0,44826663.0,330.226,7870200000.0,0.0,272200000.0,47200000.0,177.393,2255500000.0
11,WCG,MRT,2016-12-31,2016-12-31,2016-12-31,2019-10-30,-1000000.0,6152800000.0,5890125000.0,5119600000.0,1033200000.0,2.417,45.201,-105300000.0,3961400000.0,3961400000.0,12089400000.0,242100000.0,1.675,2.076,997600000.0,0.0,997600000.0,997600000.0,3300000.0,87600000.0,0.0,0.0,0.0,588600000.0,676200000.0,0.047,676200000.0,588600000.0,529500000.0,5.47,5.43,5.47,2000100000.0,1894125000.0,2000100000.0,3190667031.0,5.0,4.719,643000000.0,14.531,1.0,2147700000.0,0.151,466600000.0,59100000.0,-333400000.0,496200000.0,0.0,415800000.0,124200000.0,291600000.0,4152700000.0,3055800000.0,1096900000.0,6071667031.0,1642500000.0,-68900000.0,-7000000.0,-203100000.0,0.0,833100000.0,61100000.0,235300000.0,748300000.0,0.0,242100000.0,242100000.0,242100000.0,0.0,0.0,0.017,1133100000.0,1014600000.0,2662200000.0,0.0,3.036,25.079,25.06,274500000.0,0.0,137.08,0.426,0.426,815700000.0,1453800000.0,14237100000.0,14237100000.0,0.0,0.041,0.128,1.186,0.041,35500000.0,1133100000.0,1.0,44292873.0,44248778.0,44619589.0,321.751,5686200000.0,0.0,287400000.0,63400000.0,128.505,2063800000.0
12,WCG,MRT,2016-09-30,2016-09-30,2016-09-30,2019-10-30,0.0,6525500000.0,5638375000.0,5614700000.0,910800000.0,2.521,43.882,-103900000.0,3878400000.0,3878400000.0,12092800000.0,210200000.0,1.591,2.359,997400000.0,0.0,997400000.0,997400000.0,400200000.0,84400000.0,0.0,0.0,0.0,545000000.0,629400000.0,0.044,629400000.0,545000000.0,484800000.0,4.75,4.72,4.75,1942900000.0,1826175000.0,1942900000.0,3756464123.0,7.0,5.968,1451100000.0,32.774,1.0,2122900000.0,0.149,366600000.0,60200000.0,-251800000.0,867950000.0,0.0,497700000.0,203000000.0,294700000.0,4582600000.0,3529700000.0,1052900000.0,5183364123.0,2455300000.0,-23800000.0,-6900000.0,-203100000.0,0.0,974900000.0,-74600000.0,53100000.0,1555000000.0,0.0,210200000.0,210200000.0,210200000.0,0.0,0.0,0.015,1475300000.0,647600000.0,2416200000.0,0.0,2.668,24.659,24.651,249100000.0,0.0,117.09,0.365,0.365,1277900000.0,,14215700000.0,14215700000.0,0.0,0.037,0.115,0.628,0.038,30900000.0,1156300000.0,1.0,44268205.0,44276035.0,44639442.0,321.07,6158900000.0,0.0,274600000.0,101000000.0,139.102,2085000000.0
13,WCG,MRT,2016-06-30,2016-06-30,2016-06-30,2019-10-30,0.0,5562400000.0,5242175000.0,4634800000.0,927600000.0,2.685,42.168,-111000000.0,2524100000.0,2524100000.0,12000000000.0,178000000.0,1.842,1.98,1097200000.0,0.0,1097200000.0,1097200000.0,3700000.0,80200000.0,0.0,0.0,0.0,497300000.0,577500000.0,0.041,577500000.0,497300000.0,436600000.0,4.03,4.0,4.03,1866400000.0,1767750000.0,1866400000.0,3452900476.0,7.0,5.979,616100000.0,13.92,1.0,2072700000.0,0.147,372100000.0,60700000.0,1247300000.0,1473800000.0,0.0,500300000.0,188800000.0,311500000.0,3696000000.0,2516100000.0,1179900000.0,4747400476.0,1184600000.0,-21100000.0,-6700000.0,-103100000.0,0.0,534000000.0,-76500000.0,55600000.0,727100000.0,0.0,178000000.0,178000000.0,178000000.0,0.0,0.0,0.013,1378600000.0,694100000.0,2242500000.0,0.0,2.544,26.671,26.62,243600000.0,0.0,107.28,0.337,0.337,1625800000.0,,14072700000.0,14072700000.0,0.0,0.034,0.101,0.337,0.035,26500000.0,1167400000.0,1.0,44252428.0,44260767.0,44549955.0,317.95,5190300000.0,0.0,258600000.0,100500000.0,117.266,2118700000.0
14,WCG,MRT,2016-03-31,2016-03-31,2016-03-31,2019-10-30,0.0,5319800000.0,5106775000.0,4410500000.0,909300000.0,2.734,40.011,-118000000.0,2391600000.0,2391600000.0,11988200000.0,138900000.0,1.867,2.01,1097100000.0,0.0,1097100000.0,1097100000.0,10700000.0,76600000.0,0.0,0.0,0.0,429200000.0,505800000.0,0.036,505800000.0,429200000.0,370600000.0,3.15,3.13,3.15,1767100000.0,1718425000.0,1767100000.0,2897516319.0,7.0,5.729,583100000.0,13.203,1.0,1972600000.0,0.141,340700000.0,58600000.0,1322700000.0,1785275000.0,0.0,505700000.0,182400000.0,323300000.0,3552700000.0,2361900000.0,1190800000.0,4092416319.0,1218700000.0,-17200000.0,-7300000.0,205800000.0,0.0,593300000.0,-75700000.0,59500000.0,701100000.0,0.0,138900000.0,138900000.0,138900000.0,0.0,0.0,0.01,1346600000.0,626000000.0,2123100000.0,0.0,2.316,29.463,29.444,244900000.0,0.0,92.75,0.293,0.293,1522300000.0,,13960800000.0,13960800000.0,0.0,0.027,0.081,0.24,0.031,23800000.0,1144900000.0,1.0,44123087.0,44165200.0,44493755.0,316.104,4979100000.0,17400000.0,231700000.0,68000000.0,112.738,2048600000.0
15,WCG,MRT,2015-12-31,2015-12-31,2015-12-31,2019-10-30,-2200000.0,5145800000.0,4944475000.0,4229600000.0,916200000.0,2.809,39.228,-137000000.0,2407000000.0,2407000000.0,11978500000.0,118600000.0,1.733,1.977,1199100000.0,299500000.0,899600000.0,1199100000.0,27700000.0,72600000.0,0.0,0.0,0.0,390300000.0,462900000.0,0.033,462900000.0,390300000.0,336100000.0,2.69,2.67,2.69,1728300000.0,1680175000.0,1728300000.0,3239058307.0,8.0,6.997,575600000.0,13.065,1.0,1911700000.0,0.138,343200000.0,54200000.0,1153600000.0,1942175000.0,0.0,532200000.0,204400000.0,327800000.0,3417500000.0,2441100000.0,976400000.0,3449458307.0,1093500000.0,-17200000.0,-7000000.0,308900000.0,0.0,505100000.0,-124200000.0,30000000.0,712600000.0,0.0,118600000.0,118600000.0,118600000.0,0.0,0.0,0.009,1132900000.0,778800000.0,2113900000.0,0.0,1.996,29.085,29.074,244800000.0,0.0,78.21,0.248,0.248,1434000000.0,1211700000.0,13890200000.0,13890200000.0,0.0,0.024,0.071,0.201,0.028,20200000.0,1132900000.0,1.0,44105080.0,44057579.0,44391032.0,315.274,4802600000.0,50600000.0,217500000.0,52600000.0,109.007,1788500000.0
16,WCG,MRT,2015-09-30,2015-09-30,2015-09-30,2019-10-30,0.0,4940700000.0,4781775000.0,4011000000.0,929700000.0,2.888,38.771,-123000000.0,1423100000.0,1423100000.0,11971100000.0,113400000.0,1.813,1.891,1212700000.0,300000000.0,912700000.0,1212700000.0,15400000.0,69000000.0,0.0,0.0,0.0,404100000.0,473100000.0,0.034,473100000.0,404100000.0,353800000.0,2.58,2.55,2.58,1709200000.0,1647075000.0,1709200000.0,3672089133.0,9.0,7.762,234800000.0,5.326,1.0,1837100000.0,0.133,345800000.0,50300000.0,2171600000.0,2099175000.0,0.0,559800000.0,226800000.0,333000000.0,3231500000.0,2212900000.0,1018600000.0,3798289133.0,-127400000.0,-86200000.0,-7900000.0,310000000.0,0.0,-261200000.0,-224000000.0,-14800000.0,357800000.0,0.0,113400000.0,113400000.0,113400000.0,0.0,0.0,0.008,1038500000.0,798600000.0,1530000000.0,0.0,2.222,33.495,33.403,240100000.0,0.0,86.18,0.275,0.275,2095200000.0,,13808200000.0,13808200000.0,0.0,0.024,0.069,0.193,0.029,20300000.0,1075100000.0,1.0,44073905.0,44084004.0,44424305.0,313.225,4594900000.0,45400000.0,240400000.0,80900000.0,104.231,1798100000.0
17,WCG,MRT,2015-06-30,2015-06-30,2015-06-30,2019-10-30,0.0,5020800000.0,4660525000.0,4074300000.0,946500000.0,2.956,37.887,-110500000.0,1339500000.0,1339500000.0,12020300000.0,96300000.0,1.994,2.008,1213300000.0,0.0,1213300000.0,1213300000.0,7800000.0,65200000.0,0.0,0.0,0.0,355500000.0,420700000.0,0.031,420700000.0,355500000.0,310800000.0,2.19,2.17,2.19,1669100000.0,1615300000.0,1669100000.0,3463184981.0,10.0,8.232,360700000.0,8.188,1.0,1754400000.0,0.127,358600000.0,44700000.0,2493200000.0,1937225000.0,0.0,575500000.0,220800000.0,354700000.0,3351700000.0,2042800000.0,1308900000.0,3736084981.0,225300000.0,-106400000.0,-6800000.0,608200000.0,0.0,-47700000.0,-198200000.0,18700000.0,471200000.0,0.0,96300000.0,96300000.0,96300000.0,0.0,0.0,0.007,1090800000.0,663600000.0,1476700000.0,0.0,2.238,38.796,38.735,220900000.0,0.0,84.83,0.271,0.271,2263600000.0,,13774700000.0,13774700000.0,0.0,0.021,0.06,0.184,0.026,18500000.0,1057000000.0,1.0,44042025.0,44054778.0,44358313.0,312.672,4662200000.0,32200000.0,214500000.0,95500000.0,105.827,2031500000.0
18,WCG,MRT,2015-03-31,2015-03-31,2015-03-31,2019-10-30,0.0,4670600000.0,4442700000.0,3710700000.0,959900000.0,3.026,36.699,-97400000.0,1172900000.0,1172900000.0,11877500000.0,37100000.0,1.779,1.894,900000000.0,0.0,900000000.0,900000000.0,5000000.0,62100000.0,0.0,0.0,0.0,208100000.0,270200000.0,0.02,270200000.0,208100000.0,166600000.0,0.85,0.83,0.85,1614100000.0,1587975000.0,1614100000.0,3606221419.0,17.0,13.346,115900000.0,2.635,1.0,1566600000.0,0.117,361400000.0,41500000.0,1950300000.0,1650800000.0,0.0,585100000.0,207100000.0,378000000.0,3056500000.0,2086000000.0,970500000.0,4019721419.0,-485400000.0,-116200000.0,-6300000.0,299000000.0,0.0,-420700000.0,-278000000.0,-64400000.0,213300000.0,0.0,37100000.0,37100000.0,37100000.0,0.0,0.0,0.003,1061500000.0,505100000.0,1517000000.0,0.0,2.49,108.348,107.6,211300000.0,0.0,91.46,0.299,0.299,2011800000.0,,13444100000.0,13444100000.0,0.0,0.008,0.023,0.126,0.015,17600000.0,1030400000.0,1.0,43950595.0,43981977.0,44304006.0,305.673,4309200000.0,28200000.0,129500000.0,53000000.0,97.976,1624700000.0
19,WCG,MRT,2014-12-31,2014-12-31,2014-12-31,2019-10-30,-600000.0,4495000000.0,4259125000.0,3526300000.0,968700000.0,3.043,36.383,-74800000.0,1313500000.0,1313500000.0,11455200000.0,63700000.0,1.822,1.817,900000000.0,0.0,900000000.0,900000000.0,86900000.0,59900000.0,0.0,0.0,0.0,217200000.0,277100000.0,0.021,277100000.0,217200000.0,177800000.0,1.45,1.44,1.45,1595900000.0,1574875000.0,1595900000.0,2952394439.0,14.0,10.655,224500000.0,5.118,1.0,1504700000.0,0.116,364200000.0,39400000.0,1781600000.0,1363300000.0,0.0,580400000.0,172800000.0,407600000.0,2899100000.0,1935700000.0,963400000.0,3602894439.0,-169000000.0,48000000.0,-3100000.0,298600000.0,0.0,-392700000.0,-75600000.0,-48800000.0,299300000.0,0.0,63700000.0,63700000.0,63700000.0,0.0,0.0,0.005,1018800000.0,485900000.0,1846900000.0,0.0,2.258,56.56,56.593,187100000.0,0.0,82.06,0.278,0.278,1832400000.0,1093100000.0,12959900000.0,12959900000.0,0.0,0.015,0.04,0.159,0.017,15700000.0,1018800000.0,1.0,43905611.0,43864367.0,44163601.0,295.454,4130800000.0,37100000.0,114100000.0,50300000.0,94.172,1590600000.0
20,WCG,MRT,2014-09-30,2014-09-30,2014-09-30,2019-10-30,0.0,4455700000.0,3998050000.0,3550200000.0,905500000.0,2.997,36.05,-59500000.0,1550500000.0,1550500000.0,10571500000.0,98800000.0,1.855,1.816,900000000.0,0.0,900000000.0,900000000.0,4700000.0,56300000.0,0.0,0.0,0.0,229300000.0,285600000.0,0.024,285600000.0,229300000.0,195300000.0,2.26,2.24,2.26,1582100000.0,1555375000.0,1582100000.0,2133859638.0,9.0,7.471,69100000.0,1.575,1.0,1412300000.0,0.118,367300000.0,34000000.0,1523800000.0,1174850000.0,0.0,557500000.0,192000000.0,365500000.0,2873600000.0,1914100000.0,959500000.0,2648059638.0,159900000.0,-16600000.0,-500000.0,548300000.0,0.0,123500000.0,-92200000.0,-16100000.0,128600000.0,0.0,98800000.0,98800000.0,98800000.0,0.0,0.0,0.008,1211800000.0,200500000.0,1551900000.0,0.0,1.674,26.802,26.699,162200000.0,0.0,60.34,0.221,0.221,1542300000.0,,11983800000.0,11983800000.0,0.0,0.025,0.064,0.195,0.019,8400000.0,954600000.0,1.0,43885642.0,43885779.0,44186034.0,273.068,4088400000.0,43200000.0,96500000.0,45400000.0,93.16,1636100000.0
21,WCG,MRT,2014-06-30,2014-06-30,2014-06-30,2019-10-30,0.0,4149500000.0,3679263000.0,3240800000.0,908700000.0,3.011,35.557,-59000000.0,1114200000.0,1114200000.0,9719600000.0,143500000.0,1.667,1.66,600000000.0,0.0,600000000.0,600000000.0,12200000.0,52900000.0,0.0,0.0,0.0,267000000.0,319900000.0,0.029,319900000.0,267000000.0,240400000.0,3.29,3.25,3.29,1559800000.0,1528500750.0,1559800000.0,2217088926.0,8.0,6.931,-78100000.0,-1.78,1.0,1357100000.0,0.123,343400000.0,26600000.0,1347500000.0,919608500.0,0.0,595700000.0,222400000.0,373300000.0,2589700000.0,1944400000.0,645300000.0,3275388926.0,-80900000.0,3600000.0,1800000.0,240300000.0,0.0,38900000.0,-100700000.0,-45300000.0,-19100000.0,0.0,143500000.0,143500000.0,143500000.0,0.0,0.0,0.013,1126700000.0,230400000.0,1440400000.0,0.0,2.1,22.825,22.693,154800000.0,0.0,74.66,0.296,0.296,1630300000.0,,11076700000.0,11076700000.0,0.0,0.039,0.094,0.29,0.024,10400000.0,911900000.0,1.0,43870733.0,43867449.0,43867449.0,252.504,3806100000.0,59500000.0,96900000.0,40100000.0,86.764,1296400000.0
22,WCG,MRT,2014-03-31,2014-03-31,2014-03-31,2019-10-30,0.0,3936300000.0,3399319250.0,3175200000.0,761100000.0,3.017,35.654,-59300000.0,1658300000.0,1658300000.0,8901200000.0,197900000.0,1.856,1.521,600000000.0,0.0,600000000.0,600000000.0,4000000.0,48600000.0,0.0,0.0,0.0,340500000.0,389100000.0,0.038,389100000.0,340500000.0,321100000.0,4.54,4.49,4.54,1561700000.0,1489206500.0,1561700000.0,1897935679.0,6.0,4.878,74600000.0,1.703,1.0,1355700000.0,0.132,366700000.0,19400000.0,800300000.0,744471500.0,0.0,520000000.0,288700000.0,231300000.0,2374600000.0,1711000000.0,663600000.0,2780435679.0,280100000.0,29300000.0,2900000.0,230700000.0,0.0,213000000.0,-66800000.0,-36800000.0,133900000.0,0.0,197900000.0,197900000.0,197900000.0,0.0,0.0,0.019,1040700000.0,315000000.0,1202800000.0,0.0,1.78,14.05,13.991,152500000.0,0.0,63.52,0.271,0.271,989000000.0,,10256900000.0,10256900000.0,0.0,0.058,0.133,0.457,0.033,8300000.0,888400000.0,1.0,43772602.0,43802047.0,44123791.0,234.165,3569600000.0,29500000.0,123200000.0,63000000.0,81.494,1464200000.0
23,WCG,MRT,2013-12-31,2013-12-31,2013-12-31,2019-10-30,-1300000.0,3450700000.0,3164844750.0,2692700000.0,758000000.0,3.011,34.865,-62000000.0,1482500000.0,1482500000.0,8258600000.0,175300000.0,2.177,1.273,600000000.0,0.0,600000000.0,600000000.0,200000.0,44100000.0,0.0,0.0,0.0,290200000.0,334300000.0,0.035,334300000.0,290200000.0,278300000.0,4.03,3.98,4.03,1517900000.0,1436585750.0,1517900000.0,2023573032.0,7.0,6.053,116900000.0,2.685,1.0,1269300000.0,0.133,303300000.0,11900000.0,1027800000.0,650692750.0,0.0,477600000.0,314700000.0,162900000.0,1932800000.0,1237100000.0,695700000.0,3077636032.0,382000000.0,-174100000.0,6200000.0,449800000.0,0.0,493600000.0,-290500000.0,-54400000.0,178900000.0,0.0,175300000.0,175300000.0,175300000.0,0.0,0.0,0.018,976300000.0,293000000.0,1083300000.0,0.0,2.028,17.556,17.474,147400000.0,0.0,70.42,0.323,0.322,749700000.0,1029400000.0,9527900000.0,9527900000.0,0.0,0.055,0.122,0.446,0.03,8900000.0,856500000.0,1.0,43704005.0,43535927.0,44000563.0,218.851,3147400000.0,30800000.0,103000000.0,55400000.0,72.294,1455600000.0
24,WCG,MRT,2013-09-30,2013-09-30,2013-09-30,2019-10-30,0.0,3180552000.0,2971044750.0,2559221000.0,621331000.0,3.055,33.814,-62535000.0,1390563000.0,1390563000.0,7834389000.0,181139000.0,1.941,1.157,336500000.0,39875000.0,296625000.0,336500000.0,178000.0,40696000.0,0.0,0.0,0.0,290953000.0,331649000.0,0.037,331649000.0,290953000.0,284216000.0,4.18,4.12,4.18,1474603000.0,1387885750.0,1474603000.0,2188223404.0,8.0,6.598,270859000.0,6.211,1.0,1242808000.0,0.137,305101000.0,6737000.0,502834000.0,473692750.0,0.0,486907000.0,317587000.0,169320000.0,1705949000.0,1318554000.0,387395000.0,3037272404.0,328258000.0,-167100000.0,4517000.0,194523000.0,0.0,302896000.0,-308032000.0,-78397000.0,333394000.0,0.0,181139000.0,181139000.0,181139000.0,0.0,0.0,0.02,951855000.0,290953000.0,1116488000.0,0.0,2.06,16.768,16.684,144273000.0,0.0,69.74,0.335,0.335,714419000.0,,9077197000.0,9077197000.0,0.0,0.061,0.131,0.614,0.032,10632000.0,830907000.0,1.0,43551368.0,43608626.0,44037922.0,208.151,2875451000.0,25058000.0,103077000.0,77748000.0,65.938,1240667000.0
25,WCG,MRT,2013-06-30,2013-06-30,2013-06-30,2019-10-30,0.0,3029725000.0,2811853500.0,2392253000.0,637472000.0,2.986,32.26,-57608000.0,1195049000.0,1195049000.0,7239145000.0,155426000.0,1.95,1.16,346000000.0,38000000.0,308000000.0,346000000.0,162000.0,37889000.0,0.0,0.0,0.0,245421000.0,283310000.0,0.034,283310000.0,245421000.0,239768000.0,3.6,3.54,3.6,1402623000.0,1337560000.0,1402623000.0,1391566763.0,6.0,4.912,56676000.0,1.304,1.0,1156047000.0,0.138,306935000.0,5653000.0,646952000.0,461226500.0,0.0,495642000.0,311390000.0,184252000.0,1627102000.0,1226789000.0,400313000.0,2414350763.0,44852000.0,-167100000.0,638000.0,199365000.0,0.0,201414000.0,-270846000.0,-46138000.0,114284000.0,0.0,155426000.0,155426000.0,155426000.0,0.0,0.0,0.019,910626000.0,245421000.0,1040112000.0,0.0,1.721,15.534,15.431,143389000.0,0.0,55.55,0.288,0.288,765040000.0,,8395192000.0,8395192000.0,0.0,0.055,0.116,0.532,0.029,8587000.0,788904000.0,1.0,43462660.0,43478267.0,43926957.0,193.089,2722790000.0,22971000.0,84342000.0,51941000.0,62.624,1165464000.0
26,WCG,MRT,2013-03-31,2013-03-31,2013-03-31,2019-10-30,0.0,2998402000.0,2727159750.0,2387193000.0,611209000.0,2.887,31.188,-61769000.0,1378284000.0,1378284000.0,6769409000.0,154968000.0,1.926,1.219,355500000.0,38000000.0,317500000.0,355500000.0,171000.0,34730000.0,0.0,0.0,0.0,244492000.0,279222000.0,0.035,279222000.0,244492000.0,239942000.0,3.6,3.53,3.6,1351217000.0,1294778500.0,1351217000.0,1539282451.0,6.0,5.513,-69660000.0,-1.608,1.0,1104858000.0,0.14,310951000.0,4550000.0,425185000.0,379845250.0,0.0,428275000.0,270888000.0,157387000.0,1647185000.0,1239482000.0,407703000.0,2504777451.0,-66677000.0,-165800000.0,-322000.0,207067000.0,0.0,172104000.0,-230890000.0,-3321000.0,-7891000.0,0.0,154968000.0,154968000.0,154968000.0,0.0,0.0,0.02,860366000.0,244492000.0,1053748000.0,0.0,1.854,16.163,16.1,139705000.0,0.0,57.96,0.318,0.319,596135000.0,,7874267000.0,7874267000.0,0.0,0.057,0.12,0.644,0.031,8850000.0,742512000.0,1.0,43215622.0,43325381.0,43952459.0,181.747,2687451000.0,47496000.0,84974000.0,49100000.0,62.029,1147711000.0
27,WCG,MRT,2012-12-31,2012-12-31,2012-12-31,2019-10-30,-800000.0,2675500000.0,2649836750.0,2100700000.0,574800000.0,2.796,30.695,-61300000.0,1100500000.0,1100500000.0,6303900000.0,184700000.0,1.887,1.022,135000000.0,15000000.0,120000000.0,135000000.0,100000.0,31600000.0,0.0,0.0,0.0,300500000.0,332100000.0,0.045,332100000.0,300500000.0,296400000.0,4.29,4.22,4.29,1323100000.0,1252303250.0,1323100000.0,1179866933.0,4.0,3.553,-92000000.0,-2.134,1.0,1105100000.0,0.149,276800000.0,4100000.0,319800000.0,268464750.0,0.0,384400000.0,220300000.0,164100000.0,1352400000.0,1113400000.0,239000000.0,2103456933.0,-224600000.0,-126600000.0,2900000.0,-14100000.0,0.0,28900000.0,-222800000.0,-34900000.0,-30700000.0,0.0,184700000.0,184700000.0,184700000.0,0.0,0.0,0.025,804600000.0,300500000.0,945400000.0,0.0,1.59,11.389,11.35,131500000.0,0.0,48.69,0.284,0.283,640800000.0,854100000.0,7409000000.0,7409000000.0,0.0,0.07,0.147,1.119,0.041,11100000.0,690800000.0,1.0,43201005.0,43104216.0,43826285.0,171.886,2398700000.0,42800000.0,111700000.0,42100000.0,55.649,987300000.0
28,WCG,MRT,2012-09-30,2012-09-30,2012-09-30,2019-10-30,0.0,2543787000.0,2602989500.0,2143193000.0,400594000.0,2.697,29.509,-66492000.0,1062340000.0,1062340000.0,5885266000.0,220976000.0,2.046,0.998,138750000.0,15000000.0,123750000.0,138750000.0,141000.0,29280000.0,0.0,0.0,0.0,354830000.0,384110000.0,0.055,384110000.0,354830000.0,348990000.0,5.14,5.07,5.14,1273300000.0,1200739750.0,1273300000.0,1429352197.0,4.0,3.721,-357899000.0,-8.294,1.0,1135701000.0,0.162,119637000.0,5840000.0,452969000.0,204788750.0,0.0,364400000.0,209798000.0,154602000.0,1270487000.0,1047591000.0,222896000.0,2437098197.0,-725443000.0,0.0,4397000.0,-114189000.0,0.0,-366723000.0,-67313000.0,-821000.0,-291407000.0,0.0,220976000.0,220976000.0,220976000.0,0.0,0.0,0.031,791671000.0,344030000.0,903056000.0,0.0,1.914,11.029,11.002,123875000.0,0.0,56.55,0.347,0.348,735454000.0,,7020967000.0,7020967000.0,0.0,0.085,0.184,1.733,0.051,15926000.0,680981000.0,1.0,43096343.0,43149455.0,43844223.0,162.713,2424150000.0,67857000.0,128014000.0,22573000.0,56.18,1095602000.0
29,WCG,MRT,2012-06-30,2012-06-30,2012-06-30,2019-10-30,-969000.0,2690950000.0,2671874000.0,2296733000.0,394217000.0,2.525,28.578,-67006000.0,1150246000.0,1150246000.0,5550632000.0,270944000.0,1.85,1.185,142500000.0,15000000.0,127500000.0,142500000.0,240704000.0,27541000.0,0.0,0.0,0.0,435086000.0,462627000.0,0.069,462627000.0,435086000.0,426614000.0,6.31,6.23,6.31,1231497000.0,1138604000.0,1231497000.0,983147623.0,2.0,2.125,-67296000.0,-1.562,1.0,1196299000.0,0.177,119990000.0,8472000.0,321427000.0,26019750.0,0.0,404869000.0,250618000.0,154251000.0,1459453000.0,1241787000.0,217666000.0,2283647623.0,-105799000.0,0.0,3327000.0,35812000.0,0.0,3023000.0,-108532000.0,-41526000.0,-290000.0,0.0,270944000.0,270944000.0,270944000.0,0.0,0.0,0.04,772013000.0,424286000.0,869462000.0,0.0,1.854,8.428,8.399,117746000.0,0.0,53.0,0.338,0.339,791050000.0,767032000.0,6746931000.0,6746931000.0,0.0,0.101,0.238,16.721,0.064,14875000.0,664775000.0,1.0,43087691.0,43092737.0,43775312.0,156.568,2570960000.0,57428000.0,155670000.0,15404000.0,59.661,1054946000.0
30,WCG,MRT,2012-03-31,2012-03-31,2012-03-31,2019-10-30,-1523000.0,2689110000.0,2564877250.0,2312084000.0,377026000.0,2.504,27.512,-56316000.0,1444875000.0,1444875000.0,5206474000.0,294102000.0,1.795,1.276,144375000.0,13125000.0,131250000.0,144375000.0,207132000.0,26895000.0,0.0,0.0,0.0,470288000.0,497183000.0,0.077,497183000.0,470288000.0,462715000.0,6.86,6.78,6.86,1181316000.0,1064719500.0,1181316000.0,1901180026.0,4.0,3.824,157917000.0,3.678,1.0,1216917000.0,0.189,120673000.0,7573000.0,-20337000.0,-110210750.0,0.0,380508000.0,231638000.0,148870000.0,1507794000.0,1288274000.0,219520000.0,3080028026.0,211907000.0,0.0,6832000.0,37229000.0,0.0,42196000.0,-44522000.0,11794000.0,214233000.0,0.0,294102000.0,294102000.0,294102000.0,0.0,0.0,0.046,757429000.0,459488000.0,933668000.0,0.0,2.607,10.473,10.478,105129000.0,0.0,71.88,0.48,0.48,424630000.0,720590000.0,6423391000.0,6423391000.0,0.0,0.115,0.276,-4.267,0.073,15701000.0,652822000.0,1.0,42849583.0,42938284.0,43461607.0,149.596,2568437000.0,46465000.0,168613000.0,43997000.0,59.817,1023810000.0
31,WCG,MRT,2011-12-31,2011-12-31,2011-12-31,2019-10-30,-1761000.0,2488111000.0,2454902000.0,2119894000.0,368217000.0,2.488,26.084,-49600000.0,1325098000.0,1325098000.0,4948000000.0,264200000.0,1.887,1.228,146250000.0,11250000.0,135000000.0,146250000.0,164000.0,26400000.0,0.0,0.0,0.0,424900000.0,451300000.0,0.074,451300000.0,424900000.0,418400000.0,6.17,6.1,6.17,1116846000.0,983804000.0,1116846000.0,719066050.0,2.0,1.593,112400000.0,2.625,1.0,1158800000.0,0.19,121027000.0,6500000.0,65096000.0,-171781500.0,0.0,342251000.0,198569000.0,143682000.0,1371265000.0,1123140000.0,248125000.0,2246728050.0,-34500000.0,0.0,2600000.0,39300000.0,0.0,-84900000.0,-111600000.0,-62000000.0,162000000.0,0.0,264200000.0,264200000.0,264200000.0,0.0,0.0,0.043,744700000.0,414100000.0,997614000.0,0.0,2.012,8.504,8.509,98238000.0,0.0,52.5,0.368,0.368,490187000.0,669358000.0,6106800000.0,6106800000.0,0.0,0.108,0.269,-2.473,0.07,16700000.0,642100000.0,1.0,42794820.0,42817466.0,43328756.0,142.624,2367084000.0,42987000.0,154200000.0,1026000.0,55.283,996754000.0
32,WCG,MRT,2011-09-30,2011-09-30,2011-09-30,2019-10-30,-1827000.0,2819325000.0,2394697500.0,2410086000.0,409239000.0,2.448,23.894,-42097000.0,1787733000.0,1787733000.0,4838812000.0,205322000.0,1.683,1.751,260071000.0,9375000.0,250696000.0,260071000.0,275757000.0,26000000.0,0.0,0.0,0.0,328331000.0,354331000.0,0.06,354331000.0,328331000.0,324439000.0,4.81,4.76,4.81,1024757000.0,912604000.0,1024757000.0,366600423.0,1.0,1.035,571957000.0,13.336,1.0,1023374000.0,0.175,121410000.0,3892000.0,-262107000.0,-293184250.0,0.0,361655000.0,217033000.0,144622000.0,1794568000.0,1432360000.0,362208000.0,1622595423.0,696718000.0,0.0,-379000.0,143790000.0,0.0,242066000.0,-159402000.0,-117305000.0,614054000.0,0.0,205322000.0,205322000.0,205322000.0,0.0,0.0,0.035,695043000.0,328331000.0,840613000.0,0.0,1.583,7.903,7.896,87005000.0,0.0,37.98,0.277,0.278,223826000.0,584296000.0,5862186000.0,5862186000.0,0.0,0.086,0.225,-1.12,0.056,16788000.0,594909000.0,1.0,42722365.0,42887381.0,,136.688,2697915000.0,92701000.0,119117000.0,28222000.0,62.907,977726000.0
33,WCG,MRT,2011-06-30,2011-06-30,2011-06-30,2019-10-30,-1795000.0,2262963000.0,2225649000.0,1846181000.0,416782000.0,2.564,21.893,-37830000.0,1255995000.0,1255995000.0,4771097000.0,159983000.0,1.665,1.418,0.0,0.0,0.0,0.0,66194000.0,25669000.0,0.0,0.0,0.0,257988000.0,283657000.0,0.05,283657000.0,257988000.0,257627000.0,3.76,3.73,3.76,935959000.0,856923750.0,935959000.0,955157765.0,4.0,3.367,398547000.0,9.322,1.0,934903000.0,0.164,121793000.0,361000.0,-223495000.0,-272306250.0,0.0,361959000.0,201589000.0,160370000.0,1327004000.0,1108670000.0,218334000.0,2188075765.0,275731000.0,0.0,1243000.0,-2050000.0,0.0,19514000.0,-180160000.0,-142330000.0,436377000.0,0.0,159983000.0,159983000.0,159983000.0,0.0,0.0,0.028,676915000.0,257988000.0,818386000.0,0.0,2.338,13.677,13.673,78247000.0,0.0,51.41,0.383,0.385,209826000.0,496042000.0,5706000000.0,5706000000.0,0.0,0.072,0.187,-0.947,0.045,21060000.0,577030000.0,1.0,42561287.0,42752235.0,,133.467,2141170000.0,94444000.0,97644000.0,20708000.0,50.083,737511000.0
34,WCG,MRT,2011-03-31,2011-03-31,2011-03-31,2019-10-30,-2024000.0,2249209000.0,2151358500.0,1802610000.0,446599000.0,2.584,20.122,-31996000.0,1232918000.0,1232918000.0,4691882000.0,-38488000.0,1.553,1.623,0.0,0.0,0.0,0.0,84532000.0,24665000.0,0.0,0.0,0.0,-48388000.0,-23723000.0,-0.004,-23723000.0,-48388000.0,-48684000.0,-0.92,-0.93,-0.92,857654000.0,811905000.0,857654000.0,423746961.0,-9.0,-17.862,317663000.0,7.453,1.0,867132000.0,0.156,122176000.0,296000.0,-266620000.0,-237994000.0,0.0,391423000.0,201894000.0,189529000.0,1391555000.0,1160735000.0,230820000.0,1783294961.0,205581000.0,0.0,-2244000.0,-1349000.0,0.0,44863000.0,-188941000.0,-156945000.0,349659000.0,0.0,-38488000.0,-38488000.0,-38488000.0,0.0,0.0,-0.007,915520000.0,-48388000.0,850432000.0,0.0,2.079,-46.334,-45.598,75980000.0,0.0,41.95,0.321,0.322,190182000.0,426442000.0,5559014000.0,5559014000.0,0.0,-0.018,-0.047,0.203,-0.009,18508000.0,825361000.0,1.0,42510011.0,42621908.0,,130.426,2127033000.0,114989000.0,-10196000.0,0.0,49.905,641875000.0
35,WCG,MRT,2010-12-31,2010-12-31,2010-12-31,2019-10-30,-2309000.0,2247293000.0,2068446000.0,1815171000.0,432122000.0,2.63,19.64,-27516000.0,1359548000.0,1359548000.0,4594537000.0,-53400000.0,1.531,1.701,0.0,0.0,0.0,0.0,67383000.0,23946000.0,0.0,0.0,0.0,-72620000.0,-48674000.0,-0.009,-48674000.0,-72620000.0,-72849000.0,-1.26,-1.26,-1.26,832046000.0,818393000.0,832046000.0,194466588.0,-3.0,-3.995,195541000.0,4.616,1.0,845688000.0,0.155,122559000.0,229000.0,-420515000.0,-223552500.0,0.0,279288000.0,108788000.0,170500000.0,1415247000.0,1185701000.0,229546000.0,1285481588.0,201417000.0,0.0,-4794000.0,-1011000.0,0.0,38864000.0,-60504000.0,-32988000.0,223057000.0,0.0,-53400000.0,-53400000.0,-53400000.0,0.0,0.0,-0.01,918308000.0,-72620000.0,797879000.0,0.0,1.545,-24.073,-23.984,76825000.0,0.0,30.22,0.236,0.235,160978000.0,405112000.0,5440225000.0,5440225000.0,0.0,-0.026,-0.065,0.325,-0.013,14801000.0,837988000.0,1.0,42537445.0,42365061.0,42365061.0,128.413,2124734000.0,129705000.0,-19449000.0,0.0,50.153,629470000.0
36,WCG,MRT,2010-09-30,2010-09-30,2010-09-30,2019-10-30,-1893000.0,2143131000.0,2036234500.0,1706728000.0,436403000.0,2.804,18.872,-22362000.0,1091015000.0,1091015000.0,4821117000.0,-68398000.0,1.541,1.672,0.0,0.0,0.0,0.0,65992000.0,23559000.0,0.0,0.0,0.0,-89466000.0,-65907000.0,-0.012,-65907000.0,-89466000.0,-89626000.0,-1.63,-1.63,-1.63,802036000.0,830606500.0,802036000.0,250466612.0,-3.0,-3.8,-105963000.0,-2.493,1.0,887638000.0,0.155,122942000.0,160000.0,-178595000.0,-204385250.0,0.0,244241000.0,72709000.0,171532000.0,1341095000.0,1107769000.0,233326000.0,1230730612.0,-80203000.0,0.0,-4993000.0,-935000.0,0.0,25693000.0,-22295000.0,67000.0,-83601000.0,0.0,-68398000.0,-68398000.0,-68398000.0,0.0,0.0,-0.012,977104000.0,-89466000.0,754980000.0,0.0,1.535,-17.994,-17.767,68534000.0,0.0,28.96,0.216,0.216,365260000.0,378975000.0,5708755000.0,5708755000.0,0.0,-0.034,-0.082,0.438,-0.016,23028000.0,824441000.0,1.0,42497604.0,42497604.0,,134.331,2020189000.0,125915000.0,-21228000.0,18362000.0,47.537,598959000.0
37,WCG,MRT,2010-06-30,2010-06-30,2010-06-30,2019-10-30,-2089000.0,1965801000.0,2026650000.0,1511022000.0,454779000.0,2.955,17.831,-14752000.0,980264000.0,980264000.0,5094203000.0,-82654000.0,1.593,1.601,0.0,0.0,0.0,0.0,114000.0,23287000.0,0.0,0.0,0.0,-116811000.0,-93524000.0,-0.016,-93524000.0,-116811000.0,-116858000.0,-1.96,-1.95,-1.96,755884000.0,844836000.0,755884000.0,-20982613.0,0.0,0.224,-51445000.0,-1.214,1.0,894024000.0,0.149,123325000.0,47000.0,-86246000.0,-251581000.0,0.0,219149000.0,45018000.0,174131000.0,1209917000.0,948458000.0,261459000.0,1006354387.0,39579000.0,0.0,-3776000.0,-538000.0,0.0,4848000.0,71424000.0,86176000.0,-36693000.0,0.0,-82654000.0,-82654000.0,-82654000.0,0.0,0.0,-0.014,1010835000.0,-116811000.0,704164000.0,0.0,1.331,-12.176,-12.112,65299000.0,0.0,23.74,0.168,0.168,345657000.0,336059000.0,5988227000.0,5988227000.0,0.0,-0.041,-0.098,0.464,-0.02,27386000.0,877394000.0,1.0,42390665.0,42390665.0,,141.263,1842476000.0,115401000.0,-34204000.0,8204000.0,43.464,562564000.0
38,WCG,MRT,2010-03-31,2010-03-31,2010-03-31,2019-10-30,-2968000.0,1917559000.0,2058539000.0,1525408000.0,392151000.0,3.128,20.867,-15172000.0,1027337000.0,1027337000.0,5475431000.0,83222000.0,1.564,1.17,0.0,0.0,0.0,0.0,143000.0,23353000.0,0.0,0.0,0.0,142212000.0,165565000.0,0.026,165565000.0,142212000.0,141181000.0,1.98,1.98,1.98,883606000.0,861394750.0,883606000.0,103723448.0,1.0,0.626,-22037000.0,-0.52,1.0,963425000.0,0.15,123709000.0,1031000.0,-208854000.0,-274359500.0,0.0,232944000.0,56818000.0,176126000.0,1033953000.0,975367000.0,58586000.0,1261854448.0,-107243000.0,0.0,-2074000.0,-152458000.0,0.0,-154610000.0,54232000.0,69404000.0,-6865000.0,0.0,83222000.0,83222000.0,83222000.0,0.0,0.0,0.013,821213000.0,142212000.0,756449000.0,0.0,1.428,15.163,15.051,67077000.0,0.0,29.8,0.196,0.196,305859000.0,464930000.0,6438856000.0,6438856000.0,0.0,0.04,0.097,-0.518,0.022,35679000.0,697090000.0,1.0,42344109.0,42344109.0,,152.06,1793850000.0,42854000.0,57959000.0,0.0,42.364,550041000.0
39,WCG,MRT,2009-12-31,2009-12-31,2009-12-31,2019-10-30,-3119000.0,2118447000.0,2129536500.0,1717465000.0,400982000.0,3.23,20.816,-16078000.0,1158131000.0,1158131000.0,5862457000.0,39871000.0,1.455,1.405,0.0,0.0,0.0,0.0,90496000.0,23336000.0,0.0,0.0,0.0,96107000.0,119443000.0,0.017,119443000.0,96107000.0,93020000.0,0.95,0.95,0.95,880900000.0,834068500.0,880900000.0,384425757.0,4.0,3.218,41847000.0,0.989,1.0,1015707000.0,0.148,124092000.0,3087000.0,-343846000.0,-297820750.0,0.0,244982000.0,62722000.0,182260000.0,1237547000.0,1180070000.0,57477000.0,1555643757.0,-23791000.0,0.0,-1246000.0,-152800000.0,0.0,-145355000.0,63639000.0,79717000.0,57925000.0,0.0,39871000.0,39871000.0,39871000.0,0.0,0.0,0.006,919600000.0,96107000.0,845932000.0,0.0,1.766,39.017,38.695,61785000.0,0.0,36.76,0.226,0.226,363659000.0,458512000.0,6878164000.0,6878164000.0,0.0,0.019,0.048,-0.323,0.014,44149000.0,805238000.0,1.0,42318927.0,42318927.0,,162.532,1994355000.0,58528000.0,53149000.0,4888000.0,47.127,537395000.0
40,WCG,MRT,2009-09-30,2009-09-30,2009-09-30,2019-10-30,-2056000.0,2104793000.0,2150790000.0,1693554000.0,411239000.0,3.188,20.347,-16055000.0,1171218000.0,1171218000.0,5789172000.0,-2357000.0,1.44,1.45,0.0,0.0,0.0,0.0,20708000.0,23107000.0,0.0,0.0,0.0,39685000.0,62792000.0,0.009,62792000.0,39685000.0,34428000.0,-0.07,-0.08,-0.07,858954000.0,815300750.0,858954000.0,99901883.0,3.0,1.591,179905000.0,4.262,1.0,1067148000.0,0.156,124475000.0,5257000.0,-367378000.0,-290834250.0,0.0,243978000.0,59356000.0,184622000.0,1245839000.0,1176478000.0,69361000.0,1040586883.0,-5065000.0,0.0,98000.0,-153600000.0,0.0,-191195000.0,-9830000.0,92767000.0,195960000.0,0.0,-2357000.0,-2357000.0,-2357000.0,0.0,0.0,0.0,1027463000.0,39685000.0,891541000.0,0.0,1.211,-441.488,-352.143,60098000.0,0.0,24.65,0.152,0.152,333195000.0,447373000.0,6856320000.0,6856320000.0,0.0,-0.001,-0.003,-0.136,0.006,38557000.0,837087000.0,1.0,42214478.0,42214478.0,,162.416,1980318000.0,36701000.0,36785000.0,6737000.0,46.911,517076000.0
41,WCG,MRT,2009-06-30,2009-06-30,2009-06-30,2019-10-30,-3147000.0,2093357000.0,2184725500.0,1633365000.0,459992000.0,3.124,19.471,-20201000.0,940685000.0,940685000.0,5812721000.0,-49186000.0,1.355,1.546,0.0,0.0,0.0,0.0,19331000.0,22642000.0,0.0,0.0,0.0,-46757000.0,-24115000.0,-0.004,-24115000.0,-46757000.0,-54972000.0,-1.19,-1.2,-1.19,822119000.0,807038750.0,822119000.0,-201516975.0,4.0,8.356,-52721000.0,-1.249,1.0,1013386000.0,0.148,124858000.0,8215000.0,-177360000.0,-278094750.0,0.0,303992000.0,73956000.0,230036000.0,1271238000.0,1205174000.0,66064000.0,780682025.0,-385813000.0,0.0,-1043000.0,-153200000.0,0.0,-225975000.0,-127318000.0,-20575000.0,-32520000.0,0.0,-49186000.0,-49186000.0,-49186000.0,0.0,0.0,-0.007,1060143000.0,-46757000.0,892559000.0,0.0,0.95,-15.872,-15.538,63856000.0,0.0,18.49,0.114,0.114,475464000.0,418713000.0,6826107000.0,6826107000.0,0.0,-0.023,-0.061,0.168,-0.007,39081000.0,870233000.0,1.0,42221851.0,42221851.0,,161.672,1968499000.0,51577000.0,-5786000.0,49065000.0,46.623,428191000.0
42,WCG,MRT,2009-03-31,2009-03-31,2009-03-31,2019-10-30,-6536000.0,2201549000.0,2246031500.0,1737531000.0,464018000.0,2.974,18.333,-20824000.0,1134580000.0,1134580000.0,5685642000.0,-75086000.0,1.244,1.843,152381000.0,152381000.0,0.0,152381000.0,18643000.0,21912000.0,0.0,0.0,0.0,-83509000.0,-61597000.0,-0.009,-61597000.0,-83509000.0,-93611000.0,-1.81,-1.82,-1.81,774301000.0,810697000.0,774301000.0,-554044979.0,7.0,8.995,103070000.0,2.44,1.0,994605000.0,0.149,125241000.0,10102000.0,-302699000.0,-351873250.0,0.0,299051000.0,73778000.0,225273000.0,1427248000.0,1396808000.0,30440000.0,475136021.0,-99666000.0,0.0,-1583000.0,-1600000.0,0.0,-92530000.0,-131030000.0,-23664000.0,123894000.0,0.0,-75086000.0,-75086000.0,-75086000.0,0.0,0.0,-0.011,1078114000.0,-83509000.0,925172000.0,0.0,0.614,-6.328,-6.215,66373000.0,0.0,11.25,0.071,0.071,380669000.0,381708000.0,6680247000.0,6680247000.0,0.0,-0.033,-0.093,0.237,-0.013,36933000.0,888934000.0,1.0,42234313.0,42234313.0,,158.171,2076308000.0,43735000.0,-18525000.0,13047000.0,49.162,340723000.0
43,WCG,MRT,2008-12-31,2008-12-31,2008-12-31,2019-10-30,-3761000.0,2203461000.0,2249794000.0,1704570000.0,498891000.0,2.899,19.322,-19559000.0,1181922000.0,1181922000.0,5530216000.0,-36833000.0,1.249,1.734,152741000.0,152741000.0,0.0,152741000.0,81197000.0,21324000.0,0.0,0.0,0.0,-41830000.0,-20506000.0,-0.003,-20506000.0,-41830000.0,-53170000.0,-0.89,-0.89,-0.89,805829000.0,820374000.0,805829000.0,-781807300.0,19.0,38.126,276868000.0,6.639,1.0,991691000.0,0.152,125624000.0,11340000.0,-315900000.0,-378176500.0,0.0,324423000.0,70112000.0,254311000.0,1397632000.0,1364556000.0,33076000.0,536339700.0,173513000.0,0.0,-1681000.0,-2000000.0,0.0,-31777000.0,-91137000.0,14964000.0,296427000.0,0.0,-36833000.0,-36833000.0,-36833000.0,0.0,0.0,-0.006,1033521000.0,-41830000.0,779417000.0,0.0,0.666,-14.561,-14.449,66588000.0,0.0,12.86,0.082,0.082,302892000.0,418641000.0,6521907000.0,6521907000.0,0.0,-0.016,-0.045,0.111,-0.006,34928000.0,844929000.0,1.0,41706042.0,41706042.0,,156.378,2077837000.0,43417000.0,-16337000.0,12187000.0,49.821,340014000.0
44,WCG,MRT,2008-09-30,2008-09-30,2008-09-30,2019-10-30,-5383000.0,2240535000.0,2219611500.0,1673240000.0,567295000.0,2.847,19.803,-22516000.0,1176283000.0,1176283000.0,5294639000.0,53493000.0,1.258,1.713,153501000.0,153501000.0,0.0,153501000.0,513000.0,20779000.0,0.0,0.0,0.0,89829000.0,110608000.0,0.018,110608000.0,89829000.0,76941000.0,1.3,1.27,1.3,825906000.0,820889500.0,825906000.0,183270512.0,2.0,1.657,57558000.0,1.38,1.0,1024124000.0,0.162,204346000.0,12888000.0,-316420000.0,-343913750.0,0.0,333184000.0,77290000.0,255894000.0,1414629000.0,1329827000.0,84802000.0,1501417512.0,-27129000.0,0.0,-1296000.0,-1600000.0,0.0,-118975000.0,11772000.0,34288000.0,80074000.0,0.0,53493000.0,53493000.0,53493000.0,0.0,0.0,0.008,934295000.0,89829000.0,796506000.0,0.0,1.818,28.068,27.692,65618000.0,0.0,36.0,0.238,0.238,240265000.0,449730000.0,6318763000.0,6318763000.0,0.0,0.024,0.065,-0.261,0.014,26579000.0,913517000.0,1.0,41706042.0,41706042.0,,151.507,2036189000.0,55054000.0,23448000.0,37770000.0,48.822,343413000.0
45,WCG,MRT,2008-06-30,2008-06-30,2008-06-30,2019-10-30,-3835000.0,2338581000.0,2213334250.0,1831767000.0,506814000.0,2.729,20.063,-21196000.0,1326498000.0,1326498000.0,4823777000.0,151008000.0,1.278,1.795,153461000.0,153461000.0,0.0,153461000.0,76956000.0,20317000.0,0.0,0.0,0.0,294811000.0,315128000.0,0.052,315128000.0,294811000.0,281467000.0,3.68,3.59,3.68,836752000.0,801250500.0,836752000.0,189526418.0,1.0,0.601,68366000.0,1.639,1.0,1215980000.0,0.201,204776000.0,13344000.0,-472474000.0,-313100250.0,0.0,282728000.0,74060000.0,208668000.0,1501829000.0,1433242000.0,68587000.0,1507673418.0,-148550000.0,0.0,2808000.0,-2000000.0,0.0,-170626000.0,-67486000.0,-46290000.0,89562000.0,0.0,151008000.0,151008000.0,151008000.0,0.0,0.0,0.025,921169000.0,294811000.0,756634000.0,0.0,1.802,9.984,9.823,64717000.0,0.0,36.15,0.25,0.25,262262000.0,467899000.0,6039757000.0,6039757000.0,0.0,0.068,0.188,-0.942,0.049,16959000.0,900852000.0,1.0,41706042.0,41706042.0,,144.817,2133805000.0,36537000.0,130459000.0,45382000.0,51.163,398525000.0
46,WCG,MRT,2008-03-31,2008-03-31,2008-03-31,2019-10-30,-2311000.0,2216599000.0,2203047500.0,1710906000.0,505693000.0,2.597,19.494,-21699000.0,1234246000.0,1234246000.0,4515684000.0,194753000.0,1.278,1.726,153821000.0,153821000.0,0.0,153821000.0,2069000.0,19342000.0,0.0,0.0,0.0,357597000.0,376939000.0,0.066,376939000.0,357597000.0,343718000.0,4.76,4.64,4.76,813009000.0,755898500.0,813009000.0,306303336.0,1.0,0.813,107133000.0,2.569,1.0,1205707000.0,0.211,205233000.0,13879000.0,-407912000.0,-363535750.0,0.0,279613000.0,70488000.0,209125000.0,1403590000.0,1338853000.0,64737000.0,1624450336.0,-110663000.0,0.0,6237000.0,-2000000.0,0.0,-147986000.0,-91509000.0,-69810000.0,128832000.0,0.0,194753000.0,194753000.0,194753000.0,0.0,0.0,0.034,848110000.0,357597000.0,729111000.0,0.0,1.998,8.341,8.183,65808000.0,0.0,38.95,0.284,0.284,234247000.0,456794000.0,5721391000.0,5721391000.0,0.0,0.088,0.258,-0.984,0.063,4734000.0,828768000.0,1.0,41706042.0,41706042.0,,137.184,2011366000.0,27027000.0,148965000.0,50785000.0,48.227,372053000.0
47,WCG,MRT,2007-12-31,2007-12-31,2007-12-31,2019-10-30,-32000.0,2082731000.0,2180006750.0,1690942000.0,391789000.0,2.473,19.371,-22892000.0,1008409000.0,1008409000.0,4213384000.0,216236000.0,1.407,1.578,154581000.0,154581000.0,0.0,154581000.0,19838000.0,18757000.0,0.0,0.0,0.0,392003000.0,410760000.0,0.076,410760000.0,392003000.0,377968000.0,5.31,5.16,5.31,807891000.0,697063250.0,807891000.0,450606241.0,1.0,1.097,254709000.0,6.107,1.0,1177408000.0,0.218,205756000.0,14035000.0,-178849000.0,-417207750.0,0.0,343117000.0,253881000.0,89236000.0,1274840000.0,1201996000.0,72844000.0,1768753241.0,43867000.0,0.0,12834000.0,-1600000.0,0.0,-47529000.0,-186205000.0,-163313000.0,277601000.0,0.0,216236000.0,216236000.0,216236000.0,0.0,0.0,0.04,785405000.0,392003000.0,665138000.0,0.0,2.189,8.18,7.987,66560000.0,0.0,42.41,0.328,0.328,309977000.0,455474000.0,5390792000.0,5390792000.0,0.0,0.099,0.31,-0.94,0.073,-4371000.0,766648000.0,1.0,41706042.0,41706042.0,,129.257,1876975000.0,6429000.0,161732000.0,5985000.0,45.005,488946000.0
48,WCG,MRT,2007-09-30,2007-09-30,2007-09-30,2019-10-30,174000.0,2215426000.0,2075398500.0,1796106000.0,419320000.0,2.429,17.919,-41636000.0,1203412000.0,1203412000.0,3927703000.0,206488000.0,1.557,1.964,154541000.0,1600000.0,152941000.0,154541000.0,37354000.0,18171000.0,0.0,0.0,0.0,383519000.0,401690000.0,0.08,401690000.0,383519000.0,369797000.0,5.11,4.95,5.11,747350000.0,629355250.0,747350000.0,3078921008.0,8.0,7.665,499370000.0,11.974,1.0,1112981000.0,0.221,206313000.0,13722000.0,-193166000.0,-444043500.0,0.0,372823000.0,286255000.0,86568000.0,1468076000.0,1153408000.0,314668000.0,4397068008.0,414504000.0,-105836000.0,15679000.0,-1600000.0,0.0,85521000.0,-212029000.0,-64557000.0,541006000.0,0.0,206488000.0,206488000.0,206488000.0,0.0,0.0,0.041,729462000.0,383519000.0,696778000.0,0.0,5.884,21.295,20.632,63295000.0,0.0,105.43,0.872,0.872,165445000.0,396236000.0,5040684000.0,5040684000.0,0.0,0.099,0.328,-0.864,0.076,-5868000.0,711291000.0,1.0,41706042.0,41706042.0,,120.862,2009113000.0,41735000.0,163309000.0,99105000.0,48.173,642698000.0
49,WCG,MRT,2007-06-30,2007-06-30,2007-06-30,2019-10-30,28000.0,2297434000.0,1886455500.0,1951157000.0,346277000.0,2.448,15.846,-19470000.0,1475048000.0,1475048000.0,3690431000.0,166938000.0,1.351,2.506,154901000.0,1600000.0,153301000.0,154901000.0,257822000.0,19644000.0,0.0,0.0,0.0,288022000.0,307666000.0,0.067,307666000.0,288022000.0,274094000.0,4.17,4.04,4.17,655344000.0,566948750.0,655344000.0,2553627380.0,9.0,8.3,575466000.0,13.914,1.0,928337000.0,0.201,206921000.0,13928000.0,-674216000.0,-433775500.0,0.0,240241000.0,166264000.0,73977000.0,1642090000.0,1444582000.0,197508000.0,3743275380.0,640889000.0,-7976000.0,15025000.0,-25600000.0,0.0,85345000.0,-39398000.0,-12896000.0,594936000.0,0.0,166938000.0,166938000.0,166938000.0,0.0,0.0,0.036,640315000.0,288022000.0,712084000.0,0.0,5.712,22.423,21.705,63096000.0,0.0,90.51,0.81,0.81,168391000.0,316890000.0,4618768000.0,4618768000.0,0.0,0.088,0.294,-0.664,0.062,-2987000.0,620671000.0,1.0,41357589.0,41357589.0,,111.679,2090513000.0,41396000.0,107156000.0,37011000.0,50.547,506575000.0
50,WCG,MRT,2007-03-31,2007-03-31,2007-03-31,2019-10-30,67000.0,2124436000.0,1712931000.0,1791882000.0,332554000.0,2.418,14.109,-25145000.0,1344909000.0,1344909000.0,3329193000.0,130748000.0,1.328,2.678,155261000.0,1600000.0,153661000.0,155261000.0,232055000.0,18646000.0,0.0,0.0,0.0,230396000.0,249042000.0,0.06,249042000.0,230396000.0,216233000.0,3.29,3.19,3.29,577668000.0,514734000.0,577668000.0,2681591999.0,12.0,10.768,473545000.0,11.566,1.0,813200000.0,0.196,207602000.0,14163000.0,-622600000.0,-323222000.0,0.0,212082000.0,151143000.0,60939000.0,1546768000.0,1349786000.0,196982000.0,3490512999.0,555179000.0,-7976000.0,14799000.0,-25600000.0,0.0,102282000.0,-45799000.0,-12678000.0,498690000.0,0.0,130748000.0,130748000.0,130748000.0,0.0,0.0,0.032,582804000.0,230396000.0,645555000.0,0.0,6.042,26.696,25.912,62484000.0,0.0,85.25,0.843,0.843,169217000.0,262038000.0,4142393000.0,4142393000.0,0.0,0.076,0.254,-0.713,0.056,6421000.0,564158000.0,1.0,40944434.0,40944434.0,,101.171,1916834000.0,37433000.0,85485000.0,34149000.0,46.815,442096000.0
51,WCG,MRT,2006-12-31,2006-12-31,2006-12-31,2019-10-30,61000.0,1664298000.0,1547480000.0,1339491000.0,324807000.0,2.35,13.186,-31741000.0,964542000.0,964542000.0,2907290000.0,121229000.0,1.435,2.099,155621000.0,1600000.0,154021000.0,155621000.0,3313000.0,17170000.0,0.0,0.0,0.0,215106000.0,232276000.0,0.064,232276000.0,215106000.0,201019000.0,3.08,2.98,3.08,537059000.0,473864250.0,537059000.0,2173349192.0,10.0,9.357,475988000.0,11.687,1.0,728672000.0,0.2,208325000.0,14087000.0,-286192000.0,-223090750.0,0.0,179804000.0,126422000.0,53382000.0,1127239000.0,933244000.0,193995000.0,2806276192.0,542776000.0,-7976000.0,30273000.0,-25600000.0,0.0,123094000.0,-88053000.0,-48336000.0,507729000.0,0.0,121229000.0,121229000.0,121229000.0,0.0,0.0,0.033,513566000.0,215106000.0,617098000.0,0.0,5.225,23.149,22.37,61258000.0,0.0,68.9,0.772,0.772,141463000.0,239238000.0,3635962000.0,3635962000.0,0.0,0.078,0.256,-0.964,0.059,13669000.0,496396000.0,1.0,40729698.0,40729698.0,,89.271,1455973000.0,19901000.0,79790000.0,34726000.0,35.747,406247000.0
52,WCG,MRT,2006-09-30,2006-09-30,2006-09-30,2019-10-30,67000.0,1459654000.0,1355491250.0,1142999000.0,316655000.0,2.275,12.255,-13210000.0,788908000.0,788908000.0,2515133000.0,78020000.0,1.478,1.933,155981000.0,1600000.0,154381000.0,155981000.0,10618000.0,15569000.0,0.0,0.0,0.0,142665000.0,158234000.0,0.051,158234000.0,142665000.0,128822000.0,1.98,1.92,1.98,497724000.0,429737000.0,497724000.0,1647096870.0,12.0,10.409,230223000.0,5.669,1.0,569276000.0,0.185,205589000.0,13843000.0,-152094000.0,-128862250.0,0.0,184119000.0,131125000.0,52994000.0,961930000.0,773232000.0,188698000.0,2299914870.0,352824000.0,91929000.0,30034000.0,-25600000.0,0.0,117985000.0,-8594000.0,-93244000.0,243433000.0,0.0,78020000.0,78020000.0,78020000.0,0.0,0.0,0.025,426611000.0,142665000.0,554562000.0,0.0,4.621,29.479,28.601,56028000.0,0.0,56.63,0.746,0.746,137327000.0,211596000.0,3084409000.0,3084409000.0,0.0,0.058,0.182,-1.107,0.046,16968000.0,411042000.0,1.0,40613012.0,40613012.0,,75.946,1254065000.0,17377000.0,50802000.0,35855000.0,30.878,369767000.0
53,WCG,MRT,2006-06-30,2006-06-30,2006-06-30,2019-10-30,0.0,1603336000.0,1233514500.0,1292979000.0,310357000.0,2.143,11.04,-38873000.0,834159000.0,834159000.0,2175636000.0,54519000.0,1.324,2.591,181341000.0,26600000.0,154741000.0,181341000.0,161921000.0,11458000.0,0.0,0.0,0.0,104070000.0,115528000.0,0.044,115528000.0,104070000.0,90221000.0,1.41,1.36,1.41,446485000.0,393608000.0,446485000.0,1375627703.0,13.0,11.907,343030000.0,8.482,1.0,467718000.0,0.177,206100000.0,13849000.0,-232002000.0,-67991000.0,0.0,227345000.0,178842000.0,48503000.0,1156851000.0,976420000.0,180431000.0,1983656703.0,580664000.0,-5931000.0,27714000.0,-1600000.0,0.0,253004000.0,-54243000.0,-13426000.0,381903000.0,0.0,54519000.0,54519000.0,54519000.0,0.0,0.0,0.021,363648000.0,104070000.0,478812000.0,0.0,4.443,36.385,34.787,53545000.0,0.0,49.05,0.75,0.75,203547000.0,168315000.0,2643354000.0,2643354000.0,0.0,0.044,0.139,-1.531,0.039,14176000.0,352190000.0,1.0,40441523.0,40441523.0,,65.362,1397236000.0,27355000.0,35702000.0,31581000.0,34.55,316559000.0
54,WCG,MRT,2006-03-31,2006-03-31,2006-03-31,2019-10-30,0.0,1462632000.0,1029862250.0,1156462000.0,306170000.0,2.181,10.486,-38413000.0,789730000.0,789730000.0,1833831000.0,50013000.0,1.329,2.531,181701000.0,26600000.0,155101000.0,181701000.0,205990000.0,10252000.0,0.0,0.0,0.0,96173000.0,106425000.0,0.047,106425000.0,96173000.0,82432000.0,1.32,1.26,1.32,414189000.0,365787750.0,414189000.0,1555132105.0,16.0,14.612,224220000.0,5.677,1.0,412522000.0,0.184,206302000.0,13741000.0,-222075000.0,53810750.0,0.0,199404000.0,147755000.0,51649000.0,1048443000.0,870376000.0,178067000.0,1794837105.0,448985000.0,-5931000.0,23591000.0,-1600000.0,0.0,224828000.0,-38476000.0,5868000.0,262633000.0,0.0,50013000.0,50013000.0,50013000.0,0.0,0.0,0.022,316349000.0,96173000.0,353157000.0,0.0,4.333,35.887,34.424,44206000.0,0.0,45.44,0.799,0.799,154464000.0,146138000.0,2246353000.0,2246353000.0,0.0,0.049,0.137,1.787,0.043,9963000.0,306097000.0,1.0,39499056.0,39499056.0,,56.871,1256330000.0,37971000.0,32419000.0,42557000.0,31.807,286086000.0
55,WCG,MRT,2005-12-31,2005-12-31,2005-12-31,2019-10-30,22000.0,896343000.0,872541500.0,612105000.0,284238000.0,2.138,9.191,-28943000.0,421766000.0,421766000.0,1505388000.0,47368000.0,1.708,1.486,182061000.0,26600000.0,155461000.0,182061000.0,12606000.0,9204000.0,0.0,0.0,0.0,91260000.0,100464000.0,0.054,100464000.0,91260000.0,77698000.0,1.26,1.21,1.26,360550000.0,342337500.0,360550000.0,1348791037.0,15.0,13.426,52504000.0,1.338,1.0,359955000.0,0.193,207447000.0,13562000.0,90722000.0,148746500.0,0.0,131468000.0,94160000.0,37308000.0,535793000.0,358469000.0,177324000.0,1602454037.0,24139000.0,-5931000.0,3622000.0,-1600000.0,0.0,2022000.0,-59330000.0,-24456000.0,81447000.0,0.0,47368000.0,47368000.0,47368000.0,0.0,0.0,0.025,268695000.0,91260000.0,264871000.0,0.0,4.444,33.83,32.421,37057000.0,0.0,40.85,0.859,0.859,47567000.0,118009000.0,1865343000.0,1865343000.0,0.0,0.054,0.138,0.614,0.049,5959000.0,259491000.0,1.0,39227761.0,39227761.0,,47.552,688896000.0,31984000.0,30330000.0,17837000.0,17.561,253636000.0
56,WCG,MRT,2005-09-30,2005-09-30,2005-09-30,2019-10-30,17000.0,971747000.0,849302250.0,696882000.0,274865000.0,2.063,9.019,-23737000.0,436084000.0,436084000.0,1418625000.0,51985000.0,1.667,1.751,182421000.0,1600000.0,180821000.0,182421000.0,138252000.0,8490000.0,0.0,0.0,0.0,99020000.0,107510000.0,0.061,107510000.0,99020000.0,85480000.0,1.38,1.31,1.38,353208000.0,327657000.0,353208000.0,1380264850.0,14.0,12.838,171758000.0,4.386,1.0,333706000.0,0.19,208633000.0,13540000.0,91391000.0,146229500.0,0.0,214998000.0,178403000.0,36595000.0,618539000.0,418060000.0,200479000.0,1450978850.0,170659000.0,0.0,46204000.0,-1600000.0,0.0,44604000.0,-69440000.0,-39772000.0,195495000.0,0.0,51985000.0,51985000.0,51985000.0,0.0,0.0,0.03,234686000.0,99020000.0,274900000.0,0.0,4.108,27.911,26.848,29526000.0,0.0,37.05,0.828,0.828,56167000.0,118533000.0,1752331000.0,1752331000.0,0.0,0.061,0.159,0.677,0.057,3029000.0,226196000.0,1.0,39162722.0,39162722.0,,44.745,763114000.0,19195000.0,33495000.0,19418000.0,19.486,278822000.0
57,WCG,MRT,2005-06-30,2005-06-30,2005-06-30,2019-10-30,15000.0,788727000.0,788737000.0,521625000.0,267102000.0,2.069,8.645,-18901000.0,253495000.0,253495000.0,1319251000.0,52483000.0,2.053,1.353,182781000.0,1600000.0,181181000.0,182781000.0,233000.0,8120000.0,0.0,0.0,0.0,98463000.0,106583000.0,0.065,106583000.0,98463000.0,85638000.0,1.43,1.35,1.43,335204000.0,300720500.0,335204000.0,1219267558.0,12.0,11.44,37674000.0,0.972,1.0,312269000.0,0.191,208753000.0,12825000.0,255205000.0,159869750.0,0.0,213895000.0,178090000.0,35805000.0,453523000.0,254055000.0,199468000.0,1376871558.0,38235000.0,0.0,158320000.0,-4841000.0,0.0,153479000.0,-171819000.0,-147987000.0,56575000.0,0.0,52483000.0,52483000.0,52483000.0,0.0,0.0,0.032,213806000.0,98463000.0,252222000.0,0.0,4.108,26.235,24.832,22408000.0,0.0,35.51,0.844,0.844,64241000.0,102237000.0,1631520000.0,1631520000.0,0.0,0.067,0.175,0.616,0.06,1893000.0,205686000.0,1.0,38774192.0,38774192.0,,42.077,579974000.0,21661000.0,33155000.0,16665000.0,14.958,267570000.0
58,WCG,MRT,2005-03-31,2005-03-31,2005-03-31,2019-10-30,4000.0,833349000.0,727911000.0,582660000.0,250689000.0,2.06,8.296,-10003000.0,340745000.0,340745000.0,1217231000.0,47265000.0,1.861,1.601,183141000.0,1600000.0,181541000.0,183141000.0,64453000.0,8098000.0,0.0,0.0,0.0,86631000.0,94729000.0,0.063,94729000.0,86631000.0,75526000.0,1.31,1.22,1.31,320388000.0,245857000.0,320388000.0,962222569.0,11.0,10.158,106220000.0,2.75,1.0,282044000.0,0.188,204988000.0,11105000.0,157668000.0,114946250.0,0.0,205248000.0,173746000.0,31502000.0,512961000.0,313089000.0,199872000.0,1176348569.0,141946000.0,-36542000.0,158120000.0,53558000.0,0.0,211773000.0,-186050000.0,-139505000.0,116223000.0,0.0,45664000.0,45664000.0,45664000.0,0.0,1601000.0,0.03,193812000.0,88232000.0,241405000.0,0.0,3.672,25.761,23.252,13943000.0,0.0,30.46,0.785,0.785,44534000.0,88084000.0,1499275000.0,1499275000.0,0.0,0.063,0.186,0.754,0.058,2503000.0,185714000.0,1.0,38619454.0,38619454.0,,38.822,628361000.0,18123000.0,29862000.0,21219000.0,16.271,269571000.0
59,WCG,MRT,2004-12-31,2004-12-31,2004-12-31,2019-10-30,-3000.0,803386000.0,637658750.0,552758000.0,250628000.0,2.168,8.142,-8679000.0,397627000.0,397627000.0,1123740000.0,42447000.0,1.828,1.662,183501000.0,1600000.0,181901000.0,183501000.0,63449000.0,7715000.0,0.0,0.0,0.0,79518000.0,87233000.0,0.063,87233000.0,79518000.0,69353000.0,1.46,1.34,1.46,301828000.0,192174750.0,301828000.0,1123181425.0,14.0,12.876,40083000.0,1.081,1.0,258490000.0,0.187,206289000.0,10165000.0,80654000.0,65860000.0,0.0,106988000.0,75515000.0,31473000.0,501558000.0,302317000.0,199241000.0,1204745425.0,160306000.0,-36542000.0,157548000.0,50367000.0,0.0,208010000.0,-96466000.0,-51245000.0,48762000.0,0.0,42447000.0,42447000.0,42447000.0,0.0,0.0,0.031,178972000.0,79518000.0,213775000.0,0.0,3.991,28.382,22.26,12587000.0,0.0,32.5,0.872,0.872,52170000.0,70641000.0,1382230000.0,1382230000.0,0.0,0.067,0.221,1.207,0.058,2044000.0,171257000.0,1.0,37069090.0,37069090.0,,37.288,597097000.0,21327000.0,26906000.0,14818000.0,16.108,250441000.0
60,WCG,MRT,2004-09-30,2004-09-30,2004-09-30,2019-10-30,-6000.0,729486000.0,561089000.0,483105000.0,246381000.0,2.277,6.622,-4821000.0,265425000.0,265425000.0,1039457000.0,37465000.0,1.642,1.972,183861000.0,1600000.0,182261000.0,183861000.0,66693000.0,7466000.0,0.0,0.0,0.0,64915000.0,72381000.0,0.057,72381000.0,64915000.0,54168000.0,,,,245462000.0,141612000.0,245462000.0,674661256.0,10.0,9.321,120355000.0,3.247,1.0,238175000.0,0.186,207769000.0,10747000.0,145952000.0,25814750.0,0.0,175223000.0,144820000.0,30403000.0,484024000.0,294201000.0,189823000.0,702459256.0,123850000.0,-36542000.0,112295000.0,50511000.0,0.0,162815000.0,-164141000.0,-122778000.0,125176000.0,0.0,32733000.0,32733000.0,32733000.0,0.0,4732000.0,0.026,168528000.0,69647000.0,211207000.0,,2.862,21.46,,7841000.0,0.0,18.95,0.55,0.55,50312000.0,59745000.0,1277632000.0,1277632000.0,0.0,0.058,0.231,2.515,0.051,2459000.0,161062000.0,1.0,37069090.0,37069090.0,,34.466,521717000.0,15397000.0,21435000.0,20829000.0,14.074,188904000.0
61,WCG,MRT,2004-06-30,2004-06-30,2004-06-30,2019-10-30,-1000.0,545423000.0,,308563000.0,236860000.0,,3.166,-2667000.0,215260000.0,215260000.0,954141000.0,28359000.0,1.299,3.712,187462000.0,1594000.0,185868000.0,187462000.0,26861000.0,7348000.0,0.0,,0.0,51357000.0,58705000.0,0.05,58705000.0,51357000.0,41458000.0,,,,115750000.0,,115750000.0,,,,80054000.0,2.19,1.0,209394000.0,0.18,204538000.0,9899000.0,75511000.0,,0.0,39056000.0,39056000.0,0.0,429673000.0,237576000.0,192097000.0,,78862000.0,-36542000.0,0.0,46712000.0,0.0,47107000.0,-50966000.0,-11757000.0,82721000.0,0.0,22116000.0,22116000.0,22116000.0,0.0,6243000.0,0.019,151794000.0,57600000.0,209121000.0,,,,,5175000.0,0.0,,,,31219000.0,42952000.0,1163535000.0,1163535000.0,0.0,,,,0.044,2068000.0,144446000.0,1.0,36561314.0,36561314.0,,31.824,340885000.0,12768000.0,19342000.0,4806000.0,9.324,70987000.0
62,WCG,MRT,2004-03-31,2004-03-31,2004-03-31,2019-10-30,1000.0,472340000.0,,270827000.0,201513000.0,,,-2549000.0,199098000.0,199098000.0,898471000.0,25931000.0,0.988,3.47,132442000.0,44672000.0,87770000.0,132442000.0,52033000.0,7086000.0,0.0,,0.0,49006000.0,56092000.0,0.051,56092000.0,49006000.0,38148000.0,,,,105659000.0,,105659000.0,,,,96275000.0,,1.0,197790000.0,0.18,170223000.0,10858000.0,-38677000.0,,0.0,38930000.0,38930000.0,0.0,366681000.0,274138000.0,92543000.0,,52363000.0,0.0,0.0,-33219000.0,0.0,-32819000.0,-13642000.0,-11093000.0,98824000.0,0.0,19811000.0,19811000.0,19811000.0,0.0,6120000.0,0.018,142664000.0,55126000.0,173558000.0,,,,,4752000.0,0.0,,,,16723000.0,34016000.0,1096261000.0,1096261000.0,0.0,,,,0.045,1006000.0,135578000.0,1.0,,,,,302117000.0,11977000.0,18337000.0,8130000.0,,-3311000.0
63,WCG,MRT,2003-12-31,2003-12-31,2003-12-31,2019-10-30,1000.0,497107000.0,453305500.0,299590000.0,197517000.0,2.307,,-3042000.0,237321000.0,237321000.0,861053000.0,23537000.0,0.986,3.992,135755000.0,48170000.0,87585000.0,135755000.0,76248000.0,8159000.0,0.0,,0.0,44667000.0,52826000.0,0.051,52826000.0,44667000.0,34495000.0,0.66,0.6,0.66,99577000.0,87247000.0,99577000.0,,,,119756000.0,,1.0,184929000.0,0.177,171128000.0,10172000.0,-79527000.0,-21241000.0,0.0,55170000.0,33778000.0,21392000.0,397530000.0,303940000.0,93590000.0,,90537000.0,0.0,0.0,-14348000.0,0.0,-13948000.0,-18313000.0,-15271000.0,122798000.0,0.0,17540000.0,17540000.0,17540000.0,0.0,5997000.0,0.017,134265000.0,50664000.0,178127000.0,0.0,,,,4717000.0,0.0,,,,12792000.0,28194000.0,1045982000.0,1045982000.0,0.0,0.039,0.201,-2.103,0.043,746000.0,126106000.0,1.0,,,,,325979000.0,12036000.0,16955000.0,5366000.0,,-4350000.0
64,WCG,MRT,2003-09-30,2003-09-30,2003-09-30,2019-10-30,,,,,,,,,,,,,,,,,,,,,,,0.0,,,,,,,,,,,,,,,,,,1.0,,,,,,,,,,,,,,,,,,,,,,,,,,,,,,,,,,,,,,,,,,,,,,,,,,,,,,1.0,,,,,,,,,,
65,WCG,MRT,2003-06-30,2003-06-30,2003-06-30,2019-10-30,,,,,,,,,,,,,,,,,,,,,,,0.0,,,,,,,,,,,,,,,,,,1.0,,,,,,,,,,,,,,,,,,,,,,,,,,,,,,,,,,,,,,,,,,,,,,,,,,,,,,1.0,,,,,,,,,,
66,WCG,MRT,2003-03-31,2003-03-31,2003-03-31,2019-10-30,,,,,,,,,,,,,,,,,,,,,,,0.0,,,,,,,,,,,,,,,,,,1.0,,,,,,,,,,,,,,,,,,,,,,,,,,,,,,,,,,,,,,,,,,,,,,,,,,,,,,1.0,,,,,,,,,,
